4068 6416
204 379 289 436 155

1027 397 1089 454 tv
1128 396 1344 456 EPISI’.
1391 386 1888 464 anncnmsos.
1932 384 2087 442 car.
2132 386 2201 442 x.
2245 387 2481 446 1103111..
2527 385 2721 447 xvnt.

3417 373 3524 432 iiii

202 508 292 545 ηοη
312 491 455 546 enim
479 488 624 545 dicit
659 490 859 546 εΝιιηι
891 488 1004 559 φῆς
1042 504 1162 544 cum
1203 489 1465 545 accusat?
1518 487 1615 543 sed
1653 487 1820 559 quid?
1914 482 2221 553 pulchrum.
2262 478 2489 548 Quando
2532 479 2678 533 enim
2712 491 2819 532 non
2861 477 2929 534 ad
2958 477 3187 546 fumum,
3241 496 3416 553 neque
3458 485 3526 538 ad

205 584 315 638 Num
338 583 463 652 quis
488 584 755 654 seipsum
784 582 1189 638 accusatham
1208 583 1425 654 quando
1447 582 1598 649 dicit,
1620 581 1816 638 Sancta

206 675 401 740 auctis,
430 673 544 731 hoc
570 675 722 731 dicit
757 694 771 729 :
815 674 876 731 Si
906 675 1017 746 quis
1045 690 1151 730 non
1182 684 1266 731 est
1290 683 1533 742 sanctus,
1566 689 1674 730 non
1719 689 1815 730 ac-

204 766 354 822 :edat.
379 765 503 822 Non
537 767 737 822 solum
766 767 962 837 inquit,
983 767 1021 820 A
1041 766 1278 837 peccatis
1295 780 1484 836 purus,
1506 765 1601 821 sed
1623 765 1810 834 etiam,

198 860 411 914 Sanctus
436 876 451 913 :
480 867 753 913 sanctum
805 857 947 913 enim
989 872 1093 912 non
1145 855 1277 912 facit
1299 855 1475 911 solum
1504 855 1756 912 liberatio
1781 872 1813 913 a

193 950 443 1020 peccatis,
476 949 579 1003 sed
612 950 789 1003 etiam
824 950 1108 1019 praesentia
1139 948 1409 1019 Spiritus,
1441 957 1496 1004 et
1543 948 1810 1013 bonorum

191 1056 397 1111 operum
447 1040 663 1111 copim.
700 1039 816 1095 Non
847 1040 1043 1107 solum,
1078 1040 1272 1111 inquit,
1315 1039 1443 1095 volo
1467 1053 1566 1095 vos
1594 1054 1624 1094 a
1652 1054 1812 1096 caeno

187 1148 295 1188 esse
318 1132 613 1199 liberatos,
646 1132 748 1187 sed
784 1132 937 1187 albos
963 1146 1086 1188 esse
1125 1141 1181 1189 ct
1231 1131 1530 1202 speciosus.
1571 1129 1706 1186 Nam
1761 1129 1808 1187 si

186 1242 272 1279 rex
300 1223 651 1295 Babylonius
677 1222 906 1295 juvenes
935 1223 1145 1296 eligens
1168 1238 1235 1280 ex
1274 1223 1587 1293 captivitate
1606 1264 1621 1290 ,
1646 1222 1810 1294 elegit

187 1314 431 1385 pulchros
458 1315 664 1385 specie
690 1324 744 1370 et
765 1314 913 1370 vultu
939 1314 1170 1371 decoros
1196 1314 1215 1385 (
1240 1313 1380 1371 Dan.
1405 1315 1459 1369 1.
1487 1315 1561 1385 4)
1591 1331 1607 1367 :
1638 1314 1809 1370 multo

183 1410 341 1481 magis
374 1424 481 1466 nos
522 1408 631 1481 qui
680 1408 899 1465 adstant
929 1423 1133 1465 mensa:
1180 1408 1346 1480 regia:
1394 1406 1650 1478 pulchros
1680 1420 1806 1464 esse

182 1510 385 1574 oportet
426 1503 629 1572 specie
674 1504 903 1569 animm,
933 1501 1196 1557 mundum
1245 1500 1509 1558 habentes
1538 1515 1801 1569 aureum,

180 1594 431 1649 mundum
475 1595 905 1661 vestimentum,
963 1594 1176 1666 regales
1219 1594 1456 1659 calceos,
1502 1592 1801 1649 formosum

180 1686 359 1743 animai
398 1686 658 1754 vultum,
692 1695 944 1742 ornatum
977 1701 1201 1743 aureum
1224 1728 1241 1754 ,
1286 1685 1565 1757 cingulum
1602 1686 1801 1753 verita-

182 1778 259 1831 lis.
286 1777 386 1845 Qui
422 1775 555 1832 talis
602 1783 716 1843 est,
747 1776 991 1843 accedat,
1019 1785 1077 1833 et
1106 1776 1298 1848 pocula
1330 1784 1516 1848 tangat
1540 1776 1709 1848 regia.
1740 1774 1798 1831 Si

179 1869 287 1940 quis
313 1878 500 1923 autem
533 1868 740 1940 pannis
765 1868 993 1934 obsitus,
1034 1868 1288 1924 sordidus
1333 1876 1391 1924 et
1429 1866 1707 1940 squalidus
1731 1866 1801 1924 ad

179 1976 409 2017 mensam
439 1962 662 2034 regiam
685 1962 817 2018 velit
859 1961 1087 2033 ingredi,
1143 1962 1265 2019 vide
1304 1970 1504 2034 quanta
1539 1962 1796 2031 patietur,

178 2068 287 2106 eum
306 2069 415 2108 non
438 2052 734 2109 sufﬁciant
752 2052 1105 2124 quadraginta
1136 2053 1253 2109 dies
1278 2052 1346 2108 ad
1373 2051 1644 2109 abluenda
1673 2068 1798 2125 qua:

179 2147 311 2199 omni
342 2154 599 2216 tempore
625 2154 756 2201 sunt
790 2146 1022 2201 admissa
1057 2146 1278 2203 delicta.
1305 2145 1440 2203 Nam
1470 2146 1515 2202 si
1546 2160 1651 2203 non
1679 2146 1796 2203 suf-

183 2235 281 2292 ﬁcit
328 2240 593 2309 gehenna
618 2277 637 2306 ,
696 2238 823 2293 licet
860 2238 932 2294 sit
981 2248 1183 2295 acterna
1209 2280 1226 2307 ,
1268 2238 1473 2295 idcirco
1522 2239 1669 2295 enim
1711 2248 1796 2296 est

182 2337 366 2382 :ctcrna
398 2346 413 2384 :
450 2330 638 2384 multo
680 2329 864 2384 minus
896 2328 999 2384 hoc
1044 2329 1206 2386 breve
1239 2338 1472 2401 tempus.
1505 2330 1623 2387 Non
1651 2332 1795 2387 enim

181 2420 421 2486 validam,
469 2422 574 2477 sed
630 2421 960 2477 imbecillam
1003 2422 1349 2479 exhibuimus
1393 2424 1791 2495 paenitentiam.

184 2510 461 2569 Eunuchos
509 2514 756 2569 maxime
807 2522 1019 2584 oportet
1061 2515 1172 2587 regi
1222 2515 1439 2573 adstare
1470 2535 1484 2570 :
1514 2516 1795 2575 eunuchos

183 2601 309 2665 dico,
342 2606 433 2673 qui
458 2614 652 2661 mente
668 2615 797 2661 sunt
820 2604 1069 2671 candida,
1095 2592 1184 2677 qui
1217 2607 1421 2662 nullam
1449 2594 1651 2665 habent
1676 2624 1797 2665 sor-

184 2692 296 2747 dem
340 2711 440 2749 nec
474 2697 778 2763 maculam,
822 2701 914 2767 qui
961 2709 1142 2753 mente
1172 2708 1300 2754 sunt
1329 2701 1575 2769 excelsa,
1622 2702 1793 2759 animi

186 2786 327 2839 oculo
361 2786 583 2854 placido
610 2798 667 2843 et
714 2798 1017 2854 mansueto,
1061 2790 1172 2845 acri
1218 2791 1476 2863 agilique,
1510 2808 1705 2852 severo
1731 2811 1795 2852 ac

186 2877 415 2943 volubili,
443 2896 557 2934 non
594 2890 773 2935 autem
802 2880 1146 2937 somnolento
1174 2891 1229 2938 et
1269 2884 1494 2955 supino,
1522 2886 1691 2941 multa
1724 2887 1792 2942 li-

187 2974 377 3031 bertate
409 2976 597 3045 pleno,
633 2984 847 3030 remoto
871 2983 1052 3032 autem
1082 2976 1153 3031 ah
1183 2978 1331 3033 omni
1355 2978 1687 3050 impudentia
1732 2988 1793 3039 et

187 3068 521 3132 conﬁdentia,
556 3068 821 3137 vigilanti,
858 3081 1014 3133 sano,
1044 3082 1146 3123 nec
1172 3068 1465 3124 admodum
1500 3081 1698 3128 mmsto
1723 3087 1789 3130 ac

190 3158 335 3224 tristi,
363 3175 463 3214 nec
496 3161 676 3214 minus
704 3158 899 3214 diﬁ'uso
928 3168 983 3216 et
1022 3158 1201 3215 hilari.
1231 3160 1388 3217 Hunc
1413 3163 1627 3219 oculum
1656 3180 1784 3237 pos-

189 3262 359 3305 sumus
405 3253 571 3307 nobis
600 3251 943 3307 arehitectari
966 3292 981 3319 ,
1027 3252 1254 3322 visuque
1278 3267 1459 3309 acrem
1487 3254 1705 3312 efﬁcere
1735 3267 1791 3313 ct

1912 576 2151 632 cinerem
2179 570 2501 628 deduximus
2523 572 2543 639 (
2562 571 2698 627 tales
2724 571 2925 642 quippe
2952 581 3078 627 sunt
3099 587 3288 629 omnes
3309 589 3396 631 res
3421 575 3526 630 hu-

1911 681 2087 722 manm
2108 666 2151 736 ),
2176 664 2273 720 sed
2303 662 2371 718 ad
2395 678 2582 718 auram
2616 662 2871 718 subtilem
2903 672 2958 718 et
2978 679 3162 720 aerem
3187 674 3428 733 tenuem,
3458 668 3527 723 ad

1910 775 1972 817 ea
2012 774 2134 831 qua:
2185 763 2316 815 sunt
2352 755 2565 812 excelsa
2613 763 2669 812 et
2708 754 2960 811 sublimia
2988 798 3008 830 ι
3059 766 3115 812 et
3144 758 3313 813 multa
3344 761 3529 831 quiete

1909 854 2069 926 plena
2094 860 2152 909 et
2170 853 2405 924 puritate
2426 858 2481 905 et
2500 849 2882 915 delectatione,
2906 850 3083 920 ipsum
3106 854 3289 907 statim
3312 869 3528 910 recrea-

1907 948 2089 1002 bimus
2108 955 2163 1002 et
2178 944 2624 1023 conﬁrmabimus
2645 944 2777 997 tanti
2796 944 3089 1015 spectaculi
3106 945 3381 1016 voluptate
3398 963 3523 1017 per-

1908 1036 2109 1094 fusum.
2167 1036 2354 1093 Vidisti
2394 1034 2536 1091 male
2586 1042 2773 1106 partas
2823 1043 2881 1092 et
2935 1037 3134 1093 multas
3176 1037 3427 1096 divitias?
3456 1057 3527 1098 ne

1908 1136 2060 1187 tuum
2085 1130 2305 1187 oculum
2330 1143 2398 1185 eo
2432 1129 2689 1184 sustollas
2714 1145 2727 1183 :
2756 1143 2817 1184 ea
2868 1143 2957 1186 res
2976 1138 3062 1186 est
3086 1146 3305 1188 caenum
3356 1145 3409 1191 et
3440 1136 3525 1192 tn-

1906 1240 2029 1280 mus
2057 1233 2113 1279 et
2142 1223 2316 1279 malus
2345 1237 2534 1293 vapor,
2568 1222 2830 1287 tenebrae,
2869 1231 2924 1279 et
2970 1224 3138 1280 multa
3172 1228 3442 1298 angustia,
3466 1238 3527 1286 et

1903 1332 2159 1375 curarum
2201 1316 2507 1372 suﬁ‘ocatio.
2540 1314 2734 1371 Vidisti
2764 1318 3039 1372 hominem
3065 1330 3413 1377 exercentem
3431 1322 3524 1393 ju-

1904 1410 2133 1477 stitiam,
2188 1408 2303 1463 suis
2330 1416 2671 1474 contentum,
2700 1416 2756 1463 et
2808 1407 2893 1462 cui
2936 1416 3022 1464 est
3070 1426 3262 1481 magna
3296 1414 3526 1477 latitudo

1905 1500 2265 1568 remissionis,
2294 1501 2386 1571 qui
2417 1498 2486 1555 de
2510 1499 2574 1555 iis
2601 1515 2722 1570 qua:
2754 1500 2842 1555 hic
2874 1511 3001 1556 sunt
3026 1502 3226 1558 nullam
3256 1507 3396 1577 gerit
3422 1522 3524 1563 cu-

1905 1608 2020 1648 ram
2068 1606 2170 1649 nec
2218 1600 2302 1649 est
2346 1591 2657 1648 sollicitus?
2687 1591 2797 1648 illic
2824 1608 2947 1648 eum
2982 1594 3085 1665 ﬁge
3113 1604 3169 1651 et
3194 1597 3418 1667 extollo,
3466 1610 3527 1657 et

1904 1683 2111 1741 efﬁcies
2136 1699 2260 1741 eum
2284 1683 2456 1740 multo
2478 1683 2843 1757 pulchriorem
2867 1695 2922 1742 et
2941 1687 3390 1759 splendidiorem,
3414 1708 3524 1750 non

1906 1785 2064 1832 terrm
2095 1774 2319 1831 ﬂoribus
2348 1791 2471 1833 eum
2501 1790 2752 1847 pascens,
2773 1778 2867 1834 sed
2892 1778 3114 1848 virtute,
3139 1786 3521 1854 temperantia,

1905 1867 2281 1925 moderatione
2312 1876 2370 1925 et
2396 1868 2676 1939 :equitate,
2718 1877 2773 1924 et
2818 1872 3030 1928 caeteris
3074 1873 3347 1931 omnibus.
3377 1877 3525 1935 Nihil

1904 1960 2051 2015 enim
2091 1974 2249 2031 mque
2295 1959 2477 2015 turbat
2506 1958 2750 2028 oculum,
2780 1968 2942 2032 atque
2968 1963 3109 2019 mala
3131 1966 3461 2026 conscientia
3495 1988 3513 2024 :

1904 2049 2163 2106 Turbatus
2188 2059 2283 2120 est,
2307 2050 2502 2123 inquit,
2525 2052 2591 2106 ab
2614 2052 2695 2106 ira
2720 2053 2904 2108 oculus
2933 2071 3076 2113 meus
3104 2056 3294 2130 (Psal.
3321 2061 3376 2117 ϐ.
3407 2062 3479 2135 8)
3504 2079 3519 2115 :

1903 2141 2040 2198 nihil
2078 2157 2233 2214 atque
2271 2140 2502 2199 offundit
2554 2142 2833 2201 tenebras.
2884 2145 3022 2202 Eum
3083 2149 3251 2206 libera
3296 2153 3367 2209 ab
3420 2154 3524 2213 hac

1905 2235 2227 2304 on‘ensione,
2260 2243 2317 2292 et
2355 2235 2556 2293 reddes
2587 2237 2791 2307 laetum,
2826 2239 3063 2297 alacrem
3092 2250 3149 2298 et
3194 2243 3415 2315 fortem,
3468 2261 3524 2305 rt

1904 2329 1994 2398 qui
2044 2328 2185 2385 bona
2234 2344 2333 2400 spe
2382 2343 2603 2401 semper
2630 2332 2915 2388 nutrietur.
2949 2333 3119 2391 Detur
3156 2347 3335 2394 autem
3367 2341 3524 2398 nobis

1905 2421 2177 2488 omnibus,
2206 2430 2344 2477 utet
2368 2437 2516 2490 eum,
2540 2432 2597 2480 et
2640 2424 2774 2481 alias
2803 2427 3070 2497 ejusmodi
3106 2431 3301 2488 anima:
3324 2448 3523 2505 opera-

1907 2515 2084 2591 tiones
2109 2528 2514 2584 comparemus,
2543 2516 2847 2585 cuiusmodi
2871 2518 2986 2574 vult
3012 2519 3286 2591 Christus,
3315 2534 3375 2582 ut
3419 2540 3523 2583 no—

1904 2605 1991 2661 bis
2019 2605 2274 2677 imposito
2294 2607 2473 2678 capite
2496 2607 2644 2678 digni
2664 2608 2863 2679 eﬂ‘ecti,
2886 2625 3086 2684 ecquo.
3103 2615 3217 2670 vult
3235 2616 3523 2677 abeamus.

1907 2698 2047 2754 Dicit
2068 2700 2237 2767 enim,
2275 2698 2405 2755 Volo
2440 2710 2518 2768 ut,
2548 2701 2635 2756 ubi
2664 2720 2765 2774 ego
2790 2720 2925 2773 sum,
2954 2707 3035 2761 illi
3058 2724 3258 2778 quoque
3279 2712 3380 2767 sint
3416 2730 3529 2769 me-

1896 2813 2034 2867 eum,
2062 2807 2118 2852 ut
2141 2815 2305 2853 meam
2333 2799 2555 2871 gloriam
2591 2800 2798 2856 uideant
2839 2800 3024 2871 (Joan
3060 2802 3148 2857 ΓΙ.
3176 2801 3282 2865 24)
3314 2820 3329 2858 :
3358 2820 3522 2875 quam

1896 2888 2057 2945 detur
2084 2891 2243 2947 nobis
2266 2892 2521 2948 omnibus
2538 2894 2799 2965 consequi
2820 2894 2873 2949 in
2898 2893 3119 2950 Christo
3135 2895 3263 2952 Jesu
3290 2898 3522 2955 Domino

1898 2995 2106 3049 neStro,
2134 2998 2258 3038 cum
2282 2999 2389 3055 quo
2420 2994 2507 3041 est
2534 2985 2679 3040 Patri
2721 2994 2777 3041 et
2812 2984 3035 3058 Spiritui
3079 2998 3269 3043 sancto
3308 2989 3478 3059 gloria
3500 3032 3516 3055 ,

1906 3092 2191 3161 imperium
2212 3131 2225 3154 ,
2266 3088 2473 3154 honor,
2508 3100 2652 3141 nunc
2672 3093 2727 3140 et
2751 3098 2991 3157 semper,
3022 3092 3075 3139 et
3103 3085 3159 3139 in’
3189 3093 3388 3143 sazcuta
3415 3100 3521 3142 sm-

1903 3186 2166 3241 culorum.
2199 3182 2394 3237 Amen.

203 3365 3519 3391 W

1593 3420 1944 3483 HOMILIA
1985 3418 2220 3485 XVIII.

198 3545 313 3605 Ctr.
343 3550 429 3608 {0.
463 3568 519 3605 v.
554 3551 610 3607 8.
646 3550 902 3620 Superius
937 3548 1111 3604 dicens
1140 3564 1160 3603 :
1192 3547 1405 3603 Hostias
1435 3555 1482 3602 et
1513 3545 1800 3602 oblationes

260 3653 306 3696 et
350 3646 661 3699 holocausta
693 3658 789 3709 pro
831 3651 1038 3714 peccato
1068 3641 1301 3707 noluisti,
1343 3656 1435 3695 nec
1461 3641 1651 3711 placita
1676 3646 1796 3693 sunt

260 3734 344 3788 tibi
370 3752 487 3804 qua:
524 3734 813 3789 secundum
844 3734 1006 3806 legem
1036 3732 1326 3801 olferuntur
1353 3748 1371 3787 :
1399 3732 1455 3788 9.
1487 3741 1608 3786 tunc
1637 3731 1746 3785 dixi
1774 3748 1793 3784 :

260 3822 389 3879 Ecce
414 3828 562 3881 venio
586 3836 640 3880 ut
669 3825 882 3897 faciam,
906 3824 1068 3891 Deus,
1090 3825 1404 3880 voluntatem
1429 3832 1589 3879 tuam.
1617 3825 1797 3895 Aufert

264 3918 498 3985 primum,
544 3926 601 3970 ut
645 3932 859 3989 sequens
902 3924 1117 3971 statuat.
1162 3916 1253 3972 10.
1296 3915 1366 3970 In
1404 3932 1508 3982 qua
1536 3915 1799 3971 voluntate

261 4011 567 4080 sanctiﬁcati
636 4026 812 4066 sumus
882 4027 972 4082 per
1031 4010 1337 4065 oblationem
1383 4010 1614 4081 corporis
1666 4007 1796 4063 Iesu

261 4101 441 4159 Christi
470 4104 650 4160 semel.
693 4104 783 4159 ll.
814 4102 883 4158 Et
912 4104 1078 4159 omnis
1105 4105 1307 4176 quidem
1336 4103 1576 4160 sacerdos
1604 4114 1792 4175 prazsto

258 4206 325 4249 est
367 4197 595 4268 quotidie
622 4196 940 4261 ministram,
970 4206 1017 4250 et
1046 4196 1245 4252 easdem
1274 4211 1412 4265 saepe
1450 4194 1669 4263 o/I'ereus
1701 4196 1795 4249 Ito-

258 4288 393 4353 stias,
417 4306 537 4361 qua:
561 4306 662 4342 non
684 4297 897 4358 possunt
920 4288 1125 4357 auferre
1152 4297 1389 4359 peccata:
1408 4287 1492 4343 l2.
1520 4288 1601 4342 hic
1621 4298 1792 4342 autem

258 4396 401 4436 unam
432 4399 530 4452 pro
558 4384 777 4453 peccatis
808 4380 1029 4448 oﬂ’erens
1055 4382 1274 4437 hostiam
1295 4423 1310 4447 ,
1340 4384 1393 4435 in
1425 4383 1791 4454 sempiternum

258 4473 385 4526 sedet
441 4475 498 4527 in
550 4475 759 4527 dextera
810 4472 945 4538 Dei,
998 4474 1087 4528 15.
1120 4473 1184 4527 de
1222 4484 1404 4528 caztero
1454 4486 1787 4545 exspectans,

258 4563 405 4618 donec
439 4577 705 4636 ponantur
731 4564 929 4618 inimici
968 4566 1082 4634 ejus
1110 4564 1390 4619 scabellum
1428 4566 1617 4637 pedum
1647 4570 1783 4637 ejus.

258 4656 305 4711 i.
343 4657 399 4713 ln
430 4659 498 4714 iis
519 4674 645 4729 qua:
674 4656 992 4727 prmcedunt
1028 4657 1267 4714 ostendit
1301 4658 1509 4713 inutilia
1547 4675 1668 4716 esse
1695 4676 1787 4715 sa-

197 4748 371 4804 criﬁcia
396 4750 466 4804 ad
499 4752 790 4819 perfectam
823 4750 1136 4820 puritatem,
1162 4760 1216 4806 et
1245 4764 1366 4805 esse
1394 4760 1548 4821 typos
1570 4766 1633 4807 ac
1656 4751 1788 4822 ﬁgu-

1915 3540 2189 3641 C’hristus,
2222 3552 2318 3607 sed
2352 3553 2502 3622 prius
2534 3554 2735 3612 fuerint
2759 3558 2958 3631 soluta,
2988 3573 3044 3621 et
3074 3574 3202 3625 tunc
3232 3569 3349 3641 ipse
3369 3574 3541 3633 adve-

1914 3639 2079 3693 nerit.
2120 3639 2254 3695 Nam
2295 3657 2365 3699 ne
2398 3642 2605 3715 dicant,
2650 3648 2829 3707 Etiam
2871 3654 3078 3727 absque
3119 3658 3223 3717 hoc
3255 3639 3533 3726 sacriﬁcio

1912 3731 2191 3829 potuimus
2218 3734 2436 3805 placere
2460 3738 2594 3809 Deo,
2624 3747 2963 3814 exspectavit
2992 3760 3052 3806 ut
3080 3752 3244 3810 etiam
3278 3774 3375 3829 per
3404 3761 3526 3818 illos

1911 3821 2030 3926 ipsa
2073 3826 2560 3927 redarguerentur,
2590 3844 2645 3889 et
2682 3845 2810 3894 tunc
2850 3840 2967 3911 ipse
3009 3844 3231 3904 advenit
3260 3821 3515 3927 :‘Sacriﬁ'

1906 3918 2041 3969 cium
2087 3918 2255 3985 enim,
2314 3921 2524 3994 inquit,
2582 3936 2633 3981 et
2677 3928 2990 3989 oblationem
3043 3940 3277 3998 uoluisti.
3329 3918 3523 4006 Omnia

1903 4019 2005 4075 per
2048 4006 2164 4065 haec
2211 4014 2430 4069 sustulit
2462 4034 2475 4070 :
2506 4025 2563 4072 ut
2604 4020 2696 4089 qui
2726 4016 2795 4076 in
2841 4039 3043 4094 genere
3091 4030 3293 4091 dixerit
3349 4050 3406 4094 et
3461 4042 3520 4100 in

1902 4100 2085 4198 specie
2119 4118 2131 4155 :
2166 4102 2487 4162 Holocausta
2522 4127 2617 4180 pro
2644 4127 2853 4183 peccato
2899 4136 3002 4175 non
3051 4124 3141 4179 tibi
3190 4130 3519 4198 placuerunt.

1900 4188 2112 4284 Oblatio
2139 4205 2319 4252 autem
2365 4210 2483 4256 erat
2511 4202 2770 4277 quidquid
2815 4220 2967 4267 extra
3012 4188 3346 4279 sacriﬁcium
3376 4188 3517 4284 olle:

1898 4282 2140 4339 rebatur.
2176 4286 2319 4343 Tunc
2349 4291 2502 4359 dixit,
2540 4294 2672 4351 Ecce
2696 4300 2860 4355 venio.
2897 4302 2975 4360 De
3003 4322 3237 4376 quonam
3289 4313 3394 4371 hoc
3435 4282 3520 4374 di-

1897 4383 2043 4431 ctum
2066 4380 2189 4433 est?
2222 4380 2297 4437 De
2328 4385 2477 4441 nullo
2496 4387 2603 4443 alio
2633 4406 2791 4459 quam
2822 4394 2889 4451 de
2915 4396 3152 4456 Christo.
3184 4403 3281 4460 Hic
3311 4410 3513 4467 nullam

1895 4467 2113 4526 confert
2155 4472 2370 4543 culpam
2414 4477 2467 4531 in
2512 4495 2610 4536 eos
2645 4484 2734 4553 qui
2765 4486 3091 4561 oll‘erebant,
3126 4498 3425 4557 ostendens
3454 4521 3516 4561 se

2025 4574 2248 4662 propter
2272 4583 2463 4626 eorum
2486 4572 2617 4630 vitia
2640 4592 2747 4633 non
2775 4578 2977 4641 habere
3000 4601 3061 4641 ea
3091 4602 3339 4662 accepta,
3370 4596 3514 4654 sicut

1891 4652 2024 4759 dicit
2043 4657 2194 4724 alibi,
2226 4660 2320 4716 sed
2340 4665 2483 4733 quod
2495 4666 2572 4759 de
2593 4679 2793 4729 caetero
2814 4675 2885 4730 sit
2907 4652 3299 4750 probatumict
3315 4652 3512 4759 depre;

1891 4743 2118 4801 hensum
2142 4765 2261 4807 eam
2290 4769 2403 4810 rem
2434 4757 2564 4814 nihil
2594 4760 2798 4822 habere
2825 4768 3019 4824 virium
3046 4814 3061 4836 ,
3092 4790 3267 4846 neque
3290 4743 3509 4853 tcm'pus

197 4851 289 4898 ras.
317 4851 367 4895 et
395 4842 626 4895 multum
659 4839 912 4896 deﬁcere.
944 4841 1209 4908 Quoniam
1239 4857 1369 4912 ergo
1396 4842 1499 4898 hoc
1525 4843 1573 4898 ei
1598 4858 1789 4900 occur-
1885 4843 2240 4946 Canvenicns.
2277 4846 2415 4916 Quid
2466 4852 2569 4909 hoc
2608 4865 2789 4914 autem
2839 4861 2905 4917 ad
2947 4863 3075 4920 illud
3099 4909 3111 4932 ,
3157 4839 3300 4941 quod
3354 4839 3506 4946 saepe

198 4930 327 4983 rebat
350 4950 361 4985 :
387 4931 445 4988 Si
470 4942 597 4986 sunt
625 4931 734 5003 typi
763 4946 827 4986 ac
855 4933 1059 5002 ﬁgurae,
1084 4932 1355 5002 quomodo
1376 4948 1481 4988 non
1503 4945 1787 4991 cessarunt
1885 4931 2215 4991 oﬁ‘errentur
2260 4944 2563 5001 sacriﬁcia?
2610 4949 2726 5005 Non
2772 4970 2836 5009 ex
2872 4972 2939 5011 eo
2976 4930 3151 5017 solum
3175 4930 3325 5035 quod

3358 4986 3505 5040 sa‘pc

199 5031 302 5071 cum
332 5023 620 5077 advenerit
663 5024 884 5089 veritas,
920 5037 1023 5078 nec
1052 5032 1355 5090 cesserunt,
1388 5023 1484 5080 sed
1518 5041 1785 5097 peragun-
1883 5025 2209 5085 offerrentur
2230 5074 2245 5097 ,
2278 5033 2411 5090 dicit
2449 5055 2570 5096 esse
2603 5047 2948 5115 perspicuum
3002 5055 3147 5123 quod
3180 5023 3500 5118 essentid;

201 5114 304 5167 tur?
354 5117 406 5173 in
465 5115 571 5170 hoc
620 5130 753 5184 ergo
808 5132 949 5171 nunc
1007 5116 1094 5171 hic
1130 5117 1241 5187 agit
1289 5118 1587 5174 ostendens
1640 5123 1781 5191 quod

202 5220 291 5260 non
319 5210 546 5278 amplius
575 5218 929 5281 peraguntur,
974 5226 1078 5266 nec
1123 5219 1183 5265 ut
1222 5211 1386 5281 ﬁgura
1418 5213 1637 5283 quidem
1672 5233 1686 5267 :
1719 5232 1779 5271 ea

198 5300 317 5350 enim
352 5300 494 5355 Deus
538 5316 644 5355 non
687 5299 943 5355 admittit.
982 5300 1145 5372 quue
1173 5318 1365 5357 rursus
1397 5319 1504 5358 non
1536 5320 1598 5360 ex
1632 5306 1782 5361 Novo

200 5392 403 5444 nstemlit
435 5392 527 5445 sed
562 5407 627 5445 ex
663 5392 963 5460 prophetis,
998 5392 1368 5448 ﬁrmissimum
1401 5395 1470 5450 ab
1499 5396 1607 5450 alto
1640 5398 1781 5467 peti-

201 5485 289 5531 tum
330 5482 605 5536 adducens
652 5484 1056 5550 testimonium,
1097 5485 1241 5555 quod
1287 5497 1506 5542 cessent.
1543 5497 1598 5543 et
1634 5491 1779 5544 desi-

206 5586 324 5637 nant,
356 5587 407 5631 et
437 5589 642 5631 temere
672 5580 853 5631 omnia
884 5589 1067 5648 agant,
1098 5596 1313 5651 semper
1344 5594 1531 5639 sancto
1561 5585 1782 5656 Spiritui

206 5667 516 5722 resistentes.
552 5667 905 5735 Ostenditque
942 5686 1005 5724 ex
1046 5672 1339 5726 abundanti
1378 5690 1439 5727 ea
1480 5691 1587 5731 non
1639 5694 1783 5735 nunc

203 5769 437 5821 cessasse.
464 5760 559 5814 sed
586 5761 767 5813 statim
798 5760 849 5812 in
878 5760 997 5830 ipso
1017 5762 1216 5818 Christi
1242 5772 1497 5828 adventu,
1525 5769 1633 5822 imo
1654 5782 1781 5826 ante

206 5849 299 5915 ejus
340 5852 663 5912 adventum;
759 5859 813 5903 ct
852 5852 991 5919 quod
1031 5869 1093 5907 ea
1143 5871 1249 5909 non
1299 5856 1517 5912 solverit
1562 5860 1778 5915 domum

490 5961 768 6019 Puncta
822 5962 936 6020 Gn.
993 5963 1210 6026 LXlll.

1890 5124 2332 5224 becillaetnlhil
2367 5137 2715 5209 prodessent,
2755 5146 2848 5202 sed
2886 5149 3049 5205 etiam
3082 5154 3225 5224 quod
3262 5156 3405 5214 Deus
3435 5174 3499 5215 ea

1893 5232 1998 5271 non
2049 5219 2383 5291 admitteret,
2434 5237 2710 5302 tamquam
2765 5237 2971 5295 inutilia
3029 5219 3493 5305 et'infructuosa.

1892 5307 2125 5378 ldipsum
2174 5315 2305 5370 dicit
2340 5320 2503 5377 etiam
2550 5326 2678 5381 alibi
2712 5348 2723 5381 :
2756 5330 2818 5383 Si
2854 5334 3097 5390 voluisses
3142 5339 3455 5408 sacri/icium
3479 5386 3494 5408 ,

1891 5401 2137 5502 dedisse-1n
2169 5405 2340 5502 (limi.
2368 5413 2435 5467 LO
2490 5415 2602 5487 18).
2629 5419 2731 5474 Per
2759 5420 2862 5477 hoc
2889 5440 3018 5495 ergo
3040 5428 3201 5482 etiam
3232 5401 3501 5502 signiﬁcat

1889 5495 2163 5589 se-nolle.
2202 5498 2317 5554 Non
2364 5515 2491 5560 sunt
2545 5522 2677 5579 ergo
2733 5514 2997 5571 sacriﬁcia
3060 5495 3312 5579 voluntas
3370 5524 3498 5589 Dei,

1891 5860 2155 5919 Voluntas.
2190 5866 2250 5920 In
2278 5886 2378 5940 qua
2410 5875 2671 5933 voluntate
2701 5884 3008 5952 sancti/irati
3034 5903 3232 5942 sinum.
3270 5891 3367 5943 Per
3398 5892 3499 5949 hoc

3130 5996 3167 6053 9
