4068 6412
593 406 692 461 155

576 515 786 571 quoque
825 500 929 555 alio
969 502 1130 557 modo
1161 499 1443 572 signiﬁcat,
1474 515 1578 556 non
1608 501 1894 571 sacriﬁcia,
1922 501 2015 557 sed
2056 501 2148 558 Dei

578 594 900 648 voluntatem
925 593 1169 650 homines
1185 609 1429 665 purgare.
1450 593 1594 665 Ergo
1615 595 1875 651 sacriﬁcia
1894 611 2152 669 peragere

576 702 680 741 non
710 701 774 741 ex
807 687 896 742 Dei
927 688 1200 743 voluntate
1223 696 1325 743 est.
1365 688 1430 743 Et
1464 689 1591 760 quid
1619 690 1851 757 miraris,
1879 690 1923 744 si
1952 705 2057 744 non
2085 691 2155 745 sit

576 793 720 832 nunc
769 779 862 833 Dei
904 779 1181 846 voluntas,
1216 795 1336 835 cum
1372 795 1471 837 nec
1500 781 1614 852 ejus
1643 790 1787 837 esset
1814 782 2059 838 voluntas
2086 782 2153 837 ab

576 870 763 924 initio?
794 870 917 936 Quis
946 872 1075 924 enim
1116 872 1223 926 ha’c
1244 913 1258 937 ,
1294 873 1492 943 inquit,
1521 873 1774 943 requisivit
1814 889 1877 927 ea:
1920 874 2153 928 manibus

577 960 751 1014 vestris
778 960 929 1030 (lsai.
950 962 1001 1017 1.
1035 962 1166 1033 12)ἳ
1195 961 1475 1029 Quomodo
1491 964 1959 1035 crgojussitipse?
1988 966 2059 1020 Se
2089 964 2154 1019 ad

578 1066 759 1105 eorum
789 1061 1001 1123 captum
1033 1053 1323 1109 demittcns
1356 1072 1368 1107 :
1398 1057 1535 1110 sicut
1583 1054 1714 1110 dicit
1743 1055 1943 1110 Paulus
1974 1078 1987 1111 ι
2026 1053 2155 1109 Volo

577 1159 745 1197 omnes
777 1143 1021 1200 homines
1067 1146 1195 1200 sicut
1222 1146 1467 1216 nteipsum
1504 1162 1611 1201 esse
1638 1147 1713 1220 (1.
1747 1148 1866 1201 Cor.
1900 1146 1954 1201 7.
1992 1146 2048 1217 7)
2100 1147 2154 1199 in

578 1237 940 1303 continentia;
970 1247 1023 1293 et
1072 1252 1258 1292 rursus
1301 1238 1427 1293 alibi
1475 1238 1719 1305 hortans,
1761 1237 1910 1306 Volo,
1945 1239 2153 1308 inquit,

579 1331 803 1395 iuniores
829 1329 1031 1395 nubere,
1060 1331 1194 1395 lilios
1225 1346 1492 1400 procreare
1519 1332 1593 1401 (l.
1623 1330 1755 1385 Tim.
1788 1331 1839 1385 5.
1874 1331 1984 1401 14).
2017 1330 2157 1384 Duas

581 1421 730 1491 ponit
758 1422 1096 1487 voluntates,
1130 1422 1223 1476 scd
1264 1436 1369 1477 non
1407 1424 1576 1477 ambae
1607 1432 1732 1477 sunt
1767 1422 1903 1492 ejus,
1946 1422 2157 1477 etiamsi

579 1510 797 1581 iubeat;
825 1511 919 1565 sed
949 1511 1061 1566 lucc
1092 1511 1307 1581 quidem
1335 1521 1417 1567 est
1455 1513 1641 1582 ipsius,
1670 1523 1723 1568 et
1752 1512 1873 1568 ideo
1909 1527 2027 1568 eam
2056 1528 2157 1583 po-

582 1601 661 1657 nit
708 1618 811 1656 non
856 1603 1013 1657 allata
1064 1616 1260 1668 causa;
1322 1604 1409 1659 illa
1455 1614 1631 1659 autem
1679 1619 1783 1659 non
1836 1613 1920 1660 est
1966 1604 2156 1674 ipsius,

582 1693 790 1748 etiamsi
834 1694 979 1760 velit,
1020 1705 1075 1750 et
1126 1695 1243 1749 ideo
1289 1694 1494 1765 adjecta
1539 1706 1622 1751 est
1646 1711 1765 1750 cum
1807 1710 1986 1752 causa.
2024 1696 2157 1751 Nam

583 1798 702 1837 cum
731 1783 877 1853 prius
905 1799 998 1841 eas
1026 1794 1352 1852 accusasset,
1385 1785 1526 1857 quod
1557 1795 1745 1841 contra
1774 1786 2045 1843 Christum
2076 1803 2163 1842 es-

584 1875 1023 1943 sentlovuriata‘,
1050 1888 1174 1931 tunc
1195 1876 1327 1931 dixit
1354 1895 1366 1929 :
1401 1876 1524 1932 Volo
1540 1879 1774 1950 juniores
1800 1880 2003 1945 nubere,
2027 1879 2163 1947 ﬁlios

585 1984 871 2036 procreare.
908 1968 979 2022 lta
998 1968 1091 2023 hic
1111 1983 1323 2039 quoque
1348 1981 1464 2023 sese
1488 1968 1903 2025 accommodans
1927 1984 2041 2025 rem
2063 1970 2166 2025 dis-

590 2069 776 2128 pensat
804 2078 815 2111 ε
846 2075 950 2113 non
1000 2070 1120 2115 crat
1164 2060 1283 2130 ejus
1313 2061 1564 2130 princeps
1609 2061 1859 2116 voluntas
1888 2070 1947 2116 ut
1974 2062 2167 2119 ﬁerent

588 2149 867 2204 sacriﬁcia.
914 2150 991 2205 lta
1041 2151 1203 2206 etiam
1252 2167 1373 2206 cum
1420 2151 1623 2208 diceret
1663 2169 1723 2209 se
1764 2154 1907 2209 nolle
1937 2164 2165 2210 mortem

594 2244 910 2312 peceatoris,
942 2244 1034 2298 scd
1077 2252 1135 2298 ut
1180 2246 1293 2314 ipse
1319 2254 1663 2301 convertatur
1699 2255 1754 2301 et
1778 2247 1922 2301 vivat
1949 2246 2162 2318 (Ezech.

589 2335 676 2390 18.
710 2333 843 2405 25):
882 2334 1009 2390 dicit
1056 2344 1231 2391 autem
1259 2336 1381 2391 alibi
1421 2352 1525 2391 non
1566 2337 1736 2392 soluat
1775 2338 2028 2407 voluisse,
2072 2342 2167 2397 sed

590 2428 748 2480 etiam
802 2426 1316 2483 desiderassezetsi
1372 2428 1486 2482 haec
1540 2439 1665 2483 sunt
1719 2432 2019 2499 contraria;
2073 2432 2169 2489 de-

590 2518 843 2572 siderium
875 2519 1019 2573 enim
1058 2527 1143 2573 est
1180 2520 1384 2574 intonsa
1425 2519 1691 2575 voluntas.
1721 2522 1999 2587 Quomodo
2038 2539 2166 2595 ergo

591 2623 695 2661 non
728 2610 930 2674 volens,
964 2610 1086 2665 alibi
1116 2609 1409 2675 desideras,
1442 2611 1583 2683 quod
1611 2612 1826 2683 quidem
1852 2615 2060 2686 signum
2084 2629 2169 2673 est

596 2699 729 2768 quod
779 2699 934 2754 valde
991 2700 1162 2755 velis?
1215 2701 1289 2756 ita
1322 2702 1407 2757 hic
1447 2717 1677 2775 quoque.
1722 2703 1788 2759 In
1841 2723 1941 2777 qua
1982 2708 2165 2762 volun-

592 2806 691 2850 tate
744 2798 1045 2864 sanctiﬁcati
1094 2814 1306 2863 sumus,
1359 2797 1548 2867 inquit.
1602 2801 1883 2869 Quomodo
1927 2801 2165 2855 sanctifi-

588 2889 710 2951 cati,
744 2887 855 2957 ipse
898 2888 1123 2956 explicat
1167 2889 1493 2959 subjungens
1522 2908 1534 2943 :
1569 2891 1672 2946 Per
1712 2891 2012 2946 oblationem
2044 2891 2167 2946 Cor-

586 2979 724 3048 p0ris
767 2977 891 3032 Jesu
930 2977 1118 3032 Christi
1143 2977 1317 3034 semel.
1376 2979 1442 3033 Et
1482 2983 1645 3035 onmis
1687 2983 1888 3046 quidem
1932 2985 2168 3037 sacerdos

593 3080 775 3138 priesto
797 3079 867 3125 est
892 3071 1116 3142 quotidie
1137 3072 1429 3125 ministram
1449 3113 1464 3139 ,
1494 3084 1539 3127 et
1568 3076 1766 3128 easdem
1795 3091 1927 3146 sirpe
1952 3074 2164 3144 offerens

592 3161 801 3214 hostias.
843 3158 996 3216 Stare
1038 3176 1164 3231 ergo
1206 3163 1415 3232 signum
1447 3174 1527 3218 est
1570 3165 1939 3231 ministrandi;
1980 3166 2170 3221 sedere

593 3266 723 3306 vero
752 3253 961 3322 signum
990 3264 1071 3308 est
1108 3254 1251 3324 quod
1299 3256 1649 3310 ministretur.
1696 3256 1796 3310 Hic
1822 3268 1986 3311 autem
2017 3274 2170 3312 unam

597 3360 689 3411 pro
733 3346 947 3411 peccatis
990 3344 1207 3412 o/fercns
1247 3348 1485 3414 hostiam,
1532 3349 1587 3401 in
1628 3351 1989 3417 sempiternum
2038 3352 2174 3405 sedet

594 3438 646 3489 in
696 3438 899 3490 dextera
934 3435 1047 3501 Dei,
1086 3438 1150 3491 de
1199 3450 1378 3493 cietero
1414 3450 1711 3509 exspectans
1753 3443 1912 3496 donec
1974 3459 2173 3511 ponano

597 3540 677 3581 tur
710 3529 901 3582 inimici
937 3530 1046 3596 eius
1070 3531 1343 3586 scabellum
1374 3533 1559 3603 pedum
1589 3533 1716 3603 ejus.
1752 3535 1839 3589 H.
1889 3532 2004 3589 Una
2042 3536 2175 3589 enim

598 3620 848 3674 oblatione
886 3625 1248 3676 consummavit
1294 3626 1345 3677 in
1386 3635 1630 3678 trternum
1676 3627 2035 3695 sancti/iratos.
2088 3627 2171 3683 i5.

600 3710 922 3765 Contestatur
962 3726 1128 3765 autem
1174 3730 1264 3767 nos
1296 3724 1340 3767 et
1370 3715 1593 3782 Spiritus
1623 3726 1845 3769 sanctus.
1893 3717 2032 3770 Dixit
2060 3717 2176 3771 illas

603 3817 708 3854 non
756 3800 956 3865 olIerri,
989 3814 1041 3856 et
1078 3804 1296 3873 collegit
1326 3819 1389 3859 ex
1434 3805 1649 3875 scriptis
1680 3818 1732 3861 et
1778 3822 1885 3861 non
1915 3807 2127 3877 scriptis
2160 3826 2175 3861 :

604 3904 858 3962 pra-terea
912 3905 1089 3950 autem
1136 3896 1337 3951 dictum
1386 3912 1597 3968 quoque
1642 3898 1867 3954 adduxit
1902 3900 2177 3970 praplieti-

602 4003 721 4039 eum
749 3987 932 4042 dicens
965 4005 977 4041 :
1007 3988 1330 4057 Sacriﬁcium
1357 3999 1401 4043 et
1422 3990 1728 4045 oblationem
1757 3994 1984 4046 noluisti.
2017 3993 2178 4059 Dixit,

602 4081 742 4147 quod
784 4090 995 4149 peccata
1029 4082 1314 4136 remiserit.
1363 4082 1566 4137 Rursus
1597 4084 1699 4138 hoc
1747 4100 1959 4156 quoque
1990 4086 2181 4155 probat

605 4187 669 4224 ex
710 4172 910 4240 scripto
957 4173 1260 4227 testimonio
1291 4192 1303 4227 :
1334 4173 1655 4229 Contestatur
1698 4186 1868 4230 autem
1914 4193 2042 4243 nos,
2096 4178 2179 4231 in-

606 4267 754 4333 quit,
788 4278 831 4318 et
862 4266 1086 4336 Spiritus
1116 4278 1335 4320 sanctus.
1383 4266 1668 4337 Postquam
1718 4270 1858 4323 enim
1887 4270 2019 4323 dixit
2046 4290 2059 4324 :
2092 4270 2179 4325 16.

608 4355 721 4409 Hoc
764 4367 931 4409 autem
978 4365 1327 4410 testamentum
1377 4358 1513 4426 quod
1554 4360 1770 4411 testabor
1798 4360 1864 4411 ad
1912 4360 2027 4413 illos
2074 4371 2187 4430 post

607 4450 712 4501 dies
743 4450 877 4515 illos,
920 4451 1041 4504 dicit
1082 4448 1337 4503 Dominus
1358 4493 1371 4514 ,
1404 4451 1574 4503 dando
1605 4450 1738 4520 leges
1765 4468 1900 4506 meas
1931 4453 1981 4506 in
2020 4454 2188 4507 cordi-

608 4544 698 4594 bus
726 4560 919 4607 eorum,
945 4553 991 4595 et
1016 4544 1065 4595 in
1094 4544 1341 4597 mentibus
1367 4560 1541 4596 eorum
1570 4546 1935 4613 superscribam
1962 4562 2063 4610 eas,
2097 4548 2184 4600 17.

611 4644 655 4683 et
686 4644 1003 4698 peccatorum
1039 4645 1083 4686 et
1114 4635 1439 4703 iuiquitatum
1478 4651 1650 4687 eorum
1670 4636 1784 4704 jam
1813 4652 1909 4689 non
1952 4640 2196 4691 recordan

613 4726 699 4776 bur
727 4726 966 4791 amplius.
1015 4724 1099 4778 i8.
1140 4725 1235 4778 Ubi
1263 4735 1431 4777 autem
1462 4726 1639 4778 horum
1672 4728 1916 4793 remissio,
1946 4730 2058 4798 jam
2088 4746 2189 4783 non

613 4822 682 4866 cst
710 4812 893 4865 oblatio
922 4829 1014 4881 pro
1044 4823 1268 4881 peccato.
1302 4814 1527 4867 Remisit.
1558 4828 1683 4884 ergo
1713 4827 1947 4884 peccata,
1978 4820 2190 4888 quando

613 4903 757 4954 dedit
786 4912 1161 4957 testamentum
1188 4922 1199 4956 :
1230 4913 1604 4959 testamentum
1625 4915 1803 4960 autem
1820 4906 1965 4962 dedit
1985 4924 2078 4979 per
2103 4926 2193 4966 sa-

614 4993 893 5047 criﬁcium.
927 4994 983 5048 Si
1014 5010 1139 5063 ergo
1167 4997 1369 5050 remisit
1399 5005 1615 5065 peccata
1664 5013 1760 5067 per
1793 5014 1952 5054 unum
1985 5004 2190 5057 sacriﬁ-

616 5086 775 5146 cium,
802 5100 903 5137 non
931 5095 1013 5138 est
1038 5086 1265 5154 amplius
1286 5102 1419 5156 opus
1451 5089 1704 5142 secundo.
1731 5090 1877 5144 Sedit
1910 5092 1959 5145 in
1988 5092 2193 5148 dextera

620 5173 732 5239 Dei,
755 5174 815 5225 de
836 5183 1013 5227 τίετενο
1034 5186 1344 5244 exspectans.
1363 5176 1600 5242 Quanam
1621 5179 1685 5232 de
1704 5195 1859 5234 causa
1881 5193 1961 5234 est
1983 5182 2193 5237 dilatio?

623 5267 689 5319 Ut
714 5278 976 5335 ponantur
1004 5269 1203 5322 inimici
1232 5270 1345 5338 ejus
1373 5272 1469 5323 sub
1499 5271 1721 5338 pedibus
1746 5272 1883 5342 ejus.
1921 5273 2035 5328 Una
2062 5279 2191 5329 enim

617 5359 887 5419 oblatione,
926 5360 1115 5426 inquit,
1147 5362 1511 5413 consummavit
1540 5363 1592 5414 in
1618 5366 1976 5432 sempiternum
2003 5370 2192 5421 sancti-

621 5450 813 5515 βίαιος.
849 5448 952 5501 Sed
986 5449 1178 5503 dixerit
1208 5450 1435 5506 fortasse
1465 5454 1729 5523 quispiam
1760 5472 1770 5506 :
1803 5454 1910 5509 Cur
1941 5472 2043 5512 non
2082 5471 2193 5512 sta-

624 5542 712 5591 tim
741 5540 954 5607 posuit?
986 5540 1211 5610 Pmpter
1240 5542 1423 5601 ﬁdeles
1447 5545 1536 5614 qui
1567 5557 1719 5601 erant
1749 5550 2000 5603 nascitnri
2027 5560 2079 5605 et
2102 5568 2187 5622 ge-

623 5632 860 5685 nerandi.
909 5631 1180 5687 lTndenam
1219 5644 1392 5689 autem
1436 5637 1698 5691 constabit
1728 5639 1867 5708 quod
1901 5646 2195 5709 ponentur?

623 5725 725 5777 Per
752 5726 850 5779 hoc
878 5725 1015 5794 quod
1045 5726 1175 5780 dixit
1208 5743 1327 5782 cum
1356 5730 1579 5784 sedisse.
1615 5729 1819 5787 Rursus
1850 5737 2117 5790 revocavit
2145 5738 2194 5790 in

626 5820 931 5869 memoriam
965 5820 1322 5873 testimonium
1355 5821 1478 5874 illud
1516 5822 1657 5891 quod
1694 5822 1822 5880 dicit
1853 5842 1863 5877 :
1902 5824 2067 5880 Donec
2108 5844 2198 5897 po-

1287 399 1340 456 S.
1381 395 1655 455 JOANNIS
1690 389 2160 451 Clll‘nYSOSTOSll
2200 388 2513 448 ARCHIEP.
2555 389 3089 446 CONSTANTINOP.

3736 346 3849 406 156

2268 504 2355 549 nat
2385 491 2615 547 inimicos
2639 488 2731 543 sub
2754 486 2963 556 pedibus
2989 488 3119 557 ejus.
3151 483 3355 539 inimici
3380 489 3561 536 autem
3592 479 3710 551 ejus
3734 487 3875 533 sunt

2269 585 2459 645 Judaei.
2506 582 2710 639 Deinde
2737 578 2992 652 quoniam
3035 576 3187 640 dicit,
3228 574 3403 630 Donec
3448 579 3713 643 ponantur
3754 570 3877 623 ini-

2272 676 2388 731 mici
2414 674 2503 730 sub
2532 672 2738 745 pedibus
2777 670 2910 741 ejus,
2941 666 3097 722 valde
3140 675 3319 721 autem
3360 662 3619 734 urgebant
3652 678 3667 715 :
3702 673 3764 714 ea
3793 658 3878 714 do

2268 783 2429 825 causa
2458 770 2608 837 ponit
2637 763 2814 818 omnia
2846 777 2965 829 qua:
2996 767 3313 831 sequuntur,
3349 769 3703 828 quascumque
3733 752 3880 808 dicit

2272 861 2339 914 tle
2378 857 2501 914 ﬁde.
2533 856 2763 923 Quinam
2812 861 2991 908 autem
3033 859 3160 906 sunt
3202 849 3421 915 inimici,
3467 846 3569 902 nisi
3611 844 3878 900 inﬁdeles

2270 966 2479 1013 omnes,
2506 948 2800 1010 darmones,
2831 958 2932 999 nec
2969 942 3141 998 solum
3170 940 3380 995 Judzei?
3409 939 3650 1009 Magnam
3679 945 3879 990 autem

2271 1040 2663 1110 subjectionem
2692 1036 2851 1091 tacite
2879 1032 3209 1104 signiﬁcans,
3240 1045 3345 1085 non
3369 1029 3529 1094 dixit,
3556 1028 3881 1098 Subjician-

2274 1147 2376 1201 tur,
2409 1133 2525 1197 sed,
2561 1131 2831 1185 Ponuntur
2874 1127 2967 1183 sub
2995 1124 3206 1198 pedibus
3231 1126 3363 1195 ejus.
3407 1122 3485 1178 Ne
3529 1124 3697 1177 simus
3734 1135 3880 1190 ergo

2270 1245 2335 1283 ex
2369 1226 2595 1282 inimicis
2627 1241 2641 1278 ε
2673 1239 2779 1277 ιιοη
2826 1221 2999 1276 solum
3031 1219 3175 1274 enim
3216 1216 3421 1271 inimici
3451 1224 3577 1270 sunt
3617 1214 3693 1269 illi
3740 1213 3877 1267 inﬁo

2271 1318 2421 1373 deles
2465 1325 2519 1371 ct
2560 1313 2753 1379 Judaei,
2804 1311 2897 1367 sed
2946 1310 3108 1366 etiam
3149 1308 3239 1379 qui
3272 1306 3545 1362 immunda
3586 1306 3691 1359 vita
3737 1313 3881 1360 sunt

2274 1408 2416 1480 pleni
2442 1427 2455 1461 :
2480 1406 2764 1461 Prudentia
2786 1404 2916 1459 enim
2938 1401 3109 1457 carnis
3135 1411 3211 1457 est
3230 1398 3340 1454 Deo
3360 1399 3566 1453 inimica
3595 1413 3616 1451 :
3646 1398 3745 1467 legi
3769 1395 3882 1450 Dei

2274 1519 2375 1555 non
2404 1511 2476 1556 est
2496 1501 2718 1571 subjecta
2738 1539 2753 1564 ,
2780 1513 2937 1567 neque
2957 1505 3117 1568 potest
3144 1494 3323 1565 (Rom.
3354 1493 3408 1548 8.
3441 1490 3514 1564 7).
3549 1491 3684 1559 Quid
3710 1506 3878 1561 ergo,

2276 1595 2482 1666 inquit?
2511 1609 2614 1649 non
2642 1602 2725 1649 est
2770 1592 2873 1646 hoc
2911 1590 3148 1647 crimen?
3174 1589 3243 1644 Et
3288 1588 3520 1643 maxime
3543 1587 3759 1657 quidem
3784 1594 3882 1638 est

2276 1690 2478 1741 crimen
2514 1707 2526 1740 :
2560 1684 2733 1739 malus
2758 1683 2900 1739 enim
2927 1680 3182 1752 quamdiu
3210 1689 3295 1736 est
3323 1679 3517 1743 malus,
3552 1694 3659 1733 non
3690 1686 3881 1748 potest

2276 1776 2499 1846 subjici;
2532 1774 2728 1829 mutari
2760 1783 2936 1829 autem
2966 1781 3144 1844 potest
3171 1781 3226 1827 et
3254 1771 3426 1825 bonus
3454 1768 3593 1825 fieri.

2348 1866 2403 1921 2.
2447 1867 2733 1935 Paupertas
2767 1864 3039 1929 laudatur;
3074 1863 3449 1934 redarguuntur
3472 1861 3683 1915 divitite.
3720 1859 3877 1915 Pau—

2280 1960 2486 2029 pertatis
2528 1960 2696 2025 bona,
2738 1956 3025 2011 divitiarum
3070 1956 3226 2009 mala.
3265 1984 3337 1995 —
3373 1952 3666 2024 Ejiciamus
3712 1954 3883 2021 igitur

2278 2052 2625 2119 cogitationes
2648 2059 2704 2104 et
2729 2062 2916 2103 sensus
2941 2046 3206 2102 carnales.
3237 2044 3366 2113 Qua:
3391 2054 3516 2099 sunt
3543 2054 3722 2099 autem
3751 2058 3879 2098 car-

2280 2142 2458 2198 nalia?
2502 2154 2850 2211 quaecumque
2879 2138 3078 2193 faciunt
3120 2146 3179 2192 ut
3206 2150 3401 2205 corpus
3431 2135 3620 2190 ﬂoreat
3649 2144 3702 2190 et
3733 2134 3882 2189 bene

2280 2237 2345 2287 sit
2373 2232 2641 2299 aﬁ‘cetum,
2670 2232 2901 2284 animam
2928 2239 3107 2283 autem
3134 2228 3273 2283 male
3301 2226 3538 2281 afﬁciunt
3563 2246 3576 2281 :
3605 2236 3660 2280 ut
3687 2240 3882 2281 οιρω·

2283 2324 2353 2393 pli
2384 2338 2540 2379 causa
2566 2364 2581 2390 ,
2613 2322 2809 2377 divitia:
2833 2363 2849 2388 ,
2876 2321 3083 2376 delicia:
3108 2361 3124 2388 ,
3151 2319 3317 2390 gloria
3354 2339 3366 2373 :
3396 2321 3508 2374 lucc
3538 2318 3715 2374 omnia
3749 2327 3882 2373 sunt

2281 2418 2459 2471 carnis
2482 2434 2493 2468 :
2518 2430 2668 2469 amor
2688 2428 2995 2483 corporum.
3021 2411 3098 2467 Ne
3120 2427 3248 2481 ergo
3269 2425 3509 2466 amemus
3532 2410 3731 2465 habere
3753 2411 3879 2480 plus

2281 2525 2438 2580 quam
2476 2509 2605 2572 alii,
2647 2510 2741 2562 sed
2783 2514 3146 2576 paupertatem
3187 2519 3400 2573 semper
3439 2518 3875 2575 prosequamur:

2281 2602 2395 2672 ipsa
2424 2599 2567 2656 enim
2597 2608 2680 2653 est
2707 2613 2955 2668 magnum
2988 2598 3209 2652 bonum.
3244 2599 3310 2650 At
3341 2596 3595 2649 humilem
3616 2636 3630 2660 ,
3662 2594 3840 2663 inquit
3861 2634 3877 2656 ,

2284 2693 2546 2763 vilemque
2573 2690 2696 2745 facit
2718 2700 2772 2745 et
2796 2690 3085 2758 abjectum.
3115 2688 3227 2742 [ioc
3252 2687 3394 2742 enim
3421 2685 3574 2741 nobis
3595 2694 3680 2741 est
3699 2700 3880 2756 opus;

2286 2784 2437 2839 nobis
2466 2781 2607 2837 enim
2636 2781 2860 2835 multum
2885 2779 3112 2835 confert.
3148 2778 3452 2849 Paupertas,
3483 2778 3683 2848 inquit,
3710 2778 3882 2830 hami-

2286 2891 2397 2928 nem
2420 2874 2583 2929 reddit
2612 2873 2849 2926 humilem
2876 2870 3056 2941 (Prov.
3087 2869 3172 2926 10.
3197 2872 3249 2926 4.
3276 2872 3325 2923 in
3356 2868 3579 2940 Cresco);
3609 2878 3662 2924 et
3690 2885 3883 2925 rursus

2286 2966 2549 3030 Christus,
2574 2962 2717 3017 Beati
2735 2979 2978 3034 pauperes
3006 2964 3193 3033 spiritu
3216 2963 3427 3035 (Matth.
3450 2963 3500 3016 5.
3526 2962 3604 3023 3).
3625 2962 3885 3059 Pr0ptet)’

2287 3072 2349 3112 ea
2371 3072 2497 3127 ergo
2519 3056 2667 3110 doles
2689 3056 2829 3125 quod
2854 3058 2991 3109 viam
3014 3055 3180 3111 babes
3200 3071 3317 3125 qua:
3337 3055 3483 3109 ducit
3502 3055 3567 3109 ad
3589 3055 3885 3110 virtutem?

2289 3151 2463 3204 nescis
2491 3149 2631 3218 quod
2654 3163 2715 3203 ea
2743 3147 2895 3201 nobis
2920 3147 3142 3201 multam
3164 3147 3253 3201 dat
3281 3147 3562 3201 ﬁduciam?
3587 3147 3651 3200 At
3674 3148 3886 3218 sapien-

2290 3243 2387 3307 tia,
2420 3241 2621 3311 inquit,
2650 3241 2886 3313 pauperis
2912 3240 3041 3293 nihil
3066 3240 3305 3311 penditur
3333 3240 3552 3309 (Eccles.
3583 3241 3636 3297 9.
3668 3242 3760 3313 16)
3784 3260 3799 3308 ;
3827 3253 3887 3298 et

2290 3348 2477 3388 rursus
2507 3334 2642 3388 alius
2671 3334 2839 3398 dicit,
2870 3332 3231 3402 Paupertatem
3270 3345 3316 3388 et
3345 3337 3547 3390 divitias
3584 3352 3648 3390 ne
3676 3337 3887 3392 dederis

2297 3425 2419 3477 mihi
2445 3424 2462 3494 (
2479 3422 2733 3478 Prov.50.
2754 3422 2833 3492 8);
2851 3432 2924 3488 et,
2950 3425 2992 3476 Α
3020 3426 3228 3493 fornace
3257 3428 3566 3496 paupertatis
3596 3426 3755 3481 libera
3779 3446 3880 3483 me.

2292 3515 2571 3582 Quomodo
2598 3524 2773 3568 autem
2804 3530 2989 3569 rursus
3011 3557 3024 3581 ,
3054 3516 3098 3569 si
3127 3515 3325 3571 divitia:
3354 3526 3410 3572 et
3439 3529 3726 3587 paupertas
3757 3531 3887 3574 sunt

2296 3621 2324 3659 a
2355 3605 2596 3672 Domino,
2622 3607 2818 3661 malum
2844 3616 2927 3663 est
2950 3616 3234 3677 paupertas
3257 3616 3347 3663 aut
3371 3608 3608 3663 divitiae?
3635 3609 3883 3677 Quanam

2296 3711 2424 3766 ergo
2460 3697 2528 3751 de
2569 3712 2729 3752 causa
2776 3697 2891 3753 haec
2930 3696 3072 3753 dicta
3112 3696 3269 3754 sunt?
3309 3699 3435 3755 [late
3472 3699 3790 3755 dicebantur
3831 3704 3887 3756 iu

2298 3786 2516 3855 Veteri,
2549 3788 2637 3843 ubi
2682 3788 2982 3844 divitiarum
3027 3804 3216 3859 magna
3260 3789 3554 3845 habebatur
3581 3791 3718 3846 ratio
3739 3833 3758 3859 ,
3792 3792 3886 3847 tibi

2297 3882 2625 3950 paupertatis
2649 3897 2836 3953 magna
2862 3892 2976 3938 erat
2999 3883 3368 3953 despicientia,
3402 3883 3491 3939 ubi
3522 3883 3637 3939 hinc
3663 3885 3885 3958 quidem

2298 3980 2411 4024 erat
2450 3973 2745 4026 exsecratio
2779 3987 2842 4029 ac
2877 3972 3181 4029 maledictio
3208 4016 3223 4038 ,
3255 3974 3361 4028 illa:
3396 3989 3523 4029 vero
3554 3974 3884 4031 benedictio.

2298 4061 2405 4117 Sed
2444 4067 2592 4119 visne
2630 4066 2815 4119 audire
2854 4065 3038 4119 laudes
3077 4066 3445 4135 paupertatis?
3488 4080 3605 4121 eam
3646 4069 3888 4139 suscepit

2295 4154 2569 4222 Christus,
2598 4166 2652 4211 et
2674 4157 2802 4212 dicit
2833 4177 2845 4213 :
2870 4158 3037 4213 Filius
3062 4170 3229 4213 autem
3257 4162 3472 4214 hominis
3500 4178 3598 4215 non
3624 4162 3773 4217 habet
3797 4164 3889 4219 ubi

2296 4257 2446 4316 caput
2488 4250 2713 4302 reclinet.
2760 4249 2827 4304 Et
2867 4265 3052 4305 rursus
3092 4250 3304 4306 dicebat
3351 4251 3628 4321 discipulis
3661 4270 3675 4307 :
3708 4252 3887 4308 Nolite

2297 4342 2553 4409 possidere
2580 4359 2788 4407 aurum,
2824 4361 2980 4414 neque
3006 4356 3267 4415 argentum
3293 4389 3306 4412 ,
3342 4364 3499 4418 neque
3526 4349 3654 4403 duas
3684 4349 3885 4403 tunicas

2299 4434 2316 4499 (
2345 4432 2527 4486 Matth.
2557 4435 2607 4490 8.
2636 4435 2725 4489 20.
2756 4446 2799 4491 et
2830 4438 2916 4491 10.
2943 4438 3022 4505 9).
3049 4438 3113 4492 Et
3144 4440 3336 4494 Paulus
3364 4442 3602 4497 scribens
3629 4442 3882 4513 dicebat,

2298 4523 2576 4591 Tamquam
2603 4528 2731 4580 nihil
2753 4529 3008 4595 habentes,
3038 4540 3086 4583 et
3116 4532 3284 4585 omnia
3312 4534 3625 4602 possidentes
3649 4532 3727 4603 (2.
3759 4534 3883 4593 Cor.

2299 4614 2350 4667 6.
2384 4614 2495 4681 10).
2530 4616 2595 4669 Et
2632 4618 2820 4672 Petrus
2849 4620 3057 4674 dicebat
3084 4621 3133 4675 ei
3165 4623 3252 4691 qui
3289 4633 3405 4677 erat
3433 4624 3652 4679 claudus
3683 4635 3841 4681 nauis
3868 4646 3883 4683 :

2299 4704 2574 4772 Argentum
2602 4718 2646 4759 et
2678 4725 2859 4762 aurum
2888 4727 2987 4764 non
3016 4723 3089 4766 est
3121 4713 3245 4767 mihi
3277 4717 3293 4785 (
3320 4716 3432 4769 Act.
3466 4718 3519 4773 '5.
3551 4717 3642 4787 6).
3675 4716 3735 4773 in
3767 4721 3889 4790 ipso

2298 4811 2509 4865 quoque
2528 4797 2725 4865 \‘eteri,
2752 4802 2836 4855 ubi
2860 4802 2912 4855 in
2935 4802 3288 4861 admiratione
3310 4806 3640 4863 habebantur
3659 4809 3885 4878 divitiae,

2298 4890 2512 4959 quinam
2532 4932 2546 4957 ,
2575 4906 2782 4960 quaeso,
2809 4903 2961 4949 erant
2987 4896 3364 4953 admirabiles?
3388 4916 3565 4955 annon
3592 4901 3767 4969 Elias,
3792 4906 3887 4976 qui

2300 4981 2427 5033 nihil
2458 4981 2683 5036 habebat
2710 4996 2905 5052 praeter
2930 4988 3126 5056 pellem
3148 4990 3399 5045 ovillam?
3425 5006 3602 5048 annon
3632 4994 3887 5062 Eliszeus,

2299 5088 2476 5127 annon
2516 5074 2786 5132 Joannes?
2822 5079 2990 5134 Nemo
3028 5097 3155 5152 ergo
3194 5085 3259 5138 sit
3304 5085 3517 5139 humilis
3556 5096 3607 5141 et
3644 5088 3889 5157 abiectus

2300 5178 2517 5235 propter
2565 5179 2928 5239 paupertatem
2963 5194 2974 5228 :
3009 5190 3113 5229 non
3156 5188 3238 5231 est
3278 5188 3563 5248 paupertas
3601 5196 3719 5249 quae
3760 5181 3889 5238 facit

2302 5260 2550 5315 humilem
2575 5302 2592 5326 ,
2632 5262 2724 5317 sed
2759 5264 2955 5320 divitire
2990 5283 3106 5335 quae
3144 5279 3342 5337 cogunt
3379 5286 3537 5340 egere
3575 5273 3790 5339 multis,
3831 5286 3885 5329 et

2299 5351 2631 5418 compellunt
2672 5362 2729 5406 ut
2773 5357 2954 5409 multis
3003 5358 3300 5413 habeantur
3340 5364 3543 5430 gratia).
3589 5363 3726 5430 Quid
3772 5374 3886 5421 erat

2297 5439 2497 5493 Jacobo
2527 5446 2840 5513 panperins,
2875 5448 2958 5499 dic
2986 5448 3137 5514 mihi,
3161 5452 3248 5519 qui
3278 5451 3515 5518 dicebat,
3550 5454 3610 5508 Si
3642 5455 3885 5510 Dominus

2302 5533 2422 5585 mihi
2452 5534 2644 5587 dederit
2684 5552 2865 5603 panem
2902 5538 2969 5590 ad
2997 5541 3389 5609 comedendum,
3424 5557 3468 5597 et
3499 5555 3677 5601 vestem
3706 5549 3773 5599 ad
3799 5549 3883 5603 in-

2301 5624 2551 5677 duendum
2571 5624 2720 5697 (Gen.
2750 5627 2838 5682 28.
2867 5628 2985 5700 ‘20)?
3009 5630 3143 5685 Num
3172 5648 3298 5703 ergo
3326 5635 3529 5691 ﬁducia:
3556 5646 3611 5692 et
3635 5638 3884 5709 loquendi

2302 5716 2557 5769 libertatis
2587 5729 2833 5787 expertes
2863 5731 3013 5775 erant
3043 5722 3185 5778 Elius
3214 5735 3266 5779 et
3290 5726 3561 5783 Joannes?
3590 5744 3766 5786 annon
3795 5733 3888 5789 ille

2302 5806 2513 5872 quidem
2537 5810 2706 5878 arguit
2732 5811 2930 5878 Achab,
2958 5811 3041 5868 hic
3065 5829 3191 5873 vero
3216 5816 3515 5873 Herodem?
3537 5818 3633 5875 llic
3653 5821 3882 5891 dicebat,
