4068 6424
295 416 386 473 137

286 536 400 591 Non
430 537 541 591 licet
572 536 663 591 tibi
692 537 889 591 habere
917 552 1122 592 uxorem
1145 537 1382 614 Philippi
1407 542 1581 612 fratris
1607 544 1676 595 tui
1699 540 1892 615 (.llarc.

286 638 340 686 ti.
375 631 458 700 18)
490 648 502 683 :
535 632 683 687 tilias
710 640 897 685 autent
931 629 1098 711 libere
1125 639 1179 686 et
1205 632 1536 688 confidenter
1560 633 1696 688 dixit
1720 634 1898 690 Acba-

286 726 356 779 lm
374 764 393 791 ,
423 724 542 780 Non
570 743 661 797 ego
691 735 924 796 μεῖνα-ιο
953 718 1140 793 Israel,
1162 727 1251 780 sed
1277 739 1331 782 tu
1360 737 1407 782 et
1434 728 1615 783 domus
1638 730 1801 801 patris
1824 728 1899 785 tui

288 819 369 889 (ὅ.
400 816 524 889 Reg.
554 818 641 872 l8.
673 818 788 890 18).
816 817 978 873 Vides
998 818 1140 890 quod
1166 818 1268 874 hoc
1290 819 1459 889 magis
1483 818 1648 875 efficit
1676 821 1891 891 loquen-

287 910 345 967 di
384 911 688 965 libertatem
712 951 729 978 ,
762 924 957 981 nempe
986 911 1312 981 paupertas?
1346 909 1477 965 Nam
1503 910 1652 967 dives
1680 912 1898 983 quidem

288 1014 378 1062 est
412 1017 603 1060 servus
625 1044 642 1070 ,
677 1010 737 1057 ut
778 1004 868 1075 qui
904 1003 1101 1059 damno
1142 1005 1210 1059 sit
1250 1005 1522 1060 obnoxius
1545 1044 1563 1071 ,
1595 1014 1650 1060 et
1678 1004 1900 1061 cuilibet

289 1097 498 1155 Vulenti
540 1096 779 1168 prtebeat
806 1106 865 1152 ut
904 1096 1004 1169 ipsi
1035 1098 1175 1153 male
1205 1097 1362 1155 faciat
1392 1116 1405 1153 :
1433 1099 1520 1168 qui
1551 1108 1731 1159 autem
1766 1097 1899 1155 nihil

292 1192 497 1255 habet,
547 1207 655 1247 non
706 1191 859 1247 timet
904 1191 1168 1247 bonorum
1213 1191 1673 1262 publicationem,
1724 1207 1899 1265 neque

288 1283 821 1340 condemnationem.
854 1283 913 1341 Si
941 1284 1120 1356 itaque
1144 1294 1429 1357 paupertas
1458 1286 1694 1343 efficeret
1724 1286 1903 1343 homi-

286 1390 390 1433 nes
419 1386 481 1432 ut
504 1387 757 1434 carerent
779 1379 1032 1450 loquendi
1061 1382 1330 1449 libertate,
1359 1398 1467 1437 non
1490 1382 1727 1439 misisset
1748 1380 1910 1439 Chri-

284 1478 405 1523 stus
427 1468 725 1541 discipulos
744 1485 867 1526 cum
894 1481 1207 1545 paupertate
1231 1473 1297 1528 ad
1323 1488 1439 1530 rem
1460 1489 1580 1545 quas
1597 1474 1764 1530 multa
1782 1490 1910 1546 ege-

286 1568 375 1614 ret
400 1559 656 1617 libertate
680 1561 929 1631 loquendi
952 1573 1007 1618 et
1025 1563 1242 1619 fiducia.
1258 1563 1470 1635 Pauper
1485 1566 1630 1621 enim
1651 1574 1735 1620 est
1751 1565 1906 1622 valde

288 1647 469 1713 fortis,
492 1660 549 1707 et
579 1666 688 1706 non
733 1651 895 1708 habet
924 1653 1067 1711 unde
1107 1654 1369 1713 afficiatur
1400 1656 1622 1727 injuria,
1646 1664 1740 1712 aut
1777 1656 1905 1714 mali

284 1739 491 1811 aliquid
525 1741 775 1811 patiatur.
807 1742 969 1799 Dives
992 1754 1172 1800 autem
1196 1754 1280 1801 est
1302 1746 1450 1802 omni
1473 1762 1536 1802 ex
1564 1756 1719 1817 parte
1743 1756 1905 1819 captu

285 1832 504 1899 facilis;
538 1846 593 1889 et
625 1834 852 1905 perinde
880 1846 983 1903 est,
1014 1846 1075 1893 ut
1101 1839 1146 1893 si
1177 1837 1295 1909 quis
1321 1853 1468 1905 eum,
1501 1840 1590 1910 qui
1623 1840 1822 1896 multos
1850 1849 1907 1897 et

284 1922 482 1994 longos
504 1925 671 1979 trahit
690 1925 863 1993 funes,
884 1925 1041 1985 facile
1069 1930 1296 1999 ceperit,
1311 1929 1514 1985 nudum
1542 1941 1720 1987 autem
1745 1930 1905 1990 facile

284 2030 396 2070 non
418 2017 595 2086 possit
618 2017 1026 2087 apprehendere
1053 2035 1118 2077 ac
1140 2020 1405 2077 detinere.
1427 2022 1503 2077 Ita
1535 2024 1695 2079 etiam
1726 2024 1906 2079 evenit

283 2104 343 2160 in
368 2106 539 2162 divite
565 2125 580 2162 :
607 2107 896 2178 mncipia,
916 2125 1130 2179 aurum,
1152 2111 1372 2181 prmdia,
1404 2114 1616 2185 negotia
1648 2114 1900 2172 innumc-
1925 2130 1947 2145 ⁶

283 2197 505 2265 rabilis.
542 2198 965 2257 innumerabiles
994 2203 1408 2273 sollicitudines,
1435 2221 1715 2275 terunmze,
1744 2222 1904 2265 casus

282 2297 339 2344 et
393 2291 791 2359 necessitates,
843 2291 1089 2350 efficiunt
1136 2305 1195 2351 ut
1244 2294 1400 2353 facile
1447 2300 1564 2371 capi
1618 2302 1787 2371 possit
1834 2301 1903 2358 ab

281 2384 565 2440 omnibus.

354 2478 415 2541 3.
454 2478 625 2536 Nemo
650 2496 779 2553 ergo
800 2481 913 2551 jam
937 2482 1211 2541 existimet
1234 2496 1607 2558 paupertatem
1629 2505 1751 2548 esse
1773 2506 1903 2549 cau-

282 2583 401 2623 sam
431 2569 667 2627 infamia:
686 2582 743 2628 et
762 2572 1067 2632 dedecoris.
1089 2574 1222 2631 Nam
1252 2578 1295 2633 si
1326 2578 1467 2635 adsit
1490 2582 1683 2651 virtus,
1712 2600 1901 2642 omnes

280 2661 437 2718 orbis
462 2674 727 2721 terrarum
756 2666 957 2723 divitia:
980 2684 1047 2725 ne
1068 2678 1195 2724 sunt
1223 2671 1439 2741 quidem
1470 2673 1661 2743 lutum,
1694 2690 1797 2733 nec
1818 2678 1900 2734 fe-

280 2762 457 2820 stuca,
477 2754 524 2809 si
548 2769 670 2810 cum
696 2772 763 2812 es
788 2757 1153 2816 conferantur.
1178 2760 1310 2816 Eam
1342 2763 1501 2833 igitur
1531 2775 1821 2837 sectemur,
1852 2771 1898 2826 si

280 2844 518 2901 velimus
545 2846 751 2919 ingredi
775 2865 1001 2922 regnum
1029 2852 1306 2910 caelorum.
1330 2853 1498 2912 Vende
1521 2858 1685 2926 enim,
1704 2861 1896 2932 inquit,

280 2937 457 2991 omnia
473 2955 591 3008 qua:
615 2940 789 3009 habes,
807 2953 857 2998 et
876 2944 945 2997 da
966 2946 1296 3016 pauperibus,
1316 2958 1363 3003 et
1380 2949 1585 3006 habebis
1603 2953 1899 3011 thesaurum

278 3026 334 3080 in
360 3029 489 3083 celo
502 3047 523 3096 ;
540 3041 598 3086 et
625 3047 841 3088 rursus:
858 3034 1079 3105 Diﬁicile
1098 3046 1172 3092 est
1188 3039 1394 3094 divitem
1412 3041 1603 3098 intrare
1617 3044 1669 3098 in
1686 3062 1898 3118 regnum

278 3121 526 3177 sclorum
551 3122 768 3194 (Matth.
801 3124 887 3182 l9.
915 3128 1006 3181 2f.
1035 3126 1147 3200 23).
1185 3129 1344 3186 Vides
1371 3133 1516 3203 quod
1543 3135 1754 3192 etiamsi
1789 3155 1895 3196 non

278 3209 463 3280 adsit,
504 3229 626 3270 eam
672 3226 890 3289 oportet
932 3219 1243 3277 attrahere?
1288 3222 1519 3280 Tantum
1565 3226 1765 3285 bonum
1814 3240 1899 3288 est

275 3318 569 3406 paupertas
610 3322 738 3406 rest
774 3316 917 3371 enim
949 3321 1192 3389 qumdam
1224 3323 1475 3382 deductio
1502 3330 1571 3384 ad
1598 3332 1738 3388 viam
1769 3349 1891 3406 quia

270 3397 424 3493 ducit
453 3400 521 3493 ad
554 3403 744 3459 cadum
767 3448 782 3474 ,
811 3410 995 3465 unctio
1023 3412 1275 3470 athletice
1296 3457 1310 3483 ,
1340 3432 1533 3490 magna
1562 3397 1808 3493 quazdatn
1837 3434 1894 3483 et

271 3488 613 3549 admirabilis
642 3498 981 3569 exercitatio,
1011 3514 1200 3573 portus
1233 3488 1591 3579 tranquillus.—
1604 3511 1711 3569 Sed
1745 3514 1887 3571 mul-

271 3583 366 3676 tis,
409 3582 603 3676 inquit,
647 3602 782 3658 opus
827 3591 1022 3663 habeo,
1056 3611 1158 3652 nec
1199 3599 1324 3655 volo
1353 3599 1554 3658 donum
1594 3608 1888 3676 gratuitum

269 3673 343 3726 ab
384 3672 566 3745 aliquo
596 3679 866 3750 accipere.
897 3682 1001 3740 Sed
1047 3686 1099 3741 iu
1138 3686 1242 3745 hoc
1271 3706 1486 3764 quoque
1524 3672 1684 3767 longe
1709 3698 1889 3757 minus

268 3779 435 3857 quam
484 3775 539 3822 tu
584 3767 749 3826 habet
788 3772 959 3841 dives,
992 3775 1126 3834 Nam
1174 3788 1229 3836 tu
1274 3784 1491 3854 quidem
1533 3786 1799 3857 fortasse,
1830 3803 1887 3851 ut

266 3855 435 3910 alaris
457 3899 489 3953 ,_
505 3858 601 3914 tibi
628 3861 828 3934 aliquid
861 3865 1049 3923 donari
1077 3871 1215 3940 petis
1241 3891 1253 3927 :
1284 3874 1374 3932 ille
1399 3886 1580 3933 autem
1610 3855 1889 3953 impuden-

385 3950 643 4046 petitpro
673 3955 835 4012 rebus
866 3957 1379 4034 innumerabilibus,
1411 3977 1465 4023 et
1493 3978 1551 4025 ut
1576 3950 1700 4041 plus
1723 3990 1886 4046 quam

265 4039 367 4138 alii.
391 4043 692 4138 possideat.
718 4046 1079 4138 Quamobrem
1108 4054 1300 4113 divites
1322 4074 1468 4131 saepe.
1489 4039 1671 4120 multis
1701 4039 1884 4138 egent.

265 4130 409 4198 Quid
436 4132 559 4228 dieo
587 4136 807 4193 multis?
832 4154 979 4211 srepe
1004 4143 1069 4198 iis
1091 4160 1211 4215 qua:
1236 4148 1368 4219 ipsis
1394 4130 1518 4208 sunt
1544 4130 1763 4228 indigna
1787 4177 1801 4214 :
1828 4171 1887 4217 ut

265 4223 507 4317 exempli
546 4240 709 4283 causa
734 4270 749 4295 ,
781 4244 927 4303 saepe
964 4233 1206 4307 indigent
1243 4239 1503 4301 militibus
1538 4248 1630 4317 qui
1659 4223 1795 4307 sunt
1830 4252 1884 4309 in

266 4313 519 4407 ordinem
567 4318 723 4375 relati
748 4362 763 4388 ,
794 4332 850 4379 et
884 4324 979 4396 qui
1017 4336 1144 4383 sunt
1176 4331 1340 4387 servi.
1372 4313 1581 4407 Pauper
1604 4349 1786 4399 autem
1815 4360 1886 4401 ne

266 4405 389 4476 ipso
412 4407 630 4478 quidem
655 4421 776 4483 eget
800 4430 953 4485 rege;
997 4427 1052 4473 et
1076 4418 1123 4475 si
1146 4432 1333 4491 egeat.
1360 4405 1693 4494 admirabilis
1719 4432 1884 4493 habe-

266 4507 357 4550 tur
386 4498 530 4567 quod
554 4514 615 4556 se
639 4516 707 4557 eo
732 4504 1028 4577 redegerit,
1054 4524 1177 4566 cum
1204 4512 1253 4569 ei
1281 4514 1439 4573 liceat
1462 4521 1747 4581 ditescere.
1776 4520 1873 4584 Ne-

265 4604 361 4644 mo
388 4605 523 4663 ergo
548 4596 765 4651 accuset
794 4611 1164 4671 paupertatem
1194 4614 1253 4661 ut
1277 4622 1397 4682 quae
1420 4626 1580 4669 causa
1609 4616 1683 4671 sit
1709 4619 1880 4676 malo-

264 4697 389 4737 rum
418 4685 892 4789 innumerabilium
914 4734 930 4761 ,
961 4710 1139 4770 neque
1164 4702 1498 4763 contradicat
1523 4707 1762 4781 Christo,
1791 4715 1881 4785 qui

261 5253 600 5313 ominantur.
658 5257 847 5316 Facile
894 5261 1060 5319 credo
1087 5282 1101 5320 :
1131 5281 1359 5337 magnus
1396 5283 1481 5329 est
1516 5274 1619 5333 hic
1666 5254 1885 5341 morbus

261 5344 411 5415 apud
452 5346 716 5423 plurimos
749 5350 1002 5412 homines
1023 5396 1038 5424 ,
1064 5366 1120 5416 et
1159 5368 1303 5419 tanta
1332 5375 1416 5421 est
1444 5368 1688 5439 tyrannis
1716 5388 1879 5443 pecu-

1096 427 1161 486 lN
1204 431 1415 489 EPIS'I'.
1461 434 1549 488 ΑΙ)
1592 430 1956 489 ΙΙΕΒΙὶᾸΞΟΒ.
2000 430 2154 488 CAP.
2198 429 2264 486 Χ.
2312 430 2545 487 llOlllL.
2591 430 2779 493 XVI".

3520 419 3622 475 133

2015 531 2119 587 nim
2142 573 2157 597 ,
2192 542 2248 586 ut
2288 546 2387 586 nec
2426 530 2603 587 verbis
2644 538 2797 584 tenus
2825 518 2943 597 eius
2976 529 3151 582 lerant
3190 527 3585 580 recusationem
3613 567 3629 590 ,

2014 622 2109 678 sed
2140 623 2279 678 lianc
2300 622 2463 677 etiam
2492 620 2771 676 horreant.
2800 616 2993 674 Procul
3017 616 3132 671 lucc
3151 616 3259 670 sint
3279 632 3309 669 a
3332 614 3629 670 Christiani

2012 714 2193 771 anima
2224 733 2237 770 :
2267 713 2401 770 nihil
2433 714 2579 769 enim
2606 721 2691 767 est
2720 710 2885 766 ditius
2916 724 2981 765 eo
3007 710 3097 780 qui
3133 718 3502 779 paupertatem
3531 722 3631 762 sua

2011 816 2204 879 sponte
2219 808 2369 879 eligit
2385 816 2439 862 ct
2456 821 2578 862 cum
2603 818 2794 877 magna
2815 802 2981 858 animi
3004 802 3299 857 alacritate.
3322 799 3626 868 Quomodo,

2010 899 2185 957 dicam
2215 917 2228 954 :
2262 910 2317 957 et
2341 941 2356 967 ,
2384 898 2433 956 si
2456 898 2616 955 vultis
2636 939 2652 967 ,
2682 912 2808 953 eum
2837 896 2929 968 qui
2972 910 3067 953 sua
3106 904 3300 966 sponte
3338 905 3630 965 pauperta-

2009 1004 2118 1052 tem
2145 994 2331 1067 eligit,
2361 993 2480 1066 ipso
2506 1008 2637 1066 rege
2662 990 2915 1048 ditiorem
2944 1004 3067 1046 esse
3092 988 3345 1046 ostendo.
3374 988 3508 1043 Nam
3541 989 3631 1045 ille

2010 1088 2229 1161 quidem
2259 1097 2383 1160 eget
2419 1086 2603 1143 multis
2624 1128 2641 1155 ,
2674 1094 2730 1144 et
2755 1093 2838 1143 est
2874 1084 3142 1142 sollicitus
3166 1124 3181 1149 ,
3209 1098 3275 1139 ac
3304 1082 3457 1138 timet
3486 1097 3553 1137 ne
3580 1083 3632 1138 ei

2007 1180 2226 1238 deficiat
2251 1182 2504 1238 militaris
2528 1188 2866 1238 commeatus
2890 1196 2905 1233 :
2930 1177 3022 1235 hic
3044 1187 3228 1235 autem
3255 1178 3437 1233 omnia
3466 1177 3631 1234 habet

2008 1274 2232 1342 affatim,
2258 1286 2313 1334 et
2340 1275 2410 1333 de
2436 1275 2594 1332 nullo
2614 1277 2788 1345 timet,
2811 1273 3008 1331 nedum
3031 1273 3100 1331 de
3130 1282 3236 1329 tam
3267 1272 3471 1329 multis.
3496 1271 3629 1342 Quis

2007 1384 2161 1441 ergo,
2188 1368 2510 1441 die,qu:eso,
2540 1376 2625 1427 est
2650 1368 2802 1425 dives
2821 1408 2836 1433 ,
2864 1368 2981 1423 isne
3009 1366 3103 1439 qui
3131 1364 3371 1438 quotidie
3397 1374 3482 1421 cst
3511 1365 3627 1421 sol-

2009 1462 2212 1532 licitus,
2246 1470 2303 1518 et
2325 1462 2529 1534 cogitat
2555 1469 2612 1518 et
2644 1461 2879 1518 studium
2912 1460 3065 1533 ponit
3093 1470 3150 1515 ut
3178 1459 3347 1515 multa
3374 1458 3626 1530 colligat,

2008 1570 2072 1611 ac
2113 1556 2266 1612 timet
2293 1570 2361 1612 ne
2387 1554 2681 1627 aliquando
2706 1554 2962 1612 deficiant
2992 1572 3007 1610 :
3037 1568 3106 1609 an
3136 1553 3183 1609 is
3211 1553 3301 1625 qui
3338 1552 3474 1608 nihil
3510 1553 3627 1609 col-

2006 1645 2140 1718 ligit,
2167 1655 2222 1703 et
2244 1647 2330 1702 cui
2353 1645 2568 1703 abunde
2587 1646 2769 1703 omnia
2791 1654 3109 1717 suppetunt,
3132 1653 3189 1701 ct
3212 1644 3361 1701 nullo
3382 1642 3626 1715 indiget?

2006 1740 2177 1796 virtus
2201 1741 2344 1797 enim
2372 1749 2427 1796 et
2455 1740 2552 1796 Dei
2581 1749 2757 1797 metus
2783 1740 2875 1796 dat
2902 1738 3177 1807 fiduciam,
3202 1754 3309 1795 non
3336 1736 3581 1808 pecunia:
3607 1756 3621 1794 :

2004 1832 2110 1889 illa:
2136 1832 2281 1890 enim
2309 1834 2473 1890 etiam
2502 1833 2555 1890 in
2585 1833 2901 1890 servitutem
2928 1832 3201 1905 redigunt.
3232 1831 3407 1887 Xenia
3437 1832 3583 1888 enim
3605 1874 3622 1897 ,

2004 1926 2219 1997 inquit,
2263 1936 2312 1984 et
2351 1926 2490 1982 dona
2529 1936 2786 1983 excwcmtt
2829 1926 3007 1981 oculos
3044 1926 3371 1996 sapientum,
3405 1934 3453 1979 et
3478 1926 3626 1992 quasi

2002 2017 2204 2087 [renum
2243 2017 2296 2071 in
2323 2034 2411 2073 ore
2434 2058 2449 2086 ,
2480 2027 2713 2073 avertunt
2740 2017 3087 2088 correptiones
3116 2014 3137 2086 (
3164 2015 3326 2072 Eccli.
3357 2016 3449 2072 20.
3483 2016 3546 2072 3i
3579 2017 3619 2087 ).

2000 2107 2295 2164 Considera
2322 2108 2594 2181 quomodo
2617 2123 2825 2181 pauper
2845 2108 2937 2165 ille
2957 2108 3150 2165 Petrus
3172 2107 3441 2163 Anauiam
3470 2106 3621 2162 illum

1999 2200 2221 2257 divitem
2249 2201 2456 2272 puniit:
2476 2215 2658 2256 annon
2685 2200 2775 2256 hic
2801 2199 3017 2271 quidem
3046 2207 3163 2255 erat
3183 2197 3355 2268 dives,
3381 2196 3472 2254 ille
3491 2212 3623 2254 vero

1999 2292 2240 2367 pauper?
2265 2290 2361 2348 sed
2384 2291 2505 2348 vide
2531 2292 2681 2347 illum
2704 2290 2925 2363 quidem
2947 2290 3256 2362 loquentem
3279 2304 3405 2346 cum
3428 2298 3621 2345 aucto-

1998 2384 2178 2449 ritate,
2206 2393 2264 2442 et
2287 2384 2558 2441 dicentem
2588 2384 2708 2439 :Au
2736 2400 2922 2455 agrum
2951 2383 3082 2438 tanti
3108 2382 3447 2438 vendidistis!
3474 2381 3621 2438 hunc

1998 2490 2127 2532 vero
2144 2476 2414 2533 dicentem
2436 2490 2559 2532 cum
2580 2474 2961 2543 submissione,
2981 2473 3128 2530 Certe
3146 2474 3275 2528 tanti
3295 2472 3433 2544 (Act.
3458 2473 3513 2529 5.
3533 2472 3615 2544 8).

1997 2569 2064 2624 Ει
2088 2569 2227 2640 quis,
2256 2569 2461 2640 inquit,
2489 2567 2619 2623 mihi
2646 2566 2797 2623 dabit
2824 2576 2882 2623 ut
2910 2566 3014 2622 sim
3040 2567 3181 2623 sicut
3205 2564 3439 2621 Petrus?
3466 2564 3621 2621 Licet

1997 2661 2092 2717 tibi
2130 2676 2252 2717 esse
2291 2662 2433 2717 sicut
2470 2660 2662 2719 Petrus
2684 2702 2701 2729 ,
2729 2659 2776 2715 si
2804 2658 2940 2715 velis
2968 2674 3091 2732 quae
3132 2658 3301 2715 habes
3329 2657 3568 2729 abjicerc
3599 2676 3614 2713 :

1994 2753 2242 2825 disperge
2264 2796 2280 2820 ,
2309 2754 2376 2810 da
2406 2754 2735 2826 pauperibus
2760 2795 2775 2821 ,
2810 2752 3083 2810 Christum
3118 2765 3346 2825 sequere
3372 2794 3387 2821 ,
3420 2759 3476 2807 et
3505 2750 3616 2806 eris

1996 2849 2138 2904 talis.
2168 2847 2491 2917 Quomodo?
2518 2846 2609 2902 ille
2628 2887 2642 2911 ,
2673 2846 2880 2918 inquit,
2910 2844 3039 2902 fecit
3065 2844 3239 2917 signa.
3272 2844 3458 2901 llocne
3486 2851 3572 2899 cst
3596 2885 3612 2907 ,

2003 2946 2092 3004 dic
2119 2959 2326 3019 quaaso,
2349 2943 2495 3018 quod
2518 2944 2739 3002 Petrum
2762 2943 2893 3000 fecit
2912 2943 3309 3011 admirabilem,
3332 2958 3400 3000 an
3425 2942 3618 3000 ﬁducia

2003 3053 2165 3108 quam
2190 3046 2275 3093 est
2297 3045 2664 3109 consequutus
2685 3050 2753 3093 ex
2774 3035 2900 3092 vita:
2924 3034 3302 3092 institutione?
3330 3050 3437 3091 non
3464 3034 3619 3091 audis

2004 3127 2276 3187 Christum
2299 3128 2567 3187 dicentem
2586 3147 2599 3186 :
2618 3129 2796 3185 Nolite
2811 3127 3037 3201 gaudere
3051 3127 3187 3201 quod
3208 3127 3463 3184 dmonia
3482 3128 3621 3183 vobis

2003 3224 2282 3279 obediant?
2312 3223 2376 3281 Si
2414 3224 2489 3280 vis
2529 3241 2637 3280 esse
2672 3223 2959 3295 perfectus,
2998 3223 3159 3279 vende
3192 3239 3307 3294 qua:
3344 3224 3531 3290 habes,
3572 3235 3622 3279 et

2003 3317 2071 3372 da
2098 3318 2410 3389 pauperibus
2432 3359 2447 3385 ,
2479 3326 2527 3372 et
2569 3317 2776 3372 habebis
2808 3316 3104 3372 thesaurum
3140 3315 3196 3372 in
3231 3316 3370 3373 caelis
3398 3316 3616 3389 (Matth.

2003 3410 2093 3468 19.
2122 3409 2187 3467 2!
2287 3411 2425 3467 Audi
2450 3410 2579 3482 quid
2605 3410 2751 3468 dicat
2779 3411 2973 3467 Petrus
3003 3429 3018 3465 :
3049 3411 3244 3467 Aurum
3274 3420 3321 3465 et
3349 3422 3619 3482 argentum

2001 3519 2105 3558 non
2128 3511 2203 3558 est
2229 3501 2355 3556 mihi
2380 3501 2555 3573 :quod
2577 3512 2745 3557 autem
2773 3503 2952 3567 habeo,
2978 3501 3072 3556 hoc
3096 3502 3183 3555 tibi
3204 3502 3270 3556 do
3289 3500 3427 3574 (Act.
3454 3505 3506 3560 5.
3535 3504 3617 3571 ti).

2001 3594 2057 3653 Si
2081 3596 2201 3667 quis
2228 3595 2389 3652 habet
2408 3611 2598 3651 aurum
2620 3604 2674 3651 et
2695 3604 2999 3666 argentm,
3026 3593 3113 3649 illa
3138 3608 3246 3649 non
3269 3592 3451 3651 habet.
3478 3595 3618 3662 Quid

2002 3674 2174 3758 vero»,
2204 3687 2415 3761 inquit,
2456 3686 2600 3760 quod
2641 3687 2797 3743 multi
2836 3701 2938 3744 nec
2972 3687 3063 3743 illa
3104 3685 3309 3743 habent
3338 3702 3441 3745 nec
3471 3688 3621 3745 ista?

1999 3780 2136 3850 Quia
2181 3796 2293 3837 non
2334 3788 2531 3851 sponte
2570 3788 2700 3837 sunt
2740 3794 3007 3852 pauperes
3046 3798 3060 3834 :
3101 3780 3427 3853 quicumque
3472 3782 3619 3837 enim

1999 3882 2195 3946 sponte
2222 3882 2350 3929 sunt
2378 3886 2645 3945 pauperes
2666 3914 2682 3941 ,
2716 3871 2918 3930 habent
2942 3874 3124 3929 omnia
3155 3873 3318 3929 bona.
3352 3873 3487 3929 Nam
3517 3876 3617 3931 etsi

1998 3982 2104 4024 nec
2140 3976 2385 4024 mortuos
2420 3981 2523 4024 nec
2558 3966 2778 4023 claudos
2816 3967 3099 4036 excitant,
3130 3968 3226 4024 sed
3259 3975 3440 4025 tamen
3470 3970 3617 4041 quod

1998 4066 2085 4116 est
2112 4059 2286 4129 majus
2312 4058 2397 4116 his
2426 4058 2701 4128 omnibus,
2730 4058 2935 4116 habent
2957 4059 3098 4131 apud
3126 4058 3299 4116 Deum
3324 4060 3577 4118 fiduciam
3602 4082 3615 4117 :

2000 4150 2221 4209 audient
2244 4152 2337 4209 illo
2360 4151 2449 4209 die
2478 4153 2692 4210 beatam
2719 4153 2866 4209 illam
2893 4168 3107 4222 vocem,
3142 4151 3336 4219 Venite,
3363 4156 3614 4210 beneth'rn'

2006 4243 2177 4301 Patris
2214 4247 2331 4300 mes'.
2364 4245 2506 4315 Quid
2543 4255 2628 4303 est
2665 4246 2771 4303 isto
2810 4244 3048 4303 melius?
3080 4246 3350 4303 Possidete
3378 4258 3618 4319 paratum

1995 4338 2137 4393 vobis
2178 4354 2391 4411 regnum
2426 4354 2460 4393 a
2492 4339 2854 4394 constitutione
2890 4338 3091 4395 mundi.
3123 4338 3331 4395 Esurivi
3360 4341 3499 4395 enim
3523 4383 3537 4408 ,
3571 4354 3619 4397 et

1997 4429 2212 4486 dedistis
2248 4431 2375 4485 mihi
2412 4431 2549 4503 quod
2578 4430 2894 4487 comederem
2916 4445 2936 4487 :
2960 4431 3131 4499 sitini,
3172 4441 3219 4486 et
3250 4430 3460 4487 dedistis
3490 4434 3619 4487 mihi

1995 4522 2133 4595 quod
2169 4522 2389 4581 biberem
2414 4540 2433 4579 :
2464 4525 2648 4597 hospes
2675 4540 2819 4580 eram
2842 4567 2856 4593 ,
2890 4534 2940 4580 et
2981 4540 3060 4580 me
3098 4524 3377 4596 collegistis
3403 4539 3422 4579 :
3449 4526 3617 4581 nudus

1996 4634 2137 4674 erant
2156 4658 2173 4684 ,
2201 4628 2250 4673 et
2280 4634 2359 4676 me
2382 4617 2623 4674 induistis
2644 4633 2663 4673 :
2684 4617 2922 4689 inﬁrmus
2952 4633 3093 4672 eram
3120 4626 3167 4673 et
3196 4618 3251 4671 in
3287 4632 3491 4673 carcere
3517 4662 3533 4686 ,
3570 4630 3619 4675 et

1997 4727 2077 4765 me
2108 4709 2369 4767 uisitastis.
2402 4707 2672 4766 Possidets
2695 4719 2937 4781 paratum
2962 4708 3101 4765 vobis
3127 4724 3344 4780 regnum
3369 4725 3401 4763 a
3427 4713 3617 4765 consti-

1997 4803 2191 4858 tutione
2234 4801 2416 4858 mundi
2455 4800 2694 4874 (Matth.
2736 4801 2827 4859 25.
2861 4799 3099 4873 34-36).
3150 4801 3440 4873 Fugiamus
3486 4818 3617 4874 ergo

1996 4896 2277 4953 avaritiam
2305 4904 2357 4953 et
2399 4894 2553 4968 plura
2584 4895 2817 4953 habendi
2846 4894 3197 4967 cupiditatem
3219 4938 3235 4963 ,
3268 4904 3327 4951 ut
3356 4912 3617 4968 assequa-

1996 5006 2120 5048 mur
2147 5007 2371 5063 regnum
2399 4991 2657 5049 caelorum
2682 5008 2697 5046 :
2721 4991 3023 5048 nutriamus
3047 5006 3315 5063 pauperes
3332 5033 3347 5059 ,
3377 5002 3435 5047 ut
3459 4989 3617 5048 Chri-

1996 5096 2140 5143 stum
2170 5087 2491 5155 nutriamus,
2522 5096 2583 5143 ut
2606 5086 2727 5158 ejus
2751 5086 2921 5143 simus
2945 5084 3247 5143 coheredes
3268 5129 3282 5153 ,
3314 5086 3367 5141 in
3395 5085 3617 5143 Christo

1994 5179 2127 5240 Iesu
2161 5181 2389 5238 Domino
2414 5189 2605 5238 nostro
2626 5221 2643 5247 ,
2670 5195 2794 5237 eum
2823 5194 2929 5251 quo
2952 5178 3097 5235 Patri
3125 5179 3399 5250 simulque
3424 5191 3617 5235 saneto

1998 5273 2223 5347 Spiritui
2252 5274 2454 5346 gloria,
2486 5281 2748 5346 potestas,
2778 5272 2999 5343 honor;
3023 5287 3167 5330 nunc
3193 5278 3249 5328 et
3278 5286 3497 5345 semper
3516 5314 3530 5342 ,
3563 5284 3619 5329 et

1996 5370 2051 5425 in
2082 5369 2276 5427 sa:cula
2308 5368 2650 5427 saeculorum.
2684 5367 2882 5428 Amen.
