4068 6414
528 398 629 457 139

1254 406 1310 460 S.
1351 407 1625 465 JOANNIS
1661 404 2135 465 CHRYSOSTOMI
2170 405 2489 464 ARCHIEP.
2528 405 3060 468 CONSTANTINOP.

3662 426 3767 485 HO

1894 552 2252 664 nemus
2294 603 2475 670 xxx.

529 748 659 806 Cur.
690 748 778 809 lt).
804 762 859 803 ν.
892 744 978 803 19.
1012 741 1268 799 Habentes
1307 742 1498 813 itaque,
1532 741 1737 812 fratres,
1767 738 2013 811 ﬁduciam
2051 740 2105 797 in

599 840 806 896 introitu
826 846 1115 896 sanctorum
1138 835 1193 891 in
1213 835 1460 907 sanguine
1482 834 1629 902 Iesu,
1649 832 1741 890 20.
1762 849 1918 905 quam
1943 833 2111 888 initia.

599 934 668 988 sit
711 933 855 987 nobis
894 931 1030 985 uiam
1071 945 1253 985 novam
1282 938 1329 984 et
1370 928 1610 983 uiuentem
1636 943 1728 997 per
1752 925 1981 982 uelamen
2004 967 2021 994 ,
2051 926 2107 980 id

602 1033 697 1092 est,
723 1038 923 1079 carnem
949 1012 1117 1089 suam,
1146 1020 1237 1077 2|.
1269 1031 1315 1075 et
1340 1018 1648 1076 sacerdotem
1679 1034 1920 1089 magnum
1953 1033 2109 1088 super

597 1116 806 1171 domum
844 1111 946 1169 Dei
970 1132 990 1169 :
1014 1112 1105 1169 22.
1134 1111 1431 1167 accedamus
1458 1126 1572 1165 cum
1596 1126 1711 1165 uero
1736 1109 1887 1164 corde
1911 1109 1965 1163 in
1991 1108 2107 1180 ple-

597 1207 878 1263 nitudinem
921 1206 1043 1277 ﬁdei
1064 1247 1081 1273 ,
1126 1204 1321 1276 aspersi
1345 1203 1503 1257 corda
1527 1219 1560 1257 a
1586 1202 1891 1258 conscientia
1922 1201 2057 1256 mala
2082 1218 2103 1267 ,-

596 1306 643 1351 et
658 1296 817 1352 abluti
834 1312 1019 1369 corpus
1037 1311 1168 1365 aqua
1187 1295 1397 1360 munda,
1415 1292 1508 1350 23.
1526 1302 1781 1347 teneamus
1795 1292 1903 1364 spei
1920 1300 2107 1348 nostra:

594 1392 961 1464 confessionem
988 1387 1418 1444 indeclinabilem.

595 1485 650 1539 1.
683 1481 759 1556 (a)
787 1480 919 1537 Cum
939 1479 1261 1538 ostendisset
1285 1488 1540 1550 quantum
1570 1476 1783 1534 intersit
1802 1476 1944 1533 inter
1969 1491 2105 1549 pou-

525 1576 746 1641 tilicem,
778 1584 833 1630 et
856 1573 1141 1640 sacriﬁcia,
1174 1580 1231 1627 et
1261 1570 1689 1640 tabernaculum,
1730 1578 1786 1627 et
1816 1580 2105 1625 testamen-

524 1680 662 1739 tum,
677 1678 732 1725 et
748 1666 1180 1740 promissionem,
1203 1675 1259 1721 et
1273 1665 1500 1721 multum
1518 1665 1781 1721 interesse
1802 1683 1814 1718 :
1839 1664 2105 1736 siquidem

523 1764 614 1821 illa
643 1763 859 1835 quidem
887 1770 1016 1818 sunt
1038 1760 1356 1831 temporalia
1376 1801 1392 1827 ,
1433 1759 1551 1816 haec
1576 1773 1707 1816 vero
1744 1768 1981 1827 mterna;
2014 1759 2105 1816 illa

522 1855 738 1927 quidem
776 1870 944 1927 prope
990 1852 1265 1910 interitum
1286 1892 1302 1919 ,
1344 1851 1461 1907 hmc
1494 1866 1623 1907 vero
1653 1852 1923 1906 manentia
1954 1868 1970 1918 ;
2016 1851 2103 1907 illa

523 1945 830 2015 imbecilla,
871 1945 987 2001 haec
1014 1942 1289 2016 perlecta;
1332 1942 1422 1997 illa
1460 1950 1619 2014 typus
1655 1956 1718 1998 ac
1747 1942 1913 2011 ﬁgura
1937 1984 1953 2010 ,
1987 1940 2105 1999 hrec

520 2042 718 2099 veritas
750 2057 766 2101 :
800 2039 922 2096 Non
950 2039 1095 2096 enim
1117 2037 1393 2095 secundum
1417 2037 1575 2110 legem
1597 2037 1858 2105 mandati,
1895 2038 2101 2111 inquit,

517 2135 759 2204 carnalis,
803 2136 894 2190 sed
934 2132 1210 2188 secundum
1255 2132 1488 2187 uirtutem
1528 2132 1645 2186 citas
1680 2130 2013 2198 insolubilis;
2050 2141 2106 2189 et

514 2242 703 2284 rursus
725 2268 743 2296 ,
782 2223 865 2281 Tu
897 2242 952 2281 es
977 2223 1218 2280 sacerdos
1252 2223 1307 2278 in
1338 2231 1579 2278 internum
1618 2222 1638 2295 (
1663 2220 1823 2277 Hebr.
1853 2224 1905 2279 7.
1938 2223 2026 2280 18.
2057 2233 2104 2279 et

513 2319 569 2377 li.
599 2318 669 2389 6)
703 2320 871 2391 (ecce
898 2315 1199 2374 sacerdotis
1226 2315 1668 2387 perpetuitatem)
1695 2333 1709 2370 :
1737 2325 1793 2371 et
1819 2316 1889 2371 de
1917 2315 2105 2372 Testa-

513 2421 721 2480 mento,
746 2410 904 2478 Illud,
925 2408 1118 2481 inquit,
1139 2416 1223 2464 est
1242 2415 1434 2464 vetns:
1467 2406 1616 2473 Quod
1642 2408 1784 2463 enim
1810 2408 2105 2479 antiquetur

514 2513 564 2559 et
582 2502 810 2569 senescit,
836 2517 997 2573 prope
1020 2500 1276 2555 interitum
1303 2508 1377 2555 est
1415 2498 1677 2573 (Hebr.8.
1707 2500 1797 2571 t3)
1828 2518 1840 2553 :
1865 2499 1969 2555 hoc
1998 2514 2101 2555 au-

513 2605 623 2652 tem
650 2610 847 2652 novum
869 2603 922 2652 et
948 2593 1153 2651 habens
1170 2592 1536 2650 remissionem
1561 2601 1903 2664 peccatorum
1929 2613 1944 2661 ;
1967 2594 2099 2651 illud

513 2704 643 2745 vero
672 2688 807 2745 nihil
839 2688 942 2743 tale
970 2703 986 2743 :
1017 2684 1169 2742 Nihil
1211 2686 1343 2741 enim
1382 2687 1465 2741 lea:
1490 2686 1703 2741 adduxit
1729 2688 1798 2740 ad
1822 2690 2099 2759 perfectum

512 2782 699 2853 (Hebr.
725 2782 781 2837 7.
814 2781 929 2852 19),
957 2780 1130 2852 inquit
1158 2797 1173 2847 ;
1203 2788 1258 2837 et
1282 2794 1491 2846 rursus,
1520 2779 1846 2847 Sacriﬁcium
1875 2790 1922 2835 et
1951 2780 2097 2834 obla-

521 2874 706 2929 tionem
734 2874 983 2929 noluisti:
1004 2872 1133 2929 illud
1158 2872 1373 2945 quidem
1393 2870 1775 2938 manulactum,
1796 2870 1897 2926 hoc
1922 2878 2101 2926 autem

520 2982 630 3024 non
660 2966 1059 3036 manulactum;
1085 2965 1215 3023 illud
1235 2966 1439 3024 habens
1462 2965 1778 3038 sanguinem
1799 2962 2099 3031 hircorum,

513 3054 621 3112 hoc
644 3071 773 3112 vero
801 3055 1041 3122 Domini;
1068 3055 1199 3109 illud
1227 3060 1463 3110 stantem
1488 3052 1848 3116 sacerdotem,
1882 3051 1986 3107 hoc
2010 3064 2099 3107 se-

516 3147 753 3204 dentem.
772 3145 1041 3213 Quoniam
1061 3158 1193 3217 ergo
1214 3145 1396 3200 omnia
1414 3143 1506 3199 illa
1528 3141 1763 3203 minora.
1788 3140 1904 3198 hac
1921 3153 2102 3199 autem

517 3240 748 3312 majora,
762 3246 1045 3310 propterea
1062 3237 1215 3303 dicit,
1238 3235 1501 3292 Habentes
1520 3236 1715 3306 itaque,
1730 3234 1945 3303 fratres,
1963 3238 2101 3306 fidu-

517 3331 677 3385 ciam.
708 3327 991 3384 Fiduciam
1017 3325 1330 3384 undenam?
1356 3326 1402 3381 A
1426 3325 1769 3384 remissione.
1799 3323 1954 3381 Sicut
1970 3341 2106 3397 pec-

516 3431 658 3489 cata,
675 3422 871 3493 inquit,
886 3420 1126 3478 alliciunt
1143 3429 1197 3477 et
1212 3419 1446 3477 aderunt
1458 3420 1742 3492 pudorem,
1758 3419 1831 3474 ita
1850 3417 2103 3474 ﬁduciam

518 3518 678 3576 all‘ert
692 3528 747 3574 et
762 3516 927 3574 allicit
941 3516 1087 3589 quod
1106 3515 1289 3571 omnia
1317 3516 1429 3573 sint
1456 3516 1615 3572 nobis
1642 3513 1874 3571 remissa
1894 3533 1909 3568 :
1928 3527 2108 3585 neque

518 3611 625 3667 hoc
641 3618 875 3677 tantum,
889 3609 982 3667 sed
997 3608 1141 3680 quod
1154 3607 1281 3665 facti
1295 3609 1472 3664 simus
1487 3606 1880 3673 cohaeredes,et
1892 3614 2106 3660 tantam

528 3701 701 3757 simus
718 3702 954 3757 assecuti
974 3696 1347 3756 charitatemJ
1353 3715 1385 3753 n
1401 3698 1625 3781 introitu
1633 3693 2108 3781 sanctorum.Quid

530 3787 621 3842 hic
645 3786 777 3842 dicit
798 3785 1118 3841 introitum?
1145 3783 1346 3841 Caelum
1373 3792 1430 3841 et
1456 3780 1823 3841 accesSionem
1850 3780 1919 3837 ad
1949 3780 2111 3851 spiri-

532 3879 718 3936 tualia.
750 3876 919 3947 Quam
937 3879 1172 3935 initiavit.
1204 3877 1318 3934 Hoc
1342 3886 1445 3943 est,
1470 3891 1629 3948 quam
1654 3874 1975 3940 construxit,
2003 3881 2058 3930 et
2082 3887 2113 3927 a

530 3988 639 4045 qua
685 3973 887 4045 incepit
930 3990 945 4027 :
990 3968 1221 4028 initiatio
1258 3972 1401 4027 enim
1439 3979 1524 4026 est
1567 3968 1678 4039 jam
1725 3968 1933 4025 initium
1962 3980 2111 4021 usus.

531 4069 703 4138 Quam
729 4064 1052 4131 construxit,
1074 4063 1268 4135 inquit,
1285 4070 1339 4119 et
1362 4076 1459 4133 per
1476 4075 1636 4132 quam
1658 4059 1773 4130 ipse
1800 4068 1885 4115 est
1912 4058 2116 4129 ingres«

535 4178 646 4217 sns.
692 4159 839 4215 Viam
875 4172 1057 4215 nouam
1083 4167 1133 4213 et
1161 4157 1423 4212 uiuentem.
1454 4154 1553 4211 llic
1579 4152 1815 4209 ostendit
1854 4151 1969 4223 spei
1999 4151 2109 4221 ple-

536 4252 856 4308 nitudinem.
890 4249 1113 4315 Nouem,
1145 4246 1340 4318 inquit.
1370 4244 1664 4301 Contendit
1689 4241 1974 4299 ostendere
2016 4255 2117 4298 nos

536 4343 717 4399 omnia
756 4341 1008 4397 habuisse
1039 4338 1240 4409 majora
1264 4379 1281 4406 ,
1311 4334 1575 4408 siquidem
1604 4349 1747 4391 nunc
1774 4343 1972 4405 aperta:
1996 4340 2120 4389 sunt

536 4444 703 4508 porta:
719 4434 1000 4497 caelorum,
1024 4430 1167 4501 quod
1190 4443 1288 4485 nec
1314 4426 1605 4483 Abrahami
1629 4424 1847 4498 quidem
1877 4433 2119 4496 tempore

536 4526 779 4596 contigit.
806 4524 871 4579 Et
891 4534 1036 4579 recte
1062 4522 1211 4589 dicit,
1248 4519 1393 4575 Viam
1411 4534 1594 4575 novam
1613 4530 1660 4573 et
1683 4520 1927 4574 viventem
1951 4534 1971 4573 :
1997 4533 2118 4577 nam

536 4620 712 4692 prima
739 4617 822 4671 via
842 4625 960 4672 erat
989 4616 1200 4679 mortis,
1217 4610 1422 4669 ducens
1446 4611 1516 4668 ad
1546 4610 1768 4677 inferos,
1801 4612 1915 4666 haec
1939 4619 2119 4666 autem

537 4714 684 4769 vita.
724 4710 793 4767 Et
821 4723 928 4763 non
960 4707 1091 4763 dixit
1118 4746 1133 4773 ,
1154 4705 1292 4761 Vita:
1311 4745 1327 4773 ,
1352 4705 1446 4760 sed
1476 4719 1595 4760 eam
1621 4703 1908 4775 appellavit
1933 4702 2119 4758 viren-

539 4816 647 4863 tem
677 4846 692 4871 ,
726 4803 829 4858 hoc
856 4808 939 4857 est
967 4806 1297 4854 manentem.
1344 4796 1450 4851 Per
1486 4797 1746 4865 uelamen,
1788 4795 1990 4866 inquit,
2032 4811 2122 4865 per

538 4911 744 4954 carnem
767 4908 934 4949 suam.
968 4889 1087 4961 ipsa
1118 4889 1261 4944 enim
1288 4903 1417 4944 caro
1443 4888 1490 4944 ei
1515 4888 1681 4959 prima
1703 4887 1849 4944 illam
1870 4888 2009 4943 viam
2036 4901 2121 4944 se-

540 4990 670 5055 cuit,
699 5000 859 5057 quam
896 4983 1057 5039 etiam
1088 4981 1325 5038 initiasse
1350 4980 1515 5045 dicit,
1543 4979 1685 5052 quod
1708 4991 1762 5037 et
1792 4981 1905 5051 ipse
1928 4980 2119 5052 digna-

542 5090 691 5138 retur
721 5092 818 5149 per
845 5076 990 5131 illam
1021 5072 1245 5145 ingredi.
1288 5072 1544 5129 Velamen
1574 5080 1749 5129 autem
1783 5072 1973 5130 merito
1995 5087 2119 5129 car-

534 5185 656 5229 nem
693 5171 911 5228 vocavit
942 5188 957 5227 :
994 5170 1210 5243 quando
1249 5170 1393 5227 enim
1435 5170 1679 5226 sublatus
1706 5169 1803 5225 fuit
1831 5171 1881 5225 in
1912 5169 2114 5237 altum,

529 5271 665 5319 tunc
686 5270 1055 5335 apparuerunt
1090 5278 1155 5320 ea
1181 5278 1301 5335 quas
1334 5272 1460 5318 sunt
1489 5262 1542 5317 in
1568 5262 1735 5318 caelis.
1783 5264 2116 5329 .tccedamus,

536 5356 731 5429 inquit,
759 5372 876 5411 eum
902 5372 1022 5412 vero
1048 5355 1218 5413 corde.
1247 5338 1473 5424 Quinam
1503 5350 1822 5412 accedamus
1853 5356 1878 5411 ἲ
1916 5355 1971 5413 Si
1997 5356 2121 5427 quis

535 5456 753 5509 sanctus
776 5447 886 5506 ﬁde
907 5458 965 5506 et
990 5449 1251 5521 spirituali
1281 5449 1615 5506 adoratione.
1648 5447 1776 5506 Cum
1801 5466 1915 5506 vero
1943 5451 2116 5518 corde,

536 5543 593 5598 in
618 5541 939 5612 plenitudine
965 5540 1091 5612 ﬁdei
1108 5556 1131 5607 ,'
1158 5541 1210 5596 id
1236 5549 1339 5610 est,
1371 5540 1625 5614 quoniam
1653 5541 1787 5597 nihil
1811 5550 1896 5598 est
1925 5540 2120 5612 adspe-

536 5634 732 5693 rtabile
752 5674 769 5704 ,
800 5646 977 5707 neque
1016 5633 1269 5690 sacerdos
1293 5674 1309 5702 ,
1348 5648 1521 5706 neque
1558 5632 1876 5691 sacriﬁcium
1898 5674 1915 5703 ,
1944 5647 2120 5705 neque

599 5791 675 5856 (a)
698 5788 875 5843 Totum
898 5785 1089 5856 initium
1112 5784 1435 5856 magnamque
1458 5792 1647 5854 partem
1677 5788 1886 5843 humilia:
1908 5789 2118 5845 decima

530 5848 671 5908 noni
694 5850 1020 5919 praemittit
1040 5848 1179 5903 Colb.

2205 754 2396 811 altare.
2427 755 2761 827 Quamquam
2788 769 2889 812 nec
2917 754 3008 812 ille
3033 755 3250 827 quidem
3276 754 3530 811 sacerdos
3550 764 3669 809 erat
3696 757 3802 808 sd-

2204 847 2545 918 spectahilis,
2582 846 2679 903 sed
2717 846 2833 919 ipse
2861 846 3042 903 stabat
3086 848 3267 913 intus,
3308 845 3384 901 illi
3431 854 3612 900 autem
3643 855 3802 901 extra

2203 952 2425 1007 omnes,
2460 954 2653 1010 nempe
2684 948 2826 995 totus
2855 938 3103 1009 populus.
3137 937 3234 994 Hic
3270 947 3451 994 autem
3480 952 3586 993 non
3614 936 3798 992 solum

2204 1032 2309 1090 hoe
2332 1034 2587 1099 ostendit,
2614 1033 2757 1105 quod
2782 1032 3342 1097 sacerdosintraverit
3363 1032 3415 1088 iu
3438 1041 3622 1087 sancta
3650 1048 3665 1095 ;
3693 1028 3803 1086 hoc

2204 1122 2349 1181 enim
2389 1123 2629 1180 declarat
2665 1122 2885 1190 dicens,
2930 1119 3001 1176 Et
3036 1122 3347 1177 sacerdotem
3373 1139 3615 1193 magnum
3641 1137 3804 1191 super

2203 1216 2410 1274 domum
2436 1217 2529 1273 Dei
2550 1233 2569 1282 ,'
2602 1215 2699 1275 sed
2720 1217 2971 1288 quoniam
2995 1228 3094 1270 nos
3116 1229 3331 1286 quoque
3358 1215 3642 1269 intramus.
3665 1213 3806 1269 Pro-

2203 1319 2411 1382 pterea,
2444 1309 2634 1382 inquit,
2665 1307 2731 1364 In
2755 1307 3071 1379 plenitudine
3091 1307 3232 1377 ﬁdei.
3257 1306 3401 1364 Fieri
3437 1308 3580 1363 enim
3619 1317 3803 1377 potest

2201 1412 2264 1460 ut
2300 1405 2461 1461 etiam
2506 1402 2691 1460 credat
2717 1401 2910 1472 aliquis
2948 1399 3246 1456 dubitans:
3285 1408 3343 1453 ut
3370 1398 3523 1454 multi
3554 1398 3801 1471 suntqui

2202 1498 2362 1554 etiam
2382 1512 2523 1553 nunc
2538 1495 2741 1559 dicunt;
2765 1494 3147 1550 nonnullorum
3173 1506 3294 1548 esse
3316 1492 3798 1559 resurrectionem,

2202 1590 2580 1646 nonuullorum
2609 1598 2789 1644 autem
2818 1601 2924 1643 non
2956 1601 3096 1642 esse.
3128 1584 3238 1641 lloc
3266 1600 3370 1640 non
3398 1595 3480 1640 est
3512 1584 3634 1641 fidei
3678 1588 3799 1658 plc-

2201 1679 2388 1739 nitudo
2411 1699 2423 1735 :
2448 1682 2519 1736 ita
2545 1680 2689 1736 enim
2712 1688 2923 1752 oportet
2943 1678 3189 1745 credere,
3221 1688 3277 1735 ut
3300 1677 3368 1734 de
3394 1679 3717 1746 visibilibus,
3743 1688 3802 1735 et

2204 1774 2375 1829 multo
2409 1773 2661 1844 amplius.
2687 1770 2823 1827 Nam
2859 1771 2948 1826 hic
2974 1769 3195 1842 quidem
3236 1769 3405 1825 errari
3440 1780 3615 1841 potest
3642 1772 3695 1826 iu
3731 1772 3800 1827 iis

2201 1884 2320 1941 quae
2365 1866 2634 1934 videntur,
2678 1864 2790 1921 illic
2827 1876 3005 1921 autem
3046 1878 3385 1934 nequaquam
3417 1882 3430 1918 :
3463 1864 3547 1919 hic
3574 1863 3797 1935 quidem

2199 1960 2385 2018 sensui
2415 1959 2802 2031 permittimus,
2835 1957 2944 2014 illic
2972 1972 3104 2013 vero
3130 1956 3367 2027 spiritui.
3399 1957 3606 2025 Aspersi
3634 1958 3801 2012 corda

2200 2069 2231 2107 a
2266 2052 2572 2108 conscientia
2611 2050 2769 2106 mala.
2799 2048 3045 2106 Ostendit
3075 2047 3183 2114 hic,
3217 2047 3359 2120 quod
3388 2063 3493 2102 non
3525 2049 3701 2103 solum
3733 2049 3797 2103 li-

2200 2143 2315 2211 des,
2350 2143 2448 2200 sed
2492 2143 2599 2200 vita
2636 2157 2851 2214 quoque
2878 2155 3000 2197 cum
3042 2141 3244 2197 virtute
3284 2142 3563 2212 quaeritur,
3605 2151 3662 2196 et
3689 2140 3797 2196 sibi

2201 2237 2403 2293 nullius
2444 2235 2523 2293 rei
2569 2234 2726 2291 malm
2759 2247 2882 2291 esse
2922 2232 3221 2289 conscium.
3264 2231 3384 2289 Non
3423 2233 3565 2289 enim
3606 2242 3797 2291 sancta

2198 2330 2495 2401 suscipiunt
2529 2343 2623 2386 eos
2651 2326 2744 2400 qui
2780 2341 2888 2382 non
2919 2333 3045 2382 sunt
3080 2324 3161 2381 sic
3184 2324 3360 2381 aﬂ'ecli
3390 2340 3512 2381 cum
3554 2324 3794 2397 plenitu-

2198 2422 2367 2480 dine:
2408 2432 2533 2478 sunt
2566 2421 2713 2478 enim
2760 2428 2945 2476 sancta
2986 2426 3042 2475 et
3085 2426 3271 2473 sancta
3315 2424 3649 2474 sanctorum.
3692 2417 3795 2476 llic

2200 2529 2333 2588 ergo
2376 2513 2539 2570 homo
2582 2511 2762 2568 nullus
2807 2509 2973 2567 intrat
3012 2507 3291 2581 profanus.
3338 2507 3418 2563 illi
3459 2509 3513 2563 in
3563 2523 3796 2581 corpore

2196 2607 2644 2680 aspergebantur,
2673 2607 2775 2660 nos
2800 2604 2854 2660 in
2882 2602 2997 2675 ipsa
3022 2601 3354 2658 conscientia
3389 2619 3403 2654 :
3436 2601 3791 2674 quamobrem

2198 2714 2343 2757 nunc
2390 2712 2607 2770 quoque
2654 2696 2779 2751 licet
2830 2695 2944 2766 ipsa
3000 2693 3217 2765 aspergi
3272 2694 3491 2749 virtute.
3526 2692 3593 2748 Et
3629 2693 3795 2749 ablati

2198 2809 2384 2864 corpus
2407 2808 2541 2863 aqua
2560 2788 2771 2846 munda.
2793 2786 3089 2844 Lavacrum
3110 2786 3241 2842 dicit
3260 2800 3367 2841 non
3396 2786 3539 2858 quod
3570 2785 3795 2843 mundat

2199 2899 2447 2961 corpora,
2483 2880 2578 2938 sed
2622 2879 2876 2936 animam.
2904 2875 3103 2933 Fidelis
3140 2876 3274 2932 enim
3304 2886 3380 2931 est
3412 2878 3500 2948 qui
3537 2877 3793 2949 promisit.

2200 2976 2464 3047 Quidnam
2516 2989 2647 3030 vero
2699 2968 3026 3045 promittens
3073 2976 3158 3025 est
3201 2968 3430 3025 lldelis‘l
3477 2967 3630 3038 Quod
3679 2967 3795 3024 illic

2196 3080 2410 3143 oportet
2426 3070 2710 3137 decedere,
2728 3077 2785 3126 et
2798 3083 3021 3142 regnum
3038 3066 3259 3124 intrare.
3278 3064 3420 3123 Nihil
3440 3078 3569 3137 ergo
3582 3064 3799 3121 curiose

2203 3173 2467 3229 scrutare,
2487 3177 2662 3234 neque
2681 3162 2918 3218 rationes
2938 3160 3093 3232 exige
3115 3176 3131 3215 :
3160 3174 3246 3214 res
3273 3166 3472 3214 nostra:
3493 3167 3650 3226 egent
3669 3154 3795 3211 lide.

2201 3255 2293 3311 2b.
2326 3255 2389 3310 Et
2414 3255 2807 3320 consideremus,
2840 3253 3031 3324 inquit,
3063 3250 3277 3307 inuicem
3306 3251 3360 3305 in
3386 3247 3801 3320 prouocationrm

2204 3346 2434 3401 caritatis
2460 3355 2509 3401 et
2537 3345 2782 3400 bonorum
2808 3359 3017 3415 operum
3037 3385 3053 3411 ,
3078 3341 3173 3398 ‘25.
3206 3358 3307 3397 non
3335 3342 3617 3398 desaentes
3642 3339 3801 3394 calleo

2204 3438 2417 3492 ctionem
2457 3445 2717 3502 nostram,
2759 3435 2889 3490 sicut
2928 3433 3312 3489 consuetudinis
3355 3439 3429 3487 est
3469 3429 3798 3503 quibusdam,

2205 3529 2294 3586 sed
2321 3530 2658 3595 consolantes,
2692 3537 2739 3583 et
2763 3536 2905 3581 tanta
2936 3526 3119 3598 magis,
3146 3522 3581 3596 quantorideritis
3609 3537 3802 3594 appro-

2207 3621 2536 3691 pinquantem
2576 3618 2730 3673 diem.
2783 3616 2853 3671 Et
2898 3629 3087 3671 rursus
3131 3615 3260 3670 alibi
3311 3614 3440 3670 dicit
3484 3631 3500 3669 :
3545 3611 3803 3668 Dominus

2210 3728 2367 3783 prope
2386 3721 2496 3766 est:
2518 3710 2648 3765 nihil
2674 3708 2883 3764 solliciti
2908 3707 3021 3762 sitis
3050 3704 3321 3779 (Philipp.
3355 3706 3408 3761 4.
3442 3705 3497 3762 5.
3524 3703 3612 3775 Β).
3646 3701 3804 3758 Nunc

2208 3803 2341 3857 enim
2380 3801 2711 3873 propinquior
2743 3808 2820 3855 est
2858 3806 3032 3855 nostra
3054 3799 3196 3853 salus
3214 3814 3234 3865 ;
3262 3805 3316 3853 et
3336 3810 3547 3864 rursus,
3578 3794 3804 3868 Tempus

2209 3892 2352 3948 breue
2379 3902 2451 3947 est
2475 3892 2552 3965 (1.
2576 3890 2698 3947 Cor.
2723 3890 2776 3946 7.
2799 3889 2915 3961 29).
2949 3889 3088 3957 Quid
3109 3899 3217 3954 est,
3238 3886 3362 3944 Non
3382 3889 3661 3948 deserentes
3681 3904 3805 3943 cono

2208 3985 2551 4056 gregationem
2586 3981 2863 4038 nostram?
2898 3981 3058 4037 Novit
3084 3995 3149 4037 ex
3181 3991 3458 4037 conventu
3486 3990 3540 4035 et
3571 3995 3635 4036 ex
3667 3994 3805 4035 con-

2209 4074 2524 4149 grcgatione
2550 4073 2775 4129 multam
2804 4086 2926 4128 esse
2952 4072 3083 4128 vim.
3118 4070 3218 4128 Ubi
3247 4070 3383 4126 enim
3405 4080 3558 4138 sunt,
3590 4070 3762 4142 inquit
3785 4110 3802 4137 ,

2210 4170 2313 4224 duo
2343 4176 2433 4223 aut
2483 4177 2585 4222 tres
2620 4164 2910 4236 congregati
2952 4165 3008 4219 in
3038 4163 3245 4218 nomine
3282 4178 3430 4227 meo,
3468 4163 3575 4217 illic
3611 4178 3727 4218 sum
3753 4161 3805 4215 in

2212 4260 2379 4317 medio
2404 4275 2577 4315 eorum
2602 4256 2815 4333 (Matth.
2836 4256 2927 4313 18.
2946 4254 3041 4329 20)
3066 4271 3083 4323 ;
3106 4265 3161 4311 et
3190 4268 3396 4320 rursus,
3418 4252 3484 4310 Ut
3504 4254 3606 4308 sint
3625 4269 3802 4317 uautu,

2213 4365 2269 4413 ut
2298 4362 2344 4409 et
2370 4370 2462 4408 nos
2484 4369 2641 4407 unum
2670 4366 2847 4407 sumus
2870 4347 3051 4422 (Joan.
3078 4349 3168 4404 17.
3201 4348 3290 4419 11)
3314 4364 3329 4413 ;
3358 4356 3412 4403 et
3442 4348 3655 4413 iterum,
3683 4345 3805 4402 Om-

2214 4448 2353 4503 nium
2394 4454 2503 4500 erat
2536 4444 2709 4499 animo
2740 4458 2843 4497 una
2868 4485 2884 4509 ,
2916 4450 2962 4497 et
2987 4456 3077 4496 cor
3102 4456 3263 4494 unum
3292 4439 3429 4511 (Act.
3464 4439 3519 4494 ι.
3549 4437 3664 4510 52).
3689 4437 3806 4495 Non

2214 4543 2316 4598 hoc
2342 4549 2520 4597 autem
2550 4539 2763 4603 solum,
2797 4534 2894 4592 sed
2934 4534 3097 4591 etiam
3136 4531 3278 4604 quod
3320 4542 3578 4604 augeatur
3612 4532 3808 4588 caritas

2212 4650 2311 4706 per
2337 4629 2814 4705 congregationem
2846 4644 2861 4681 :
2892 4626 2940 4682 si
2970 4636 3234 4697 augeatur
3254 4633 3436 4681 autem
3464 4624 3687 4690 caritas,
3716 4639 3809 4681 no-

2214 4742 2367 4785 cesse
2392 4736 2476 4784 est
2516 4734 2573 4781 ut
2612 4724 2774 4779 etiam
2810 4727 3109 4791 augeantur
3136 4732 3257 4789 qua
3280 4727 3408 4773 sunt
3448 4716 3570 4774 Dei.
3605 4716 3806 4783 Oratio,

2216 4819 2405 4891 inquit,
2434 4816 2585 4889 ﬁebat
2614 4814 2723 4870 sine
2748 4807 3121 4867 intermissione
3146 4824 3178 4861 a
3203 4806 3397 4879 papula
3423 4807 3564 4878 (Act.
3607 4806 3695 4863 12.
3728 4804 3807 4879 5).

2222 4912 2371 4983 Sicut
2407 4906 2787 4967 consuetudinis
2814 4911 2887 4959 est
2910 4900 3236 4974 quibusdam.
3266 4900 3365 4960 llic
3390 4916 3496 4956 non
3526 4899 3702 4956 solum
3730 4908 3809 4957 est

2218 5006 2497 5075 hortatus,
2546 4998 2641 5057 sed
2685 4999 2848 5055 etiam
2900 4993 3271 5069 reprehendit.
3323 4993 3391 5049 Et
3432 4995 3807 5051 consideremus

2216 5102 2426 5156 inuicem
2454 5098 2507 5151 in
2541 5092 2951 5168 provocationem
2975 5088 3206 5144 caritatis
3230 5096 3279 5142 et
3305 5087 3551 5143 bonorum
3579 5104 3806 5161 operum.

2217 5190 2373 5247 Novit
2392 5188 2494 5244 hoc
2515 5199 2727 5258 quoque
2752 5180 2867 5239 ﬂeri
2896 5180 2967 5237 ab
2990 5193 3179 5237 eorum
3204 5178 3640 5251 congregatione.
3663 5178 3813 5237 Sicut

2216 5284 2360 5341 enim
2390 5280 2591 5337 ferrum
2623 5275 2824 5332 ferrum
2848 5274 3017 5339 acuit,
3042 5271 3116 5350 ita
3145 5270 3308 5328 etiam
3336 5281 3634 5329 conventus
3657 5285 3813 5345 auget

2218 5378 2524 5435 caritatem.
2557 5371 2690 5429 Nam
2722 5370 2769 5427 si
2796 5369 2935 5441 lapis
2958 5367 3123 5444 lapidi
3152 5366 3371 5422 attritus
3400 5367 3577 5436 ignem
3597 5368 3811 5433 emittit,

2225 5479 2427 5541 quanto
2456 5465 2626 5538 magis
2647 5462 2824 5518 anima
2846 5461 3042 5516 animas
3061 5458 3334 5514 admixta?
3353 5457 3506 5527 Vide,
3530 5474 3638 5515 non
3664 5459 3814 5524 dicit,

2219 5565 2300 5622 Ad
2315 5562 2508 5619 mmula
2516 5560 2743 5625 tionem,
2757 5554 2874 5623 sed,
2890 5555 2971 5610 Ad
2987 5552 3393 5625 provocationem
3408 5553 3659 5608 caritatis.
3677 5549 3812 5622 Quid

2220 5663 2323 5721 est,
2356 5654 2438 5710 Ad
2466 5651 2874 5725 provocationem
2898 5646 3133 5703 caritatis
3155 5645 3183 5699 ἲ
3212 5643 3284 5703 Ut
3313 5643 3484 5717 magis
3520 5644 3744 5718 diligant
3762 5652 3815 5700 ot

2221 5749 2535 5820 diligantur.
2581 5743 2774 5811 Addit,
2811 5741 2879 5797 Et
2922 5741 3173 5797 bonorum
3221 5756 3466 5811 operum,
3508 5750 3566 5797 ut
3606 5740 3814 5813 capiant

2224 5840 2623 5900 aemulationem
2651 5852 2667 5908 ;
2710 5835 2924 5895 merito.
2956 5833 3012 5893 Si
3039 5834 3183 5893 enim
3214 5833 3394 5892 lacere
3421 5834 3683 5906 majorem
3712 5833 3812 5892 vim
