4068 6400
606 390 708 447 Ηῦ

606 518 729 573 terit
749 535 871 574 eum
902 519 1229 590 demergere,
1253 519 1347 575 sed
1369 520 1435 576 ad
1465 520 1783 592 tranquillos
1802 520 2031 579 deducet
2059 538 2185 594 por-

604 620 688 665 tus
719 627 731 664 :
763 626 897 680 quos
926 611 1079 666 detur
1111 612 1266 667 nobis
1292 614 1543 669 omnibus
1584 616 1864 686 consequi,
1907 617 2075 687 gratia
2130 628 2184 673 et

603 702 926 772 benignitate
978 704 1181 758 Domini
1236 705 1403 761 nostri
1450 705 1581 761 Jcsu
1635 706 1855 774 Christi,
1904 724 2027 765 cum
2075 724 2183 781 quo

603 860 1985 885 ____________________.____

597 1013 726 1071 Car.
772 1011 835 1068 l0
898 1026 948 1065 ν.
990 1010 1083 1064 26.
1154 1007 1449 1062 Voluntarie
1494 1004 1625 1060 enim
1675 1004 1996 1073 peccantibus
2042 1004 2184 1058 nobis

668 1116 780 1173 post
810 1112 1067 1171 acceptam
1090 1100 1321 1153 notitiam
1347 1096 1589 1162 veritatis,
1608 1097 1722 1162 jam
1750 1112 1851 1149 non
1883 1095 2186 1165 relinquitur

668 1211 761 1268 pro
790 1194 1005 1264 peccatis
1038 1191 1219 1253 hostia,
1252 1189 1343 1243 27.
1368 1187 1604 1242 terribilis
1628 1202 1795 1241 autent
1822 1188 2054 1257 quazdam
2089 1202 2177 1240 ex-

669 1291 911 1362 spectatio
921 1286 1125 1361 judicii,
1149 1294 1195 1340 et
1222 1284 1352 1356 ignis
1379 1281 1658 1347 wmulatio,
1682 1298 1797 1353 qua:
1819 1290 2182 1352 consumptum

670 1396 743 1443 est
769 1384 1104 1440 adversarios.

671 1480 721 1534 1.
750 1478 1108 1545 Qumcumqne
1148 1472 1371 1527 arbores
1404 1470 1659 1540 plantata:
1680 1508 1694 1531 ,
1736 1475 1790 1523 et
1824 1467 1926 1521 alia
1965 1481 2180 1537 quoque

597 1569 833 1626 adhibita
856 1564 1129 1635 diligentia
1161 1562 1519 1633 agricolarum
1548 1560 1793 1615 manibus
1822 1568 1876 1614 et
1904 1559 2179 1613 laboribus

596 1662 843 1721 excultae.
870 1658 1070 1713 nullum
1102 1655 1281 1711 ferunt
1317 1652 1569 1718 fructum,
1598 1651 1849 1732 radicitus
1872 1651 2072 1706 arulsze
2087 1650 2176 1721 ja-

594 1756 805 1810 ciuntur
824 1752 875 1807 in
899 1752 1095 1822 ignem.
1113 1749 1243 1805 Tale
1263 1747 1387 1818 quid
1409 1746 1502 1801 fuit
1524 1746 1683 1801 etiam
1709 1747 1760 1800 in
1789 1746 2179 1802 illuminatione

596 1860 787 1915 nempe
818 1843 1157 1914 baptismate.
1177 1839 1307 1894 Nam
1336 1847 1613 1908 postquam
1639 1852 1736 1892 nos
1763 1836 2005 1892 Christus
2022 1837 2176 1908 plan-

560 1928 561 1931 “
597 1938 759 2002 tavit,
787 1944 842 1990 et
869 1933 1200 2004 spiritualem
1233 1928 1566 2000 percepimus
1595 1929 1979 2000 irrigationem,
2010 1931 2054 1985 si
2079 1930 2178 1987 de-

592 2026 718 2082 inde
742 2025 944 2080 nullum
980 2022 1206 2077 fructum
1234 2019 1586 2084 ostendimus,
1614 2029 1889 2090 exspectat
1914 2036 2011 2076 nos
2038 2022 2175 2092 ignis

591 2120 869 2190 gehennze,
889 2125 943 2172 et
958 2116 1170 2170 flamma
1191 2128 1311 2183 qua:
1337 2126 1441 2167 non
1473 2119 1644 2181 potest
1672 2112 1959 2183 exsangui.
1977 2112 2173 2170 Paulus

591 2226 738 2281 ergo,
753 2225 873 2265 cum
895 2207 1207 2264 adhortatus
1222 2214 1366 2259 esset
1384 2204 1449 2259 ad
1468 2204 1741 2260 caritatem
1761 2215 1815 2261 et
1834 2204 1902 2261 ad
1924 2207 2173 2264 ferendos

590 2305 793 2361 fructus
818 2302 1079 2357 bonorum
1101 2311 1347 2367 operum,
1364 2295 1610 2351 incitatos
1626 2312 1656 2350 a
1679 2296 1991 2353 melioribus
2012 2307 2065 2352 et
2086 2299 2174 2354 bc-

590 2396 920 2467 uignioribns
935 2394 1201 2463 (quaenam
1221 2404 1282 2444 ea
1298 2388 1606 2461 sunt?quod
1626 2390 1898 2446 introitum
1912 2390 2173 2448 habemus

591 2489 641 2542 in
674 2495 879 2549 sancta,
912 2498 1070 2552 quam
1095 2481 1322 2535 initiavit
1349 2481 1502 2535 nobis
1541 2481 1677 2534 viam
1703 2492 1973 2538 recentem
2000 2482 2038 2552 ),
2070 2482 2173 2539 hoc

588 2579 759 2647 ipsum
790 2589 975 2631 rnrsus
1015 2572 1139 2628 facit
1180 2572 1343 2627 etiam
1375 2587 1404 2624 a
1431 2572 1787 2635 tristioribus,
1824 2572 1895 2627 ita
1923 2572 2167 2643 loquens.

586 2669 722 2726 Nam
748 2684 867 2723 cum
898 2665 1125 2722 dixisset
1154 2681 1168 2721 :
1206 2662 1329 2719 Non
1370 2664 1654 2719 deserentes
1698 2666 2045 2720 collectionem
2078 2684 2171 2722 no~

584 2769 763 2819 stram,
785 2758 911 2813 sicut
931 2756 1311 2811 consuetudinis
1339 2763 1410 2809 est
1436 2755 1757 2825 quibusdam,
1789 2757 1879 2810 sed
1903 2758 2173 2813 consolan-

586 2862 679 2917 tes,
696 2860 743 2905 ει
781 2859 919 2904 tanto
957 2850 1148 2920 magis,
1188 2856 1376 2917 quanto
1413 2847 1636 2902 videritis
1676 2848 2169 2919 appropinquantem

586 2942 719 2996 diem
744 2946 820 3013 (et
850 2942 965 2995 lure
984 2940 1180 3011 quippe
1204 2948 1289 2993 est
1308 2939 1580 2993 suftieiens
1603 2939 1668 2993 ad
1695 2940 2166 3013 consolationem),

584 3032 862 3101 subjunxit
904 3048 918 3085 :
978 3029 1275 3084 Voluntaria
1314 3029 1446 3083 enim
1492 3029 1815 3099 peccantibus
1857 3030 2002 3085 nobis
2056 3040 2169 3101 post

586 3138 842 3188 acceptam
894 3121 1123 3175 notitiam
1168 3120 1411 3174 ueritatis.
1460 3119 1606 3189 Opus
1630 3128 1746 3187 est,
1777 3120 1982 3192 inquit,
2012 3122 2170 3179 bonis

580 3216 857 3285 operibus,
885 3223 941 3269 et
967 3213 1123 3268 valde
1149 3227 1282 3283 opus
1312 3220 1414 3268 est.
1470 3210 1765 3267 Voluntarie
1791 3216 1925 3269 enim
1952 3232 2169 3286 peccan-

581 3303 715 3358 tibus
741 3306 883 3358 nobis
911 3314 1023 3374 post
1048 3313 1308 3372 acceptam
1351 3302 1585 3357 notitiam
1613 3304 1865 3372 ueritatis,
1905 3307 2019 3378 jam
2065 3325 2166 3365 non

580 3395 879 3467 relinquitur
912 3411 1005 3465 pro
1035 3394 1251 3465 peccatis
1276 3393 1463 3448 hostia.
1495 3392 1553 3449 Id
1597 3403 1715 3461 est,
1758 3395 2047 3454 mundatus
2082 3413 2164 3467 es,

582 3487 840 3543 liberatus
883 3502 943 3543 es
981 3503 1009 3541 a
1057 3487 1410 3553 criminibus,
1466 3485 1636 3542 factus
1660 3503 1721 3543 es
1750 3487 1910 3544 filius.
1948 3490 2004 3546 Si
2036 3506 2166 3562 ergo

584 3577 872 3632 revertaris
898 3577 963 3633 ad
992 3577 1224 3648 priorem
1270 3581 1530 3636 vomitum
1548 3619 1563 3645 ,
1593 3594 1780 3635 rursus
1804 3590 1985 3636 manet
2009 3581 2166 3636 abdi-

582 3666 719 3721 ratio
763 3676 817 3723 et
842 3668 1000 3739 ignis,
1051 3678 1103 3725 et
1128 3685 1482 3741 quascumque
1520 3679 1646 3726 sunt
1674 3670 1978 3742 huiusmodi
2008 3689 2023 3726 :
2053 3688 2163 3729 non

577 3768 661 3813 est
690 3759 833 3814 enim
861 3760 1096 3816 secunda
1134 3762 1330 3817 hostia.
1386 3763 1485 3819 llic
1510 3779 1697 3819 rursus
1726 3779 1826 3820 nos
1846 3763 2165 3822 adoriuntur

576 3849 667 3919 qui
716 3850 911 3906 tollunt
962 3854 1360 3922 pmoitentiam,
1400 3865 1457 3911 et
1495 3855 1822 3926 quicumque
1846 3866 2166 3912 cunctantur

576 3942 761 3997 venire
785 3941 851 3997 ad
882 3944 1144 4014 baptisma
1178 3962 1192 4001 :
1223 3945 1278 4001 hi
1304 3946 1522 4017 quidem
1550 3946 1738 4002 dicunt
1768 3962 1873 4002 non
1920 3961 2045 4002 esse
2086 3947 2164 4002 eis

577 4041 747 4089 tntum
776 4037 962 4092 venire
988 4036 1054 4092 ad
1079 4038 1368 4109 baptisma,
1392 4038 1656 4111 siquidem
1686 4054 1791 4095 non
1819 4048 1902 4095 est
1928 4038 2163 4096 secunda

576 4126 824 4181 remissio
848 4144 864 4182 :
895 4127 971 4183 illi
1002 4143 1130 4184 vero
1152 4128 1337 4185 dicunt
1363 4145 1468 4185 non
1490 4146 1615 4188 esse
1638 4140 1809 4187 tutum
1834 4131 1899 4185 iis
1922 4131 2011 4202 qui
2035 4145 2155 4201 pec-

575 4228 767 4273 carunt
787 4220 1045 4290 impertiri
1072 4223 1349 4293 mysteria,
1381 4224 1427 4279 si
1456 4238 1563 4278 non
1592 4233 1677 4280 est
1704 4223 1941 4280 secunda
1971 4223 2164 4278 remis-

575 4309 678 4365 sio.
720 4309 858 4379 Quid
884 4326 1013 4381 ergo
1042 4312 1284 4368 dicemus
1311 4314 1589 4385 utrisque?
1634 4314 1788 4382 Quod
1812 4314 1896 4369 hic
1927 4330 2033 4367 non
2065 4311 2158 4367 tali

576 4412 756 4457 mente
800 4400 902 4458 hoc
943 4402 1173 4471 dixerit,
1206 4419 1380 4475 neque
1430 4405 1567 4459 tollit
1609 4404 2018 4476 lmnitentiam",
2062 4419 2164 4460 nec

574 4506 692 4547 eam
732 4508 855 4564 qua:
896 4508 995 4563 per
1027 4494 1396 4565 penitentiam
1442 4495 1501 4551 ιιι
1542 4496 1931 4567 placationem,
1987 4512 2164 4567 neque

574 4586 790 4656 expellit
820 4594 875 4641 et
897 4585 1077 4657 dejicit
1115 4603 1211 4659 per
1253 4590 1685 4659 desperationem
1709 4606 1830 4645 eum
1858 4590 1947 4661 qui
1977 4600 2059 4646 est
2087 4591 2163 4644 la-

576 4694 707 4751 psus
738 4699 753 4735 :
787 4693 894 4734 non
922 4690 1007 4734 est
1042 4695 1210 4749 usque
1250 4679 1386 4736 adeo
1422 4681 1674 4737 inimicus
1700 4692 1898 4737 nostra:
1927 4682 2153 4745 salutis;

574 4772 669 4828 sed
699 4771 995 4828 secundum
1020 4770 1196 4828 aufert
1215 4770 1509 4840 lavacrum,
1537 4788 1644 4828 non
1667 4773 1810 4829 enim
1840 4773 1973 4829 dixit
2004 4792 2017 4828 :
2050 4773 2163 4829 Non

574 4876 657 4923 est
685 4866 916 4936 amplius
942 4866 1287 4936 panitentia,
1319 4876 1433 4935 aut,
1466 4866 1582 4923 Non
1610 4878 1694 4925 est
1722 4869 1952 4939 amplius
1976 4870 2167 4925 remis-

575 4958 696 5024 sio;
745 4956 874 5025 sed,
901 4973 1009 5013 non
1049 4966 1136 5014 est
1158 4958 1386 5029 amplius
1411 4958 1587 5015 hostia
1617 4975 1632 5025 ;
1665 4959 1767 5015 hoc
1796 4972 1901 5027 est,
1930 4976 2037 5015 non
2084 4972 2167 5017 est

576 5049 806 5119 amplius
829 5064 962 5106 crux
989 5048 1224 5105 secunda
1252 5067 1269 5105 :
1294 5048 1399 5106 hoc
1422 5051 1564 5107 enim
1586 5062 1743 5108 vocat
1772 5052 2022 5108 hostiam.
2050 5052 2167 5108 Una

578 5140 727 5199 enim,
756 5138 948 5208 inquit,
981 5139 1148 5195 hostia
1174 5142 1540 5196 consummavit
1565 5144 1617 5196 in
1644 5154 1942 5213 perpetuum
1964 5160 2049 5199 eos
2078 5145 2166 5213 qui

578 5231 961 5301 sunctiﬁcantur
988 5248 1007 5287 :
1033 5248 1141 5289 non
1164 5234 1305 5289 sicut
1330 5232 1550 5290 Judaica
1571 5276 1587 5301 ,
1616 5250 1789 5306 neque
1813 5251 1982 5307 saepe.
2027 5236 2161 5291 Pro-

579 5334 761 5397 pterea
782 5324 924 5378 enim
949 5331 1055 5379 tam
1084 5325 1251 5380 multa
1282 5340 1482 5397 susque
1503 5325 1675 5397 deque
1696 5326 1952 5384 disseruit
1972 5328 2041 5384 de
2070 5327 2167 5385 bo-

578 5416 711 5481 stia,
761 5415 902 5485 quod
948 5417 1017 5471 sit
1061 5431 1163 5469 una
1194 5427 1250 5471 et
1280 5432 1383 5472 una
1428 5433 1581 5472 :non
1626 5418 1725 5472 hoc
1769 5419 1943 5475 solum
1975 5420 2166 5476 volens

579 5506 879 5573 ostendere,
910 5507 1050 5577 quod
1080 5507 1131 5563 in
1159 5506 1261 5564 hoc
1282 5508 1494 5565 differat
1520 5525 1547 5563 a
1572 5508 1825 5572 Judaicis.
1848 5512 1976 5582 quin
2003 5512 2164 5568 etiam

582 5610 636 5655 ut
662 5600 851 5655 reddat
874 5600 1201 5669 securiores,
1232 5610 1291 5656 ut
1321 5613 1686 5671 congruenter
1713 5604 1820 5673 legi
1848 5603 2162 5664 Judzcorum

659 5781 731 5855 (ᾳ)
756 5781 902 5853 lilnlta
924 5781 1023 5855 loca
1047 5794 1108 5855 es
1132 5782 1223 5855 hac
1241 5780 1696 5855 liotnilia,_t'_tetnque
1716 5798 1777 5855 εξ
1795 5786 1985 5855 decima
2005 5800 2175 5855 (mam

596 5854 645 5919 et
669 5845 1059 5919 ᾀυρίἯξ-ηιιὶμιρ
1091 5845 1415 5919 habentur-in
1430 5844 1716 5919 nl’lorildgio
1737 5847 1922 5919 Savjl‘ij,
1948 5844 2101 5906 Toino
2123 5856 2174 5919 5,

592 5909 768 5970 pagina
791 5907 900 5956 807.
930 5906 1051 5957 \‘idc
1074 5912 1210 5958 notas
1230 5907 1414 5971 Savilii,
1430 5907 1581 5962 'l'omo
1604 5906 1658 5972 εξ
1679 5922 1790 5975 pag,
1813 5906 1924 5964 75οζ

1304 384 1360 441 S.
1391 376 1666 438 JOANNIS
1693 371 2172 434 CHRYSOSTOMI
2234 373 2555 433 ARClllEP.
2596 373 3133 436 CONSTANTINOP.

1936 860 2280 963 nostum
2333 903 2480 965 xx.

3758 387 3864 445 ιιι

2281 518 2425 575 Patri
2475 532 2576 570 una
2631 530 2751 571 eum
2805 523 2994 570 sancto
3046 511 3251 585 Spiritu
3310 508 3501 582 gloria,
3558 508 3872 580 imperium,

2282 611 2475 674 honor,
2518 623 2660 663 nunc
2707 617 2761 663 ct
2812 621 3048 677 semper.
3095 614 3149 661 et
3199 605 3250 658 in
3291 601 3484 658 sa'cnla
3521 600 3872 657 smenlorum.

2283 708 2477 760 Amen.

3724 871 3895 887 -ό

2289 1028 2396 1065 non
2438 1010 2667 1080 amplius
2714 1009 2871 1063 aliain
2914 1017 3231 1079 exspectent
3271 1008 3525 1064 hostiam.
3597 1006 3893 1061 Voluntaria

2289 1102 2421 1157 enim
2468 1100 2787 1172 peccantibus
2834 1100 3011 1165 nobis,
3067 1100 3259 1169 inquit.
3294 1098 3457 1155 Vides
3480 1099 3719 1171 quantsit
3747 1112 3881 1159 pro-

2291 1206 2488 1261 pensus
2514 1189 2578 1244 ad
2611 1190 3033 1262 ignoscendum?
3077 1188 3403 1258 Volnntarie,
3435 1190 3633 1259 inquit,
3658 1203 3886 1252 peccan-

2285 1285 2416 1339 tibus
2439 1282 2603 1339 nobis.
2662 1282 2960 1353 lgnoscitur
2988 1283 3167 1352 itaque
3201 1282 3598 1337 involuutariis.
3632 1281 3758 1337 Post
3790 1297 3893 1335 ac-

2285 1386 2481 1444 ceptum
2546 1375 2776 1428 notitiam
2837 1374 3083 1428 veritatis.
3134 1374 3241 1427 Aut
3293 1372 3491 1428 Christi
3546 1372 3714 1439 dicit,
3787 1381 3894 1427 aut

2283 1469 2521 1523 omnium
2552 1468 2880 1539 dogmatum.
2917 1463 3039 1519 Jam
3066 1483 3165 1520 non
3195 1466 3501 1537 relinquitur
3530 1481 3621 1534 pro
3650 1466 3887 1535 peccatis

2280 1561 2465 1615 hostia.
2491 1558 2596 1614 Sed
2622 1557 2748 1629 quid
2774 1558 2797 1611 ἲ
2843 1556 3103 1613 Terribilis
3128 1566 3295 1611 autem
3336 1556 3569 1627 quaedam
3609 1566 3892 1623 exspecta-

2280 1654 2350 1708 tio
2386 1651 2607 1725 judicii,
2652 1659 2701 1705 et
2726 1650 2858 1721 ignis
2902 1650 3195 1715 tentulatio,
3227 1664 3343 1719 quia
3389 1660 3753 1720 consumptum
3805 1659 3886 1705 est

2285 1753 2620 1806 «racemarios.
2670 1749 3028 1804 Adversarius
3065 1762 3170 1799 non
3207 1746 3380 1800 solum
3413 1746 3542 1799 dicit
3584 1742 3839 1798 inlidelus
3872 1784 3888 1805 ,

2284 1842 2376 1898 sed
2407 1857 2501 1897 eos
2526 1842 2687 1896 ctiam
2716 1840 2808 1911 qui
2837 1838 3034 1894 iaciunt
3064 1838 3333 1892 Contraria
3366 1837 3547 1891 virtuti
3575 1854 3589 1899 ;
3624 1836 3706 1889 vel
3736 1833 3888 1904 quod

2286 1935 2426 1990 idem
2454 1933 2592 2004 ignis
2619 1931 2991 2001 apprehendet
3016 1933 3176 1985 etiam
3208 1929 3550 1993 domesticos,
3575 1929 3665 1996 qni
3686 1929 3887 1982 adt-er.

2284 2028 2476 2082 sarios.
2514 2024 2718 2082 Deinde
2748 2024 3058 2094 significans
3087 2038 3247 2093 quam
3275 2022 3345 2076 sit
3374 2021 3531 2086 edax,
3565 2036 3686 2075 eum
3713 2021 3889 2075 veluti

2284 2120 2574 2183 animavit,
2611 2117 2798 2173 dicens
2828 2134 2840 2170 :
2876 2114 3024 2185 Ignis
3050 2114 3334 2179 tenmlatio,
3366 2130 3480 2183 qua
3509 2125 3889 2183 consumptum

2290 2220 2364 2265 est
2407 2209 2750 2265 adversarios.
2796 2208 2947 2265 Sicut
2972 2207 3115 2261 enim
3146 2204 3261 2261 fera
3291 2205 3497 2260 irritata
3530 2216 3582 2261 et
3612 2203 3841 2260 ederata
3872 2246 3888 2267 ,

2286 2318 2391 2357 non
2413 2302 2710 2358 cessaverit
2735 2299 2907 2355 donec
2929 2294 3164 2367 aliquem
3192 2296 3664 2368 comprehenderit
3689 2306 3744 2351 et
3772 2312 3887 2352 ex-

2283 2396 2457 2450 ederit
2489 2412 2503 2447 :
2534 2395 2604 2449 ita
2635 2395 2794 2450 etiam
2827 2394 2919 2449 ille
2950 2394 3105 2465 ignis,
3138 2402 3409 2463 tamquam
3440 2392 3706 2462 quispiam
3736 2408 3887 2463 pnn-

2282 2495 2402 2541 ctus
2433 2486 2810 2548 a-mulatione,
2859 2501 2997 2556 quos
3042 2483 3461 2553 apprehenderit
3490 2499 3595 2537 non
3620 2483 3884 2549 dimittit,

2280 2579 2375 2635 sed
2408 2579 2549 2634 rodit
2581 2588 2636 2635 et
2664 2578 2941 2635 dilacerat.
2973 2578 3177 2633 Deinde
3216 2577 3377 2633 etiam
3404 2575 3677 2646 subjungit
3706 2576 3886 2630 ratio-

2283 2688 2405 2727 nem
2436 2672 2727 2739 minarum,
2750 2671 2893 2742 quod
2920 2669 2970 2724 id
2998 2671 3190 2725 merito
3216 2678 3270 2725 et
3294 2670 3413 2740 jure
3441 2669 3532 2723 liat
3557 2687 3572 2723 :
3598 2668 3737 2739 quod
3760 2669 3889 2739 qni-

2284 2764 2407 2820 dem
2452 2764 2662 2820 confert
2706 2765 2772 2827 ad
2817 2762 3014 2820 (idem.
3057 2762 3273 2834 quando
3311 2760 3706 2817 ostenderimus
3731 2762 3885 2832 quod

2276 2856 2399 2927 jure
2434 2855 2551 2910 ﬁat.
2590 2855 2679 2911 28.
2702 2853 2916 2909 Irritam
2944 2871 3057 2929 quis
3087 2855 3282 2924 faciens
3310 2855 3467 2926 legem
3495 2852 3688 2924 .iloysis
3711 2895 3726 2919 ,
3768 2855 3888 2909 sine

2280 2950 2387 3004 ulla
2434 2949 2788 3014 miseratione,
2831 2948 3029 3003 duobus
3077 2948 3154 3003 rel
3199 2947 3359 3001 tribus
3390 2946 3598 3001 testibus
3637 2947 3879 3001 moritur.

2282 3039 2410 3098 Sine
2440 3041 2549 3095 ulla
2575 3041 2912 3105 miseratione,
2944 3040 3131 3109 inquit.
3164 3038 3340 3108 Quare
3362 3038 3503 3094 nulla
3530 3040 3705 3102 venia,
3734 3040 3882 3094 nulla

2282 3141 2365 3187 est
2417 3132 2523 3188 illic
2566 3131 2937 3187 misericordia
2971 3148 2985 3185 :
3017 3146 3340 3200 quamquam
3386 3130 3472 3186 lex
3508 3138 3593 3185 est
3638 3130 3879 3202 Moysis:

2284 3223 2399 3294 ipse
2424 3226 2566 3277 enim
2596 3223 2760 3277 multa
2788 3223 3086 3278 constituit.
3119 3221 3255 3289 Quid
3286 3230 3367 3275 est
3387 3263 3403 3287 ,
3440 3220 3648 3275 Duobus
3674 3222 3750 3274 vrl
3784 3222 3884 3275 tri-

2283 3313 2422 3369 bus?
2448 3314 2503 3370 Si
2552 3314 2681 3377 duo,
2724 3313 2935 3385 inquit,
2968 3312 3051 3367 vel
3083 3322 3190 3366 tres
3222 3311 3587 3366 testimonium
3617 3311 3878 3378 tulerint,

2280 3406 2465 3462 statim
2492 3404 2621 3460 dant
2647 3420 2853 3473 pmnas.
2897 3403 2953 3464 Si
2983 3419 3113 3475 ergo
3139 3404 3190 3458 in
3215 3401 3419 3469 Veteri,
3455 3405 3542 3458 ubi
3567 3404 3649 3458 lex
3679 3403 3882 3475 Moysis

2282 3497 2343 3552 lit
2373 3497 2543 3565 irrita,
2580 3506 2784 3551 tantum
2814 3507 2895 3552 cst
2924 3497 3246 3566 supplicium
3280 3513 3293 3549 :
3323 3505 3528 3566 quanto
3556 3496 3721 3563 magis
3750 3496 3882 3552 hic!

2282 3589 2407 3645 Ideo
2437 3589 2509 3644 ita
2537 3590 2669 3644 dicit
2695 3607 2707 3643 :
2730 3588 2823 3645 ἓξ).
2857 3588 3061 3656 Quanto
3086 3590 3247 3660 magis
3280 3590 3469 3657 putatis
3497 3589 3749 3642 deteriora
3774 3606 3883 3644 me-

2279 3682 2381 3737 reri
2407 3679 2678 3753 supplicia,
2705 3681 2792 3752 qui
2823 3678 3018 3734 Filium
3048 3679 3141 3734 Dei
3176 3679 3564 3741 conculcat'erit,
3592 3690 3636 3733 et
3664 3681 3884 3751 sangui-

2280 3789 2393 3827 nem
2420 3775 2703 3828 testamenti
2728 3773 2977 3844 pollutum
2998 3773 3222 3840 (luxerit,
3246 3784 3292 3827 et
3315 3772 3535 3843 Spiritui
3555 3774 3736 3845 gratia:
3764 3792 3884 3829 con-

2277 3866 2533 3919 tumeliam
2557 3864 2771 3936 fecerit?

2346 3956 2402 4011 2.
2448 3957 2512 4012 Et
2546 3957 2818 4027 quomodo
2859 3958 3141 4014 conculcat
3182 3958 3449 4028 quispiam
3504 3956 3695 4013 Filium
3741 3959 3881 4014 Dei?

2274 4047 2499 4115 Quando
2518 4048 2608 4119 qui
2638 4058 2722 4104 est
2745 4049 2862 4119 ejus
2888 4050 3155 4121 particeps
3186 4051 3238 4105 in
3269 4050 3563 4122 mysteriis,
3595 4061 3878 4121 pecudum

2274 4138 2483 4206 fecerit,
2503 4140 2589 4196 dic
2611 4140 2766 4205 mihi,
2790 4156 2896 4196 non
2921 4143 3255 4197 conculcavit
3279 4157 3403 4196 eum
3422 4143 3444 4197 ?
3462 4158 3568 4196 non
3596 4142 3878 4212 despexit?

2288 4239 2356 4296 Ut
2385 4238 2526 4293 enim
2564 4238 2761 4293 nullam
2788 4238 3046 4294 habemus
3073 4238 3336 4295 rationem
3366 4253 3553 4293 eorum
3583 4256 3702 4310 qua:
3740 4255 3878 4296 con—

2283 4334 2601 4390 culcantur:
2633 4336 2705 4389 ita
2742 4335 2903 4388 etiam
2933 4333 3026 4404 qui
3048 4343 3293 4404 peccant,
3326 4334 3527 4388 millam
3554 4333 3753 4388 Christi
3780 4335 3874 4388 ba.

2285 4428 2411 4483 bent
2442 4430 2726 4491 rationem.
2760 4437 2814 4483 ct
2839 4428 2919 4483 sic
2938 4437 3182 4499 peccant.
3202 4427 3398 4483 Factus
3417 4442 3473 4481 es
3504 4442 3700 4496 corpus
3718 4428 3798 4482 Ch
3832 4426 3887 4481 i-

2282 4520 2390 4587 sti,
2423 4528 2478 4575 et
2500 4518 2600 4574 das
2630 4528 2684 4575 te
2713 4518 2932 4574 diabolo
2957 4517 3429 4574 concolcandnm?
3460 4518 3520 4571 Et
3542 4519 3842 4588 sanguinem
3867 4558 3881 4580 ,

2284 4614 2487 4685 inquit,
2515 4613 2766 4685 pollutum
2795 4613 3016 4667 duxerit.
3044 4611 3179 4680 Quid
3207 4621 3289 4667 est
3315 4626 3602 4666 commune
3628 4626 3728 4666 seu
3760 4612 3884 4681 po!-

2284 4704 2487 4760 lutum?
2507 4704 2617 4760 [loc
2638 4713 2721 4760 est
2751 4703 3110 4767 immundum,
3138 4713 3229 4758 aut
3258 4703 3391 4757 nihil
3420 4703 3649 4771 amplius
3671 4701 3881 4758 habens

2283 4812 2442 4868 quam
2487 4804 2700 4851 cmtera.
2750 4795 2815 4850 Et
2852 4794 3055 4867 spiritui
3080 4795 3261 4867 gratiae
3288 4794 3656 4849 contumeliam
3682 4796 3879 4865 fecerit.

2284 4889 2415 4946 Nam
2444 4892 2531 4961 qui
2565 4889 2885 4945 beneficium
2922 4904 3030 4944 non
3057 4888 3289 4956 accipit,
3341 4903 3464 4943 eum
3492 4888 3584 4958 qui
3618 4887 3883 4943 bencfeeit

2283 4982 2449 5037 afficit
2476 4980 2824 5037 contumelia.
2855 4980 3004 5035 Fecit
3042 4988 3093 5035 te
3122 4977 3325 5042 lilium;
3361 4987 3417 5033 tu
3458 4987 3635 5033 autem
3663 4979 3745 5033 vis
3770 4979 3883 5034 fieri

2284 5074 2511 5130 servus?
2540 5073 2718 5137 venit,
2752 5073 2890 5142 apud
2930 5085 2980 5128 te
3007 5072 3301 5135 habitavit;
3337 5080 3390 5126 tu
3428 5082 3607 5126 autem
3629 5073 3696 5126 ad
3728 5082 3783 5127 te
3806 5072 3885 5145 ign-

2286 5165 2573 5221 troduxisti
2602 5165 2770 5221 malas
2796 5164 3190 5236 cogitationes?
3232 5164 3481 5221 Christus
3525 5163 3693 5218 voluit
3722 5166 3880 5235 apud

2288 5267 2341 5313 te
2380 5267 2526 5314 stare
2562 5266 2617 5312 et
2654 5257 2949 5320 collocari;
2984 5266 3037 5311 tu
3068 5266 3247 5312 autem
3273 5258 3444 5328 ipsum
3472 5257 3759 5312 conculcas
3790 5274 3883 5328 per

2286 5367 2582 5422 crapulam,
2632 5368 2730 5423 per
2775 5351 3145 5407 ebrietatem?
3190 5351 3484 5406 Audiamus
3526 5350 3618 5419 qui
3663 5349 3882 5422 indigne

2288 5460 2471 5500 sumus
2498 5444 2791 5514 participes
2820 5443 3203 5515 mysteriorum
3252 5459 3265 5496 :
3298 5440 3579 5495 audiamus
3620 5441 3709 5511 qui
3739 5443 3880 5498 indi-

2287 5552 2391 5608 gne
2419 5535 2485 5591 ad
2513 5551 2752 5592 mensam
2783 5537 2926 5591 illam
2952 5534 3257 5591 accedimus
3284 5552 3295 5587 :
3335 5531 3529 5595 Nolite,
3553 5533 3880 5602 inquit,dar¢

2288 5638 2465 5685 sancta
2508 5630 2751 5695 canibus,
2793 5644 2856 5682 ne
2896 5625 3103 5698 quando
3128 5642 3184 5679 ea
3214 5624 3509 5679 conrulceut
3535 5624 3641 5679 suis
3670 5626 3879 5694 pedibus

2292 5720 2507 5794 (Matth.
2538 5721 2592 5777 7.
2625 5720 2723 5788 6);
2754 5720 2853 5775 hoc
2879 5727 2990 5784 est,
3027 5733 3094 5773 ne
3120 5717 3410 5789 aliquando
3440 5714 3771 5786 despiciant,
3817 5731 3877 5773 ne

2290 5823 2564 5887 respuant.
2595 5812 2701 5869 Sed
2727 5812 2840 5868 lucc
2870 5826 2976 5866 non
3006 5810 3161 5876 dixit,
3192 5819 3245 5863 at
3271 5809 3413 5880 quod
3448 5818 3529 5864 est
3555 5808 3875 5873 terribilius.

2292 5927 2413 5965 nam
2454 5924 2520 5965 ex
2560 5922 2626 5963 eo
2667 5904 2810 5977 quod
2840 5913 2923 5961 est
2950 5902 3231 5970 terribile,
3272 5901 3596 5971 constringit
3620 5902 3872 5960 animas:
