  <div class='ocr_page' id='page_1' title='image "/cluster/home/n/w/nwhite01/storage/ocr_20150623/63/uva.x030486929/154.png"; bbox 0 0 4068 6414; ppageno 0'>
   <div class='ocr_carea' id='block_1_1' title="bbox 112 342 2591 437">
    <p class='ocr_par' dir='ltr' id='par_1_1' title="bbox 112 342 2591 437">
     <span class='ocr_line' id='line_1_1' title="bbox 112 342 2591 437; baseline 0.011 -43"><span class='ocrx_word' id='word_1_1' title='bbox 112 342 187 395; x_wconf 78' lang='lat' dir='ltr'><strong>liii</strong></span> <span class='ocrx_word' id='word_1_2' title='bbox 990 357 1053 413; x_wconf 80' lang='lat' dir='ltr'><strong>IN</strong></span> <span class='ocrx_word' id='word_1_3' title='bbox 1087 360 1310 437; x_wconf 73' lang='lat' dir='ltr'><strong>‘EPIST.</strong></span> <span class='ocrx_word' id='word_1_4' title='bbox 1354 360 1445 415; x_wconf 76' lang='lat' dir='ltr'><strong>AD</strong></span> <span class='ocrx_word' id='word_1_5' title='bbox 1488 355 1851 415; x_wconf 66' lang='lat' dir='ltr'><strong>IIEBREOS.</strong></span> <span class='ocrx_word' id='word_1_6' title='bbox 1891 360 2046 418; x_wconf 81' lang='lat' dir='ltr'><strong>CAP.</strong></span> <span class='ocrx_word' id='word_1_7' title='bbox 2085 362 2155 420; x_wconf 78' lang='grc' dir='ltr'><strong>Χ.</strong></span> <span class='ocrx_word' id='word_1_8' title='bbox 2197 363 2430 420; x_wconf 59' lang='grc'><strong>1101111..</strong></span> <span class='ocrx_word' id='word_1_9' title='bbox 2471 365 2591 421; x_wconf 77' lang='lat' dir='ltr'><strong>XX.</strong></span> 
     </span>
    </p>
   </div>
   <div class='ocr_carea' id='block_1_2' title="bbox 101 457 1758 535">
    <p class='ocr_par' dir='ltr' id='par_1_2' title="bbox 101 457 1758 535">
     <span class='ocr_line' id='line_1_2' title="bbox 101 457 1758 535; baseline 0.006 -24"><span class='ocrx_word' id='word_1_10' title='bbox 101 457 179 512; x_wconf 80' lang='lat' dir='ltr'><strong>hoc</strong></span> <span class='ocrx_word' id='word_1_11' title='bbox 212 461 358 515; x_wconf 82' lang='lat' dir='ltr'><strong>enim</strong></span> <span class='ocrx_word' id='word_1_12' title='bbox 397 478 536 518; x_wconf 83' lang='lat' dir='ltr'><strong>non</strong></span> <span class='ocrx_word' id='word_1_13' title='bbox 578 466 798 520; x_wconf 84' lang='lat' dir='ltr'><strong>minus</strong></span> <span class='ocrx_word' id='word_1_14' title='bbox 826 478 982 535; x_wconf 90' lang='lat' dir='ltr'><strong>quam</strong></span> <span class='ocrx_word' id='word_1_15' title='bbox 1013 464 1312 520; x_wconf 76' lang='lat' dir='ltr'><strong>consolatio</strong></span> <span class='ocrx_word' id='word_1_16' title='bbox 1349 466 1638 521; x_wconf 74' lang='lat' dir='ltr'><strong>convertit.</strong></span> <span class='ocrx_word' id='word_1_17' title='bbox 1695 466 1758 521; x_wconf 83' lang='lat' dir='ltr'><strong>Et</strong></span> 
     </span>
    </p>
   </div>
   <div class='ocr_carea' id='block_1_3' title="bbox 102 552 1760 626">
    <p class='ocr_par' dir='ltr' id='par_1_3' title="bbox 102 552 1760 626">
     <span class='ocr_line' id='line_1_3' title="bbox 102 552 1760 626; baseline 0.005 -22"><span class='ocrx_word' id='word_1_18' title='bbox 102 552 232 607; x_wconf 84' lang='lat' dir='ltr'><strong>simul</strong></span> <span class='ocrx_word' id='word_1_19' title='bbox 255 555 539 610; x_wconf 78' lang='lat' dir='ltr'><strong>ostendit</strong></span> <span class='ocrx_word' id='word_1_20' title='bbox 589 555 1017 622; x_wconf 71' lang='lat' dir='ltr'><strong>differentiam,</strong></span> <span class='ocrx_word' id='word_1_21' title='bbox 1048 565 1101 611; x_wconf 89' lang='lat' dir='ltr'><strong>et</strong></span> <span class='ocrx_word' id='word_1_22' title='bbox 1140 556 1462 626; x_wconf 82' lang='lat' dir='ltr'><strong>supplicium</strong></span> <span class='ocrx_word' id='word_1_23' title='bbox 1486 598 1500 619; x_wconf 93' lang='lat'><strong>,</strong></span> <span class='ocrx_word' id='word_1_24' title='bbox 1543 566 1598 610; x_wconf 92' lang='lat' dir='ltr'><strong>et</strong></span> <span class='ocrx_word' id='word_1_25' title='bbox 1616 556 1760 625; x_wconf 87' lang='lat' dir='ltr'><strong>judi-</strong></span> 
     </span>
    </p>
   </div>
   <div class='ocr_carea' id='block_1_4' title="bbox 106 646 1758 724">
    <p class='ocr_par' dir='ltr' id='par_1_4' title="bbox 106 646 1758 724">
     <span class='ocr_line' id='line_1_4' title="bbox 106 646 1758 724; baseline 0.003 -25"><span class='ocrx_word' id='word_1_26' title='bbox 106 646 223 724; x_wconf 80' lang='lat' dir='ltr'><strong>cium</strong></span> <span class='ocrx_word' id='word_1_27' title='bbox 250 647 334 703; x_wconf 87' lang='lat' dir='ltr'><strong>eis</strong></span> <span class='ocrx_word' id='word_1_28' title='bbox 365 649 586 717; x_wconf 83' lang='lat' dir='ltr'><strong>ponit,</strong></span> <span class='ocrx_word' id='word_1_29' title='bbox 622 658 834 720; x_wconf 89' lang='lat' dir='ltr'><strong>utpote</strong></span> <span class='ocrx_word' id='word_1_30' title='bbox 857 665 976 704; x_wconf 89' lang='lat' dir='ltr'><strong>cum</strong></span> <span class='ocrx_word' id='word_1_31' title='bbox 1005 665 1094 704; x_wconf 89' lang='lat' dir='ltr'><strong>res</strong></span> <span class='ocrx_word' id='word_1_32' title='bbox 1123 651 1196 702; x_wconf 91' lang='lat' dir='ltr'><strong>sit</strong></span> <span class='ocrx_word' id='word_1_33' title='bbox 1215 648 1520 704; x_wconf 87' lang='lat' dir='ltr'><strong>manifesta.</strong></span> <span class='ocrx_word' id='word_1_34' title='bbox 1554 649 1758 718; x_wconf 83' lang='lat' dir='ltr'><strong>Quanto</strong></span> 
     </span>
    </p>
   </div>
   <div class='ocr_carea' id='block_1_5' title="bbox 112 738 1758 812">
    <p class='ocr_par' dir='ltr' id='par_1_5' title="bbox 112 738 1758 812">
     <span class='ocr_line' id='line_1_5' title="bbox 112 738 1758 812; baseline 0.005 -23"><span class='ocrx_word' id='word_1_35' title='bbox 112 738 275 810; x_wconf 68' lang='lat' dir='ltr'><strong>magis,</strong></span> <span class='ocrx_word' id='word_1_36' title='bbox 300 740 545 810; x_wconf 85' lang='lat' dir='ltr'><strong>inquit,</strong></span> <span class='ocrx_word' id='word_1_37' title='bbox 586 743 801 810; x_wconf 76' lang='lat' dir='ltr'><strong>putatis</strong></span> <span class='ocrx_word' id='word_1_38' title='bbox 840 742 1088 796; x_wconf 71' lang='lat' dir='ltr'><strong>deteriora</strong></span> <span class='ocrx_word' id='word_1_39' title='bbox 1117 741 1300 795; x_wconf 78' lang='lat' dir='ltr'><strong>mereri</strong></span> <span class='ocrx_word' id='word_1_40' title='bbox 1341 741 1640 812; x_wconf 78' lang='lat' dir='ltr'><strong>supplicia?</strong></span> <span class='ocrx_word' id='word_1_41' title='bbox 1662 743 1758 798; x_wconf 89' lang='lat' dir='ltr'><strong>llic</strong></span> 
     </span>
    </p>
   </div>
   <div class='ocr_carea' id='block_1_6' title="bbox 121 831 1758 903">
    <p class='ocr_par' dir='ltr' id='par_1_6' title="bbox 121 831 1758 903">
     <span class='ocr_line' id='line_1_6' title="bbox 121 831 1758 903; baseline 0.002 -19"><span class='ocrx_word' id='word_1_42' title='bbox 121 831 232 885; x_wconf 83' lang='grc'><strong>1111111</strong></span> <span class='ocrx_word' id='word_1_43' title='bbox 256 831 488 886; x_wconf 83' lang='lat' dir='ltr'><strong>videtur</strong></span> <span class='ocrx_word' id='word_1_44' title='bbox 513 832 705 887; x_wconf 85' lang='lat' dir='ltr'><strong>etiam</strong></span> <span class='ocrx_word' id='word_1_45' title='bbox 733 832 986 903; x_wconf 84' lang='lat' dir='ltr'><strong>mysteria</strong></span> <span class='ocrx_word' id='word_1_46' title='bbox 1014 831 1380 887; x_wconf 89' lang='lat' dir='ltr'><strong>subindicare.</strong></span> <span class='ocrx_word' id='word_1_47' title='bbox 1405 833 1608 889; x_wconf 80' lang='lat' dir='ltr'><strong>Deinde</strong></span> <span class='ocrx_word' id='word_1_48' title='bbox 1639 835 1758 890; x_wconf 86' lang='lat' dir='ltr'><strong>sub-</strong></span> 
     </span>
    </p>
   </div>
   <div class='ocr_carea' id='block_1_7' title="bbox 129 922 1757 994">
    <p class='ocr_par' dir='ltr' id='par_1_7' title="bbox 129 922 1757 994">
     <span class='ocr_line' id='line_1_7' title="bbox 129 922 1757 994; baseline 0.001 -17"><span class='ocrx_word' id='word_1_49' title='bbox 129 922 281 994; x_wconf 72' lang='lat' dir='ltr'><strong>iungit</strong></span> <span class='ocrx_word' id='word_1_50' title='bbox 304 922 484 978; x_wconf 82' lang='lat' dir='ltr'><strong>etiam</strong></span> <span class='ocrx_word' id='word_1_51' title='bbox 511 923 930 987; x_wconf 69' lang='lat' dir='ltr'><strong>testimonium,</strong></span> <span class='ocrx_word' id='word_1_52' title='bbox 961 923 1149 978; x_wconf 85' lang='lat' dir='ltr'><strong>dicens</strong></span> <span class='ocrx_word' id='word_1_53' title='bbox 1175 942 1189 979; x_wconf 91' lang='lat'><strong>:</strong></span> <span class='ocrx_word' id='word_1_54' title='bbox 1213 924 1304 978; x_wconf 82' lang='grc'><strong>51.</strong></span> <span class='ocrx_word' id='word_1_55' title='bbox 1339 923 1665 986; x_wconf 78' lang='lat' dir='ltr'><strong>florreudum</strong></span> <span class='ocrx_word' id='word_1_56' title='bbox 1687 935 1757 981; x_wconf 82' lang='lat' dir='ltr'><strong>est</strong></span> 
     </span>
    </p>
   </div>
   <div class='ocr_carea' id='block_1_8' title="bbox 136 1013 1754 1084">
    <p class='ocr_par' dir='ltr' id='par_1_8' title="bbox 136 1013 1754 1084">
     <span class='ocr_line' id='line_1_8' title="bbox 136 1013 1754 1084; baseline 0 -15"><span class='ocrx_word' id='word_1_57' title='bbox 136 1015 343 1070; x_wconf 69' lang='lat' dir='ltr'><strong>incidere</strong></span> <span class='ocrx_word' id='word_1_58' title='bbox 373 1017 432 1068; x_wconf 81' lang='lat' dir='ltr'><strong>in</strong></span> <span class='ocrx_word' id='word_1_59' title='bbox 463 1029 671 1069; x_wconf 81' lang='lat' dir='ltr'><strong>manus</strong></span> <span class='ocrx_word' id='word_1_60' title='bbox 699 1013 804 1068; x_wconf 79' lang='lat' dir='ltr'><strong>Dei</strong></span> <span class='ocrx_word' id='word_1_61' title='bbox 829 1015 1056 1068; x_wconf 77' lang='lat' dir='ltr'><strong>viventis.</strong></span> <span class='ocrx_word' id='word_1_62' title='bbox 1090 1015 1180 1070; x_wconf 75' lang='lat'><strong>30.</strong></span> <span class='ocrx_word' id='word_1_63' title='bbox 1211 1013 1475 1084; x_wconf 77' lang='lat' dir='ltr'><strong>Scriptum</strong></span> <span class='ocrx_word' id='word_1_64' title='bbox 1504 1026 1576 1071; x_wconf 86' lang='lat' dir='ltr'><strong>est</strong></span> <span class='ocrx_word' id='word_1_65' title='bbox 1598 1017 1754 1084; x_wconf 85' lang='lat' dir='ltr'><strong>enim,</strong></span> 
     </span>
    </p>
   </div>
   <div class='ocr_carea' id='block_1_9' title="bbox 137 1102 1757 1177">
    <p class='ocr_par' dir='ltr' id='par_1_9' title="bbox 137 1102 1757 1177">
     <span class='ocr_line' id='line_1_9' title="bbox 137 1102 1757 1177; baseline 0.004 -20"><span class='ocrx_word' id='word_1_66' title='bbox 137 1102 252 1160; x_wconf 71' lang='lat' dir='ltr'><strong>lilii</strong></span> <span class='ocrx_word' id='word_1_67' title='bbox 291 1105 536 1160; x_wconf 68' lang='lat' dir='ltr'><strong>uindicta</strong></span> <span class='ocrx_word' id='word_1_68' title='bbox 561 1144 578 1169; x_wconf 90' lang='lat'><strong>,</strong></span> <span class='ocrx_word' id='word_1_69' title='bbox 627 1113 678 1159; x_wconf 87' lang='lat' dir='ltr'><strong>et</strong></span> <span class='ocrx_word' id='word_1_70' title='bbox 719 1120 813 1177; x_wconf 85' lang='lat' dir='ltr'><strong>ego</strong></span> <span class='ocrx_word' id='word_1_71' title='bbox 847 1106 1166 1171; x_wconf 77' lang='lat' dir='ltr'><strong>retribuam,</strong></span> <span class='ocrx_word' id='word_1_72' title='bbox 1219 1106 1344 1160; x_wconf 88' lang='lat' dir='ltr'><strong>dicit</strong></span> <span class='ocrx_word' id='word_1_73' title='bbox 1386 1105 1675 1173; x_wconf 84' lang='lat' dir='ltr'><strong>Dominus;</strong></span> <span class='ocrx_word' id='word_1_74' title='bbox 1711 1105 1757 1164; x_wconf 84' lang='lat' dir='ltr'><strong>et</strong></span> 
     </span>
    </p>
   </div>
   <div class='ocr_carea' id='block_1_10' title="bbox 147 1192 1755 1281">
    <p class='ocr_par' dir='ltr' id='par_1_10' title="bbox 147 1192 1755 1281">
     <span class='ocr_line' id='line_1_10' title="bbox 147 1192 1755 1281; baseline 0 -19"><span class='ocrx_word' id='word_1_75' title='bbox 147 1210 339 1276; x_wconf 73' lang='lat' dir='ltr'><strong>itm,</strong></span> <span class='ocrx_word' id='word_1_76' title='bbox 369 1208 652 1264; x_wconf 78' lang='lat' dir='ltr'><strong>Judicabit</strong></span> <span class='ocrx_word' id='word_1_77' title='bbox 685 1209 930 1265; x_wconf 74' lang='lat' dir='ltr'><strong>Dominus</strong></span> <span class='ocrx_word' id='word_1_78' title='bbox 956 1192 1399 1281; x_wconf 66' lang='lat' dir='ltr'><strong>populuntsuum.</strong></span> <span class='ocrx_word' id='word_1_79' title='bbox 1434 1209 1755 1274; x_wconf 84' lang='lat' dir='ltr'><strong>incidemus,</strong></span> 
     </span>
    </p>
   </div>
   <div class='ocr_carea' id='block_1_11' title="bbox 144 1302 1753 1373">
    <p class='ocr_par' dir='ltr' id='par_1_11' title="bbox 144 1302 1753 1373">
     <span class='ocr_line' id='line_1_11' title="bbox 144 1302 1753 1373; baseline -0.001 -17"><span class='ocrx_word' id='word_1_80' title='bbox 144 1302 332 1373; x_wconf 84' lang='lat' dir='ltr'><strong>inquit,</strong></span> <span class='ocrx_word' id='word_1_81' title='bbox 361 1304 420 1358; x_wconf 85' lang='lat' dir='ltr'><strong>in</strong></span> <span class='ocrx_word' id='word_1_82' title='bbox 453 1319 656 1359; x_wconf 86' lang='lat' dir='ltr'><strong>manus</strong></span> <span class='ocrx_word' id='word_1_83' title='bbox 680 1303 914 1370; x_wconf 82' lang='lat' dir='ltr'><strong>Domini,</strong></span> <span class='ocrx_word' id='word_1_84' title='bbox 943 1314 1132 1358; x_wconf 88' lang='lat' dir='ltr'><strong>etnon</strong></span> <span class='ocrx_word' id='word_1_85' title='bbox 1158 1303 1210 1357; x_wconf 92' lang='lat' dir='ltr'><strong>in</strong></span> <span class='ocrx_word' id='word_1_86' title='bbox 1243 1319 1432 1358; x_wconf 89' lang='lat' dir='ltr'><strong>manus</strong></span> <span class='ocrx_word' id='word_1_87' title='bbox 1454 1302 1753 1356; x_wconf 83' lang='lat' dir='ltr'><strong>hominum.</strong></span> 
     </span>
    </p>
   </div>
   <div class='ocr_carea' id='block_1_12' title="bbox 143 1391 1757 1467">
    <p class='ocr_par' dir='ltr' id='par_1_12' title="bbox 143 1391 1757 1467">
     <span class='ocr_line' id='line_1_12' title="bbox 143 1391 1757 1467; baseline -0.002 -16"><span class='ocrx_word' id='word_1_88' title='bbox 143 1393 250 1451; x_wconf 83' lang='lat' dir='ltr'><strong>Sed</strong></span> <span class='ocrx_word' id='word_1_89' title='bbox 276 1396 321 1450; x_wconf 96' lang='lat' dir='ltr'><strong>si</strong></span> <span class='ocrx_word' id='word_1_90' title='bbox 347 1411 462 1451; x_wconf 91' lang='lat' dir='ltr'><strong>non</strong></span> <span class='ocrx_word' id='word_1_91' title='bbox 485 1396 666 1467; x_wconf 86' lang='lat' dir='ltr'><strong>agatis</strong></span> <span class='ocrx_word' id='word_1_92' title='bbox 695 1396 1092 1466; x_wconf 62' lang='lat' dir='ltr'><strong>paenitentiam.</strong></span> <span class='ocrx_word' id='word_1_93' title='bbox 1110 1395 1174 1449; x_wconf 86' lang='lat' dir='ltr'><strong>in</strong></span> <span class='ocrx_word' id='word_1_94' title='bbox 1205 1395 1299 1450; x_wconf 83' lang='lat' dir='ltr'><strong>Dei</strong></span> <span class='ocrx_word' id='word_1_95' title='bbox 1326 1408 1519 1449; x_wconf 86' lang='lat' dir='ltr'><strong>manus</strong></span> <span class='ocrx_word' id='word_1_96' title='bbox 1551 1391 1757 1448; x_wconf 89' lang='lat' dir='ltr'><strong>incide-</strong></span> 
     </span>
    </p>
   </div>
   <div class='ocr_carea' id='block_1_13' title="bbox 143 1484 1758 1548">
    <p class='ocr_par' dir='ltr' id='par_1_13' title="bbox 143 1484 1758 1548">
     <span class='ocr_line' id='line_1_13' title="bbox 143 1484 1758 1548; baseline -0.004 -4"><span class='ocrx_word' id='word_1_97' title='bbox 143 1489 210 1544; x_wconf 78' lang='lat' dir='ltr'><strong>tis</strong></span> <span class='ocrx_word' id='word_1_98' title='bbox 238 1507 254 1544; x_wconf 91' lang='lat'>:</span> <span class='ocrx_word' id='word_1_99' title='bbox 281 1489 416 1544; x_wconf 84' lang='lat' dir='ltr'><strong>illud</strong></span> <span class='ocrx_word' id='word_1_100' title='bbox 444 1500 534 1546; x_wconf 83' lang='lat' dir='ltr'><strong>est</strong></span> <span class='ocrx_word' id='word_1_101' title='bbox 558 1489 802 1545; x_wconf 88' lang='lat' dir='ltr'><strong>terribile</strong></span> <span class='ocrx_word' id='word_1_102' title='bbox 835 1505 849 1542; x_wconf 89' lang='lat'><strong>:</strong></span> <span class='ocrx_word' id='word_1_103' title='bbox 881 1488 984 1544; x_wconf 89' lang='lat' dir='ltr'><strong>hoc</strong></span> <span class='ocrx_word' id='word_1_104' title='bbox 1009 1488 1145 1543; x_wconf 84' lang='lat' dir='ltr'><strong>nihil</strong></span> <span class='ocrx_word' id='word_1_105' title='bbox 1164 1497 1268 1548; x_wconf 82' lang='lat' dir='ltr'><strong>est.</strong></span> <span class='ocrx_word' id='word_1_106' title='bbox 1297 1487 1350 1540; x_wconf 92' lang='lat' dir='ltr'><strong>in</strong></span> <span class='ocrx_word' id='word_1_107' title='bbox 1375 1501 1566 1540; x_wconf 87' lang='lat' dir='ltr'><strong>manus</strong></span> <span class='ocrx_word' id='word_1_108' title='bbox 1583 1484 1758 1539; x_wconf 83' lang='lat' dir='ltr'><strong>homi-</strong></span> 
     </span>
    </p>
   </div>
   <div class='ocr_carea' id='block_1_14' title="bbox 141 1576 1756 1650">
    <p class='ocr_par' dir='ltr' id='par_1_14' title="bbox 141 1576 1756 1650">
     <span class='ocr_line' id='line_1_14' title="bbox 141 1576 1756 1650; baseline -0.003 -14"><span class='ocrx_word' id='word_1_109' title='bbox 141 1597 273 1637; x_wconf 86' lang='lat' dir='ltr'><strong>num</strong></span> <span class='ocrx_word' id='word_1_110' title='bbox 294 1582 565 1638; x_wconf 86' lang='lat' dir='ltr'><strong>incidere.</strong></span> <span class='ocrx_word' id='word_1_111' title='bbox 589 1581 816 1649; x_wconf 81' lang='lat' dir='ltr'><strong>Quando</strong></span> <span class='ocrx_word' id='word_1_112' title='bbox 842 1579 1158 1646; x_wconf 82' lang='lat' dir='ltr'><strong>viderimus,</strong></span> <span class='ocrx_word' id='word_1_113' title='bbox 1192 1579 1382 1650; x_wconf 88' lang='lat' dir='ltr'><strong>inquit,</strong></span> <span class='ocrx_word' id='word_1_114' title='bbox 1407 1578 1640 1648; x_wconf 83' lang='lat' dir='ltr'><strong>aliquem</strong></span> <span class='ocrx_word' id='word_1_115' title='bbox 1667 1576 1756 1631; x_wconf 92' lang='lat' dir='ltr'><strong>hic</strong></span> 
     </span>
    </p>
   </div>
   <div class='ocr_carea' id='block_1_15' title="bbox 139 1668 1751 1746">
    <p class='ocr_par' dir='ltr' id='par_1_15' title="bbox 139 1668 1751 1746">
     <span class='ocr_line' id='line_1_15' title="bbox 139 1668 1751 1746; baseline -0.003 -19"><span class='ocrx_word' id='word_1_116' title='bbox 139 1676 324 1746; x_wconf 82' lang='lat' dir='ltr'><strong>puniri</strong></span> <span class='ocrx_word' id='word_1_117' title='bbox 349 1717 367 1739; x_wconf 85' lang='lat'><strong>,</strong></span> <span class='ocrx_word' id='word_1_118' title='bbox 419 1691 488 1731; x_wconf 86' lang='lat' dir='ltr'><strong>ne</strong></span> <span class='ocrx_word' id='word_1_119' title='bbox 537 1676 819 1730; x_wconf 79' lang='lat' dir='ltr'><strong>timeamus</strong></span> <span class='ocrx_word' id='word_1_120' title='bbox 848 1673 1137 1743; x_wconf 61' lang='lat' dir='ltr'><strong>praise-otia</strong></span> <span class='ocrx_word' id='word_1_121' title='bbox 1157 1712 1172 1736; x_wconf 91' lang='lat'><strong>,</strong></span> <span class='ocrx_word' id='word_1_122' title='bbox 1203 1671 1296 1726; x_wconf 88' lang='lat' dir='ltr'><strong>sed</strong></span> <span class='ocrx_word' id='word_1_123' title='bbox 1327 1678 1546 1740; x_wconf 83' lang='lat' dir='ltr'><strong>prepter</strong></span> <span class='ocrx_word' id='word_1_124' title='bbox 1572 1668 1751 1722; x_wconf 89' lang='lat' dir='ltr'><strong>futura</strong></span> 
     </span>
    </p>
   </div>
   <div class='ocr_carea' id='block_1_16' title="bbox 138 1763 1753 1833">
    <p class='ocr_par' dir='ltr' id='par_1_16' title="bbox 138 1763 1753 1833">
     <span class='ocr_line' id='line_1_16' title="bbox 138 1763 1753 1833; baseline -0.002 -13"><span class='ocrx_word' id='word_1_125' title='bbox 138 1767 492 1823; x_wconf 76' lang='lat' dir='ltr'><strong>horreamus.</strong></span> <span class='ocrx_word' id='word_1_126' title='bbox 532 1765 669 1821; x_wconf 79' lang='lat' dir='ltr'><strong>Nam</strong></span> <span class='ocrx_word' id='word_1_127' title='bbox 693 1765 976 1820; x_wconf 79' lang='lat' dir='ltr'><strong>secundum</strong></span> <span class='ocrx_word' id='word_1_128' title='bbox 1005 1763 1409 1818; x_wconf 84' lang='lat' dir='ltr'><strong>misericordiam</strong></span> <span class='ocrx_word' id='word_1_129' title='bbox 1434 1764 1565 1833; x_wconf 83' lang='lat' dir='ltr'><strong>ejus,</strong></span> <span class='ocrx_word' id='word_1_130' title='bbox 1589 1763 1664 1816; x_wconf 85' lang='lat' dir='ltr'><strong>ita</strong></span> <span class='ocrx_word' id='word_1_131' title='bbox 1703 1771 1753 1816; x_wconf 87' lang='lat' dir='ltr'><strong>et</strong></span> 
     </span>
    </p>
   </div>
   <div class='ocr_carea' id='block_1_17' title="bbox 137 1854 1747 1933">
    <p class='ocr_par' dir='ltr' id='par_1_17' title="bbox 137 1854 1747 1933">
     <span class='ocr_line' id='line_1_17' title="bbox 137 1854 1747 1933; baseline -0.003 -18"><span class='ocrx_word' id='word_1_132' title='bbox 137 1864 218 1915; x_wconf 77' lang='lat' dir='ltr'><strong>ira</strong></span> <span class='ocrx_word' id='word_1_133' title='bbox 245 1863 385 1933; x_wconf 78' lang='lat' dir='ltr'><strong>ejus,</strong></span> <span class='ocrx_word' id='word_1_134' title='bbox 415 1870 464 1914; x_wconf 73' lang='lat' dir='ltr'><strong>et</strong></span> <span class='ocrx_word' id='word_1_135' title='bbox 512 1877 667 1928; x_wconf 80' lang='lat' dir='ltr'><strong>super</strong></span> <span class='ocrx_word' id='word_1_136' title='bbox 693 1868 977 1928; x_wconf 81' lang='lat' dir='ltr'><strong>peccatores</strong></span> <span class='ocrx_word' id='word_1_137' title='bbox 1002 1859 1274 1929; x_wconf 82' lang='lat' dir='ltr'><strong>requiescet</strong></span> <span class='ocrx_word' id='word_1_138' title='bbox 1305 1860 1451 1928; x_wconf 74' lang='lat' dir='ltr'><strong>{uror</strong></span> <span class='ocrx_word' id='word_1_139' title='bbox 1480 1857 1590 1926; x_wconf 86' lang='lat' dir='ltr'><strong>ejus</strong></span> <span class='ocrx_word' id='word_1_140' title='bbox 1615 1854 1747 1926; x_wconf 83' lang='lat' dir='ltr'><strong>(Ec-</strong></span> 
     </span>
    </p>
   </div>
   <div class='ocr_carea' id='block_1_18' title="bbox 137 1948 1746 2024">
    <p class='ocr_par' dir='ltr' id='par_1_18' title="bbox 137 1948 1746 2024">
     <span class='ocr_line' id='line_1_18' title="bbox 137 1948 1746 2024; baseline -0.006 -15"><span class='ocrx_word' id='word_1_141' title='bbox 137 1959 225 2010; x_wconf 82' lang='lat' dir='ltr'><strong>eli.</strong></span> <span class='ocrx_word' id='word_1_142' title='bbox 263 1957 318 2011; x_wconf 83' lang='lat'><strong>5.</strong></span> <span class='ocrx_word' id='word_1_143' title='bbox 352 1956 435 2024; x_wconf 87' lang='lat'><strong>7).</strong></span> <span class='ocrx_word' id='word_1_144' title='bbox 487 1953 663 2009; x_wconf 87' lang='lat' dir='ltr'><strong>Simul</strong></span> <span class='ocrx_word' id='word_1_145' title='bbox 689 1953 853 2007; x_wconf 87' lang='lat' dir='ltr'><strong>etiam</strong></span> <span class='ocrx_word' id='word_1_146' title='bbox 883 1952 1028 2006; x_wconf 84' lang='lat' dir='ltr'><strong>aliud</strong></span> <span class='ocrx_word' id='word_1_147' title='bbox 1054 1951 1140 2005; x_wconf 90' lang='lat' dir='ltr'><strong>hic</strong></span> <span class='ocrx_word' id='word_1_148' title='bbox 1167 1951 1328 2004; x_wconf 89' lang='lat' dir='ltr'><strong>tacite</strong></span> <span class='ocrx_word' id='word_1_149' title='bbox 1353 1948 1542 2002; x_wconf 89' lang='lat' dir='ltr'><strong>innuit.</strong></span> <span class='ocrx_word' id='word_1_150' title='bbox 1580 1948 1746 2015; x_wconf 79' lang='lat' dir='ltr'><strong>Mihi,</strong></span> 
     </span>
    </p>
   </div>
   <div class='ocr_carea' id='block_1_19' title="bbox 139 2039 1748 2118">
    <p class='ocr_par' dir='ltr' id='par_1_19' title="bbox 139 2039 1748 2118">
     <span class='ocr_line' id='line_1_19' title="bbox 139 2039 1748 2118; baseline -0.004 -18"><span class='ocrx_word' id='word_1_151' title='bbox 139 2047 338 2118; x_wconf 85' lang='lat' dir='ltr'><strong>inquit,</strong></span> <span class='ocrx_word' id='word_1_152' title='bbox 354 2045 603 2108; x_wconf 73' lang='lat' dir='ltr'><strong>uindicta,</strong></span> <span class='ocrx_word' id='word_1_153' title='bbox 619 2060 710 2116; x_wconf 75' lang='lat' dir='ltr'><strong>ego</strong></span> <span class='ocrx_word' id='word_1_154' title='bbox 732 2053 899 2096; x_wconf 82' lang='lat' dir='ltr'><strong>autent</strong></span> <span class='ocrx_word' id='word_1_155' title='bbox 915 2041 1212 2097; x_wconf 81' lang='lat' dir='ltr'><strong>retribuam.</strong></span> <span class='ocrx_word' id='word_1_156' title='bbox 1234 2039 1345 2094; x_wconf 90' lang='lat' dir='ltr'><strong>lloc</strong></span> <span class='ocrx_word' id='word_1_157' title='bbox 1361 2039 1561 2094; x_wconf 87' lang='lat' dir='ltr'><strong>dictum</strong></span> <span class='ocrx_word' id='word_1_158' title='bbox 1580 2048 1663 2093; x_wconf 89' lang='lat' dir='ltr'><strong>est</strong></span> <span class='ocrx_word' id='word_1_159' title='bbox 1678 2039 1748 2094; x_wconf 86' lang='lat' dir='ltr'><strong>de</strong></span> 
     </span>
    </p>
   </div>
   <div class='ocr_carea' id='block_1_20' title="bbox 140 2130 1747 2208">
    <p class='ocr_par' dir='ltr' id='par_1_20' title="bbox 140 2130 1747 2208">
     <span class='ocr_line' id='line_1_20' title="bbox 140 2130 1747 2208; baseline -0.005 -16"><span class='ocrx_word' id='word_1_160' title='bbox 140 2139 380 2192; x_wconf 84' lang='lat' dir='ltr'><strong>inimicis</strong></span> <span class='ocrx_word' id='word_1_161' title='bbox 399 2138 487 2208; x_wconf 89' lang='lat' dir='ltr'><strong>qui</strong></span> <span class='ocrx_word' id='word_1_162' title='bbox 513 2137 654 2192; x_wconf 88' lang='lat' dir='ltr'><strong>male</strong></span> <span class='ocrx_word' id='word_1_163' title='bbox 681 2137 902 2198; x_wconf 78' lang='lat' dir='ltr'><strong>iaciunt,</strong></span> <span class='ocrx_word' id='word_1_164' title='bbox 920 2149 1029 2188; x_wconf 92' lang='lat' dir='ltr'><strong>non</strong></span> <span class='ocrx_word' id='word_1_165' title='bbox 1060 2133 1128 2188; x_wconf 89' lang='lat' dir='ltr'><strong>de</strong></span> <span class='ocrx_word' id='word_1_166' title='bbox 1152 2132 1217 2186; x_wconf 90' lang='lat' dir='ltr'><strong>iis</strong></span> <span class='ocrx_word' id='word_1_167' title='bbox 1243 2133 1334 2201; x_wconf 87' lang='lat' dir='ltr'><strong>qui</strong></span> <span class='ocrx_word' id='word_1_168' title='bbox 1361 2131 1501 2186; x_wconf 89' lang='lat' dir='ltr'><strong>male</strong></span> <span class='ocrx_word' id='word_1_169' title='bbox 1528 2130 1747 2200; x_wconf 89' lang='lat' dir='ltr'><strong>patiun-</strong></span> 
     </span>
    </p>
   </div>
   <div class='ocr_carea' id='block_1_21' title="bbox 140 2223 1740 2293">
    <p class='ocr_par' dir='ltr' id='par_1_21' title="bbox 140 2223 1740 2293">
     <span class='ocr_line' id='line_1_21' title="bbox 140 2223 1740 2293; baseline -0.004 -8"><span class='ocrx_word' id='word_1_170' title='bbox 140 2243 250 2285; x_wconf 88' lang='lat' dir='ltr'><strong>tur.</strong></span> <span class='ocrx_word' id='word_1_171' title='bbox 285 2230 386 2286; x_wconf 92' lang='lat' dir='ltr'><strong>llic</strong></span> <span class='ocrx_word' id='word_1_172' title='bbox 425 2229 589 2284; x_wconf 88' lang='lat' dir='ltr'><strong>etiam</strong></span> <span class='ocrx_word' id='word_1_173' title='bbox 621 2243 717 2283; x_wconf 89' lang='lat' dir='ltr'><strong>eos</strong></span> <span class='ocrx_word' id='word_1_174' title='bbox 758 2226 1070 2283; x_wconf 79' lang='lat' dir='ltr'><strong>consolatur</strong></span> <span class='ocrx_word' id='word_1_175' title='bbox 1089 2225 1276 2279; x_wconf 88' lang='lat' dir='ltr'><strong>dicens</strong></span> <span class='ocrx_word' id='word_1_176' title='bbox 1304 2223 1692 2293; x_wconf 81' lang='lat' dir='ltr'><strong>propemodum</strong></span> <span class='ocrx_word' id='word_1_177' title='bbox 1725 2241 1740 2279; x_wconf 91' lang='lat'><strong>:</strong></span> 
     </span>
    </p>
   </div>
   <div class='ocr_carea' id='block_1_22' title="bbox 144 2317 1771 2394">
    <p class='ocr_par' dir='ltr' id='par_1_22' title="bbox 144 2317 1771 2394">
     <span class='ocr_line' id='line_1_22' title="bbox 144 2317 1771 2394; baseline -0.005 -16"><span class='ocrx_word' id='word_1_178' title='bbox 144 2325 415 2394; x_wconf 84' lang='lat' dir='ltr'><strong>Perpetuo</strong></span> <span class='ocrx_word' id='word_1_179' title='bbox 448 2331 633 2377; x_wconf 87' lang='lat' dir='ltr'><strong>manet</strong></span> <span class='ocrx_word' id='word_1_180' title='bbox 659 2321 803 2376; x_wconf 88' lang='lat' dir='ltr'><strong>Deus</strong></span> <span class='ocrx_word' id='word_1_181' title='bbox 842 2329 898 2375; x_wconf 92' lang='lat' dir='ltr'><strong>et</strong></span> <span class='ocrx_word' id='word_1_182' title='bbox 927 2320 1058 2373; x_wconf 82' lang='lat' dir='ltr'><strong>vivit</strong></span> <span class='ocrx_word' id='word_1_183' title='bbox 1089 2337 1103 2374; x_wconf 91' lang='lat'>:</span> <span class='ocrx_word' id='word_1_184' title='bbox 1135 2318 1486 2388; x_wconf 88' lang='lat' dir='ltr'><strong>quamobrem</strong></span> <span class='ocrx_word' id='word_1_185' title='bbox 1532 2317 1771 2370; x_wconf 78' lang='lat' dir='ltr'><strong>etiamsi&#39;</strong></span> 
     </span>
    </p>
   </div>
   <div class='ocr_carea' id='block_1_23' title="bbox 144 2410 1744 2486">
    <p class='ocr_par' dir='ltr' id='par_1_23' title="bbox 144 2410 1744 2486">
     <span class='ocr_line' id='line_1_23' title="bbox 144 2410 1744 2486; baseline -0.002 -17"><span class='ocrx_word' id='word_1_186' title='bbox 144 2433 249 2471; x_wconf 90' lang='lat' dir='ltr'><strong>non</strong></span> <span class='ocrx_word' id='word_1_187' title='bbox 275 2432 415 2471; x_wconf 83' lang='lat' dir='ltr'><strong>nunc</strong></span> <span class='ocrx_word' id='word_1_188' title='bbox 438 2416 766 2486; x_wconf 75' lang='lat' dir='ltr'><strong>receperint,</strong></span> <span class='ocrx_word' id='word_1_189' title='bbox 802 2423 986 2483; x_wconf 84' lang='lat' dir='ltr'><strong>postea</strong></span> <span class='ocrx_word' id='word_1_190' title='bbox 1018 2412 1299 2482; x_wconf 86' lang='lat' dir='ltr'><strong>recipient.</strong></span> <span class='ocrx_word' id='word_1_191' title='bbox 1334 2410 1478 2475; x_wconf 86' lang='lat' dir='ltr'><strong>Illos,</strong></span> <span class='ocrx_word' id='word_1_192' title='bbox 1511 2427 1614 2464; x_wconf 92' lang='lat' dir='ltr'><strong>non</strong></span> <span class='ocrx_word' id='word_1_193' title='bbox 1645 2425 1744 2466; x_wconf 87' lang='lat' dir='ltr'><strong>nos</strong></span> 
     </span>
    </p>
   </div>
   <div class='ocr_carea' id='block_1_24' title="bbox 145 2502 1742 2579">
    <p class='ocr_par' dir='ltr' id='par_1_24' title="bbox 145 2502 1742 2579">
     <span class='ocr_line' id='line_1_24' title="bbox 145 2502 1742 2579; baseline -0.002 -18"><span class='ocrx_word' id='word_1_194' title='bbox 145 2518 350 2579; x_wconf 77' lang='lat' dir='ltr'><strong>Oportet</strong></span> <span class='ocrx_word' id='word_1_195' title='bbox 390 2509 746 2576; x_wconf 81' lang='lat' dir='ltr'><strong>ingemiscere</strong></span> <span class='ocrx_word' id='word_1_196' title='bbox 776 2524 790 2558; x_wconf 89' lang='lat'><strong>:</strong></span> <span class='ocrx_word' id='word_1_197' title='bbox 821 2519 944 2559; x_wconf 86' lang='lat' dir='ltr'><strong>nam</strong></span> <span class='ocrx_word' id='word_1_198' title='bbox 976 2519 1076 2558; x_wconf 88' lang='lat' dir='ltr'><strong>nos</strong></span> <span class='ocrx_word' id='word_1_199' title='bbox 1115 2502 1332 2569; x_wconf 85' lang='lat' dir='ltr'><strong>quidem</strong></span> <span class='ocrx_word' id='word_1_200' title='bbox 1362 2502 1660 2558; x_wconf 77' lang='lat' dir='ltr'><strong>incidemus</strong></span> <span class='ocrx_word' id='word_1_201' title='bbox 1690 2503 1742 2558; x_wconf 93' lang='lat' dir='ltr'><strong>in</strong></span> 
     </span>
    </p>
   </div>
   <div class='ocr_carea' id='block_1_25' title="bbox 148 2595 1742 2666">
    <p class='ocr_par' dir='ltr' id='par_1_25' title="bbox 148 2595 1742 2666">
     <span class='ocr_line' id='line_1_25' title="bbox 148 2595 1742 2666; baseline -0.001 -13"><span class='ocrx_word' id='word_1_202' title='bbox 148 2617 334 2656; x_wconf 82' lang='lat' dir='ltr'><strong>manus</strong></span> <span class='ocrx_word' id='word_1_203' title='bbox 365 2601 602 2664; x_wconf 89' lang='lat' dir='ltr'><strong>illorum,</strong></span> <span class='ocrx_word' id='word_1_204' title='bbox 629 2598 702 2652; x_wconf 89' lang='lat' dir='ltr'><strong>illi</strong></span> <span class='ocrx_word' id='word_1_205' title='bbox 731 2608 909 2652; x_wconf 90' lang='lat' dir='ltr'><strong>autem</strong></span> <span class='ocrx_word' id='word_1_206' title='bbox 940 2598 993 2650; x_wconf 93' lang='lat' dir='ltr'><strong>in</strong></span> <span class='ocrx_word' id='word_1_207' title='bbox 1022 2611 1214 2651; x_wconf 87' lang='lat' dir='ltr'><strong>manus</strong></span> <span class='ocrx_word' id='word_1_208' title='bbox 1243 2596 1358 2650; x_wconf 86' lang='lat' dir='ltr'><strong>Dei.</strong></span> <span class='ocrx_word' id='word_1_209' title='bbox 1383 2595 1567 2666; x_wconf 85' lang='lat' dir='ltr'><strong>Neque</strong></span> <span class='ocrx_word' id='word_1_210' title='bbox 1596 2598 1742 2651; x_wconf 87' lang='lat' dir='ltr'><strong>enim</strong></span> 
     </span>
    </p>
   </div>
   <div class='ocr_carea' id='block_1_26' title="bbox 149 2685 1741 2760">
    <p class='ocr_par' dir='ltr' id='par_1_26' title="bbox 149 2685 1741 2760">
     <span class='ocr_line' id='line_1_26' title="bbox 149 2685 1741 2760; baseline -0.001 -16"><span class='ocrx_word' id='word_1_211' title='bbox 149 2692 232 2760; x_wconf 94' lang='lat' dir='ltr'><strong>qui</strong></span> <span class='ocrx_word' id='word_1_212' title='bbox 265 2707 453 2760; x_wconf 88' lang='lat' dir='ltr'><strong>passus</strong></span> <span class='ocrx_word' id='word_1_213' title='bbox 479 2698 562 2746; x_wconf 89' lang='lat' dir='ltr'><strong>est</strong></span> <span class='ocrx_word' id='word_1_214' title='bbox 584 2689 746 2754; x_wconf 88' lang='lat' dir='ltr'><strong>male,</strong></span> <span class='ocrx_word' id='word_1_215' title='bbox 779 2688 999 2758; x_wconf 87' lang='lat' dir='ltr'><strong>patitur,</strong></span> <span class='ocrx_word' id='word_1_216' title='bbox 1028 2686 1124 2742; x_wconf 89' lang='lat' dir='ltr'><strong>sed</strong></span> <span class='ocrx_word' id='word_1_217' title='bbox 1149 2687 1238 2757; x_wconf 91' lang='lat' dir='ltr'><strong>qui</strong></span> <span class='ocrx_word' id='word_1_218' title='bbox 1271 2685 1427 2752; x_wconf 88' lang='lat' dir='ltr'><strong>facit;</strong></span> <span class='ocrx_word' id='word_1_219' title='bbox 1454 2702 1628 2757; x_wconf 91' lang='lat' dir='ltr'><strong>neque</strong></span> <span class='ocrx_word' id='word_1_220' title='bbox 1651 2688 1741 2758; x_wconf 88' lang='lat' dir='ltr'><strong>qui</strong></span> 
     </span>
    </p>
   </div>
   <div class='ocr_carea' id='block_1_27' title="bbox 152 2777 1738 2849">
    <p class='ocr_par' dir='ltr' id='par_1_27' title="bbox 152 2777 1738 2849">
     <span class='ocr_line' id='line_1_27' title="bbox 152 2777 1738 2849; baseline -0.002 -11"><span class='ocrx_word' id='word_1_221' title='bbox 152 2783 404 2839; x_wconf 83' lang='lat' dir='ltr'><strong>beneficio</strong></span> <span class='ocrx_word' id='word_1_222' title='bbox 419 2792 507 2838; x_wconf 91' lang='lat' dir='ltr'><strong>est</strong></span> <span class='ocrx_word' id='word_1_223' title='bbox 520 2782 766 2848; x_wconf 76' lang='lat' dir='ltr'><strong>affectus,</strong></span> <span class='ocrx_word' id='word_1_224' title='bbox 785 2779 1040 2843; x_wconf 84' lang='lat' dir='ltr'><strong>afficitur,</strong></span> <span class='ocrx_word' id='word_1_225' title='bbox 1056 2778 1148 2834; x_wconf 89' lang='lat' dir='ltr'><strong>sed</strong></span> <span class='ocrx_word' id='word_1_226' title='bbox 1166 2779 1254 2849; x_wconf 85' lang='lat' dir='ltr'><strong>qui</strong></span> <span class='ocrx_word' id='word_1_227' title='bbox 1275 2777 1534 2833; x_wconf 80' lang='lat' dir='ltr'><strong>beneﬂcio</strong></span> <span class='ocrx_word' id='word_1_228' title='bbox 1550 2779 1609 2834; x_wconf 97' lang='lat' dir='ltr'><strong>af</strong></span> <span class='ocrx_word' id='word_1_229' title='bbox 1608 2779 1738 2835; x_wconf 78' lang='lat' dir='ltr'><strong>ﬁcit.</strong></span> 
     </span>
    </p>
   </div>
   <div class='ocr_carea' id='block_1_28' title="bbox 216 2871 1740 2943">
    <p class='ocr_par' dir='ltr' id='par_1_28' title="bbox 216 2871 1740 2943">
     <span class='ocr_line' id='line_1_28' title="bbox 216 2871 1740 2943; baseline -0.001 -14"><span class='ocrx_word' id='word_1_230' title='bbox 216 2875 400 2929; x_wconf 80' lang='lat' dir='ltr'><strong>Contra</strong></span> <span class='ocrx_word' id='word_1_231' title='bbox 426 2891 609 2929; x_wconf 74' lang='lat' dir='ltr'><strong>avaros</strong></span> <span class='ocrx_word' id='word_1_232' title='bbox 647 2883 696 2928; x_wconf 88' lang='lat' dir='ltr'><strong>et</strong></span> <span class='ocrx_word' id='word_1_233' title='bbox 737 2874 1064 2943; x_wconf 84' lang='lat' dir='ltr'><strong>pecuniarum</strong></span> <span class='ocrx_word' id='word_1_234' title='bbox 1095 2872 1328 2941; x_wconf 76' lang='lat' dir='ltr'><strong>atpidos.</strong></span> <span class='ocrx_word' id='word_1_235' title='bbox 1355 2901 1426 2910; x_wconf 92' lang='lat'><strong><em>—</em></strong></span> <span class='ocrx_word' id='word_1_236' title='bbox 1454 2871 1580 2926; x_wconf 70' lang='lat' dir='ltr'><strong>&quot;mc</strong></span> <span class='ocrx_word' id='word_1_237' title='bbox 1610 2887 1740 2943; x_wconf 85' lang='lat' dir='ltr'><strong>ergo</strong></span> 
     </span>
    </p>
   </div>
   <div class='ocr_carea' id='block_1_29' title="bbox 153 2963 1735 3034">
    <p class='ocr_par' dir='ltr' id='par_1_29' title="bbox 153 2963 1735 3034">
     <span class='ocr_line' id='line_1_29' title="bbox 153 2963 1735 3034; baseline 0 -15"><span class='ocrx_word' id='word_1_238' title='bbox 153 2981 261 3020; x_wconf 84' lang='lat' dir='ltr'><strong>cum</strong></span> <span class='ocrx_word' id='word_1_239' title='bbox 288 2969 522 3023; x_wconf 81' lang='lat' dir='ltr'><strong>sciamus</strong></span> <span class='ocrx_word' id='word_1_240' title='bbox 545 3009 558 3029; x_wconf 89' lang='lat'><strong>,</strong></span> <span class='ocrx_word' id='word_1_241' title='bbox 595 2966 892 3020; x_wconf 80' lang='lat' dir='ltr'><strong>tolerantes</strong></span> <span class='ocrx_word' id='word_1_242' title='bbox 915 2964 1085 3020; x_wconf 88' lang='lat' dir='ltr'><strong>simus</strong></span> <span class='ocrx_word' id='word_1_243' title='bbox 1118 2963 1184 3018; x_wconf 91' lang='lat' dir='ltr'><strong>ad</strong></span> <span class='ocrx_word' id='word_1_244' title='bbox 1227 2964 1365 3019; x_wconf 90' lang='lat' dir='ltr'><strong>male</strong></span> <span class='ocrx_word' id='word_1_245' title='bbox 1390 2966 1698 3034; x_wconf 88' lang='lat' dir='ltr'><strong>patiendum</strong></span> <span class='ocrx_word' id='word_1_246' title='bbox 1719 3007 1735 3032; x_wconf 90' lang='lat'><strong>,</strong></span> 
     </span>
    </p>
   </div>
   <div class='ocr_carea' id='block_1_30' title="bbox 154 3055 1734 3128">
    <p class='ocr_par' dir='ltr' id='par_1_30' title="bbox 154 3055 1734 3128">
     <span class='ocr_line' id='line_1_30' title="bbox 154 3055 1734 3128; baseline 0 -16"><span class='ocrx_word' id='word_1_247' title='bbox 154 3060 370 3128; x_wconf 82' lang='lat' dir='ltr'><strong>prompti</strong></span> <span class='ocrx_word' id='word_1_248' title='bbox 401 3058 470 3112; x_wconf 89' lang='lat' dir='ltr'><strong>ad</strong></span> <span class='ocrx_word' id='word_1_249' title='bbox 511 3056 984 3112; x_wconf 87' lang='lat' dir='ltr'><strong>benefaciendum.</strong></span> <span class='ocrx_word' id='word_1_250' title='bbox 1016 3055 1142 3110; x_wconf 67' lang='lat' dir='ltr'><strong>llaec</strong></span> <span class='ocrx_word' id='word_1_251' title='bbox 1168 3065 1347 3110; x_wconf 90' lang='lat' dir='ltr'><strong>autem</strong></span> <span class='ocrx_word' id='word_1_252' title='bbox 1380 3066 1539 3109; x_wconf 90' lang='lat' dir='ltr'><strong>erunt</strong></span> <span class='ocrx_word' id='word_1_253' title='bbox 1564 3057 1608 3111; x_wconf 91' lang='lat' dir='ltr'><strong>si</strong></span> <span class='ocrx_word' id='word_1_254' title='bbox 1639 3073 1734 3126; x_wconf 89' lang='lat' dir='ltr'><strong>pe-</strong></span> 
     </span>
    </p>
   </div>
   <div class='ocr_carea' id='block_1_31' title="bbox 153 3146 1735 3219">
    <p class='ocr_par' dir='ltr' id='par_1_31' title="bbox 153 3146 1735 3219">
     <span class='ocr_line' id='line_1_31' title="bbox 153 3146 1735 3219; baseline -0.001 -16"><span class='ocrx_word' id='word_1_255' title='bbox 153 3152 322 3205; x_wconf 84' lang='lat' dir='ltr'><strong>cunias</strong></span> <span class='ocrx_word' id='word_1_256' title='bbox 351 3149 717 3219; x_wconf 89' lang='lat' dir='ltr'><strong>despiciamus</strong></span> <span class='ocrx_word' id='word_1_257' title='bbox 752 3157 808 3202; x_wconf 92' lang='lat' dir='ltr'><strong>et</strong></span> <span class='ocrx_word' id='word_1_258' title='bbox 845 3146 1110 3217; x_wconf 80' lang='lat' dir='ltr'><strong>gloriam:</strong></span> <span class='ocrx_word' id='word_1_259' title='bbox 1143 3147 1231 3215; x_wconf 90' lang='lat' dir='ltr'><strong>qui</strong></span> <span class='ocrx_word' id='word_1_260' title='bbox 1266 3147 1361 3199; x_wconf 91' lang='lat' dir='ltr'><strong>has</strong></span> <span class='ocrx_word' id='word_1_261' title='bbox 1392 3146 1556 3200; x_wconf 91' lang='lat' dir='ltr'><strong>animi</strong></span> <span class='ocrx_word' id='word_1_262' title='bbox 1601 3146 1735 3202; x_wconf 73' lang='lat' dir='ltr'><strong>alle-</strong></span> 
     </span>
    </p>
   </div>
   <div class='ocr_carea' id='block_1_32' title="bbox 151 3237 1736 3304">
    <p class='ocr_par' dir='ltr' id='par_1_32' title="bbox 151 3237 1736 3304">
     <span class='ocr_line' id='line_1_32' title="bbox 151 3237 1736 3304; baseline 0.002 -12"><span class='ocrx_word' id='word_1_263' title='bbox 151 3241 342 3296; x_wconf 81' lang='lat' dir='ltr'><strong>cliones</strong></span> <span class='ocrx_word' id='word_1_264' title='bbox 366 3241 600 3303; x_wconf 81' lang='lat' dir='ltr'><strong>exuerit,</strong></span> <span class='ocrx_word' id='word_1_265' title='bbox 625 3241 732 3296; x_wconf 90' lang='lat' dir='ltr'><strong>erit</strong></span> <span class='ocrx_word' id='word_1_266' title='bbox 755 3239 1006 3295; x_wconf 88' lang='lat' dir='ltr'><strong>omnibus</strong></span> <span class='ocrx_word' id='word_1_267' title='bbox 1025 3238 1335 3293; x_wconf 90' lang='lat' dir='ltr'><strong>hominibus</strong></span> <span class='ocrx_word' id='word_1_268' title='bbox 1357 3237 1657 3304; x_wconf 80' lang='lat' dir='ltr'><strong>liberalior,</strong></span> <span class='ocrx_word' id='word_1_269' title='bbox 1679 3248 1736 3295; x_wconf 89' lang='lat' dir='ltr'><strong>et</strong></span> 
     </span>
    </p>
   </div>
   <div class='ocr_carea' id='block_1_33' title="bbox 151 3329 1733 3403">
    <p class='ocr_par' dir='ltr' id='par_1_33' title="bbox 151 3329 1733 3403">
     <span class='ocr_line' id='line_1_33' title="bbox 151 3329 1733 3403; baseline 0.001 -18"><span class='ocrx_word' id='word_1_270' title='bbox 151 3347 208 3385; x_wconf 88' lang='lat' dir='ltr'><strong>eo</strong></span> <span class='ocrx_word' id='word_1_271' title='bbox 232 3335 342 3403; x_wconf 85' lang='lat' dir='ltr'><strong>ipso</strong></span> <span class='ocrx_word' id='word_1_272' title='bbox 368 3332 458 3403; x_wconf 87' lang='lat' dir='ltr'><strong>qui</strong></span> <span class='ocrx_word' id='word_1_273' title='bbox 505 3345 795 3402; x_wconf 86' lang='lat' dir='ltr'><strong>purpuram</strong></span> <span class='ocrx_word' id='word_1_274' title='bbox 829 3329 1048 3384; x_wconf 89' lang='lat' dir='ltr'><strong>indutus</strong></span> <span class='ocrx_word' id='word_1_275' title='bbox 1087 3340 1171 3385; x_wconf 87' lang='lat' dir='ltr'><strong>est</strong></span> <span class='ocrx_word' id='word_1_276' title='bbox 1212 3330 1398 3384; x_wconf 88' lang='lat' dir='ltr'><strong>ditior.</strong></span> <span class='ocrx_word' id='word_1_277' title='bbox 1430 3330 1547 3384; x_wconf 85' lang='lat' dir='ltr'><strong>Non</strong></span> <span class='ocrx_word' id='word_1_278' title='bbox 1580 3331 1733 3386; x_wconf 88' lang='lat' dir='ltr'><strong>vides</strong></span> 
     </span>
    </p>
   </div>
   <div class='ocr_carea' id='block_1_34' title="bbox 149 3423 1734 3495">
    <p class='ocr_par' dir='ltr' id='par_1_34' title="bbox 149 3423 1734 3495">
     <span class='ocr_line' id='line_1_34' title="bbox 149 3423 1734 3495; baseline -0.001 -15"><span class='ocrx_word' id='word_1_279' title='bbox 149 3439 265 3494; x_wconf 81' lang='lat' dir='ltr'><strong>quot</strong></span> <span class='ocrx_word' id='word_1_280' title='bbox 287 3428 423 3481; x_wconf 89' lang='lat' dir='ltr'><strong>mala</strong></span> <span class='ocrx_word' id='word_1_281' title='bbox 450 3426 580 3479; x_wconf 90' lang='lat' dir='ltr'><strong>fiant</strong></span> <span class='ocrx_word' id='word_1_282' title='bbox 606 3432 828 3495; x_wconf 83' lang='lat' dir='ltr'><strong>prepter</strong></span> <span class='ocrx_word' id='word_1_283' title='bbox 855 3423 1150 3494; x_wconf 85' lang='lat' dir='ltr'><strong>pecunias?</strong></span> <span class='ocrx_word' id='word_1_284' title='bbox 1181 3437 1285 3476; x_wconf 90' lang='lat' dir='ltr'><strong>non</strong></span> <span class='ocrx_word' id='word_1_285' title='bbox 1311 3423 1432 3478; x_wconf 87' lang='lat' dir='ltr'><strong>dico</strong></span> <span class='ocrx_word' id='word_1_286' title='bbox 1453 3439 1572 3492; x_wconf 80' lang='lat' dir='ltr'><strong>quae</strong></span> <span class='ocrx_word' id='word_1_287' title='bbox 1601 3424 1734 3478; x_wconf 90' lang='lat' dir='ltr'><strong>fiunt</strong></span> 
     </span>
    </p>
   </div>
   <div class='ocr_carea' id='block_1_35' title="bbox 150 3515 1732 3586">
    <p class='ocr_par' dir='ltr' id='par_1_35' title="bbox 150 3515 1732 3586">
     <span class='ocr_line' id='line_1_35' title="bbox 150 3515 1732 3586; baseline 0.002 -16"><span class='ocrx_word' id='word_1_288' title='bbox 150 3528 353 3586; x_wconf 78' lang='lat' dir='ltr'><strong>pmpter</strong></span> <span class='ocrx_word' id='word_1_289' title='bbox 377 3518 661 3573; x_wconf 81' lang='lat' dir='ltr'><strong>avaritiam</strong></span> <span class='ocrx_word' id='word_1_290' title='bbox 691 3526 744 3571; x_wconf 90' lang='lat' dir='ltr'><strong>et</strong></span> <span class='ocrx_word' id='word_1_291' title='bbox 782 3515 930 3585; x_wconf 90' lang='lat' dir='ltr'><strong>plura</strong></span> <span class='ocrx_word' id='word_1_292' title='bbox 958 3516 1205 3571; x_wconf 85' lang='lat' dir='ltr'><strong>habendi</strong></span> <span class='ocrx_word' id='word_1_293' title='bbox 1232 3515 1602 3585; x_wconf 85' lang='lat' dir='ltr'><strong>cupiditatem,</strong></span> <span class='ocrx_word' id='word_1_294' title='bbox 1634 3517 1732 3573; x_wconf 87' lang='lat' dir='ltr'><strong>sed</strong></span> 
     </span>
    </p>
   </div>
   <div class='ocr_carea' id='block_1_36' title="bbox 148 3607 1732 3680">
    <p class='ocr_par' dir='ltr' id='par_1_36' title="bbox 148 3607 1732 3680">
     <span class='ocr_line' id='line_1_36' title="bbox 148 3607 1732 3680; baseline 0.001 -18"><span class='ocrx_word' id='word_1_295' title='bbox 148 3625 255 3676; x_wconf 62' lang='lat' dir='ltr'><strong>qum</strong></span> <span class='ocrx_word' id='word_1_296' title='bbox 283 3610 333 3664; x_wconf 92' lang='lat' dir='ltr'><strong>in</strong></span> <span class='ocrx_word' id='word_1_297' title='bbox 362 3610 476 3680; x_wconf 85' lang='lat' dir='ltr'><strong>ipsa</strong></span> <span class='ocrx_word' id='word_1_298' title='bbox 508 3625 626 3677; x_wconf 68' lang='lat' dir='ltr'><strong>qua:</strong></span> <span class='ocrx_word' id='word_1_299' title='bbox 669 3625 732 3663; x_wconf 85' lang='lat' dir='ltr'><strong>ex</strong></span> <span class='ocrx_word' id='word_1_300' title='bbox 766 3609 832 3662; x_wconf 78' lang='lat' dir='ltr'><strong>iis</strong></span> <span class='ocrx_word' id='word_1_301' title='bbox 867 3607 1076 3662; x_wconf 77' lang='lat' dir='ltr'><strong>exsistit</strong></span> <span class='ocrx_word' id='word_1_302' title='bbox 1101 3608 1383 3662; x_wconf 67' lang='lat' dir='ltr'><strong>affectione</strong></span> <span class='ocrx_word' id='word_1_303' title='bbox 1410 3627 1421 3662; x_wconf 91' lang='lat'><strong>:</strong></span> <span class='ocrx_word' id='word_1_304' title='bbox 1454 3619 1516 3664; x_wconf 89' lang='lat' dir='ltr'><strong>ut&#39;</strong></span> <span class='ocrx_word' id='word_1_305' title='bbox 1548 3626 1732 3664; x_wconf 87' lang='lat' dir='ltr'><strong>exem-</strong></span> 
     </span>
    </p>
   </div>
   <div class='ocr_carea' id='block_1_37' title="bbox 148 3700 1724 3772">
    <p class='ocr_par' dir='ltr' id='par_1_37' title="bbox 148 3700 1724 3772">
     <span class='ocr_line' id='line_1_37' title="bbox 148 3700 1724 3772; baseline -0.003 -15"><span class='ocrx_word' id='word_1_306' title='bbox 148 3703 210 3770; x_wconf 84' lang='lat' dir='ltr'><strong>pli</strong></span> <span class='ocrx_word' id='word_1_307' title='bbox 231 3718 410 3766; x_wconf 83' lang='lat' dir='ltr'><strong>causa,</strong></span> <span class='ocrx_word' id='word_1_308' title='bbox 439 3702 486 3757; x_wconf 91' lang='lat' dir='ltr'><strong>si</strong></span> <span class='ocrx_word' id='word_1_309' title='bbox 517 3701 785 3772; x_wconf 85' lang='lat' dir='ltr'><strong>quispiam</strong></span> <span class='ocrx_word' id='word_1_310' title='bbox 817 3701 1058 3754; x_wconf 88' lang='lat' dir='ltr'><strong>amiserit</strong></span> <span class='ocrx_word' id='word_1_311' title='bbox 1086 3701 1339 3769; x_wconf 87' lang='lat' dir='ltr'><strong>pecunias</strong></span> <span class='ocrx_word' id='word_1_312' title='bbox 1361 3741 1374 3762; x_wconf 94' lang='lat'><strong>,</strong></span> <span class='ocrx_word' id='word_1_313' title='bbox 1406 3701 1534 3754; x_wconf 86' lang='lat' dir='ltr'><strong>vivit</strong></span> <span class='ocrx_word' id='word_1_314' title='bbox 1560 3700 1724 3754; x_wconf 86' lang='lat' dir='ltr'><strong>vitam</strong></span> 
     </span>
    </p>
   </div>
   <div class='ocr_carea' id='block_1_38' title="bbox 147 3791 1726 3864">
    <p class='ocr_par' dir='ltr' id='par_1_38' title="bbox 147 3791 1726 3864">
     <span class='ocr_line' id='line_1_38' title="bbox 147 3791 1726 3864; baseline -0.002 -15"><span class='ocrx_word' id='word_1_315' title='bbox 147 3796 319 3862; x_wconf 77' lang='lat' dir='ltr'><strong>quavis</strong></span> <span class='ocrx_word' id='word_1_316' title='bbox 356 3803 533 3848; x_wconf 90' lang='lat' dir='ltr'><strong>morte</strong></span> <span class='ocrx_word' id='word_1_317' title='bbox 570 3793 894 3864; x_wconf 78' lang='lat' dir='ltr'><strong>graviorem.</strong></span> <span class='ocrx_word' id='word_1_318' title='bbox 929 3793 1064 3857; x_wconf 87' lang='lat' dir='ltr'><strong>Quid</strong></span> <span class='ocrx_word' id='word_1_319' title='bbox 1097 3792 1283 3857; x_wconf 88' lang='lat' dir='ltr'><strong>doles,</strong></span> <span class='ocrx_word' id='word_1_320' title='bbox 1317 3807 1351 3846; x_wconf 91' lang='grc' dir='ltr'>ο</span> <span class='ocrx_word' id='word_1_321' title='bbox 1380 3791 1563 3855; x_wconf 87' lang='lat' dir='ltr'><strong>homo,</strong></span> <span class='ocrx_word' id='word_1_322' title='bbox 1600 3792 1726 3861; x_wconf 91' lang='lat' dir='ltr'><strong>quid</strong></span> 
     </span>
    </p>
   </div>
   <div class='ocr_carea' id='block_1_39' title="bbox 148 3883 1730 3956">
    <p class='ocr_par' dir='ltr' id='par_1_39' title="bbox 148 3883 1730 3956">
     <span class='ocr_line' id='line_1_39' title="bbox 148 3883 1730 3956; baseline 0.001 -18"><span class='ocrx_word' id='word_1_323' title='bbox 148 3885 487 3956; x_wconf 81' lang='lat' dir='ltr'><strong>lacrymaris?</strong></span> <span class='ocrx_word' id='word_1_324' title='bbox 528 3885 670 3954; x_wconf 88' lang='lat' dir='ltr'><strong>quod</strong></span> <span class='ocrx_word' id='word_1_325' title='bbox 704 3894 752 3937; x_wconf 92' lang='lat' dir='ltr'><strong>te</strong></span> <span class='ocrx_word' id='word_1_326' title='bbox 789 3885 932 3939; x_wconf 83' lang='lat' dir='ltr'><strong>Deus</strong></span> <span class='ocrx_word' id='word_1_327' title='bbox 968 3899 996 3936; x_wconf 89' lang='lat' dir='ltr'><strong>a</strong></span> <span class='ocrx_word' id='word_1_328' title='bbox 1041 3895 1436 3952; x_wconf 87' lang='lat' dir='ltr'><strong>supervacanea</strong></span> <span class='ocrx_word' id='word_1_329' title='bbox 1487 3883 1730 3940; x_wconf 73' lang='lat' dir='ltr'><strong>liberarii</strong></span> 
     </span>
    </p>
   </div>
   <div class='ocr_carea' id='block_1_40' title="bbox 149 3976 1727 4046">
    <p class='ocr_par' dir='ltr' id='par_1_40' title="bbox 149 3976 1727 4046">
     <span class='ocr_line' id='line_1_40' title="bbox 149 3976 1727 4046; baseline 0 -14"><span class='ocrx_word' id='word_1_330' title='bbox 149 3979 411 4032; x_wconf 81' lang='lat' dir='ltr'><strong>custodia?</strong></span> <span class='ocrx_word' id='word_1_331' title='bbox 431 3978 575 4046; x_wconf 88' lang='lat' dir='ltr'><strong>quod</strong></span> <span class='ocrx_word' id='word_1_332' title='bbox 599 3993 702 4030; x_wconf 93' lang='lat' dir='ltr'><strong>non</strong></span> <span class='ocrx_word' id='word_1_333' title='bbox 722 3977 912 4031; x_wconf 85' lang='lat' dir='ltr'><strong>sedeas</strong></span> <span class='ocrx_word' id='word_1_334' title='bbox 932 3985 1168 4030; x_wconf 88' lang='lat' dir='ltr'><strong>tremens</strong></span> <span class='ocrx_word' id='word_1_335' title='bbox 1185 3987 1233 4030; x_wconf 88' lang='lat' dir='ltr'><strong>et</strong></span> <span class='ocrx_word' id='word_1_336' title='bbox 1251 3976 1480 4029; x_wconf 83' lang='lat' dir='ltr'><strong>timens?</strong></span> <span class='ocrx_word' id='word_1_337' title='bbox 1502 3977 1727 4044; x_wconf 85' lang='lat' dir='ltr'><strong>Deinde,</strong></span> 
     </span>
    </p>
   </div>
   <div class='ocr_carea' id='block_1_41' title="bbox 153 4067 1728 4139">
    <p class='ocr_par' dir='ltr' id='par_1_41' title="bbox 153 4067 1728 4139">
     <span class='ocr_line' id='line_1_41' title="bbox 153 4067 1728 4139; baseline 0.001 -19"><span class='ocrx_word' id='word_1_338' title='bbox 153 4069 190 4122; x_wconf 81' lang='lat' dir='ltr'><strong>si</strong></span> <span class='ocrx_word' id='word_1_339' title='bbox 213 4071 325 4139; x_wconf 85' lang='lat' dir='ltr'><strong>quis</strong></span> <span class='ocrx_word' id='word_1_340' title='bbox 357 4081 407 4125; x_wconf 89' lang='lat' dir='ltr'><strong>te</strong></span> <span class='ocrx_word' id='word_1_341' title='bbox 448 4071 684 4139; x_wconf 86' lang='lat' dir='ltr'><strong>alligarit</strong></span> <span class='ocrx_word' id='word_1_342' title='bbox 713 4069 991 4133; x_wconf 82' lang='lat' dir='ltr'><strong>thesauro,</strong></span> <span class='ocrx_word' id='word_1_343' title='bbox 1017 4067 1214 4135; x_wconf 84' lang='lat' dir='ltr'><strong>jubens</strong></span> <span class='ocrx_word' id='word_1_344' title='bbox 1245 4068 1354 4120; x_wconf 88' lang='lat' dir='ltr'><strong>illic</strong></span> <span class='ocrx_word' id='word_1_345' title='bbox 1383 4068 1573 4120; x_wconf 79' lang='lat' dir='ltr'><strong>sedere</strong></span> <span class='ocrx_word' id='word_1_346' title='bbox 1604 4083 1728 4136; x_wconf 88' lang='lat' dir='ltr'><strong>pcr-</strong></span> 
     </span>
    </p>
   </div>
   <div class='ocr_carea' id='block_1_42' title="bbox 154 4160 1731 4232">
    <p class='ocr_par' dir='ltr' id='par_1_42' title="bbox 154 4160 1731 4232">
     <span class='ocr_line' id='line_1_42' title="bbox 154 4160 1731 4232; baseline -0.001 -16"><span class='ocrx_word' id='word_1_347' title='bbox 154 4172 298 4230; x_wconf 84' lang='lat' dir='ltr'><strong>petuo</strong></span> <span class='ocrx_word' id='word_1_348' title='bbox 320 4174 372 4217; x_wconf 78' lang='lat' dir='ltr'><strong>et</strong></span> <span class='ocrx_word' id='word_1_349' title='bbox 396 4165 621 4232; x_wconf 87' lang='lat' dir='ltr'><strong>vigilare</strong></span> <span class='ocrx_word' id='word_1_350' title='bbox 661 4178 756 4230; x_wconf 90' lang='lat' dir='ltr'><strong>pro</strong></span> <span class='ocrx_word' id='word_1_351' title='bbox 791 4161 1012 4223; x_wconf 85' lang='lat' dir='ltr'><strong>alienis,</strong></span> <span class='ocrx_word' id='word_1_352' title='bbox 1044 4161 1196 4215; x_wconf 83' lang='lat' dir='ltr'><strong>doles</strong></span> <span class='ocrx_word' id='word_1_353' title='bbox 1238 4170 1290 4214; x_wconf 89' lang='lat' dir='ltr'><strong>et</strong></span> <span class='ocrx_word' id='word_1_354' title='bbox 1314 4176 1461 4228; x_wconf 68' lang='lat' dir='ltr'><strong>gcgre</strong></span> <span class='ocrx_word' id='word_1_355' title='bbox 1495 4160 1600 4214; x_wconf 87' lang='lat' dir='ltr'><strong>fers</strong></span> <span class='ocrx_word' id='word_1_356' title='bbox 1629 4179 1641 4214; x_wconf 88' lang='lat'><strong>:</strong></span> <span class='ocrx_word' id='word_1_357' title='bbox 1679 4171 1731 4214; x_wconf 92' lang='lat' dir='ltr'><strong>tu</strong></span> 
     </span>
    </p>
   </div>
   <div class='ocr_carea' id='block_1_43' title="bbox 157 4253 1732 4325">
    <p class='ocr_par' dir='ltr' id='par_1_43' title="bbox 157 4253 1732 4325">
     <span class='ocr_line' id='line_1_43' title="bbox 157 4253 1732 4325; baseline -0.001 -16"><span class='ocrx_word' id='word_1_358' title='bbox 157 4265 313 4310; x_wconf 66' lang='lat' dir='ltr'><strong>autem</strong></span> <span class='ocrx_word' id='word_1_359' title='bbox 357 4272 480 4311; x_wconf 87' lang='lat' dir='ltr'><strong>cum</strong></span> <span class='ocrx_word' id='word_1_360' title='bbox 529 4257 760 4325; x_wconf 81' lang='lat' dir='ltr'><strong>teipsmn</strong></span> <span class='ocrx_word' id='word_1_361' title='bbox 811 4254 1048 4323; x_wconf 72' lang='lat' dir='ltr'><strong>alligaris</strong></span> <span class='ocrx_word' id='word_1_362' title='bbox 1087 4253 1426 4322; x_wconf 77' lang='lat' dir='ltr'><strong>gravissimis</strong></span> <span class='ocrx_word' id='word_1_363' title='bbox 1472 4253 1732 4320; x_wconf 84' lang='lat' dir='ltr'><strong>vinculis,</strong></span> 
     </span>
    </p>
   </div>
   <div class='ocr_carea' id='block_1_44' title="bbox 157 4345 1735 4414">
    <p class='ocr_par' dir='ltr' id='par_1_44' title="bbox 157 4345 1735 4414">
     <span class='ocr_line' id='line_1_44' title="bbox 157 4345 1735 4414; baseline 0 -14"><span class='ocrx_word' id='word_1_364' title='bbox 157 4349 349 4414; x_wconf 82' lang='lat' dir='ltr'><strong>quando</strong></span> <span class='ocrx_word' id='word_1_365' title='bbox 376 4365 404 4403; x_wconf 90' lang='lat' dir='ltr'><strong>a</strong></span> <span class='ocrx_word' id='word_1_366' title='bbox 433 4349 696 4403; x_wconf 88' lang='lat' dir='ltr'><strong>servitute</strong></span> <span class='ocrx_word' id='word_1_367' title='bbox 737 4347 999 4400; x_wconf 88' lang='lat' dir='ltr'><strong>liberatus</strong></span> <span class='ocrx_word' id='word_1_368' title='bbox 1030 4362 1107 4410; x_wconf 89' lang='lat' dir='ltr'><strong>cs,</strong></span> <span class='ocrx_word' id='word_1_369' title='bbox 1137 4346 1327 4399; x_wconf 82' lang='lat' dir='ltr'><strong>doles?</strong></span> <span class='ocrx_word' id='word_1_370' title='bbox 1356 4347 1559 4400; x_wconf 81' lang='lat' dir='ltr'><strong>Revera</strong></span> <span class='ocrx_word' id='word_1_371' title='bbox 1594 4345 1735 4400; x_wconf 81' lang='lat' dir='ltr'><strong>anti-</strong></span> 
     </span>
    </p>
   </div>
   <div class='ocr_carea' id='block_1_45' title="bbox 158 4437 1735 4508">
    <p class='ocr_par' dir='ltr' id='par_1_45' title="bbox 158 4437 1735 4508">
     <span class='ocr_line' id='line_1_45' title="bbox 158 4437 1735 4508; baseline -0.001 -17"><span class='ocrx_word' id='word_1_372' title='bbox 158 4439 328 4507; x_wconf 73' lang='lat' dir='ltr'><strong>eipata:</strong></span> <span class='ocrx_word' id='word_1_373' title='bbox 359 4439 633 4508; x_wconf 85' lang='lat' dir='ltr'><strong>opinionis</strong></span> <span class='ocrx_word' id='word_1_374' title='bbox 679 4446 804 4492; x_wconf 88' lang='lat' dir='ltr'><strong>sunt</strong></span> <span class='ocrx_word' id='word_1_375' title='bbox 839 4437 1058 4491; x_wconf 84' lang='lat' dir='ltr'><strong>dolores</strong></span> <span class='ocrx_word' id='word_1_376' title='bbox 1098 4447 1150 4490; x_wconf 89' lang='lat' dir='ltr'><strong>et</strong></span> <span class='ocrx_word' id='word_1_377' title='bbox 1191 4437 1378 4505; x_wconf 83' lang='lat' dir='ltr'><strong>gaudia</strong></span> <span class='ocrx_word' id='word_1_378' title='bbox 1417 4454 1428 4488; x_wconf 91' lang='lat'><strong>:</strong></span> <span class='ocrx_word' id='word_1_379' title='bbox 1465 4446 1735 4504; x_wconf 76' lang='lat' dir='ltr'><strong>tamquam</strong></span> 
     </span>
    </p>
   </div>
   <div class='ocr_carea' id='block_1_46' title="bbox 159 4528 1736 4594">
    <p class='ocr_par' dir='ltr' id='par_1_46' title="bbox 159 4528 1736 4594">
     <span class='ocr_line' id='line_1_46' title="bbox 159 4528 1736 4594; baseline 0 -12"><span class='ocrx_word' id='word_1_380' title='bbox 159 4534 284 4584; x_wconf 88' lang='lat' dir='ltr'><strong>cnim</strong></span> <span class='ocrx_word' id='word_1_381' title='bbox 311 4533 573 4586; x_wconf 79' lang='lat' dir='ltr'><strong>habentes</strong></span> <span class='ocrx_word' id='word_1_382' title='bbox 596 4531 792 4594; x_wconf 87' lang='lat' dir='ltr'><strong>aliena,</strong></span> <span class='ocrx_word' id='word_1_383' title='bbox 816 4531 894 4583; x_wconf 69' lang='lat' dir='ltr'><strong>sic</strong></span> <span class='ocrx_word' id='word_1_384' title='bbox 919 4544 1011 4582; x_wconf 86' lang='lat' dir='ltr'><strong>eas</strong></span> <span class='ocrx_word' id='word_1_385' title='bbox 1033 4529 1382 4581; x_wconf 78' lang='lat' dir='ltr'><strong>custodimus.</strong></span> <span class='ocrx_word' id='word_1_386' title='bbox 1405 4528 1553 4582; x_wconf 77' lang='lat' dir='ltr'><strong>Nunc</strong></span> <span class='ocrx_word' id='word_1_387' title='bbox 1576 4529 1736 4582; x_wconf 86' lang='lat' dir='ltr'><strong>verba</strong></span> 
     </span>
    </p>
   </div>
   <div class='ocr_carea' id='block_1_47' title="bbox 160 4619 1736 4689">
    <p class='ocr_par' dir='ltr' id='par_1_47' title="bbox 160 4619 1736 4689">
     <span class='ocr_line' id='line_1_47' title="bbox 160 4619 1736 4689; baseline -0.001 -17"><span class='ocrx_word' id='word_1_388' title='bbox 160 4622 272 4674; x_wconf 83' lang='lat' dir='ltr'><strong>mihi</strong></span> <span class='ocrx_word' id='word_1_389' title='bbox 297 4624 358 4676; x_wconf 88' lang='lat' dir='ltr'><strong>ad</strong></span> <span class='ocrx_word' id='word_1_390' title='bbox 389 4623 667 4675; x_wconf 85' lang='lat' dir='ltr'><strong>mulieres.</strong></span> <span class='ocrx_word' id='word_1_391' title='bbox 693 4621 848 4689; x_wconf 81' lang='lat' dir='ltr'><strong>Sa-pe</strong></span> <span class='ocrx_word' id='word_1_392' title='bbox 878 4619 1035 4673; x_wconf 84' lang='lat' dir='ltr'><strong>habet</strong></span> <span class='ocrx_word' id='word_1_393' title='bbox 1063 4620 1254 4672; x_wconf 83' lang='lat' dir='ltr'><strong>mulier</strong></span> <span class='ocrx_word' id='word_1_394' title='bbox 1275 4619 1506 4684; x_wconf 78' lang='lat' dir='ltr'><strong>aliquam</strong></span> <span class='ocrx_word' id='word_1_395' title='bbox 1535 4629 1736 4672; x_wconf 77' lang='lat' dir='ltr'><strong>vestem</strong></span> 
     </span>
    </p>
   </div>
   <div class='ocr_carea' id='block_1_48' title="bbox 162 4710 1737 4777">
    <p class='ocr_par' dir='ltr' id='par_1_48' title="bbox 162 4710 1737 4777">
     <span class='ocr_line' id='line_1_48' title="bbox 162 4710 1737 4777; baseline -0.003 -11"><span class='ocrx_word' id='word_1_396' title='bbox 162 4729 217 4767; x_wconf 79' lang='lat' dir='ltr'><strong>ex</strong></span> <span class='ocrx_word' id='word_1_397' title='bbox 245 4731 369 4769; x_wconf 85' lang='lat' dir='ltr'><strong>auro</strong></span> <span class='ocrx_word' id='word_1_398' title='bbox 394 4720 745 4777; x_wconf 62' lang='lat' dir='ltr'><strong>contextaim</strong></span> <span class='ocrx_word' id='word_1_399' title='bbox 781 4720 838 4766; x_wconf 89' lang='lat' dir='ltr'><strong>et</strong></span> <span class='ocrx_word' id='word_1_400' title='bbox 863 4726 980 4765; x_wconf 85' lang='lat' dir='ltr'><strong>ean:</strong></span> <span class='ocrx_word' id='word_1_401' title='bbox 1021 4713 1295 4772; x_wconf 90' lang='lat' dir='ltr'><strong>concutit,</strong></span> <span class='ocrx_word' id='word_1_402' title='bbox 1339 4710 1446 4762; x_wconf 91' lang='lat' dir='ltr'><strong>lino</strong></span> <span class='ocrx_word' id='word_1_403' title='bbox 1479 4710 1702 4762; x_wconf 89' lang='lat' dir='ltr'><strong>involvit</strong></span> <span class='ocrx_word' id='word_1_404' title='bbox 1724 4751 1737 4774; x_wconf 95' lang='lat'><strong>,</strong></span> 
     </span>
    </p>
   </div>
   <div class='ocr_carea' id='block_1_49' title="bbox 165 4801 1738 4877">
    <p class='ocr_par' dir='ltr' id='par_1_49' title="bbox 165 4801 1738 4877">
     <span class='ocr_line' id='line_1_49' title="bbox 165 4801 1738 4877; baseline -0.003 -18"><span class='ocrx_word' id='word_1_405' title='bbox 165 4807 431 4877; x_wconf 81' lang='lat' dir='ltr'><strong>diligenter</strong></span> <span class='ocrx_word' id='word_1_406' title='bbox 471 4804 737 4870; x_wconf 86' lang='lat' dir='ltr'><strong>custodit,</strong></span> <span class='ocrx_word' id='word_1_407' title='bbox 772 4801 837 4857; x_wconf 90' lang='lat' dir='ltr'><strong>de</strong></span> <span class='ocrx_word' id='word_1_408' title='bbox 867 4817 927 4856; x_wconf 90' lang='lat' dir='ltr'><strong>ea</strong></span> <span class='ocrx_word' id='word_1_409' title='bbox 973 4803 1126 4856; x_wconf 88' lang='lat' dir='ltr'><strong>timet</strong></span> <span class='ocrx_word' id='word_1_410' title='bbox 1169 4811 1218 4856; x_wconf 90' lang='lat' dir='ltr'><strong>et</strong></span> <span class='ocrx_word' id='word_1_411' title='bbox 1265 4817 1324 4855; x_wconf 89' lang='lat' dir='ltr'><strong>ea</strong></span> <span class='ocrx_word' id='word_1_412' title='bbox 1359 4817 1462 4855; x_wconf 91' lang='lat' dir='ltr'><strong>non</strong></span> <span class='ocrx_word' id='word_1_413' title='bbox 1508 4801 1738 4855; x_wconf 81' lang='lat' dir='ltr'><strong>fruitur:</strong></span> 
     </span>
    </p>
   </div>
   <div class='ocr_carea' id='block_1_50' title="bbox 166 4893 1739 4959">
    <p class='ocr_par' dir='ltr' id='par_1_50' title="bbox 166 4893 1739 4959">
     <span class='ocr_line' id='line_1_50' title="bbox 166 4893 1739 4959; baseline -0.001 -10"><span class='ocrx_word' id='word_1_414' title='bbox 166 4907 244 4952; x_wconf 86' lang='lat' dir='ltr'><strong>aut</strong></span> <span class='ocrx_word' id='word_1_415' title='bbox 271 4899 407 4953; x_wconf 86' lang='lat' dir='ltr'><strong>enim</strong></span> <span class='ocrx_word' id='word_1_416' title='bbox 452 4897 704 4959; x_wconf 89' lang='lat' dir='ltr'><strong>moritur,</strong></span> <span class='ocrx_word' id='word_1_417' title='bbox 754 4901 845 4947; x_wconf 90' lang='lat' dir='ltr'><strong>aut</strong></span> <span class='ocrx_word' id='word_1_418' title='bbox 886 4893 942 4946; x_wconf 89' lang='lat' dir='ltr'><strong>fit</strong></span> <span class='ocrx_word' id='word_1_419' title='bbox 981 4894 1173 4958; x_wconf 85' lang='lat' dir='ltr'><strong>vidua;</strong></span> <span class='ocrx_word' id='word_1_420' title='bbox 1220 4903 1309 4947; x_wconf 90' lang='lat' dir='ltr'><strong>aut</strong></span> <span class='ocrx_word' id='word_1_421' title='bbox 1353 4894 1561 4948; x_wconf 88' lang='lat' dir='ltr'><strong>etiamsi</strong></span> <span class='ocrx_word' id='word_1_422' title='bbox 1609 4893 1739 4948; x_wconf 81' lang='lat' dir='ltr'><strong>nihil</strong></span> 
     </span>
    </p>
   </div>
   <div class='ocr_carea' id='block_1_51' title="bbox 169 4987 1737 5056">
    <p class='ocr_par' dir='ltr' id='par_1_51' title="bbox 169 4987 1737 5056">
     <span class='ocr_line' id='line_1_51' title="bbox 169 4987 1737 5056; baseline 0 -15"><span class='ocrx_word' id='word_1_423' title='bbox 169 4990 339 5046; x_wconf 88' lang='lat' dir='ltr'><strong>horum</strong></span> <span class='ocrx_word' id='word_1_424' title='bbox 369 4991 610 5052; x_wconf 89' lang='lat' dir='ltr'><strong>accidat,</strong></span> <span class='ocrx_word' id='word_1_425' title='bbox 645 4988 839 5041; x_wconf 89' lang='lat' dir='ltr'><strong>timens</strong></span> <span class='ocrx_word' id='word_1_426' title='bbox 872 5003 938 5040; x_wconf 89' lang='lat' dir='ltr'><strong>ne</strong></span> <span class='ocrx_word' id='word_1_427' title='bbox 970 4987 1234 5056; x_wconf 86' lang='lat' dir='ltr'><strong>frequenti</strong></span> <span class='ocrx_word' id='word_1_428' title='bbox 1265 5004 1360 5041; x_wconf 78' lang='lat' dir='ltr'><strong>usu</strong></span> <span class='ocrx_word' id='word_1_429' title='bbox 1391 5003 1506 5041; x_wconf 90' lang='lat' dir='ltr'><strong>eam</strong></span> <span class='ocrx_word' id='word_1_430' title='bbox 1548 5001 1737 5041; x_wconf 85' lang='lat' dir='ltr'><strong>consu-</strong></span> 
     </span>
    </p>
   </div>
   <div class='ocr_carea' id='block_1_52' title="bbox 171 5079 1742 5151">
    <p class='ocr_par' dir='ltr' id='par_1_52' title="bbox 171 5079 1742 5151">
     <span class='ocr_line' id='line_1_52' title="bbox 171 5079 1742 5151; baseline -0.001 -15"><span class='ocrx_word' id='word_1_431' title='bbox 171 5100 336 5146; x_wconf 83' lang='lat' dir='ltr'><strong>mens,</strong></span> <span class='ocrx_word' id='word_1_432' title='bbox 364 5085 599 5151; x_wconf 75' lang='lat' dir='ltr'><strong>seipsnm</strong></span> <span class='ocrx_word' id='word_1_433' title='bbox 628 5080 834 5151; x_wconf 85' lang='lat' dir='ltr'><strong>privet;</strong></span> <span class='ocrx_word' id='word_1_434' title='bbox 875 5089 927 5133; x_wconf 88' lang='lat' dir='ltr'><strong>et</strong></span> <span class='ocrx_word' id='word_1_435' title='bbox 972 5081 1014 5133; x_wconf 89' lang='lat' dir='ltr'><strong>si</strong></span> <span class='ocrx_word' id='word_1_436' title='bbox 1057 5079 1193 5134; x_wconf 89' lang='lat' dir='ltr'><strong>alius</strong></span> <span class='ocrx_word' id='word_1_437' title='bbox 1225 5096 1330 5133; x_wconf 92' lang='lat' dir='ltr'><strong>non</strong></span> <span class='ocrx_word' id='word_1_438' title='bbox 1358 5081 1593 5143; x_wconf 84' lang='lat' dir='ltr'><strong>auferat.</strong></span> <span class='ocrx_word' id='word_1_439' title='bbox 1638 5081 1742 5135; x_wconf 69' lang='lat' dir='ltr'><strong>seio</strong></span> 
     </span>
    </p>
   </div>
   <div class='ocr_carea' id='block_1_53' title="bbox 173 5171 1740 5245">
    <p class='ocr_par' dir='ltr' id='par_1_53' title="bbox 173 5171 1740 5245">
     <span class='ocr_line' id='line_1_53' title="bbox 173 5171 1740 5245; baseline 0 -19"><span class='ocrx_word' id='word_1_440' title='bbox 173 5189 301 5240; x_wconf 84' lang='lat' dir='ltr'><strong>psam</strong></span> <span class='ocrx_word' id='word_1_441' title='bbox 325 5176 492 5245; x_wconf 86' lang='lat' dir='ltr'><strong>privat</strong></span> <span class='ocrx_word' id='word_1_442' title='bbox 521 5171 871 5242; x_wconf 88' lang='lat' dir='ltr'><strong>parcimonia.</strong></span> <span class='ocrx_word' id='word_1_443' title='bbox 904 5172 970 5223; x_wconf 79' lang='lat' dir='ltr'><strong>At</strong></span> <span class='ocrx_word' id='word_1_444' title='bbox 1000 5185 1118 5225; x_wconf 88' lang='lat' dir='ltr'><strong>eam</strong></span> <span class='ocrx_word' id='word_1_445' title='bbox 1146 5172 1297 5226; x_wconf 89' lang='lat' dir='ltr'><strong>alteri</strong></span> <span class='ocrx_word' id='word_1_446' title='bbox 1324 5172 1608 5226; x_wconf 80' lang='lat' dir='ltr'><strong>concedit?</strong></span> <span class='ocrx_word' id='word_1_447' title='bbox 1637 5171 1740 5228; x_wconf 90' lang='lat' dir='ltr'><strong>Sed</strong></span> 
     </span>
    </p>
   </div>
   <div class='ocr_carea' id='block_1_54' title="bbox 176 5263 1742 5334">
    <p class='ocr_par' dir='ltr' id='par_1_54' title="bbox 176 5263 1742 5334">
     <span class='ocr_line' id='line_1_54' title="bbox 176 5263 1742 5334; baseline 0.001 -18"><span class='ocrx_word' id='word_1_448' title='bbox 176 5280 324 5334; x_wconf 77' lang='lat' dir='ltr'><strong>neque</strong></span> <span class='ocrx_word' id='word_1_449' title='bbox 345 5277 421 5322; x_wconf 90' lang='lat' dir='ltr'><strong>est</strong></span> <span class='ocrx_word' id='word_1_450' title='bbox 447 5267 548 5320; x_wconf 83' lang='lat' dir='ltr'><strong>hoc</strong></span> <span class='ocrx_word' id='word_1_451' title='bbox 575 5264 800 5318; x_wconf 87' lang='lat' dir='ltr'><strong>evidens</strong></span> <span class='ocrx_word' id='word_1_452' title='bbox 824 5280 835 5313; x_wconf 94' lang='lat'><strong>:</strong></span> <span class='ocrx_word' id='word_1_453' title='bbox 866 5263 908 5315; x_wconf 89' lang='lat' dir='ltr'><strong>si</strong></span> <span class='ocrx_word' id='word_1_454' title='bbox 934 5267 1111 5316; x_wconf 78' lang='lat' dir='ltr'><strong>autem</strong></span> <span class='ocrx_word' id='word_1_455' title='bbox 1141 5264 1492 5329; x_wconf 85' lang='lat' dir='ltr'><strong>concesserit,</strong></span> <span class='ocrx_word' id='word_1_456' title='bbox 1518 5279 1579 5318; x_wconf 90' lang='lat' dir='ltr'><strong>ea</strong></span> <span class='ocrx_word' id='word_1_457' title='bbox 1608 5279 1742 5332; x_wconf 89' lang='lat' dir='ltr'><strong>quo-</strong></span> 
     </span>
    </p>
   </div>
   <div class='ocr_carea' id='block_1_55' title="bbox 177 5354 1742 5424">
    <p class='ocr_par' dir='ltr' id='par_1_55' title="bbox 177 5354 1742 5424">
     <span class='ocr_line' id='line_1_55' title="bbox 177 5354 1742 5424; baseline 0.001 -18"><span class='ocrx_word' id='word_1_458' title='bbox 177 5373 261 5423; x_wconf 84' lang='lat' dir='ltr'><strong>que</strong></span> <span class='ocrx_word' id='word_1_459' title='bbox 288 5373 463 5411; x_wconf 88' lang='lat' dir='ltr'><strong>rursus</strong></span> <span class='ocrx_word' id='word_1_460' title='bbox 491 5357 742 5410; x_wconf 87' lang='lat' dir='ltr'><strong>similiter</strong></span> <span class='ocrx_word' id='word_1_461' title='bbox 779 5365 979 5408; x_wconf 86' lang='lat' dir='ltr'><strong>utetur.</strong></span> <span class='ocrx_word' id='word_1_462' title='bbox 1007 5354 1070 5408; x_wconf 81' lang='lat' dir='ltr'><strong>Et</strong></span> <span class='ocrx_word' id='word_1_463' title='bbox 1099 5355 1140 5408; x_wconf 90' lang='lat' dir='ltr'><strong>si</strong></span> <span class='ocrx_word' id='word_1_464' title='bbox 1170 5355 1448 5424; x_wconf 81' lang='lat' dir='ltr'><strong>quisquam</strong></span> <span class='ocrx_word' id='word_1_465' title='bbox 1477 5365 1742 5410; x_wconf 85' lang='lat' dir='ltr'><strong>scrutetur</strong></span> 
     </span>
    </p>
   </div>
   <div class='ocr_carea' id='block_1_56' title="bbox 177 5447 1745 5516">
    <p class='ocr_par' dir='ltr' id='par_1_56' title="bbox 177 5447 1745 5516">
     <span class='ocr_line' id='line_1_56' title="bbox 177 5447 1745 5516; baseline 0.002 -16"><span class='ocrx_word' id='word_1_466' title='bbox 177 5464 226 5500; x_wconf 86' lang='lat' dir='ltr'><strong>ea</strong></span> <span class='ocrx_word' id='word_1_467' title='bbox 254 5465 362 5516; x_wconf 73' lang='lat' dir='ltr'><strong>qum</strong></span> <span class='ocrx_word' id='word_1_468' title='bbox 385 5459 507 5504; x_wconf 90' lang='lat' dir='ltr'><strong>sunt</strong></span> <span class='ocrx_word' id='word_1_469' title='bbox 533 5450 584 5502; x_wconf 87' lang='lat' dir='ltr'><strong>in</strong></span> <span class='ocrx_word' id='word_1_470' title='bbox 613 5447 824 5501; x_wconf 70' lang='lat' dir='ltr'><strong>mdibus</strong></span> <span class='ocrx_word' id='word_1_471' title='bbox 845 5487 860 5509; x_wconf 91' lang='lat'><strong>,</strong></span> <span class='ocrx_word' id='word_1_472' title='bbox 891 5447 1126 5500; x_wconf 78' lang='lat' dir='ltr'><strong>inveniet</strong></span> <span class='ocrx_word' id='word_1_473' title='bbox 1154 5456 1334 5501; x_wconf 88' lang='lat' dir='ltr'><strong>vestes</strong></span> <span class='ocrx_word' id='word_1_474' title='bbox 1362 5449 1593 5502; x_wconf 80' lang='lat' dir='ltr'><strong>maxime</strong></span> <span class='ocrx_word' id='word_1_475' title='bbox 1627 5464 1745 5516; x_wconf 71' lang='lat' dir='ltr'><strong>pre~</strong></span> 
     </span>
    </p>
   </div>
   <div class='ocr_carea' id='block_1_57' title="bbox 181 5538 1744 5610">
    <p class='ocr_par' dir='ltr' id='par_1_57' title="bbox 181 5538 1744 5610">
     <span class='ocr_line' id='line_1_57' title="bbox 181 5538 1744 5610; baseline 0.003 -20"><span class='ocrx_word' id='word_1_476' title='bbox 181 5543 318 5594; x_wconf 79' lang='lat' dir='ltr'><strong>tiosas</strong></span> <span class='ocrx_word' id='word_1_477' title='bbox 341 5551 392 5596; x_wconf 89' lang='lat' dir='ltr'><strong>ct</strong></span> <span class='ocrx_word' id='word_1_478' title='bbox 417 5543 516 5595; x_wconf 91' lang='lat' dir='ltr'><strong>alia</strong></span> <span class='ocrx_word' id='word_1_479' title='bbox 558 5539 835 5610; x_wconf 85' lang='lat' dir='ltr'><strong>exquisita</strong></span> <span class='ocrx_word' id='word_1_480' title='bbox 867 5539 1056 5607; x_wconf 80' lang='lat' dir='ltr'><strong>majori</strong></span> <span class='ocrx_word' id='word_1_481' title='bbox 1086 5538 1286 5592; x_wconf 90' lang='lat' dir='ltr'><strong>honore</strong></span> <span class='ocrx_word' id='word_1_482' title='bbox 1307 5538 1442 5599; x_wconf 87' lang='lat' dir='ltr'><strong>coli,</strong></span> <span class='ocrx_word' id='word_1_483' title='bbox 1475 5549 1744 5608; x_wconf 87' lang='lat' dir='ltr'><strong>tamquam</strong></span> 
     </span>
    </p>
   </div>
   <div class='ocr_carea' id='block_1_58' title="bbox 184 5630 1744 5699">
    <p class='ocr_par' dir='ltr' id='par_1_58' title="bbox 184 5630 1744 5699">
     <span class='ocr_line' id='line_1_58' title="bbox 184 5630 1744 5699; baseline 0.001 -15"><span class='ocrx_word' id='word_1_484' title='bbox 184 5631 393 5689; x_wconf 85' lang='lat' dir='ltr'><strong>dominos</strong></span> <span class='ocrx_word' id='word_1_485' title='bbox 432 5635 701 5688; x_wconf 89' lang='lat' dir='ltr'><strong>animatos</strong></span> <span class='ocrx_word' id='word_1_486' title='bbox 734 5649 748 5683; x_wconf 92' lang='lat'>:</span> <span class='ocrx_word' id='word_1_487' title='bbox 787 5645 961 5699; x_wconf 86' lang='lat' dir='ltr'><strong>neque</strong></span> <span class='ocrx_word' id='word_1_488' title='bbox 1002 5630 1143 5684; x_wconf 88' lang='lat' dir='ltr'><strong>enim</strong></span> <span class='ocrx_word' id='word_1_489' title='bbox 1185 5631 1264 5685; x_wconf 90' lang='lat' dir='ltr'><strong>eis</strong></span> <span class='ocrx_word' id='word_1_490' title='bbox 1300 5630 1516 5685; x_wconf 86' lang='lat' dir='ltr'><strong>assidue</strong></span> <span class='ocrx_word' id='word_1_491' title='bbox 1558 5631 1744 5695; x_wconf 88' lang='lat' dir='ltr'><strong>utitur,</strong></span> 
     </span>
    </p>
   </div>
   <div class='ocr_carea' id='block_1_59' title="bbox 184 5721 1748 5792">
    <p class='ocr_par' dir='ltr' id='par_1_59' title="bbox 184 5721 1748 5792">
     <span class='ocr_line' id='line_1_59' title="bbox 184 5721 1748 5792; baseline -0.002 -15"><span class='ocrx_word' id='word_1_492' title='bbox 184 5724 254 5777; x_wconf 76' lang='lat' dir='ltr'><strong>sed</strong></span> <span class='ocrx_word' id='word_1_493' title='bbox 280 5725 413 5781; x_wconf 85' lang='lat' dir='ltr'><strong>timet</strong></span> <span class='ocrx_word' id='word_1_494' title='bbox 437 5737 484 5783; x_wconf 91' lang='lat' dir='ltr'><strong>et</strong></span> <span class='ocrx_word' id='word_1_495' title='bbox 511 5725 719 5790; x_wconf 85' lang='lat' dir='ltr'><strong>tremit,</strong></span> <span class='ocrx_word' id='word_1_496' title='bbox 751 5723 924 5776; x_wconf 91' lang='lat' dir='ltr'><strong>tineas</strong></span> <span class='ocrx_word' id='word_1_497' title='bbox 946 5731 1000 5776; x_wconf 89' lang='lat' dir='ltr'><strong>et</strong></span> <span class='ocrx_word' id='word_1_498' title='bbox 1020 5722 1121 5775; x_wconf 90' lang='lat' dir='ltr'><strong>alia</strong></span> <span class='ocrx_word' id='word_1_499' title='bbox 1146 5739 1266 5792; x_wconf 79' lang='lat' dir='ltr'><strong>qua:</strong></span> <span class='ocrx_word' id='word_1_500' title='bbox 1288 5722 1464 5776; x_wconf 89' lang='lat' dir='ltr'><strong>solent</strong></span> <span class='ocrx_word' id='word_1_501' title='bbox 1485 5721 1748 5775; x_wconf 77' lang='lat' dir='ltr'><strong>excedere</strong></span> 
     </span>
    </p>
   </div>
   <div class='ocr_carea' id='block_1_60' title="bbox 184 5812 1747 5892">
    <p class='ocr_par' dir='ltr' id='par_1_60' title="bbox 184 5812 1747 5892">
     <span class='ocr_line' id='line_1_60' title="bbox 184 5812 1747 5892; baseline 0.001 -28"><span class='ocrx_word' id='word_1_502' title='bbox 184 5815 382 5888; x_wconf 72' lang='lat' dir='ltr'><strong>abigens,</strong></span> <span class='ocrx_word' id='word_1_503' title='bbox 409 5827 461 5876; x_wconf 83' lang='lat' dir='ltr'><strong>ct</strong></span> <span class='ocrx_word' id='word_1_504' title='bbox 485 5818 641 5892; x_wconf 87' lang='lat' dir='ltr'><strong>plura</strong></span> <span class='ocrx_word' id='word_1_505' title='bbox 675 5829 893 5887; x_wconf 87' lang='lat' dir='ltr'><strong>ponens</strong></span> <span class='ocrx_word' id='word_1_506' title='bbox 920 5814 972 5870; x_wconf 94' lang='lat' dir='ltr'><strong>in</strong></span> <span class='ocrx_word' id='word_1_507' title='bbox 1003 5813 1284 5884; x_wconf 82' lang='lat' dir='ltr'><strong>unguentis</strong></span> <span class='ocrx_word' id='word_1_508' title='bbox 1312 5822 1364 5870; x_wconf 91' lang='lat' dir='ltr'><strong>ct</strong></span> <span class='ocrx_word' id='word_1_509' title='bbox 1395 5812 1747 5883; x_wconf 85' lang='lat' dir='ltr'><strong>aromatibus,</strong></span> 
     </span>
    </p>
   </div>
   <div class='ocr_carea' id='block_1_61' title="bbox 3351 368 3453 423">
    <p class='ocr_par' dir='ltr' id='par_1_61' title="bbox 3351 368 3453 423">
     <span class='ocr_line' id='line_1_61' title="bbox 3351 368 3453 423; baseline 0 -1"><span class='ocrx_word' id='word_1_510' title='bbox 3351 368 3453 423; x_wconf 74' lang='lat' dir='ltr'><strong>HG</strong></span> 
     </span>
    </p>
   </div>
   <div class='ocr_carea' id='block_1_62' title="bbox 3443 450 3470 475">
    <p class='ocr_par' dir='ltr' id='par_1_62' title="bbox 3443 450 3470 475">
     <span class='ocr_line' id='line_1_62' title="bbox 3443 450 3470 475; baseline 0 0"><span class='ocrx_word' id='word_1_511' title='bbox 3443 450 3470 475; x_wconf 58' lang='grc'><strong>0</strong></span> 
     </span>
    </p>
   </div>
   <div class='ocr_carea' id='block_1_63' title="bbox 1855 467 3457 557">
    <p class='ocr_par' dir='ltr' id='par_1_63' title="bbox 1855 467 3457 557">
     <span class='ocr_line' id='line_1_63' title="bbox 1855 467 3457 557; baseline 0.017 -42"><span class='ocrx_word' id='word_1_512' title='bbox 1855 475 2030 532; x_wconf 89' lang='lat' dir='ltr'><strong>neque</strong></span> <span class='ocrx_word' id='word_1_513' title='bbox 2059 467 2379 541; x_wconf 81' lang='lat' dir='ltr'><strong>permittens</strong></span> <span class='ocrx_word' id='word_1_514' title='bbox 2419 470 2672 527; x_wconf 89' lang='lat' dir='ltr'><strong>omnibus</strong></span> <span class='ocrx_word' id='word_1_515' title='bbox 2702 480 2760 528; x_wconf 91' lang='lat' dir='ltr'><strong>ut</strong></span> <span class='ocrx_word' id='word_1_516' title='bbox 2795 487 2859 531; x_wconf 87' lang='lat' dir='ltr'><strong>ea</strong></span> <span class='ocrx_word' id='word_1_517' title='bbox 2897 475 3116 534; x_wconf 90' lang='lat' dir='ltr'><strong>illorum</strong></span> <span class='ocrx_word' id='word_1_518' title='bbox 3161 483 3333 540; x_wconf 84' lang='lat' dir='ltr'><strong>oculis</strong></span> <span class='ocrx_word' id='word_1_519' title='bbox 3361 467 3457 557; x_wconf 45' lang='lat' dir='ltr'><strong>pa;</strong></span> 
     </span>
    </p>
   </div>
   <div class='ocr_carea' id='block_1_64' title="bbox 1853 554 3456 644">
    <p class='ocr_par' dir='ltr' id='par_1_64' title="bbox 1853 554 3456 644">
     <span class='ocr_line' id='line_1_64' title="bbox 1853 554 3456 644; baseline 0.017 -37"><span class='ocrx_word' id='word_1_520' title='bbox 1853 561 2019 619; x_wconf 89' lang='lat' dir='ltr'><strong>teant,</strong></span> <span class='ocrx_word' id='word_1_521' title='bbox 2050 554 2145 610; x_wconf 88' lang='lat' dir='ltr'><strong>sed</strong></span> <span class='ocrx_word' id='word_1_522' title='bbox 2189 556 2300 626; x_wconf 85' lang='lat' dir='ltr'><strong>ipsa</strong></span> <span class='ocrx_word' id='word_1_523' title='bbox 2332 573 2478 629; x_wconf 67' lang='lat' dir='ltr'><strong>stepe</strong></span> <span class='ocrx_word' id='word_1_524' title='bbox 2506 575 2631 618; x_wconf 89' lang='lat' dir='ltr'><strong>cum</strong></span> <span class='ocrx_word' id='word_1_525' title='bbox 2665 565 2860 622; x_wconf 88' lang='lat' dir='ltr'><strong>marito</strong></span> <span class='ocrx_word' id='word_1_526' title='bbox 2886 582 2950 624; x_wconf 88' lang='lat' dir='ltr'><strong>ea</strong></span> <span class='ocrx_word' id='word_1_527' title='bbox 2981 569 3272 644; x_wconf 74' lang='lat' dir='ltr'><strong>diligenter</strong></span> <span class='ocrx_word' id='word_1_528' title='bbox 3298 554 3456 632; x_wconf 79' lang='lat' dir='ltr'><strong>com-</strong></span> 
     </span>
    </p>
   </div>
   <div class='ocr_carea' id='block_1_65' title="bbox 1847 649 2581 715">
    <p class='ocr_par' dir='ltr' id='par_1_65' title="bbox 1847 649 2581 715">
     <span class='ocr_line' id='line_1_65' title="bbox 1847 649 2581 715; baseline 0.011 -16"><span class='ocrx_word' id='word_1_529' title='bbox 1847 659 2054 715; x_wconf 89' lang='lat' dir='ltr'><strong>ponens</strong></span> <span class='ocrx_word' id='word_1_530' title='bbox 2081 655 2136 702; x_wconf 90' lang='lat' dir='ltr'><strong>et</strong></span> <span class='ocrx_word' id='word_1_531' title='bbox 2164 649 2519 706; x_wconf 91' lang='lat' dir='ltr'><strong>concinnans.</strong></span> <span class='ocrx_word' id='word_1_532' title='bbox 2577 676 2581 680; x_wconf 89' lang='grc'><strong>·</strong></span> 
     </span>
    </p>
   </div>
   <div class='ocr_carea' id='block_1_66' title="bbox 1939 748 3482 820">
    <p class='ocr_par' dir='ltr' id='par_1_66' title="bbox 1939 748 3482 820">
     <span class='ocr_line' id='line_1_66' title="bbox 1939 748 3482 820; baseline -0.001 -12"><span class='ocrx_word' id='word_1_533' title='bbox 1939 751 1993 808; x_wconf 78' lang='lat'><strong>5.</strong></span> <span class='ocrx_word' id='word_1_534' title='bbox 2024 751 2216 806; x_wconf 83' lang='lat' dir='ltr'><strong>Annon</strong></span> <span class='ocrx_word' id='word_1_535' title='bbox 2239 749 2379 820; x_wconf 82' lang='lat' dir='ltr'><strong>jure,</strong></span> <span class='ocrx_word' id='word_1_536' title='bbox 2401 750 2490 805; x_wconf 90' lang='lat' dir='ltr'><strong>dic</strong></span> <span class='ocrx_word' id='word_1_537' title='bbox 2515 749 2670 815; x_wconf 89' lang='lat' dir='ltr'><strong>mihi,</strong></span> <span class='ocrx_word' id='word_1_538' title='bbox 2701 749 3068 806; x_wconf 89' lang='lat' dir='ltr'><strong>idololatriam</strong></span> <span class='ocrx_word' id='word_1_539' title='bbox 3095 751 3304 808; x_wconf 87' lang='lat' dir='ltr'><strong>vocavit</strong></span> <span class='ocrx_word' id='word_1_540' title='bbox 3330 748 3482 810; x_wconf 84' lang='lat' dir='ltr'><strong>Pau-</strong></span> 
     </span>
    </p>
   </div>
   <div class='ocr_carea' id='block_1_67' title="bbox 1865 839 3477 908">
    <p class='ocr_par' dir='ltr' id='par_1_67' title="bbox 1865 839 3477 908">
     <span class='ocr_line' id='line_1_67' title="bbox 1865 839 3477 908; baseline -0.001 -12"><span class='ocrx_word' id='word_1_541' title='bbox 1865 842 1953 898; x_wconf 88' lang='lat' dir='ltr'><strong>lus</strong></span> <span class='ocrx_word' id='word_1_542' title='bbox 1996 841 2277 896; x_wconf 87' lang='lat' dir='ltr'><strong>avaritiam</strong></span> <span class='ocrx_word' id='word_1_543' title='bbox 2301 840 2324 894; x_wconf 66' lang='grc' dir='ltr'><em>ἲ</em></span> <span class='ocrx_word' id='word_1_544' title='bbox 2347 840 2521 908; x_wconf 83' lang='lat' dir='ltr'><strong>Quem</strong></span> <span class='ocrx_word' id='word_1_545' title='bbox 2559 839 2704 895; x_wconf 90' lang='lat' dir='ltr'><strong>enim</strong></span> <span class='ocrx_word' id='word_1_546' title='bbox 2739 841 2814 895; x_wconf 90' lang='lat' dir='ltr'><strong>illi</strong></span> <span class='ocrx_word' id='word_1_547' title='bbox 2848 842 3107 899; x_wconf 89' lang='lat' dir='ltr'><strong>honorem</strong></span> <span class='ocrx_word' id='word_1_548' title='bbox 3149 844 3477 901; x_wconf 79' lang='lat' dir='ltr'><strong>exhibentes</strong></span> 
     </span>
    </p>
   </div>
   <div class='ocr_carea' id='block_1_68' title="bbox 1862 918 3474 1009">
    <p class='ocr_par' dir='ltr' id='par_1_68' title="bbox 1862 918 3474 1009">
     <span class='ocr_line' id='line_1_68' title="bbox 1862 918 3474 1009; baseline 0.002 -21"><span class='ocrx_word' id='word_1_549' title='bbox 1862 932 2023 988; x_wconf 91' lang='lat' dir='ltr'><strong>idolis</strong></span> <span class='ocrx_word' id='word_1_550' title='bbox 2041 973 2057 998; x_wconf 92' lang='lat'><strong>,</strong></span> <span class='ocrx_word' id='word_1_551' title='bbox 2089 948 2213 988; x_wconf 81' lang='lat' dir='ltr'><strong>eum</strong></span> <span class='ocrx_word' id='word_1_552' title='bbox 2246 932 2334 991; x_wconf 70' lang='lat' dir='ltr'><strong>is&#39;ti</strong></span> <span class='ocrx_word' id='word_1_553' title='bbox 2360 948 2574 1004; x_wconf 88' lang='lat' dir='ltr'><strong>quoque</strong></span> <span class='ocrx_word' id='word_1_554' title='bbox 2603 918 2842 989; x_wconf 82' lang='lat' dir='ltr'><strong>vestibus</strong></span> <span class='ocrx_word' id='word_1_555' title='bbox 2868 945 2922 990; x_wconf 91' lang='lat' dir='ltr'><strong>et</strong></span> <span class='ocrx_word' id='word_1_556' title='bbox 2945 935 3149 992; x_wconf 89' lang='lat' dir='ltr'><strong>aureis.</strong></span> <span class='ocrx_word' id='word_1_557' title='bbox 3178 937 3474 1009; x_wconf 84' lang='lat' dir='ltr'><strong>Quousque</strong></span> 
     </span>
    </p>
   </div>
   <div class='ocr_carea' id='block_1_69' title="bbox 1862 1026 3457 1104">
    <p class='ocr_par' dir='ltr' id='par_1_69' title="bbox 1862 1026 3457 1104">
     <span class='ocr_line' id='line_1_69' title="bbox 1862 1026 3457 1104; baseline 0.003 -25"><span class='ocrx_word' id='word_1_558' title='bbox 1862 1039 2078 1080; x_wconf 71' lang='lat' dir='ltr'><strong>omnum</strong></span> <span class='ocrx_word' id='word_1_559' title='bbox 2149 1035 2436 1080; x_wconf 86' lang='lat' dir='ltr'><strong>movemus</strong></span> <span class='ocrx_word' id='word_1_560' title='bbox 2464 1026 2488 1080; x_wconf 85' lang='lat'><strong>?</strong></span> <span class='ocrx_word' id='word_1_561' title='bbox 2558 1041 2842 1097; x_wconf 88' lang='lat' dir='ltr'><strong>quousque</strong></span> <span class='ocrx_word' id='word_1_562' title='bbox 2869 1027 2982 1083; x_wconf 90' lang='lat' dir='ltr'><strong>luto</strong></span> <span class='ocrx_word' id='word_1_563' title='bbox 3010 1037 3064 1083; x_wconf 91' lang='lat' dir='ltr'><strong>ct</strong></span> <span class='ocrx_word' id='word_1_564' title='bbox 3095 1028 3351 1086; x_wconf 87' lang='lat' dir='ltr'><strong>lateribus</strong></span> <span class='ocrx_word' id='word_1_565' title='bbox 3383 1029 3457 1104; x_wconf 83' lang='lat' dir='ltr'><strong>af-</strong></span> 
     </span>
    </p>
   </div>
   <div class='ocr_carea' id='block_1_70' title="bbox 1866 1113 3465 1192">
    <p class='ocr_par' dir='ltr' id='par_1_70' title="bbox 1866 1113 3465 1192">
     <span class='ocr_line' id='line_1_70' title="bbox 1866 1113 3465 1192; baseline 0.006 -24"><span class='ocrx_word' id='word_1_566' title='bbox 1866 1113 1952 1169; x_wconf 87' lang='lat' dir='ltr'><strong>fixi</strong></span> <span class='ocrx_word' id='word_1_567' title='bbox 1980 1128 2199 1170; x_wconf 83' lang='lat' dir='ltr'><strong>sumus;</strong></span> <span class='ocrx_word' id='word_1_568' title='bbox 2252 1113 2405 1170; x_wconf 89' lang='lat' dir='ltr'><strong>Sicut</strong></span> <span class='ocrx_word' id='word_1_569' title='bbox 2438 1113 2582 1172; x_wconf 90' lang='lat' dir='ltr'><strong>enim</strong></span> <span class='ocrx_word' id='word_1_570' title='bbox 2619 1116 2697 1171; x_wconf 88' lang='lat' dir='ltr'><strong>illi</strong></span> <span class='ocrx_word' id='word_1_571' title='bbox 2731 1117 3051 1174; x_wconf 87' lang='lat' dir='ltr'><strong>laborabant</strong></span> <span class='ocrx_word' id='word_1_572' title='bbox 3083 1118 3465 1192; x_wconf 64' lang='lat' dir='ltr'><strong>Egyptiorum</strong></span> 
     </span>
    </p>
   </div>
   <div class='ocr_carea' id='block_1_71' title="bbox 1862 1208 3472 1286">
    <p class='ocr_par' dir='ltr' id='par_1_71' title="bbox 1862 1208 3472 1286">
     <span class='ocr_line' id='line_1_71' title="bbox 1862 1208 3472 1286; baseline 0.006 -25"><span class='ocrx_word' id='word_1_573' title='bbox 1862 1209 2009 1280; x_wconf 89' lang='lat' dir='ltr'><strong>regi,</strong></span> <span class='ocrx_word' id='word_1_574' title='bbox 2041 1208 2114 1266; x_wconf 81' lang='lat' dir='ltr'><strong>ita</strong></span> <span class='ocrx_word' id='word_1_575' title='bbox 2147 1208 2310 1264; x_wconf 85' lang='lat' dir='ltr'><strong>etiam</strong></span> <span class='ocrx_word' id='word_1_576' title='bbox 2342 1223 2444 1264; x_wconf 89' lang='lat' dir='ltr'><strong>nos</strong></span> <span class='ocrx_word' id='word_1_577' title='bbox 2470 1209 2780 1266; x_wconf 81' lang='lat' dir='ltr'><strong>laboramus</strong></span> <span class='ocrx_word' id='word_1_578' title='bbox 2805 1211 3041 1276; x_wconf 89' lang='lat' dir='ltr'><strong>diabolo.</strong></span> <span class='ocrx_word' id='word_1_579' title='bbox 3073 1223 3126 1269; x_wconf 90' lang='lat' dir='ltr'><strong>et</strong></span> <span class='ocrx_word' id='word_1_580' title='bbox 3153 1214 3334 1286; x_wconf 84' lang='lat' dir='ltr'><strong>ﬂagris</strong></span> <span class='ocrx_word' id='word_1_581' title='bbox 3359 1231 3472 1272; x_wconf 71' lang='lat' dir='ltr'><strong>cm-</strong></span> 
     </span>
    </p>
   </div>
   <div class='ocr_carea' id='block_1_72' title="bbox 1858 1300 3464 1378">
    <p class='ocr_par' dir='ltr' id='par_1_72' title="bbox 1858 1300 3464 1378">
     <span class='ocr_line' id='line_1_72' title="bbox 1858 1300 3464 1378; baseline 0.004 -21"><span class='ocrx_word' id='word_1_582' title='bbox 1858 1301 2039 1357; x_wconf 89' lang='lat' dir='ltr'><strong>dimur</strong></span> <span class='ocrx_word' id='word_1_583' title='bbox 2079 1301 2250 1356; x_wconf 88' lang='lat' dir='ltr'><strong>multo</strong></span> <span class='ocrx_word' id='word_1_584' title='bbox 2277 1300 2638 1372; x_wconf 85' lang='lat' dir='ltr'><strong>gravioribus.</strong></span> <span class='ocrx_word' id='word_1_585' title='bbox 2681 1303 2748 1357; x_wconf 86' lang='lat' dir='ltr'><strong>Et</strong></span> <span class='ocrx_word' id='word_1_586' title='bbox 2787 1319 2855 1359; x_wconf 90' lang='lat' dir='ltr'><strong>ne</strong></span> <span class='ocrx_word' id='word_1_587' title='bbox 2897 1319 2994 1376; x_wconf 89' lang='lat' dir='ltr'><strong>per</strong></span> <span class='ocrx_word' id='word_1_588' title='bbox 3024 1304 3360 1378; x_wconf 85' lang='lat' dir='ltr'><strong>hyperbolen</strong></span> <span class='ocrx_word' id='word_1_589' title='bbox 3411 1306 3464 1363; x_wconf 89' lang='lat' dir='ltr'><strong>id</strong></span> 
     </span>
    </p>
   </div>
   <div class='ocr_carea' id='block_1_73' title="bbox 1856 1394 3463 1470">
    <p class='ocr_par' dir='ltr' id='par_1_73' title="bbox 1856 1394 3463 1470">
     <span class='ocr_line' id='line_1_73' title="bbox 1856 1394 3463 1470; baseline 0.003 -20"><span class='ocrx_word' id='word_1_590' title='bbox 1856 1394 2059 1451; x_wconf 88' lang='lat' dir='ltr'><strong>dictum</strong></span> <span class='ocrx_word' id='word_1_591' title='bbox 2089 1402 2246 1466; x_wconf 89' lang='lat' dir='ltr'><strong>putes</strong></span> <span class='ocrx_word' id='word_1_592' title='bbox 2273 1412 2289 1454; x_wconf 85' lang='lat'><strong>;</strong></span> <span class='ocrx_word' id='word_1_593' title='bbox 2321 1404 2524 1466; x_wconf 89' lang='lat' dir='ltr'><strong>quanto</strong></span> <span class='ocrx_word' id='word_1_594' title='bbox 2554 1395 2699 1450; x_wconf 88' lang='lat' dir='ltr'><strong>enim</strong></span> <span class='ocrx_word' id='word_1_595' title='bbox 2729 1397 2907 1452; x_wconf 91' lang='lat' dir='ltr'><strong>anima</strong></span> <span class='ocrx_word' id='word_1_596' title='bbox 2951 1396 3038 1453; x_wconf 86' lang='lat' dir='ltr'><strong>est</strong></span> <span class='ocrx_word' id='word_1_597' title='bbox 3063 1413 3293 1470; x_wconf 88' lang='lat' dir='ltr'><strong>corpore</strong></span> <span class='ocrx_word' id='word_1_598' title='bbox 3327 1414 3463 1470; x_wconf 75' lang='lat' dir='ltr'><strong>pra:-</strong></span> 
     </span>
    </p>
   </div>
   <div class='ocr_carea' id='block_1_74' title="bbox 1855 1472 3464 1561">
    <p class='ocr_par' dir='ltr' id='par_1_74' title="bbox 1855 1472 3464 1561">
     <span class='ocr_line' id='line_1_74' title="bbox 1855 1472 3464 1561; baseline 0.002 -19"><span class='ocrx_word' id='word_1_599' title='bbox 1855 1486 2107 1552; x_wconf 89' lang='lat' dir='ltr'><strong>stantior,</strong></span> <span class='ocrx_word' id='word_1_600' title='bbox 2142 1495 2292 1541; x_wconf 88' lang='lat' dir='ltr'><strong>tanto</strong></span> <span class='ocrx_word' id='word_1_601' title='bbox 2318 1487 2661 1558; x_wconf 85' lang='lat' dir='ltr'><strong>gravioribus</strong></span> <span class='ocrx_word' id='word_1_602' title='bbox 2693 1503 2947 1542; x_wconf 89' lang='lat' dir='ltr'><strong>curarum</strong></span> <span class='ocrx_word' id='word_1_603' title='bbox 2986 1487 3252 1544; x_wconf 89' lang='lat' dir='ltr'><strong>vibicibus</strong></span> <span class='ocrx_word' id='word_1_604' title='bbox 3279 1472 3464 1561; x_wconf 84' lang='lat' dir='ltr'><strong>flagel-</strong></span> 
     </span>
    </p>
   </div>
   <div class='ocr_carea' id='block_1_75' title="bbox 1854 1577 3462 1648">
    <p class='ocr_par' dir='ltr' id='par_1_75' title="bbox 1854 1577 3462 1648">
     <span class='ocr_line' id='line_1_75' title="bbox 1854 1577 3462 1648; baseline 0.004 -17"><span class='ocrx_word' id='word_1_605' title='bbox 1854 1577 2032 1632; x_wconf 85' lang='lat' dir='ltr'><strong>lamur</strong></span> <span class='ocrx_word' id='word_1_606' title='bbox 2074 1577 2347 1648; x_wconf 86' lang='lat' dir='ltr'><strong>quotidie,</strong></span> <span class='ocrx_word' id='word_1_607' title='bbox 2391 1577 2644 1634; x_wconf 88' lang='lat' dir='ltr'><strong>timemus</strong></span> <span class='ocrx_word' id='word_1_608' title='bbox 2672 1578 2888 1637; x_wconf 80' lang='lat' dir='ltr'><strong>solliciti</strong></span> <span class='ocrx_word' id='word_1_609' title='bbox 2916 1588 2973 1635; x_wconf 89' lang='lat' dir='ltr'><strong>et</strong></span> <span class='ocrx_word' id='word_1_610' title='bbox 3003 1589 3316 1637; x_wconf 88' lang='lat' dir='ltr'><strong>trementes.</strong></span> <span class='ocrx_word' id='word_1_611' title='bbox 3350 1581 3462 1638; x_wconf 89' lang='lat' dir='ltr'><strong>Sed</strong></span> 
     </span>
    </p>
   </div>
   <div class='ocr_carea' id='block_1_76' title="bbox 1852 1667 3454 1743">
    <p class='ocr_par' dir='ltr' id='par_1_76' title="bbox 1852 1667 3454 1743">
     <span class='ocr_line' id='line_1_76' title="bbox 1852 1667 3454 1743; baseline 0.004 -20"><span class='ocrx_word' id='word_1_612' title='bbox 1852 1667 1899 1724; x_wconf 84' lang='lat' dir='ltr'><strong>si</strong></span> <span class='ocrx_word' id='word_1_613' title='bbox 1918 1669 2147 1724; x_wconf 87' lang='lat' dir='ltr'><strong>velimus</strong></span> <span class='ocrx_word' id='word_1_614' title='bbox 2165 1669 2540 1740; x_wconf 84' lang='lat' dir='ltr'><strong>ingemiscere,</strong></span> <span class='ocrx_word' id='word_1_615' title='bbox 2559 1683 2603 1723; x_wconf 83' lang='lat'><strong>8|</strong></span> <span class='ocrx_word' id='word_1_616' title='bbox 2627 1670 2857 1726; x_wconf 87' lang='lat' dir='ltr'><strong>velimus</strong></span> <span class='ocrx_word' id='word_1_617' title='bbox 2879 1669 2945 1725; x_wconf 92' lang='lat' dir='ltr'><strong>ad</strong></span> <span class='ocrx_word' id='word_1_618' title='bbox 2972 1671 3140 1725; x_wconf 91' lang='lat' dir='ltr'><strong>Deum</strong></span> <span class='ocrx_word' id='word_1_619' title='bbox 3157 1673 3454 1743; x_wconf 90' lang='lat' dir='ltr'><strong>suspicere,</strong></span> 
     </span>
    </p>
   </div>
   <div class='ocr_carea' id='block_1_77' title="bbox 1853 1761 3460 1834">
    <p class='ocr_par' dir='ltr' id='par_1_77' title="bbox 1853 1761 3460 1834">
     <span class='ocr_line' id='line_1_77' title="bbox 1853 1761 3460 1834; baseline 0.002 -17"><span class='ocrx_word' id='word_1_620' title='bbox 1853 1763 2014 1818; x_wconf 90' lang='lat' dir='ltr'><strong>mittit</strong></span> <span class='ocrx_word' id='word_1_621' title='bbox 2039 1762 2105 1817; x_wconf 90' lang='lat' dir='ltr'><strong>ad</strong></span> <span class='ocrx_word' id='word_1_622' title='bbox 2129 1776 2227 1816; x_wconf 91' lang='lat' dir='ltr'><strong>nos</strong></span> <span class='ocrx_word' id='word_1_623' title='bbox 2255 1776 2362 1817; x_wconf 92' lang='lat' dir='ltr'><strong>non</strong></span> <span class='ocrx_word' id='word_1_624' title='bbox 2393 1761 2657 1834; x_wconf 78' lang='lat' dir='ltr'><strong>Moysem,</strong></span> <span class='ocrx_word' id='word_1_625' title='bbox 2689 1777 2865 1833; x_wconf 82' lang='lat' dir='ltr'><strong>neque</strong></span> <span class='ocrx_word' id='word_1_626' title='bbox 2891 1764 3187 1830; x_wconf 85' lang='lat' dir='ltr'><strong>Aaronem,</strong></span> <span class='ocrx_word' id='word_1_627' title='bbox 3215 1765 3313 1821; x_wconf 88' lang='lat' dir='ltr'><strong>sed</strong></span> <span class='ocrx_word' id='word_1_628' title='bbox 3336 1781 3460 1821; x_wconf 90' lang='lat' dir='ltr'><strong>ver-</strong></span> 
     </span>
    </p>
   </div>
   <div class='ocr_carea' id='block_1_78' title="bbox 1850 1856 3458 1928">
    <p class='ocr_par' dir='ltr' id='par_1_78' title="bbox 1850 1856 3458 1928">
     <span class='ocr_line' id='line_1_78' title="bbox 1850 1856 3458 1928; baseline 0.001 -15"><span class='ocrx_word' id='word_1_629' title='bbox 1850 1857 1976 1913; x_wconf 88' lang='lat' dir='ltr'><strong>bum</strong></span> <span class='ocrx_word' id='word_1_630' title='bbox 2005 1871 2158 1911; x_wconf 88' lang='lat' dir='ltr'><strong>suum</strong></span> <span class='ocrx_word' id='word_1_631' title='bbox 2187 1864 2241 1912; x_wconf 90' lang='lat' dir='ltr'><strong>et</strong></span> <span class='ocrx_word' id='word_1_632' title='bbox 2257 1856 2751 1926; x_wconf 89' lang='lat' dir='ltr'><strong>compunctionem.</strong></span> <span class='ocrx_word' id='word_1_633' title='bbox 2779 1857 2899 1927; x_wconf 88' lang='lat' dir='ltr'><strong>Ipse</strong></span> <span class='ocrx_word' id='word_1_634' title='bbox 2919 1856 3085 1928; x_wconf 83' lang='lat' dir='ltr'><strong>igitur</strong></span> <span class='ocrx_word' id='word_1_635' title='bbox 3105 1873 3228 1914; x_wconf 93' lang='lat' dir='ltr'><strong>cum</strong></span> <span class='ocrx_word' id='word_1_636' title='bbox 3247 1859 3458 1916; x_wconf 89' lang='lat' dir='ltr'><strong>venerit</strong></span> 
     </span>
    </p>
   </div>
   <div class='ocr_carea' id='block_1_79' title="bbox 1849 1949 3454 2019">
    <p class='ocr_par' dir='ltr' id='par_1_79' title="bbox 1849 1949 3454 2019">
     <span class='ocr_line' id='line_1_79' title="bbox 1849 1949 3454 2019; baseline 0.004 -16"><span class='ocrx_word' id='word_1_637' title='bbox 1849 1958 1902 2003; x_wconf 87' lang='lat' dir='ltr'><strong>et</strong></span> <span class='ocrx_word' id='word_1_638' title='bbox 1919 1949 2129 2003; x_wconf 88' lang='lat' dir='ltr'><strong>animos</strong></span> <span class='ocrx_word' id='word_1_639' title='bbox 2151 1957 2368 2003; x_wconf 88' lang='lat' dir='ltr'><strong>nostros</strong></span> <span class='ocrx_word' id='word_1_640' title='bbox 2387 1949 2756 2019; x_wconf 82' lang='lat' dir='ltr'><strong>occupaverit,</strong></span> <span class='ocrx_word' id='word_1_641' title='bbox 2783 1949 3033 2006; x_wconf 86' lang='lat' dir='ltr'><strong>liberabit</strong></span> <span class='ocrx_word' id='word_1_642' title='bbox 3055 1965 3153 2006; x_wconf 87' lang='lat' dir='ltr'><strong>nos</strong></span> <span class='ocrx_word' id='word_1_643' title='bbox 3170 1952 3238 2008; x_wconf 90' lang='lat' dir='ltr'><strong>ab</strong></span> <span class='ocrx_word' id='word_1_644' title='bbox 3258 1953 3454 2009; x_wconf 86' lang='lat' dir='ltr'><strong>acerba</strong></span> 
     </span>
    </p>
   </div>
   <div class='ocr_carea' id='block_1_80' title="bbox 1848 2041 3456 2116">
    <p class='ocr_par' dir='ltr' id='par_1_80' title="bbox 1848 2041 3456 2116">
     <span class='ocr_line' id='line_1_80' title="bbox 1848 2041 3456 2116; baseline 0.003 -19"><span class='ocrx_word' id='word_1_645' title='bbox 1848 2042 2110 2098; x_wconf 84' lang='lat' dir='ltr'><strong>servitute</strong></span> <span class='ocrx_word' id='word_1_646' title='bbox 2129 2084 2145 2111; x_wconf 91' lang='lat'><strong>,</strong></span> <span class='ocrx_word' id='word_1_647' title='bbox 2183 2041 2376 2098; x_wconf 89' lang='lat' dir='ltr'><strong>educet</strong></span> <span class='ocrx_word' id='word_1_648' title='bbox 2403 2059 2501 2098; x_wconf 89' lang='lat' dir='ltr'><strong>nos</strong></span> <span class='ocrx_word' id='word_1_649' title='bbox 2528 2058 2594 2100; x_wconf 86' lang='lat' dir='ltr'><strong>ex</strong></span> <span class='ocrx_word' id='word_1_650' title='bbox 2623 2041 2862 2116; x_wconf 67' lang='lat' dir='ltr'><strong>Egypto</strong></span> <span class='ocrx_word' id='word_1_651' title='bbox 2881 2086 2896 2110; x_wconf 92' lang='lat'><strong>,</strong></span> <span class='ocrx_word' id='word_1_652' title='bbox 2929 2059 2959 2098; x_wconf 90' lang='lat' dir='ltr'><strong>a</strong></span> <span class='ocrx_word' id='word_1_653' title='bbox 2988 2044 3168 2100; x_wconf 89' lang='lat' dir='ltr'><strong>studio</strong></span> <span class='ocrx_word' id='word_1_654' title='bbox 3198 2046 3372 2101; x_wconf 90' lang='lat' dir='ltr'><strong>inutili</strong></span> <span class='ocrx_word' id='word_1_655' title='bbox 3397 2055 3456 2104; x_wconf 86' lang='lat' dir='ltr'><strong>et</strong></span> 
     </span>
    </p>
   </div>
   <div class='ocr_carea' id='block_1_81' title="bbox 1847 2135 3450 2209">
    <p class='ocr_par' dir='ltr' id='par_1_81' title="bbox 1847 2135 3450 2209">
     <span class='ocr_line' id='line_1_81' title="bbox 1847 2135 3450 2209; baseline 0.005 -19"><span class='ocrx_word' id='word_1_656' title='bbox 1847 2135 2043 2191; x_wconf 89' lang='lat' dir='ltr'><strong>frustra</strong></span> <span class='ocrx_word' id='word_1_657' title='bbox 2067 2136 2360 2203; x_wconf 81' lang='lat' dir='ltr'><strong>laborante,</strong></span> <span class='ocrx_word' id='word_1_658' title='bbox 2394 2144 2450 2192; x_wconf 92' lang='lat' dir='ltr'><strong>et</strong></span> <span class='ocrx_word' id='word_1_659' title='bbox 2469 2152 2498 2189; x_wconf 91' lang='lat' dir='ltr'><strong>a</strong></span> <span class='ocrx_word' id='word_1_660' title='bbox 2520 2136 2782 2192; x_wconf 82' lang='lat' dir='ltr'><strong>servitute</strong></span> <span class='ocrx_word' id='word_1_661' title='bbox 2803 2153 2924 2209; x_wconf 72' lang='lat' dir='ltr'><strong>qua:</strong></span> <span class='ocrx_word' id='word_1_662' title='bbox 2949 2138 3084 2194; x_wconf 92' lang='lat' dir='ltr'><strong>nihil</strong></span> <span class='ocrx_word' id='word_1_663' title='bbox 3107 2138 3268 2196; x_wconf 90' lang='lat' dir='ltr'><strong>habet</strong></span> <span class='ocrx_word' id='word_1_664' title='bbox 3290 2141 3450 2198; x_wconf 92' lang='lat' dir='ltr'><strong>lucri.</strong></span> 
     </span>
    </p>
   </div>
   <div class='ocr_carea' id='block_1_82' title="bbox 1846 2227 3454 2301">
    <p class='ocr_par' dir='ltr' id='par_1_82' title="bbox 1846 2227 3454 2301">
     <span class='ocr_line' id='line_1_82' title="bbox 1846 2227 3454 2301; baseline 0.005 -19"><span class='ocrx_word' id='word_1_665' title='bbox 1846 2229 2022 2299; x_wconf 80' lang='lat' dir='ltr'><strong>Atque</strong></span> <span class='ocrx_word' id='word_1_666' title='bbox 2057 2227 2131 2282; x_wconf 92' lang='lat' dir='ltr'><strong>illi</strong></span> <span class='ocrx_word' id='word_1_667' title='bbox 2174 2228 2389 2298; x_wconf 91' lang='lat' dir='ltr'><strong>quidem</strong></span> <span class='ocrx_word' id='word_1_668' title='bbox 2419 2237 2546 2283; x_wconf 88' lang='lat' dir='ltr'><strong>sunt</strong></span> <span class='ocrx_word' id='word_1_669' title='bbox 2573 2229 2778 2300; x_wconf 83' lang='lat' dir='ltr'><strong>egressi</strong></span> <span class='ocrx_word' id='word_1_670' title='bbox 2818 2230 2997 2286; x_wconf 82' lang='lat' dir='ltr'><strong>aureis</strong></span> <span class='ocrx_word' id='word_1_671' title='bbox 3023 2233 3261 2301; x_wconf 84' lang='lat' dir='ltr'><strong>acceptis</strong></span> <span class='ocrx_word' id='word_1_672' title='bbox 3306 2249 3454 2290; x_wconf 88' lang='lat' dir='ltr'><strong>mer-</strong></span> 
     </span>
    </p>
   </div>
   <div class='ocr_carea' id='block_1_83' title="bbox 1844 2319 3450 2395">
    <p class='ocr_par' dir='ltr' id='par_1_83' title="bbox 1844 2319 3450 2395">
     <span class='ocr_line' id='line_1_83' title="bbox 1844 2319 3450 2395; baseline 0.006 -21"><span class='ocrx_word' id='word_1_673' title='bbox 1844 2319 1976 2375; x_wconf 88' lang='lat' dir='ltr'><strong>cede</strong></span> <span class='ocrx_word' id='word_1_674' title='bbox 2002 2319 2377 2376; x_wconf 78' lang='lat' dir='ltr'><strong>:edificationis</strong></span> <span class='ocrx_word' id='word_1_675' title='bbox 2406 2340 2419 2374; x_wconf 91' lang='lat'><strong>:</strong></span> <span class='ocrx_word' id='word_1_676' title='bbox 2454 2336 2554 2376; x_wconf 90' lang='lat' dir='ltr'><strong>nos</strong></span> <span class='ocrx_word' id='word_1_677' title='bbox 2593 2332 2772 2377; x_wconf 85' lang='lat' dir='ltr'><strong>autem</strong></span> <span class='ocrx_word' id='word_1_678' title='bbox 2812 2322 2984 2378; x_wconf 88' lang='lat' dir='ltr'><strong>nihilo</strong></span> <span class='ocrx_word' id='word_1_679' title='bbox 3010 2340 3024 2377; x_wconf 91' lang='lat'><strong>:</strong></span> <span class='ocrx_word' id='word_1_680' title='bbox 3055 2335 3217 2395; x_wconf 90' lang='lat' dir='ltr'><strong>atque</strong></span> <span class='ocrx_word' id='word_1_681' title='bbox 3243 2326 3450 2383; x_wconf 88' lang='lat' dir='ltr'><strong>utinam</strong></span> 
     </span>
    </p>
   </div>
   <div class='ocr_carea' id='block_1_84' title="bbox 1843 2410 3451 2485">
    <p class='ocr_par' dir='ltr' id='par_1_84' title="bbox 1843 2410 3451 2485">
     <span class='ocr_line' id='line_1_84' title="bbox 1843 2410 3451 2485; baseline 0.007 -21"><span class='ocrx_word' id='word_1_682' title='bbox 1843 2410 2044 2466; x_wconf 87' lang='lat' dir='ltr'><strong>nihilo!</strong></span> <span class='ocrx_word' id='word_1_683' title='bbox 2095 2426 2236 2466; x_wconf 91' lang='lat' dir='ltr'><strong>nunc</strong></span> <span class='ocrx_word' id='word_1_684' title='bbox 2279 2426 2406 2467; x_wconf 86' lang='lat' dir='ltr'><strong>vero</strong></span> <span class='ocrx_word' id='word_1_685' title='bbox 2449 2412 2746 2482; x_wconf 88' lang='lat' dir='ltr'><strong>accipimus</strong></span> <span class='ocrx_word' id='word_1_686' title='bbox 2788 2428 2896 2468; x_wconf 93' lang='lat' dir='ltr'><strong>non</strong></span> <span class='ocrx_word' id='word_1_687' title='bbox 2935 2429 3063 2470; x_wconf 89' lang='lat' dir='ltr'><strong>vasa</strong></span> <span class='ocrx_word' id='word_1_688' title='bbox 3103 2431 3301 2485; x_wconf 87' lang='lat' dir='ltr'><strong>aurea,</strong></span> <span class='ocrx_word' id='word_1_689' title='bbox 3351 2417 3451 2476; x_wconf 87' lang='lat' dir='ltr'><strong>sed</strong></span> 
     </span>
    </p>
   </div>
   <div class='ocr_carea' id='block_1_85' title="bbox 1842 2505 3448 2579">
    <p class='ocr_par' dir='ltr' id='par_1_85' title="bbox 1842 2505 3448 2579">
     <span class='ocr_line' id='line_1_85' title="bbox 1842 2505 3448 2579; baseline 0.004 -19"><span class='ocrx_word' id='word_1_690' title='bbox 1842 2505 2064 2578; x_wconf 65' lang='lat' dir='ltr'><strong>Egypti</strong></span> <span class='ocrx_word' id='word_1_691' title='bbox 2092 2505 2253 2571; x_wconf 91' lang='lat' dir='ltr'><strong>mala,</strong></span> <span class='ocrx_word' id='word_1_692' title='bbox 2288 2515 2506 2574; x_wconf 87' lang='lat' dir='ltr'><strong>peccata</strong></span> <span class='ocrx_word' id='word_1_693' title='bbox 2537 2520 2831 2578; x_wconf 62' lang='lat' dir='ltr'><strong>poenasque</strong></span> <span class='ocrx_word' id='word_1_694' title='bbox 2856 2515 2912 2564; x_wconf 86' lang='lat' dir='ltr'><strong>et</strong></span> <span class='ocrx_word' id='word_1_695' title='bbox 2940 2507 3221 2579; x_wconf 85' lang='lat' dir='ltr'><strong>supplicia.</strong></span> <span class='ocrx_word' id='word_1_696' title='bbox 3258 2510 3448 2566; x_wconf 84' lang='lat' dir='ltr'><strong>Disca-</strong></span> 
     </span>
    </p>
   </div>
   <div class='ocr_carea' id='block_1_86' title="bbox 1842 2598 3450 2672">
    <p class='ocr_par' dir='ltr' id='par_1_86' title="bbox 1842 2598 3450 2672">
     <span class='ocr_line' id='line_1_86' title="bbox 1842 2598 3450 2672; baseline 0.002 -17"><span class='ocrx_word' id='word_1_697' title='bbox 1842 2615 1964 2655; x_wconf 89' lang='lat' dir='ltr'><strong>mus</strong></span> <span class='ocrx_word' id='word_1_698' title='bbox 1990 2599 2150 2670; x_wconf 84' lang='lat' dir='ltr'><strong>igitur</strong></span> <span class='ocrx_word' id='word_1_699' title='bbox 2191 2598 2477 2654; x_wconf 89' lang='lat' dir='ltr'><strong>utilitatem</strong></span> <span class='ocrx_word' id='word_1_700' title='bbox 2508 2600 2788 2669; x_wconf 82' lang='lat' dir='ltr'><strong>accipere,</strong></span> <span class='ocrx_word' id='word_1_701' title='bbox 2834 2599 3107 2656; x_wconf 86' lang='lat' dir='ltr'><strong>discamus</strong></span> <span class='ocrx_word' id='word_1_702' title='bbox 3135 2600 3328 2672; x_wconf 87' lang='lat' dir='ltr'><strong>injuria</strong></span> <span class='ocrx_word' id='word_1_703' title='bbox 3368 2603 3450 2659; x_wconf 84' lang='lat' dir='ltr'><strong>af-</strong></span> 
     </span>
    </p>
   </div>
   <div class='ocr_carea' id='block_1_87' title="bbox 1840 2692 3446 2765">
    <p class='ocr_par' dir='ltr' id='par_1_87' title="bbox 1840 2692 3446 2765">
     <span class='ocr_line' id='line_1_87' title="bbox 1840 2692 3446 2765; baseline 0.003 -18"><span class='ocrx_word' id='word_1_704' title='bbox 1840 2694 1954 2759; x_wconf 89' lang='lat' dir='ltr'><strong>fici;</strong></span> <span class='ocrx_word' id='word_1_705' title='bbox 1997 2693 2099 2749; x_wconf 91' lang='lat' dir='ltr'><strong>hoc</strong></span> <span class='ocrx_word' id='word_1_706' title='bbox 2130 2701 2212 2748; x_wconf 91' lang='lat' dir='ltr'><strong>est</strong></span> <span class='ocrx_word' id='word_1_707' title='bbox 2247 2692 2540 2748; x_wconf 87' lang='lat' dir='ltr'><strong>Christiani</strong></span> <span class='ocrx_word' id='word_1_708' title='bbox 2570 2709 2583 2745; x_wconf 93' lang='lat'><strong>:</strong></span> <span class='ocrx_word' id='word_1_709' title='bbox 2618 2693 2984 2764; x_wconf 90' lang='lat' dir='ltr'><strong>despiciamus</strong></span> <span class='ocrx_word' id='word_1_710' title='bbox 3012 2703 3192 2751; x_wconf 90' lang='lat' dir='ltr'><strong>vestes</strong></span> <span class='ocrx_word' id='word_1_711' title='bbox 3215 2710 3446 2765; x_wconf 89' lang='lat' dir='ltr'><strong>aureas,</strong></span> 
     </span>
    </p>
   </div>
   <div class='ocr_carea' id='block_1_88' title="bbox 1838 2785 3452 2856">
    <p class='ocr_par' dir='ltr' id='par_1_88' title="bbox 1838 2785 3452 2856">
     <span class='ocr_line' id='line_1_88' title="bbox 1838 2785 3452 2856; baseline 0.002 -16"><span class='ocrx_word' id='word_1_712' title='bbox 1838 2785 2202 2856; x_wconf 86' lang='lat' dir='ltr'><strong>despiciamus</strong></span> <span class='ocrx_word' id='word_1_713' title='bbox 2231 2785 2516 2855; x_wconf 84' lang='lat' dir='ltr'><strong>pecunias,</strong></span> <span class='ocrx_word' id='word_1_714' title='bbox 2547 2799 2617 2840; x_wconf 87' lang='lat' dir='ltr'><strong>ne</strong></span> <span class='ocrx_word' id='word_1_715' title='bbox 2642 2796 2884 2840; x_wconf 87' lang='lat' dir='ltr'><strong>nostram</strong></span> <span class='ocrx_word' id='word_1_716' title='bbox 2914 2785 3279 2856; x_wconf 89' lang='lat' dir='ltr'><strong>despiciamus</strong></span> <span class='ocrx_word' id='word_1_717' title='bbox 3306 2789 3452 2843; x_wconf 79' lang='lat' dir='ltr'><strong>salu-</strong></span> 
     </span>
    </p>
   </div>
   <div class='ocr_carea' id='block_1_89' title="bbox 1835 2876 3453 2952">
    <p class='ocr_par' dir='ltr' id='par_1_89' title="bbox 1835 2876 3453 2952">
     <span class='ocr_line' id='line_1_89' title="bbox 1835 2876 3453 2952; baseline 0.004 -19"><span class='ocrx_word' id='word_1_718' title='bbox 1835 2887 1945 2934; x_wconf 89' lang='lat' dir='ltr'><strong>tem</strong></span> <span class='ocrx_word' id='word_1_719' title='bbox 1974 2895 1988 2932; x_wconf 88' lang='lat'><strong>:</strong></span> <span class='ocrx_word' id='word_1_720' title='bbox 2022 2876 2387 2948; x_wconf 88' lang='lat' dir='ltr'><strong>despiciamus</strong></span> <span class='ocrx_word' id='word_1_721' title='bbox 2409 2877 2690 2949; x_wconf 86' lang='lat' dir='ltr'><strong>pecunias.</strong></span> <span class='ocrx_word' id='word_1_722' title='bbox 2725 2886 2784 2935; x_wconf 89' lang='lat' dir='ltr'><strong>et</strong></span> <span class='ocrx_word' id='word_1_723' title='bbox 2811 2894 2918 2934; x_wconf 91' lang='lat' dir='ltr'><strong>non</strong></span> <span class='ocrx_word' id='word_1_724' title='bbox 2942 2879 3307 2952; x_wconf 87' lang='lat' dir='ltr'><strong>despiciamus</strong></span> <span class='ocrx_word' id='word_1_725' title='bbox 3333 2883 3453 2938; x_wconf 87' lang='lat' dir='ltr'><strong>ani-</strong></span> 
     </span>
    </p>
   </div>
   <div class='ocr_carea' id='block_1_90' title="bbox 1837 2970 3449 3044">
    <p class='ocr_par' dir='ltr' id='par_1_90' title="bbox 1837 2970 3449 3044">
     <span class='ocr_line' id='line_1_90' title="bbox 1837 2970 3449 3044; baseline 0.006 -20"><span class='ocrx_word' id='word_1_726' title='bbox 1837 2985 1977 3025; x_wconf 89' lang='lat' dir='ltr'><strong>mam</strong></span> <span class='ocrx_word' id='word_1_727' title='bbox 2005 2988 2019 3025; x_wconf 91' lang='lat'><strong>:</strong></span> <span class='ocrx_word' id='word_1_728' title='bbox 2041 2984 2103 3025; x_wconf 90' lang='lat' dir='ltr'><strong>ea</strong></span> <span class='ocrx_word' id='word_1_729' title='bbox 2127 2979 2208 3026; x_wconf 89' lang='lat' dir='ltr'><strong>est</strong></span> <span class='ocrx_word' id='word_1_730' title='bbox 2230 2970 2373 3025; x_wconf 88' lang='lat' dir='ltr'><strong>enim</strong></span> <span class='ocrx_word' id='word_1_731' title='bbox 2396 2985 2516 3041; x_wconf 76' lang='lat' dir='ltr'><strong>qua:</strong></span> <span class='ocrx_word' id='word_1_732' title='bbox 2541 2970 2782 3040; x_wconf 90' lang='lat' dir='ltr'><strong>punitur,</strong></span> <span class='ocrx_word' id='word_1_733' title='bbox 2810 2986 2872 3025; x_wconf 89' lang='lat' dir='ltr'><strong>ea</strong></span> <span class='ocrx_word' id='word_1_734' title='bbox 2895 2982 2978 3026; x_wconf 91' lang='lat' dir='ltr'><strong>est</strong></span> <span class='ocrx_word' id='word_1_735' title='bbox 2999 2987 3121 3044; x_wconf 75' lang='lat' dir='ltr'><strong>qua:</strong></span> <span class='ocrx_word' id='word_1_736' title='bbox 3138 2975 3449 3033; x_wconf 90' lang='lat' dir='ltr'><strong>cruciatur:</strong></span> 
     </span>
    </p>
   </div>
   <div class='ocr_carea' id='block_1_91' title="bbox 1834 3059 3452 3129">
    <p class='ocr_par' dir='ltr' id='par_1_91' title="bbox 1834 3059 3452 3129">
     <span class='ocr_line' id='line_1_91' title="bbox 1834 3059 3452 3129; baseline 0.004 -14"><span class='ocrx_word' id='word_1_737' title='bbox 1834 3061 1924 3116; x_wconf 89' lang='lat' dir='ltr'><strong>illa</strong></span> <span class='ocrx_word' id='word_1_738' title='bbox 1949 3061 2092 3115; x_wconf 87' lang='lat' dir='ltr'><strong>enim</strong></span> <span class='ocrx_word' id='word_1_739' title='bbox 2118 3059 2208 3116; x_wconf 91' lang='lat' dir='ltr'><strong>hic</strong></span> <span class='ocrx_word' id='word_1_740' title='bbox 2229 3070 2472 3128; x_wconf 87' lang='lat' dir='ltr'><strong>manent,</strong></span> <span class='ocrx_word' id='word_1_741' title='bbox 2498 3076 2561 3116; x_wconf 85' lang='lat' dir='ltr'><strong>ea</strong></span> <span class='ocrx_word' id='word_1_742' title='bbox 2582 3075 2713 3116; x_wconf 91' lang='lat' dir='ltr'><strong>vero</strong></span> <span class='ocrx_word' id='word_1_743' title='bbox 2739 3060 2869 3117; x_wconf 89' lang='lat' dir='ltr'><strong>illuc</strong></span> <span class='ocrx_word' id='word_1_744' title='bbox 2895 3062 3027 3118; x_wconf 91' lang='lat' dir='ltr'><strong>abit.</strong></span> <span class='ocrx_word' id='word_1_745' title='bbox 3055 3063 3153 3120; x_wconf 89' lang='lat' dir='ltr'><strong>Dic</strong></span> <span class='ocrx_word' id='word_1_746' title='bbox 3174 3066 3328 3129; x_wconf 90' lang='lat' dir='ltr'><strong>mihi,</strong></span> <span class='ocrx_word' id='word_1_747' title='bbox 3352 3082 3452 3123; x_wconf 89' lang='lat' dir='ltr'><strong>cur</strong></span> 
     </span>
    </p>
   </div>
   <div class='ocr_carea' id='block_1_92' title="bbox 1837 3151 3450 3228">
    <p class='ocr_par' dir='ltr' id='par_1_92' title="bbox 1837 3151 3450 3228">
     <span class='ocr_line' id='line_1_92' title="bbox 1837 3151 3450 3228; baseline 0.005 -22"><span class='ocrx_word' id='word_1_748' title='bbox 1837 3162 1889 3207; x_wconf 89' lang='lat' dir='ltr'><strong>te</strong></span> <span class='ocrx_word' id='word_1_749' title='bbox 1920 3151 2149 3216; x_wconf 86' lang='lat' dir='ltr'><strong>laceras.</strong></span> <span class='ocrx_word' id='word_1_750' title='bbox 2178 3162 2236 3208; x_wconf 91' lang='lat' dir='ltr'><strong>et</strong></span> <span class='ocrx_word' id='word_1_751' title='bbox 2259 3167 2365 3209; x_wconf 90' lang='lat' dir='ltr'><strong>non</strong></span> <span class='ocrx_word' id='word_1_752' title='bbox 2392 3151 2603 3208; x_wconf 86' lang='lat' dir='ltr'><strong>sentis?</strong></span> <span class='ocrx_word' id='word_1_753' title='bbox 2633 3151 2758 3207; x_wconf 68' lang='grc' dir='ltr'><strong>11ωο</strong></span> <span class='ocrx_word' id='word_1_754' title='bbox 2781 3153 2907 3209; x_wconf 90' lang='lat' dir='ltr'><strong>dico</strong></span> <span class='ocrx_word' id='word_1_755' title='bbox 2931 3155 3111 3210; x_wconf 87' lang='lat' dir='ltr'><strong>avaris</strong></span> <span class='ocrx_word' id='word_1_756' title='bbox 3132 3197 3146 3220; x_wconf 90' lang='lat'><strong>,</strong></span> <span class='ocrx_word' id='word_1_757' title='bbox 3171 3159 3261 3228; x_wconf 90' lang='lat' dir='ltr'><strong>qui</strong></span> <span class='ocrx_word' id='word_1_758' title='bbox 3294 3158 3450 3227; x_wconf 86' lang='lat' dir='ltr'><strong>plura</strong></span> 
     </span>
    </p>
   </div>
   <div class='ocr_carea' id='block_1_93' title="bbox 1842 3239 3452 3307">
    <p class='ocr_par' dir='ltr' id='par_1_93' title="bbox 1842 3239 3452 3307">
     <span class='ocr_line' id='line_1_93' title="bbox 1842 3239 3452 3307; baseline 0.007 -13"><span class='ocrx_word' id='word_1_759' title='bbox 1842 3239 2071 3297; x_wconf 89' lang='lat' dir='ltr'><strong>habendi</strong></span> <span class='ocrx_word' id='word_1_760' title='bbox 2101 3243 2349 3299; x_wconf 88' lang='lat' dir='ltr'><strong>laborant</strong></span> <span class='ocrx_word' id='word_1_761' title='bbox 2392 3246 2672 3306; x_wconf 87' lang='lat' dir='ltr'><strong>aviditate.</strong></span> <span class='ocrx_word' id='word_1_762' title='bbox 2715 3247 2925 3304; x_wconf 88' lang='lat' dir='ltr'><strong>Bonum</strong></span> <span class='ocrx_word' id='word_1_763' title='bbox 2953 3256 3037 3306; x_wconf 91' lang='lat' dir='ltr'><strong>est</strong></span> <span class='ocrx_word' id='word_1_764' title='bbox 3062 3248 3225 3305; x_wconf 90' lang='lat' dir='ltr'><strong>etiam</strong></span> <span class='ocrx_word' id='word_1_765' title='bbox 3267 3250 3335 3307; x_wconf 91' lang='lat' dir='ltr'><strong>iis</strong></span> <span class='ocrx_word' id='word_1_766' title='bbox 3362 3248 3452 3305; x_wconf 81' lang='lat' dir='ltr'><strong>di-</strong></span> 
     </span>
    </p>
   </div>
   <div class='ocr_carea' id='block_1_94' title="bbox 1840 3335 3450 3404">
    <p class='ocr_par' dir='ltr' id='par_1_94' title="bbox 1840 3335 3450 3404">
     <span class='ocr_line' id='line_1_94' title="bbox 1840 3335 3450 3404; baseline 0.006 -16"><span class='ocrx_word' id='word_1_767' title='bbox 1840 3346 1965 3389; x_wconf 82' lang='lat' dir='ltr'><strong>cere</strong></span> <span class='ocrx_word' id='word_1_768' title='bbox 2002 3335 2090 3404; x_wconf 88' lang='lat' dir='ltr'><strong>qui</strong></span> <span class='ocrx_word' id='word_1_769' title='bbox 2121 3335 2190 3390; x_wconf 93' lang='lat' dir='ltr'><strong>ab</strong></span> <span class='ocrx_word' id='word_1_770' title='bbox 2221 3337 2398 3392; x_wconf 88' lang='lat' dir='ltr'><strong>avaris</strong></span> <span class='ocrx_word' id='word_1_771' title='bbox 2439 3336 2761 3395; x_wconf 88' lang='lat' dir='ltr'><strong>framlantur</strong></span> <span class='ocrx_word' id='word_1_772' title='bbox 2798 3349 2855 3395; x_wconf 90' lang='lat' dir='ltr'><strong>et</strong></span> <span class='ocrx_word' id='word_1_773' title='bbox 2897 3340 3403 3397; x_wconf 86' lang='lat' dir='ltr'><strong>circumveniuntur</strong></span> <span class='ocrx_word' id='word_1_774' title='bbox 3429 3358 3450 3399; x_wconf 87' lang='lat'><strong>:</strong></span> 
     </span>
    </p>
   </div>
   <div class='ocr_carea' id='block_1_95' title="bbox 1841 3421 3450 3490">
    <p class='ocr_par' dir='ltr' id='par_1_95' title="bbox 1841 3421 3450 3490">
     <span class='ocr_line' id='line_1_95' title="bbox 1841 3421 3450 3490; baseline 0.007 -13"><span class='ocrx_word' id='word_1_775' title='bbox 1841 3421 1977 3481; x_wconf 86' lang='lat' dir='ltr'><strong>ferte</strong></span> <span class='ocrx_word' id='word_1_776' title='bbox 2016 3425 2228 3482; x_wconf 88' lang='lat' dir='ltr'><strong>fortiter</strong></span> <span class='ocrx_word' id='word_1_777' title='bbox 2264 3427 2594 3485; x_wconf 90' lang='lat' dir='ltr'><strong>detrimenta</strong></span> <span class='ocrx_word' id='word_1_778' title='bbox 2635 3431 2789 3488; x_wconf 84' lang='lat' dir='ltr'><strong>vobis</strong></span> <span class='ocrx_word' id='word_1_779' title='bbox 2827 3431 2896 3488; x_wconf 90' lang='lat' dir='ltr'><strong>ab</strong></span> <span class='ocrx_word' id='word_1_780' title='bbox 2932 3434 3111 3488; x_wconf 88' lang='lat' dir='ltr'><strong>avaris</strong></span> <span class='ocrx_word' id='word_1_781' title='bbox 3141 3434 3344 3490; x_wconf 90' lang='lat' dir='ltr'><strong>allata:</strong></span> <span class='ocrx_word' id='word_1_782' title='bbox 3373 3433 3450 3490; x_wconf 88' lang='lat' dir='ltr'><strong>illi</strong></span> 
     </span>
    </p>
   </div>
   <div class='ocr_carea' id='block_1_96' title="bbox 1839 3514 3448 3596">
    <p class='ocr_par' dir='ltr' id='par_1_96' title="bbox 1839 3514 3448 3596">
     <span class='ocr_line' id='line_1_96' title="bbox 1839 3514 3448 3596; baseline 0.009 -28"><span class='ocrx_word' id='word_1_783' title='bbox 1839 3514 2048 3584; x_wconf 88' lang='lat' dir='ltr'><strong>seipsos</strong></span> <span class='ocrx_word' id='word_1_784' title='bbox 2067 3558 2083 3583; x_wconf 90' lang='lat'><strong>,</strong></span> <span class='ocrx_word' id='word_1_785' title='bbox 2117 3533 2224 3573; x_wconf 92' lang='lat' dir='ltr'><strong>non</strong></span> <span class='ocrx_word' id='word_1_786' title='bbox 2254 3535 2352 3576; x_wconf 89' lang='lat' dir='ltr'><strong>vos</strong></span> <span class='ocrx_word' id='word_1_787' title='bbox 2389 3524 2662 3590; x_wconf 87' lang='lat' dir='ltr'><strong>perimunt</strong></span> <span class='ocrx_word' id='word_1_788' title='bbox 2689 3540 2702 3575; x_wconf 93' lang='lat'><strong>:</strong></span> <span class='ocrx_word' id='word_1_789' title='bbox 2737 3539 2834 3578; x_wconf 88' lang='lat' dir='ltr'><strong>vos</strong></span> <span class='ocrx_word' id='word_1_790' title='bbox 2862 3526 3078 3595; x_wconf 89' lang='lat' dir='ltr'><strong>quidem</strong></span> <span class='ocrx_word' id='word_1_791' title='bbox 3107 3527 3320 3596; x_wconf 89' lang='lat' dir='ltr'><strong>privant</strong></span> <span class='ocrx_word' id='word_1_792' title='bbox 3349 3541 3448 3596; x_wconf 84' lang='lat' dir='ltr'><strong>pe-</strong></span> 
     </span>
    </p>
   </div>
   <div class='ocr_carea' id='block_1_97' title="bbox 1838 3608 3452 3687">
    <p class='ocr_par' dir='ltr' id='par_1_97' title="bbox 1838 3608 3452 3687">
     <span class='ocr_line' id='line_1_97' title="bbox 1838 3608 3452 3687; baseline 0.008 -27"><span class='ocrx_word' id='word_1_793' title='bbox 1838 3608 2035 3674; x_wconf 89' lang='lat' dir='ltr'><strong>cuniis,</strong></span> <span class='ocrx_word' id='word_1_794' title='bbox 2065 3623 2124 3663; x_wconf 90' lang='lat' dir='ltr'><strong>se</strong></span> <span class='ocrx_word' id='word_1_795' title='bbox 2153 3618 2334 3665; x_wconf 90' lang='lat' dir='ltr'><strong>autem</strong></span> <span class='ocrx_word' id='word_1_796' title='bbox 2365 3611 2457 3667; x_wconf 89' lang='lat' dir='ltr'><strong>Dei</strong></span> <span class='ocrx_word' id='word_1_797' title='bbox 2485 3612 2860 3670; x_wconf 89' lang='lat' dir='ltr'><strong>benevolentia</strong></span> <span class='ocrx_word' id='word_1_798' title='bbox 2889 3626 2941 3671; x_wconf 88' lang='lat' dir='ltr'><strong>et</strong></span> <span class='ocrx_word' id='word_1_799' title='bbox 2973 3617 3175 3672; x_wconf 86' lang='lat' dir='ltr'><strong>auxilio</strong></span> <span class='ocrx_word' id='word_1_800' title='bbox 3200 3633 3214 3672; x_wconf 91' lang='lat'>:</span> <span class='ocrx_word' id='word_1_801' title='bbox 3248 3617 3336 3687; x_wconf 91' lang='lat' dir='ltr'><strong>qui</strong></span> <span class='ocrx_word' id='word_1_802' title='bbox 3365 3627 3452 3673; x_wconf 89' lang='lat' dir='ltr'><strong>est</strong></span> 
     </span>
    </p>
   </div>
   <div class='ocr_carea' id='block_1_98' title="bbox 1837 3703 3451 3771">
    <p class='ocr_par' dir='ltr' id='par_1_98' title="bbox 1837 3703 3451 3771">
     <span class='ocr_line' id='line_1_98' title="bbox 1837 3703 3451 3771; baseline 0.009 -17"><span class='ocrx_word' id='word_1_803' title='bbox 1837 3710 2015 3754; x_wconf 87' lang='lat' dir='ltr'><strong>autem</strong></span> <span class='ocrx_word' id='word_1_804' title='bbox 2058 3703 2144 3756; x_wconf 88' lang='lat' dir='ltr'><strong>illa</strong></span> <span class='ocrx_word' id='word_1_805' title='bbox 2178 3703 2442 3771; x_wconf 87' lang='lat' dir='ltr'><strong>nudatus,</strong></span> <span class='ocrx_word' id='word_1_806' title='bbox 2485 3706 2699 3762; x_wconf 87' lang='lat' dir='ltr'><strong>etiamsi</strong></span> <span class='ocrx_word' id='word_1_807' title='bbox 2749 3710 2911 3764; x_wconf 90' lang='lat' dir='ltr'><strong>totius</strong></span> <span class='ocrx_word' id='word_1_808' title='bbox 2941 3711 3092 3766; x_wconf 90' lang='lat' dir='ltr'><strong>orbis</strong></span> <span class='ocrx_word' id='word_1_809' title='bbox 3121 3711 3195 3766; x_wconf 91' lang='lat' dir='ltr'><strong>sit</strong></span> <span class='ocrx_word' id='word_1_810' title='bbox 3231 3711 3451 3767; x_wconf 84' lang='lat' dir='ltr'><strong>divitias</strong></span> 
     </span>
    </p>
   </div>
   <div class='ocr_carea' id='block_1_99' title="bbox 1837 3792 3451 3874">
    <p class='ocr_par' dir='ltr' id='par_1_99' title="bbox 1837 3792 3451 3874">
     <span class='ocr_line' id='line_1_99' title="bbox 1837 3792 3451 3874; baseline 0.007 -27"><span class='ocrx_word' id='word_1_811' title='bbox 1837 3792 2184 3863; x_wconf 81' lang='lat' dir='ltr'><strong>Complexus,</strong></span> <span class='ocrx_word' id='word_1_812' title='bbox 2216 3803 2301 3851; x_wconf 89' lang='lat' dir='ltr'><strong>est</strong></span> <span class='ocrx_word' id='word_1_813' title='bbox 2340 3799 2580 3852; x_wconf 89' lang='lat' dir='ltr'><strong>omnium</strong></span> <span class='ocrx_word' id='word_1_814' title='bbox 2616 3802 2994 3870; x_wconf 80' lang='lat' dir='ltr'><strong>pauperrimus</strong></span> <span class='ocrx_word' id='word_1_815' title='bbox 3029 3822 3044 3857; x_wconf 87' lang='lat'><strong>:</strong></span> <span class='ocrx_word' id='word_1_816' title='bbox 3093 3803 3451 3874; x_wconf 87' lang='lat' dir='ltr'><strong>quemadmo-</strong></span> 
     </span>
    </p>
   </div>
   <div class='ocr_carea' id='block_1_100' title="bbox 1838 3887 3450 3965">
    <p class='ocr_par' dir='ltr' id='par_1_100' title="bbox 1838 3887 3450 3965">
     <span class='ocr_line' id='line_1_100' title="bbox 1838 3887 3450 3965; baseline 0.008 -23"><span class='ocrx_word' id='word_1_817' title='bbox 1838 3887 1965 3942; x_wconf 92' lang='lat' dir='ltr'><strong>dum</strong></span> <span class='ocrx_word' id='word_1_818' title='bbox 2000 3891 2376 3961; x_wconf 84' lang='lat' dir='ltr'><strong>pauperrimus</strong></span> <span class='ocrx_word' id='word_1_819' title='bbox 2415 3893 2658 3948; x_wconf 91' lang='lat' dir='ltr'><strong>omnium</strong></span> <span class='ocrx_word' id='word_1_820' title='bbox 2691 3896 2735 3950; x_wconf 91' lang='lat' dir='ltr'><strong>si</strong></span> <span class='ocrx_word' id='word_1_821' title='bbox 2771 3896 2914 3951; x_wconf 93' lang='lat' dir='ltr'><strong>hunc</strong></span> <span class='ocrx_word' id='word_1_822' title='bbox 2958 3897 3185 3965; x_wconf 87' lang='lat' dir='ltr'><strong>habeat,</strong></span> <span class='ocrx_word' id='word_1_823' title='bbox 3217 3907 3300 3954; x_wconf 89' lang='lat' dir='ltr'><strong>est</strong></span> <span class='ocrx_word' id='word_1_824' title='bbox 3328 3914 3450 3954; x_wconf 69' lang='lat' dir='ltr'><strong>om.</strong></span> 
     </span>
    </p>
   </div>
   <div class='ocr_carea' id='block_1_101' title="bbox 1838 3982 3449 4062">
    <p class='ocr_par' dir='ltr' id='par_1_101' title="bbox 1838 3982 3449 4062">
     <span class='ocr_line' id='line_1_101' title="bbox 1838 3982 3449 4062; baseline 0.009 -28"><span class='ocrx_word' id='word_1_825' title='bbox 1838 3982 1984 4035; x_wconf 88' lang='lat' dir='ltr'><strong>nium</strong></span> <span class='ocrx_word' id='word_1_826' title='bbox 2013 3983 2317 4039; x_wconf 90' lang='lat' dir='ltr'><strong>ditissimus</strong></span> <span class='ocrx_word' id='word_1_827' title='bbox 2351 4003 2362 4039; x_wconf 92' lang='lat'><strong>:</strong></span> <span class='ocrx_word' id='word_1_828' title='bbox 2399 3985 2655 4042; x_wconf 85' lang='lat' dir='ltr'><strong>Dominus</strong></span> <span class='ocrx_word' id='word_1_829' title='bbox 2689 3990 2867 4057; x_wconf 81' lang='lat' dir='ltr'><strong>enim,</strong></span> <span class='ocrx_word' id='word_1_830' title='bbox 2903 3991 3112 4062; x_wconf 86' lang='lat' dir='ltr'><strong>inquit,</strong></span> <span class='ocrx_word' id='word_1_831' title='bbox 3142 3994 3307 4059; x_wconf 86' lang='lat' dir='ltr'><strong>pascit</strong></span> <span class='ocrx_word' id='word_1_832' title='bbox 3336 4011 3449 4062; x_wconf 79' lang='lat' dir='ltr'><strong>ms,</strong></span> 
     </span>
    </p>
   </div>
   <div class='ocr_carea' id='block_1_102' title="bbox 1836 4077 3448 4152">
    <p class='ocr_par' dir='ltr' id='par_1_102' title="bbox 1836 4077 3448 4152">
     <span class='ocr_line' id='line_1_102' title="bbox 1836 4077 3448 4152; baseline 0.006 -22"><span class='ocrx_word' id='word_1_833' title='bbox 1836 4086 1882 4130; x_wconf 78' lang='lat' dir='ltr'><strong>et</strong></span> <span class='ocrx_word' id='word_1_834' title='bbox 1915 4077 2045 4131; x_wconf 82' lang='lat' dir='ltr'><strong>nihil</strong></span> <span class='ocrx_word' id='word_1_835' title='bbox 2072 4078 2199 4131; x_wconf 86' lang='lat' dir='ltr'><strong>mihi</strong></span> <span class='ocrx_word' id='word_1_836' title='bbox 2243 4080 2401 4133; x_wconf 79' lang='lat' dir='ltr'><strong>deerit</strong></span> <span class='ocrx_word' id='word_1_837' title='bbox 2433 4079 2605 4147; x_wconf 83' lang='lat' dir='ltr'><strong>(Psol.</strong></span> <span class='ocrx_word' id='word_1_838' title='bbox 2634 4081 2726 4136; x_wconf 59' lang='grc' dir='ltr'><strong>Ἠ.</strong></span> <span class='ocrx_word' id='word_1_839' title='bbox 2765 4083 2836 4152; x_wconf 92' lang='grc'><strong>1).</strong></span> <span class='ocrx_word' id='word_1_840' title='bbox 2872 4084 2969 4138; x_wconf 91' lang='lat' dir='ltr'><strong>Dic</strong></span> <span class='ocrx_word' id='word_1_841' title='bbox 2999 4085 3128 4139; x_wconf 91' lang='lat' dir='ltr'><strong>mihi</strong></span> <span class='ocrx_word' id='word_1_842' title='bbox 3152 4126 3166 4147; x_wconf 87' lang='lat'><strong>,</strong></span> <span class='ocrx_word' id='word_1_843' title='bbox 3200 4086 3242 4139; x_wconf 90' lang='lat' dir='ltr'><strong>si</strong></span> <span class='ocrx_word' id='word_1_844' title='bbox 3273 4087 3448 4140; x_wconf 88' lang='lat' dir='ltr'><strong>virum</strong></span> 
     </span>
    </p>
   </div>
   <div class='ocr_carea' id='block_1_103' title="bbox 1840 4169 3451 4246">
    <p class='ocr_par' dir='ltr' id='par_1_103' title="bbox 1840 4169 3451 4246">
     <span class='ocr_line' id='line_1_103' title="bbox 1840 4169 3451 4246; baseline 0.008 -26"><span class='ocrx_word' id='word_1_845' title='bbox 1840 4169 2038 4224; x_wconf 87' lang='lat' dir='ltr'><strong>habeas</strong></span> <span class='ocrx_word' id='word_1_846' title='bbox 2059 4169 2291 4239; x_wconf 81' lang='lat' dir='ltr'><strong>aliquem</strong></span> <span class='ocrx_word' id='word_1_847' title='bbox 2318 4186 2569 4240; x_wconf 84' lang='lat' dir='ltr'><strong>magnum</strong></span> <span class='ocrx_word' id='word_1_848' title='bbox 2594 4182 2649 4227; x_wconf 87' lang='lat' dir='ltr'><strong>et</strong></span> <span class='ocrx_word' id='word_1_849' title='bbox 2672 4173 3070 4240; x_wconf 88' lang='lat' dir='ltr'><strong>admirabilem,</strong></span> <span class='ocrx_word' id='word_1_850' title='bbox 3101 4177 3193 4246; x_wconf 90' lang='lat' dir='ltr'><strong>qui</strong></span> <span class='ocrx_word' id='word_1_851' title='bbox 3217 4185 3268 4232; x_wconf 91' lang='lat' dir='ltr'><strong>te</strong></span> <span class='ocrx_word' id='word_1_852' title='bbox 3292 4179 3451 4233; x_wconf 88' lang='lat' dir='ltr'><strong>valde</strong></span> 
     </span>
    </p>
   </div>
   <div class='ocr_carea' id='block_1_104' title="bbox 1835 4261 3450 4340">
    <p class='ocr_par' dir='ltr' id='par_1_104' title="bbox 1835 4261 3450 4340">
     <span class='ocr_line' id='line_1_104' title="bbox 1835 4261 3450 4340; baseline 0.007 -28"><span class='ocrx_word' id='word_1_853' title='bbox 1835 4269 2000 4324; x_wconf 85' lang='lat' dir='ltr'><strong>amet,</strong></span> <span class='ocrx_word' id='word_1_854' title='bbox 2029 4268 2084 4314; x_wconf 89' lang='lat' dir='ltr'><strong>et</strong></span> <span class='ocrx_word' id='word_1_855' title='bbox 2114 4261 2190 4315; x_wconf 88' lang='lat' dir='ltr'><strong>tui</strong></span> <span class='ocrx_word' id='word_1_856' title='bbox 2220 4275 2407 4317; x_wconf 90' lang='lat' dir='ltr'><strong>curam</strong></span> <span class='ocrx_word' id='word_1_857' title='bbox 2430 4273 2615 4334; x_wconf 83' lang='lat' dir='ltr'><strong>gerat;</strong></span> <span class='ocrx_word' id='word_1_858' title='bbox 2647 4265 2845 4320; x_wconf 89' lang='lat' dir='ltr'><strong>deinde</strong></span> <span class='ocrx_word' id='word_1_859' title='bbox 2868 4267 3008 4322; x_wconf 92' lang='lat' dir='ltr'><strong>scias</strong></span> <span class='ocrx_word' id='word_1_860' title='bbox 3034 4283 3156 4323; x_wconf 88' lang='lat' dir='ltr'><strong>eum</strong></span> <span class='ocrx_word' id='word_1_861' title='bbox 3184 4278 3450 4340; x_wconf 87' lang='lat' dir='ltr'><strong>perpetuo</strong></span> 
     </span>
    </p>
   </div>
   <div class='ocr_carea' id='block_1_105' title="bbox 1837 4353 3450 4419">
    <p class='ocr_par' dir='ltr' id='par_1_105' title="bbox 1837 4353 3450 4419">
     <span class='ocr_line' id='line_1_105' title="bbox 1837 4353 3450 4419; baseline 0.008 -15"><span class='ocrx_word' id='word_1_862' title='bbox 1837 4353 2126 4419; x_wconf 88' lang='lat' dir='ltr'><strong>victurum,</strong></span> <span class='ocrx_word' id='word_1_863' title='bbox 2158 4369 2260 4409; x_wconf 86' lang='lat' dir='ltr'><strong>nec</strong></span> <span class='ocrx_word' id='word_1_864' title='bbox 2304 4363 2431 4409; x_wconf 86' lang='lat' dir='ltr'><strong>ante</strong></span> <span class='ocrx_word' id='word_1_865' title='bbox 2483 4365 2533 4411; x_wconf 90' lang='lat' dir='ltr'><strong>te</strong></span> <span class='ocrx_word' id='word_1_866' title='bbox 2594 4356 2943 4419; x_wconf 86' lang='lat' dir='ltr'><strong>moriturum,</strong></span> <span class='ocrx_word' id='word_1_867' title='bbox 2996 4365 3050 4411; x_wconf 85' lang='lat' dir='ltr'><strong>et</strong></span> <span class='ocrx_word' id='word_1_868' title='bbox 3110 4377 3232 4415; x_wconf 89' lang='lat' dir='ltr'><strong>eum</strong></span> <span class='ocrx_word' id='word_1_869' title='bbox 3267 4364 3450 4418; x_wconf 87' lang='lat' dir='ltr'><strong>omnia</strong></span> 
     </span>
    </p>
   </div>
   <div class='ocr_carea' id='block_1_106' title="bbox 1836 4445 3447 4524">
    <p class='ocr_par' dir='ltr' id='par_1_106' title="bbox 1836 4445 3447 4524">
     <span class='ocr_line' id='line_1_106' title="bbox 1836 4445 3447 4524; baseline 0.006 -26"><span class='ocrx_word' id='word_1_870' title='bbox 1836 4445 1928 4499; x_wconf 90' lang='lat' dir='ltr'><strong>tibi</strong></span> <span class='ocrx_word' id='word_1_871' title='bbox 1955 4445 2332 4515; x_wconf 63' lang='lat' dir='ltr'><strong>praebiturum,</strong></span> <span class='ocrx_word' id='word_1_872' title='bbox 2365 4457 2422 4503; x_wconf 90' lang='lat' dir='ltr'><strong>ut</strong></span> <span class='ocrx_word' id='word_1_873' title='bbox 2450 4451 2529 4503; x_wconf 88' lang='lat' dir='ltr'><strong>eis</strong></span> <span class='ocrx_word' id='word_1_874' title='bbox 2560 4466 2754 4505; x_wconf 87' lang='lat' dir='ltr'><strong>secure</strong></span> <span class='ocrx_word' id='word_1_875' title='bbox 2783 4461 3054 4524; x_wconf 88' lang='lat' dir='ltr'><strong>tamquam</strong></span> <span class='ocrx_word' id='word_1_876' title='bbox 3085 4455 3190 4510; x_wconf 91' lang='lat' dir='ltr'><strong>tuis</strong></span> <span class='ocrx_word' id='word_1_877' title='bbox 3214 4455 3408 4510; x_wconf 87' lang='lat' dir='ltr'><strong>fruaris</strong></span> <span class='ocrx_word' id='word_1_878' title='bbox 3434 4475 3447 4508; x_wconf 91' lang='lat'><strong>:</strong></span> 
     </span>
    </p>
   </div>
   <div class='ocr_carea' id='block_1_107' title="bbox 1836 4537 3450 4610">
    <p class='ocr_par' dir='ltr' id='par_1_107' title="bbox 1836 4537 3450 4610">
     <span class='ocr_line' id='line_1_107' title="bbox 1836 4537 3450 4610; baseline 0.009 -21"><span class='ocrx_word' id='word_1_879' title='bbox 1836 4537 2074 4593; x_wconf 88' lang='lat' dir='ltr'><strong>vellesnc</strong></span> <span class='ocrx_word' id='word_1_880' title='bbox 2105 4538 2306 4609; x_wconf 90' lang='lat' dir='ltr'><strong>aliquid</strong></span> <span class='ocrx_word' id='word_1_881' title='bbox 2341 4541 2665 4610; x_wconf 77' lang='lat' dir='ltr'><strong>possidere?</strong></span> <span class='ocrx_word' id='word_1_882' title='bbox 2700 4560 2822 4596; x_wconf 92' lang='lat' dir='ltr'><strong>nam</strong></span> <span class='ocrx_word' id='word_1_883' title='bbox 2863 4546 2906 4598; x_wconf 88' lang='lat' dir='ltr'><strong>si</strong></span> <span class='ocrx_word' id='word_1_884' title='bbox 2951 4547 3205 4602; x_wconf 90' lang='lat' dir='ltr'><strong>omnibus</strong></span> <span class='ocrx_word' id='word_1_885' title='bbox 3249 4548 3450 4605; x_wconf 85' lang='lat' dir='ltr'><strong>nudata</strong></span> 
     </span>
    </p>
   </div>
   <div class='ocr_carea' id='block_1_108' title="bbox 1835 4635 3451 4714">
    <p class='ocr_par' dir='ltr' id='par_1_108' title="bbox 1835 4635 3451 4714">
     <span class='ocr_line' id='line_1_108' title="bbox 1835 4635 3451 4714; baseline 0.008 -29"><span class='ocrx_word' id='word_1_886' title='bbox 1835 4647 2005 4696; x_wconf 87' lang='lat' dir='ltr'><strong>esses,</strong></span> <span class='ocrx_word' id='word_1_887' title='bbox 2037 4647 2215 4687; x_wconf 79' lang='lat' dir='ltr'><strong>animo</strong></span> <span class='ocrx_word' id='word_1_888' title='bbox 2245 4635 2587 4691; x_wconf 87' lang='lat' dir='ltr'><strong>existimares</strong></span> <span class='ocrx_word' id='word_1_889' title='bbox 2618 4646 2668 4692; x_wconf 91' lang='lat' dir='ltr'><strong>te</strong></span> <span class='ocrx_word' id='word_1_890' title='bbox 2706 4637 2960 4694; x_wconf 89' lang='lat' dir='ltr'><strong>ditiorem</strong></span> <span class='ocrx_word' id='word_1_891' title='bbox 2991 4641 3156 4695; x_wconf 88' lang='lat' dir='ltr'><strong>esse?</strong></span> <span class='ocrx_word' id='word_1_892' title='bbox 3186 4641 3295 4697; x_wconf 90' lang='lat' dir='ltr'><strong>Cur</strong></span> <span class='ocrx_word' id='word_1_893' title='bbox 3319 4657 3451 4714; x_wconf 86' lang='lat' dir='ltr'><strong>ergo</strong></span> 
     </span>
    </p>
   </div>
   <div class='ocr_carea' id='block_1_109' title="bbox 1836 4727 3450 4808">
    <p class='ocr_par' dir='ltr' id='par_1_109' title="bbox 1836 4727 3450 4808">
     <span class='ocr_line' id='line_1_109' title="bbox 1836 4727 3450 4808; baseline 0.008 -29"><span class='ocrx_word' id='word_1_894' title='bbox 1836 4727 2025 4796; x_wconf 81' lang='lat' dir='ltr'><strong>luges?</strong></span> <span class='ocrx_word' id='word_1_895' title='bbox 2054 4729 2194 4796; x_wconf 80' lang='lat' dir='ltr'><strong>quod</strong></span> <span class='ocrx_word' id='word_1_896' title='bbox 2230 4744 2334 4782; x_wconf 90' lang='lat' dir='ltr'><strong>non</strong></span> <span class='ocrx_word' id='word_1_897' title='bbox 2381 4731 2581 4786; x_wconf 90' lang='lat' dir='ltr'><strong>habeas</strong></span> <span class='ocrx_word' id='word_1_898' title='bbox 2625 4731 2923 4800; x_wconf 88' lang='lat' dir='ltr'><strong>pecunias?</strong></span> <span class='ocrx_word' id='word_1_899' title='bbox 2963 4733 3058 4789; x_wconf 90' lang='lat' dir='ltr'><strong>sed</strong></span> <span class='ocrx_word' id='word_1_900' title='bbox 3086 4737 3260 4806; x_wconf 87' lang='lat' dir='ltr'><strong>cogita</strong></span> <span class='ocrx_word' id='word_1_901' title='bbox 3303 4738 3450 4808; x_wconf 88' lang='lat' dir='ltr'><strong>quod</strong></span> 
     </span>
    </p>
   </div>
   <div class='ocr_carea' id='block_1_110' title="bbox 1838 4818 3453 4901">
    <p class='ocr_par' dir='ltr' id='par_1_110' title="bbox 1838 4818 3453 4901">
     <span class='ocr_line' id='line_1_110' title="bbox 1838 4818 3453 4901; baseline 0.011 -31"><span class='ocrx_word' id='word_1_902' title='bbox 1838 4818 1932 4871; x_wconf 92' lang='lat' dir='ltr'><strong>tibi</strong></span> <span class='ocrx_word' id='word_1_903' title='bbox 1973 4818 2043 4873; x_wconf 89' lang='lat' dir='ltr'><strong>sit</strong></span> <span class='ocrx_word' id='word_1_904' title='bbox 2084 4820 2258 4874; x_wconf 87' lang='lat' dir='ltr'><strong>ablata</strong></span> <span class='ocrx_word' id='word_1_905' title='bbox 2296 4832 2642 4890; x_wconf 87' lang='lat' dir='ltr'><strong>peccatorum</strong></span> <span class='ocrx_word' id='word_1_906' title='bbox 2674 4825 2914 4881; x_wconf 89' lang='lat' dir='ltr'><strong>occasio.</strong></span> <span class='ocrx_word' id='word_1_907' title='bbox 2947 4829 3019 4882; x_wconf 85' lang='lat' dir='ltr'><strong>At</strong></span> <span class='ocrx_word' id='word_1_908' title='bbox 3060 4829 3202 4899; x_wconf 90' lang='lat' dir='ltr'><strong>quod</strong></span> <span class='ocrx_word' id='word_1_909' title='bbox 3235 4829 3309 4884; x_wconf 89' lang='lat' dir='ltr'><strong>sis</strong></span> <span class='ocrx_word' id='word_1_910' title='bbox 3341 4833 3453 4901; x_wconf 85' lang='lat' dir='ltr'><strong>pri-</strong></span> 
     </span>
    </p>
   </div>
   <div class='ocr_carea' id='block_1_111' title="bbox 1835 4910 3448 4987">
    <p class='ocr_par' dir='ltr' id='par_1_111' title="bbox 1835 4910 3448 4987">
     <span class='ocr_line' id='line_1_111' title="bbox 1835 4910 3448 4987; baseline 0.011 -23"><span class='ocrx_word' id='word_1_911' title='bbox 1835 4919 1956 4966; x_wconf 87' lang='lat' dir='ltr'><strong>vata</strong></span> <span class='ocrx_word' id='word_1_912' title='bbox 1986 4910 2371 4968; x_wconf 83' lang='lat' dir='ltr'><strong>facultatibus?</strong></span> <span class='ocrx_word' id='word_1_913' title='bbox 2401 4915 2494 4969; x_wconf 87' lang='lat' dir='ltr'><strong>sed</strong></span> <span class='ocrx_word' id='word_1_914' title='bbox 2520 4917 2853 4987; x_wconf 86' lang='lat' dir='ltr'><strong>acquisivisti</strong></span> <span class='ocrx_word' id='word_1_915' title='bbox 2881 4920 2972 4974; x_wconf 85' lang='lat' dir='ltr'><strong>Dei</strong></span> <span class='ocrx_word' id='word_1_916' title='bbox 2994 4921 3448 4982; x_wconf 86' lang='lat' dir='ltr'><strong>benevolentiam.</strong></span> 
     </span>
    </p>
   </div>
   <div class='ocr_carea' id='block_1_112' title="bbox 1836 5004 3452 5090">
    <p class='ocr_par' dir='ltr' id='par_1_112' title="bbox 1836 5004 3452 5090">
     <span class='ocr_line' id='line_1_112' title="bbox 1836 5004 3452 5090; baseline 0.01 -33"><span class='ocrx_word' id='word_1_917' title='bbox 1836 5004 1904 5058; x_wconf 87' lang='lat' dir='ltr'><strong>Et</strong></span> <span class='ocrx_word' id='word_1_918' title='bbox 1931 5004 2224 5075; x_wconf 87' lang='lat' dir='ltr'><strong>quomodo,</strong></span> <span class='ocrx_word' id='word_1_919' title='bbox 2262 5007 2465 5071; x_wconf 78' lang='lat' dir='ltr'><strong>inquit,</strong></span> <span class='ocrx_word' id='word_1_920' title='bbox 2505 5011 2801 5080; x_wconf 85' lang='lat' dir='ltr'><strong>acquisivi?</strong></span> <span class='ocrx_word' id='word_1_921' title='bbox 2835 5012 3017 5081; x_wconf 88' lang='lat' dir='ltr'><strong>Dixit,</strong></span> <span class='ocrx_word' id='word_1_922' title='bbox 3046 5013 3149 5069; x_wconf 84' lang='lat' dir='ltr'><strong>Cur</strong></span> <span class='ocrx_word' id='word_1_923' title='bbox 3176 5033 3279 5071; x_wconf 87' lang='lat' dir='ltr'><strong>non</strong></span> <span class='ocrx_word' id='word_1_924' title='bbox 3309 5018 3452 5090; x_wconf 84' lang='lat' dir='ltr'><strong>inju-</strong></span> 
     </span>
    </p>
   </div>
   <div class='ocr_carea' id='block_1_113' title="bbox 1835 5098 3447 5179">
    <p class='ocr_par' dir='ltr' id='par_1_113' title="bbox 1835 5098 3447 5179">
     <span class='ocr_line' id='line_1_113' title="bbox 1835 5098 3447 5179; baseline 0.008 -27"><span class='ocrx_word' id='word_1_925' title='bbox 1835 5098 1966 5152; x_wconf 83' lang='lat' dir='ltr'><strong>rinm</strong></span> <span class='ocrx_word' id='word_1_926' title='bbox 1990 5098 2266 5165; x_wconf 86' lang='lat' dir='ltr'><strong>patimini?</strong></span> <span class='ocrx_word' id='word_1_927' title='bbox 2295 5099 2450 5164; x_wconf 84' lang='lat' dir='ltr'><strong>dixit,</strong></span> <span class='ocrx_word' id='word_1_928' title='bbox 2490 5099 2554 5154; x_wconf 89' lang='lat' dir='ltr'><strong>In</strong></span> <span class='ocrx_word' id='word_1_929' title='bbox 2580 5104 2813 5156; x_wconf 83' lang='lat' dir='ltr'><strong>omnibus</strong></span> <span class='ocrx_word' id='word_1_930' title='bbox 2839 5106 3037 5174; x_wconf 84' lang='lat' dir='ltr'><strong>gratias</strong></span> <span class='ocrx_word' id='word_1_931' title='bbox 3059 5108 3191 5178; x_wconf 83' lang='lat' dir='ltr'><strong>agite</strong></span> <span class='ocrx_word' id='word_1_932' title='bbox 3220 5109 3295 5179; x_wconf 81' lang='grc'><strong>(1.</strong></span> <span class='ocrx_word' id='word_1_933' title='bbox 3327 5109 3447 5166; x_wconf 81' lang='lat' dir='ltr'><strong>Cor.</strong></span> 
     </span>
    </p>
   </div>
   <div class='ocr_carea' id='block_1_114' title="bbox 1838 5187 3531 5280">
    <p class='ocr_par' dir='ltr' id='par_1_114' title="bbox 1838 5187 3531 5280">
     <span class='ocr_line' id='line_1_114' title="bbox 1838 5187 3531 5280; baseline 0.008 -37"><span class='ocrx_word' id='word_1_934' title='bbox 1838 5189 1890 5243; x_wconf 87' lang='grc'><strong>6.</strong></span> <span class='ocrx_word' id='word_1_935' title='bbox 1920 5190 1973 5254; x_wconf 84' lang='lat'><strong>7;</strong></span> <span class='ocrx_word' id='word_1_936' title='bbox 2009 5189 2060 5243; x_wconf 82' lang='grc'><strong>1.</strong></span> <span class='ocrx_word' id='word_1_937' title='bbox 2097 5187 2272 5244; x_wconf 80' lang='lat' dir='ltr'><strong>Thess.</strong></span> <span class='ocrx_word' id='word_1_938' title='bbox 2308 5191 2489 5280; x_wconf 46' lang='grc'><strong>5.,18)</strong></span> <span class='ocrx_word' id='word_1_939' title='bbox 2522 5211 2533 5247; x_wconf 86' lang='lat'>:</span> <span class='ocrx_word' id='word_1_940' title='bbox 2567 5193 2733 5260; x_wconf 90' lang='lat' dir='ltr'><strong>dixit,</strong></span> <span class='ocrx_word' id='word_1_941' title='bbox 2781 5195 2927 5250; x_wconf 87' lang='lat' dir='ltr'><strong>Beati</strong></span> <span class='ocrx_word' id='word_1_942' title='bbox 2969 5215 3220 5269; x_wconf 84' lang='lat' dir='ltr'><strong>pauperes</strong></span> <span class='ocrx_word' id='word_1_943' title='bbox 3265 5202 3454 5272; x_wconf 86' lang='lat' dir='ltr'><strong>spiritu</strong></span> <span class='ocrx_word' id='word_1_944' title='bbox 3525 5199 3531 5266; x_wconf 58' lang='lat'><strong>,5</strong></span> 
     </span>
    </p>
   </div>
   <div class='ocr_carea' id='block_1_115' title="bbox 1837 5279 3524 5357">
    <p class='ocr_par' dir='ltr' id='par_1_115' title="bbox 1837 5279 3524 5357">
     <span class='ocr_line' id='line_1_115' title="bbox 1837 5279 3524 5357; baseline 0.011 -26"><span class='ocrx_word' id='word_1_945' title='bbox 1837 5279 2065 5350; x_wconf 83' lang='lat' dir='ltr'><strong>(Matth.</strong></span> <span class='ocrx_word' id='word_1_946' title='bbox 2102 5282 2154 5336; x_wconf 79' lang='grc'><strong>5.</strong></span> <span class='ocrx_word' id='word_1_947' title='bbox 2191 5280 2268 5352; x_wconf 79' lang='grc'><strong>5).</strong></span> <span class='ocrx_word' id='word_1_948' title='bbox 2312 5279 2499 5352; x_wconf 78' lang='lat' dir='ltr'><strong>Cagita</strong></span> <span class='ocrx_word' id='word_1_949' title='bbox 2545 5285 2706 5355; x_wconf 82' lang='lat' dir='ltr'><strong>igitur</strong></span> <span class='ocrx_word' id='word_1_950' title='bbox 2734 5299 2932 5357; x_wconf 87' lang='lat' dir='ltr'><strong>quanta</strong></span> <span class='ocrx_word' id='word_1_951' title='bbox 2980 5289 3176 5346; x_wconf 76' lang='lat' dir='ltr'><strong>frueris</strong></span> <span class='ocrx_word' id='word_1_952' title='bbox 3211 5291 3452 5349; x_wconf 87' lang='lat' dir='ltr'><strong>henevo-</strong></span> <span class='ocrx_word' id='word_1_953' title='bbox 3520 5291 3524 5312; x_wconf 73' lang='grc'><strong><em>⁷</em></strong></span> 
     </span>
    </p>
   </div>
   <div class='ocr_carea' id='block_1_116' title="bbox 1839 5373 3452 5444">
    <p class='ocr_par' dir='ltr' id='par_1_116' title="bbox 1839 5373 3452 5444">
     <span class='ocr_line' id='line_1_116' title="bbox 1839 5373 3452 5444; baseline 0.01 -18"><span class='ocrx_word' id='word_1_954' title='bbox 1839 5373 2000 5427; x_wconf 89' lang='lat' dir='ltr'><strong>lentia</strong></span> <span class='ocrx_word' id='word_1_955' title='bbox 2024 5413 2038 5436; x_wconf 90' lang='lat'><strong>,</strong></span> <span class='ocrx_word' id='word_1_956' title='bbox 2069 5373 2116 5427; x_wconf 89' lang='lat' dir='ltr'><strong>si</strong></span> <span class='ocrx_word' id='word_1_957' title='bbox 2148 5387 2209 5427; x_wconf 90' lang='lat' dir='ltr'><strong>ea</strong></span> <span class='ocrx_word' id='word_1_958' title='bbox 2247 5389 2340 5444; x_wconf 86' lang='lat' dir='ltr'><strong>per</strong></span> <span class='ocrx_word' id='word_1_959' title='bbox 2372 5373 2511 5429; x_wconf 86' lang='lat' dir='ltr'><strong>facta</strong></span> <span class='ocrx_word' id='word_1_960' title='bbox 2543 5379 2866 5432; x_wconf 80' lang='lat' dir='ltr'><strong>ostenderis.</strong></span> <span class='ocrx_word' id='word_1_961' title='bbox 2899 5380 3032 5436; x_wconf 81' lang='lat' dir='ltr'><strong>Nam</strong></span> <span class='ocrx_word' id='word_1_962' title='bbox 3071 5400 3232 5438; x_wconf 90' lang='lat' dir='ltr'><strong>unum</strong></span> <span class='ocrx_word' id='word_1_963' title='bbox 3274 5386 3452 5442; x_wconf 91' lang='lat' dir='ltr'><strong>solum</strong></span> 
     </span>
    </p>
   </div>
   <div class='ocr_carea' id='block_1_117' title="bbox 1839 5465 3448 5547">
    <p class='ocr_par' dir='ltr' id='par_1_117' title="bbox 1839 5465 3448 5547">
     <span class='ocr_line' id='line_1_117' title="bbox 1839 5465 3448 5547; baseline 0.009 -30"><span class='ocrx_word' id='word_1_964' title='bbox 1839 5465 2098 5534; x_wconf 73' lang='lat' dir='ltr'><strong>qumrilur</strong></span> <span class='ocrx_word' id='word_1_965' title='bbox 2125 5480 2152 5518; x_wconf 91' lang='lat' dir='ltr'><strong>a</strong></span> <span class='ocrx_word' id='word_1_966' title='bbox 2186 5466 2363 5532; x_wconf 90' lang='lat' dir='ltr'><strong>nobis,</strong></span> <span class='ocrx_word' id='word_1_967' title='bbox 2396 5477 2451 5521; x_wconf 88' lang='lat' dir='ltr'><strong>ut</strong></span> <span class='ocrx_word' id='word_1_968' title='bbox 2482 5468 2532 5521; x_wconf 90' lang='lat' dir='ltr'><strong>in</strong></span> <span class='ocrx_word' id='word_1_969' title='bbox 2563 5470 2816 5527; x_wconf 89' lang='lat' dir='ltr'><strong>omnibus</strong></span> <span class='ocrx_word' id='word_1_970' title='bbox 2841 5472 2949 5528; x_wconf 89' lang='lat' dir='ltr'><strong>Deo</strong></span> <span class='ocrx_word' id='word_1_971' title='bbox 2977 5489 3200 5545; x_wconf 85' lang='lat' dir='ltr'><strong>agamus</strong></span> <span class='ocrx_word' id='word_1_972' title='bbox 3227 5479 3448 5547; x_wconf 87' lang='lat' dir='ltr'><strong>gratias,</strong></span> 
     </span>
    </p>
   </div>
   <div class='ocr_carea' id='block_1_118' title="bbox 1841 5553 3452 5635">
    <p class='ocr_par' dir='ltr' id='par_1_118' title="bbox 1841 5553 3452 5635">
     <span class='ocr_line' id='line_1_118' title="bbox 1841 5553 3452 5635; baseline 0.007 -24"><span class='ocrx_word' id='word_1_973' title='bbox 1841 5567 1892 5611; x_wconf 87' lang='lat' dir='ltr'><strong>et</strong></span> <span class='ocrx_word' id='word_1_974' title='bbox 1925 5553 2102 5611; x_wconf 85' lang='lat' dir='ltr'><strong>omnia</strong></span> <span class='ocrx_word' id='word_1_975' title='bbox 2139 5556 2458 5613; x_wconf 77' lang='lat' dir='ltr'><strong>habebimus</strong></span> <span class='ocrx_word' id='word_1_976' title='bbox 2487 5560 2714 5617; x_wconf 75' lang='lat' dir='ltr'><strong>allatim.</strong></span> <span class='ocrx_word' id='word_1_977' title='bbox 2749 5564 2993 5635; x_wconf 84' lang='lat' dir='ltr'><strong>Exempli</strong></span> <span class='ocrx_word' id='word_1_978' title='bbox 3031 5582 3222 5632; x_wconf 80' lang='lat' dir='ltr'><strong>causa,</strong></span> <span class='ocrx_word' id='word_1_979' title='bbox 3262 5569 3452 5623; x_wconf 74' lang='lat' dir='ltr'><strong>Perdi-</strong></span> 
     </span>
    </p>
   </div>
   <div class='ocr_carea' id='block_1_119' title="bbox 1842 5648 3454 5730">
    <p class='ocr_par' dir='ltr' id='par_1_119' title="bbox 1842 5648 3454 5730">
     <span class='ocr_line' id='line_1_119' title="bbox 1842 5648 3454 5730; baseline 0.009 -28"><span class='ocrx_word' id='word_1_980' title='bbox 1842 5650 1964 5702; x_wconf 89' lang='lat' dir='ltr'><strong>disti</strong></span> <span class='ocrx_word' id='word_1_981' title='bbox 1991 5648 2171 5703; x_wconf 87' lang='lat' dir='ltr'><strong>decies</strong></span> <span class='ocrx_word' id='word_1_982' title='bbox 2201 5649 2348 5703; x_wconf 88' lang='lat' dir='ltr'><strong>mille</strong></span> <span class='ocrx_word' id='word_1_983' title='bbox 2379 5651 2544 5706; x_wconf 88' lang='lat' dir='ltr'><strong>libras</strong></span> <span class='ocrx_word' id='word_1_984' title='bbox 2573 5654 2732 5707; x_wconf 80' lang='lat' dir='ltr'><strong>auri?</strong></span> <span class='ocrx_word' id='word_1_985' title='bbox 2757 5657 3041 5712; x_wconf 89' lang='lat' dir='ltr'><strong>confestim</strong></span> <span class='ocrx_word' id='word_1_986' title='bbox 3075 5658 3186 5712; x_wconf 92' lang='lat' dir='ltr'><strong>Deo</strong></span> <span class='ocrx_word' id='word_1_987' title='bbox 3215 5675 3311 5728; x_wconf 82' lang='lat' dir='ltr'><strong>age</strong></span> <span class='ocrx_word' id='word_1_988' title='bbox 3333 5676 3454 5730; x_wconf 82' lang='lat' dir='ltr'><strong>gra-</strong></span> 
     </span>
    </p>
   </div>
   <div class='ocr_carea' id='block_1_120' title="bbox 1845 5741 3450 5818">
    <p class='ocr_par' dir='ltr' id='par_1_120' title="bbox 1845 5741 3450 5818">
     <span class='ocr_line' id='line_1_120' title="bbox 1845 5741 3450 5818; baseline 0.007 -24"><span class='ocrx_word' id='word_1_989' title='bbox 1845 5744 1966 5808; x_wconf 83' lang='lat' dir='ltr'><strong>tias,</strong></span> <span class='ocrx_word' id='word_1_990' title='bbox 2000 5751 2055 5796; x_wconf 90' lang='lat' dir='ltr'><strong>et</strong></span> <span class='ocrx_word' id='word_1_991' title='bbox 2081 5741 2410 5811; x_wconf 81' lang='lat' dir='ltr'><strong>acquisivisti</strong></span> <span class='ocrx_word' id='word_1_992' title='bbox 2444 5745 2649 5799; x_wconf 73' lang='lat' dir='ltr'><strong>centies</strong></span> <span class='ocrx_word' id='word_1_993' title='bbox 2673 5745 2819 5802; x_wconf 84' lang='lat' dir='ltr'><strong>mille</strong></span> <span class='ocrx_word' id='word_1_994' title='bbox 2846 5748 3010 5803; x_wconf 87' lang='lat' dir='ltr'><strong>libras</strong></span> <span class='ocrx_word' id='word_1_995' title='bbox 3040 5765 3134 5818; x_wconf 86' lang='lat' dir='ltr'><strong>per</strong></span> <span class='ocrx_word' id='word_1_996' title='bbox 3170 5766 3352 5804; x_wconf 81' lang='lat' dir='ltr'><strong>vocem</strong></span> <span class='ocrx_word' id='word_1_997' title='bbox 3385 5752 3450 5804; x_wconf 87' lang='lat' dir='ltr'><strong>il-</strong></span> 
     </span>
    </p>
   </div>
   <div class='ocr_carea' id='block_1_121' title="bbox 1845 5833 3454 5915">
    <p class='ocr_par' dir='ltr' id='par_1_121' title="bbox 1845 5833 3454 5915">
     <span class='ocr_line' id='line_1_121' title="bbox 1845 5833 3454 5915; baseline 0.007 -28"><span class='ocrx_word' id='word_1_998' title='bbox 1845 5833 1947 5889; x_wconf 85' lang='lat' dir='ltr'><strong>lam</strong></span> <span class='ocrx_word' id='word_1_999' title='bbox 1980 5842 2031 5889; x_wconf 87' lang='lat' dir='ltr'><strong>et</strong></span> <span class='ocrx_word' id='word_1_1000' title='bbox 2060 5833 2355 5905; x_wconf 86' lang='lat' dir='ltr'><strong>gratiarqu</strong></span> <span class='ocrx_word' id='word_1_1001' title='bbox 2401 5837 2690 5891; x_wconf 86' lang='lat' dir='ltr'><strong>actionem.</strong></span> <span class='ocrx_word' id='word_1_1002' title='bbox 2728 5836 2857 5892; x_wconf 77' lang='lat' dir='ltr'><strong>Nam</strong></span> <span class='ocrx_word' id='word_1_1003' title='bbox 2905 5839 2990 5897; x_wconf 89' lang='lat' dir='ltr'><strong>dic</strong></span> <span class='ocrx_word' id='word_1_1004' title='bbox 3037 5840 3200 5909; x_wconf 87' lang='lat' dir='ltr'><strong>mihi,</strong></span> <span class='ocrx_word' id='word_1_1005' title='bbox 3236 5842 3454 5915; x_wconf 75' lang='lat' dir='ltr'><strong>quando</strong></span> 
     </span>
    </p>
   </div>
  </div>
