4068 6414
707 386 807 440 H7

678 514 781 570 Job
820 512 1030 568 beatum
1070 501 1420 579 pronuntias?
1447 496 1661 571 quando
1682 495 1867 551 habuit
1894 501 1970 548 tot
1995 489 2253 553 camelos,

681 616 760 663 tot
788 618 979 677 greges
1023 611 1078 657 et
1115 609 1195 655 tot
1223 603 1501 660 armenta;
1550 607 1618 646 an
1655 587 1868 661 quando
1899 587 2041 641 illam
2084 579 2263 640 emisit

681 671 1167 763 vocemiDominus
1193 690 1352 753 dedit,
1381 674 1629 740 Dominus
1653 680 1858 737 abstulit
1886 676 2007 747 (Job
2053 677 2105 730 1.
2132 671 2261 743 2|)?

683 790 893 845 Etenim
921 786 1163 841 diabolus
1190 789 1475 853 propterea
1501 791 1600 832 nos
1626 775 1824 829 damno
1848 770 2040 834 afﬁcit,
2069 781 2176 822 non
2204 773 2264 820 ut

682 883 887 938 auferat
932 878 1219 949 pecunias;
1270 874 1371 928 scit
1414 870 1558 927 enim
1598 883 1691 924 eas
1732 864 1863 921 nihil
1902 877 2055 926 esse;
2086 860 2178 916 sed
2207 866 2265 913 ut

686 988 780 1045 per
795 987 856 1026 ea
879 984 976 1023 nos
996 976 1150 1039 cogat
1172 966 1351 1022 dicere
1373 959 1571 1031 aliquid
1594 953 1985 1025 blasphemum.
2008 952 2080 1006 lta
2102 950 2262 1005 etiam

686 1042 737 1123 in
766 1064 921 1119 beato
950 1062 1052 1117 Job
1080 1076 1185 1115 non
1220 1059 1320 1112 hoc
1352 1055 1523 1109 solum
1554 1049 1803 1105 studebat
1833 1057 1888 1101 ut
1918 1059 2037 1101 eum
2067 1042 2265 1097 faceret

688 1170 1006 1227 pauperem,
1054 1152 1149 1207 sed
1195 1149 1356 1206 etiam
1404 1155 1459 1201 ut
1505 1143 1811 1200 enuntiaret
1855 1135 2260 1206 blasphemiam.

686 1226 906 1315 Quando
930 1245 1071 1299 eiiim
1094 1240 1343 1295 omnibus
1372 1252 1493 1291 eum
1521 1232 1777 1299 nudavit,
1809 1230 1932 1285 vide
1954 1227 2079 1299 quid
2107 1227 2154 1280 ei
2177 1226 2261 1280 d1-

682 1349 769 1396 cat
802 1354 895 1409 per
935 1350 1152 1391 uxorem
1179 1350 1191 1385 :
1221 1330 1316 1385 Dic
1349 1328 1543 1398 aliquid
1572 1326 1811 1381 adversus
1849 1322 2046 1385 Deum,
2080 1328 2125 1373 et
2151 1334 2262 1371 nio-

681 1408 815 1484 rere.
840 1428 1034 1498 Atqui,
1066 1441 1099 1478 o
1141 1422 1505 1482 exsecrande,
1545 1434 1666 1474 eum
1712 1411 1954 1484 spoliasti
1993 1408 2260 1465 omnibus.

681 1523 787 1578 Sed
817 1537 920 1576 non
950 1521 1014 1573 ad
1048 1517 1172 1581 hoc,
1190 1515 1379 1586 inquit,
1403 1513 1659 1582 ponebam
1685 1507 1916 1563 studium
1949 1524 1962 1558 :
1992 1519 2112 1558 nam
2142 1517 2262 1571 pro-

683 1624 800 1686 pter
826 1611 962 1683 quod
991 1610 1168 1666 omnia
1199 1607 1318 1672 feci,
1341 1605 1389 1658 id
1421 1601 1656 1657 nondum
1686 1598 1913 1663 confeci,
1942 1606 1997 1649 ut
2019 1609 2139 1648 eum
2171 1590 2263 1646 Dei

682 1705 933 1759 nudarem
963 1700 1159 1755 auxilio
1189 1715 1201 1750 :
1227 1704 1509 1767 propterea
1536 1706 1655 1747 eum
1683 1690 1843 1745 etiam
1869 1686 2063 1741 nudari
2096 1699 2261 1752 pecu-

680 1796 800 1851 niis.
819 1794 930 1848 lloc
957 1802 1036 1846 est
1064 1788 1204 1860 quod
1231 1786 1384 1850 volo;
1419 1783 1545 1838 illud
1573 1791 1751 1836 autem
1780 1778 1913 1833 nihil
1941 1787 2023 1831 est
2050 1794 2063 1831 :
2088 1776 2130 1828 si
2163 1774 2263 1831 hoc

677 1902 785 1940 non
815 1885 950 1938 adsit
973 1925 987 1946 ,
1016 1898 1120 1936 non
1146 1880 1317 1935 solum
1346 1876 1490 1931 nulla
1519 1872 1737 1929 allectus
1784 1879 1869 1925 est
1922 1867 2136 1937 injuria,
2167 1865 2262 1921 sed

677 1979 838 2032 etiam
869 1975 917 2028 id
946 1974 993 2028 ei
1026 1971 1241 2042 profuit.

748 2070 801 2122 Δ.
841 2063 999 2121 Vides
1025 2063 1164 2135 quod
1192 2062 1326 2116 sciat
1352 2059 1525 2114 malus
1550 2057 1641 2112 ille
1664 2055 1873 2110 dazmou
1904 2059 2162 2122 quantum
2192 2046 2261 2103 sit

674 2160 789 2229 ejus
811 2159 886 2213 rei
908 2154 1200 2212 damnum?
1220 2153 1345 2209 Ideo
1370 2151 1522 2209 vides
1542 2164 1665 2204 eum
1690 2161 1786 2216 per
1806 2158 2026 2199 uxorem
2050 2152 2260 2196 struere

676 2252 912 2305 insidias.
967 2248 1160 2303 Audite
1207 2252 1471 2314 quotquot
1522 2240 1731 2295 habetis
1776 2250 1971 2291 uxores
2016 2232 2259 2303 pecuniae

673 2350 936 2403 amantes,
966 2348 1018 2393 et
1042 2351 1137 2391 vos
1160 2343 1412 2404 cogentes
1439 2334 1491 2387 in
1524 2332 1688 2385 Deum
1719 2326 2091 2394 blasphemare
2122 2341 2135 2378 :
2167 2339 2257 2378 re-

673 2434 969 2489 cordemini
996 2430 1136 2487 Jobi.
1168 2428 1275 2484 Sed
1304 2425 1582 2480 videamus
1607 2422 1721 2492 ejus
1751 2421 1969 2474 multam
1991 2460 2007 2484 ,
2036 2418 2080 2474 si
2108 2416 2257 2473 vide-

673 2535 782 2589 tur,
812 2520 1276 2577 mansuetudinem
1298 2560 1314 2581 ,
1344 2531 1445 2585 qua
1472 2515 1589 2585 ejus
1615 2529 1678 2567 os
1703 2510 1988 2565 obstruxit.
2024 2509 2143 2575 Cur,
2178 2508 2259 2563 iu-

673 2616 823 2680 quit,
868 2613 1003 2667 velut
1042 2627 1146 2664 una
1176 2626 1238 2663 ea:
1279 2606 1631 2672 insipientibus
1662 2602 1957 2656 mulieribus
1985 2601 2055 2653 ita
2093 2616 2145 2655 es
2174 2599 2255 2653 lo-

671 2714 827 2770 quuta
858 2704 1019 2774 (Job.
1062 2702 1117 2754 2.
1147 2698 1279 2770 10)?
1307 2698 1510 2753 Revera
1542 2694 1881 2761 Corrumpunt
1907 2692 2063 2745 bonos
2094 2705 2257 2744 mores

671 2796 924 2866 colloquia
967 2809 1121 2863 prava
1161 2791 1258 2864 (l.
1307 2789 1424 2845 Cor.
1460 2789 1546 2842 15.
1587 2786 1698 2855 33)
1731 2802 1743 2837 :
1790 2798 2001 2853 semper
2040 2782 2253 2853 quidem

671 2899 838 2952 certe,
871 2886 1102 2941 maxime
1125 2894 1302 2939 autem
1331 2882 1379 2934 iu
1406 2878 1827 2939 calamitatibus;
1861 2887 1985 2929 tunc
2004 2876 2090 2943 qui
2115 2873 2254 2927 mala

672 2980 931 3045 suadent,
964 2979 1069 3032 vim
1103 2977 1316 3030 habent.
1348 2973 1479 3028 Nam
1511 2973 1553 3026 si
1594 2971 1807 3025 animus
1831 2985 1896 3023 ex
1936 2983 1996 3022 se
2023 2971 2153 3021 satis
2182 2967 2257 3021 sit

672 3080 949 3141 promptus
965 3069 1029 3123 ad
1052 3067 1468 3137 indignationem
1492 3076 1545 3117 et
1566 3062 1855 3124 fastidium,
1874 3068 2071 3129 quanto
2089 3058 2255 3128 magis

672 3165 883 3233 quando
914 3173 997 3219 est
1039 3162 1197 3217 etiam
1226 3160 1314 3229 qui
1338 3157 1609 3212 consulit?
1640 3170 1815 3209 annon
1843 3152 2154 3207 deturliatur
2180 3148 2247 3203 ad

672 3255 977 3309 barathrum
991 3252 1014 3307 τ
1027 3253 1272 3323 Magnum
1291 3250 1490 3304 bonum
1507 3256 1588 3302 est
1604 3245 1818 3310 mulier,
1840 3244 1977 3297 sicut
1992 3250 2073 3296 est
2093 3243 2253 3296 etiam

665 3351 914 3406 magnum
946 3342 1164 3393 malum.
1197 3342 1260 3395 Et
1288 3342 1409 3396 vide
1449 3343 1713 3394 undenam
1746 3338 1855 3391 vult
1896 3337 2084 3391 fortem
2129 3352 2252 3391 mu-

666 3442 783 3481 rum
815 3428 1111 3495 perfodere.
1140 3429 1255 3483 Non
1284 3445 1406 3484 eum
1445 3439 1712 3499 expugnat
1752 3426 1989 3499 pecunize
2010 3427 2248 3494 amissio,

668 3519 799 3573 nihil
831 3535 1077 3588 magnum
1104 3519 1283 3575 olfacit
1311 3520 1414 3575 hoc
1441 3520 1716 3584 damnum,
1745 3519 1838 3573 sed
1867 3519 2059 3572 frustra
2089 3518 2250 3572 etiam

668 3609 991 3679 arguebatur
1008 3612 1225 3677 dixisse,
1250 3611 1308 3666 Si
1331 3629 1431 3664 non
1454 3612 1501 3664 in
1532 3613 1711 3681 facient
1740 3609 1988 3663 benedicet
2010 3608 2096 3661 tibi
2127 3605 2249 3676 (Job

672 3702 724 3755 1.
760 3702 888 3769 ll):
923 3701 1045 3755 ideo
1084 3717 1304 3756 uxorem
1346 3713 1531 3755 contra
1578 3717 1699 3754 eum
1740 3710 1931 3752 armat.
1966 3698 2120 3753 Vides
2148 3711 2254 3767 quo

670 3794 943 3864 spirabat?
967 3795 1070 3850 Sed
1106 3794 1234 3849 nihil
1268 3796 1338 3848 illi
1370 3795 1484 3849 hmc
1517 3794 1759 3848 machina
1793 3790 2008 3862 profuit.
2042 3789 2097 3845 Si
2126 3805 2254 3858 ergo

670 3901 769 3939 nos
804 3901 1013 3955 quoque
1050 3895 1202 3956 grato
1238 3887 1418 3940 animo
1445 3884 1702 3948 feramus,
1744 3900 1806 3939 ea
1836 3885 1995 3938 etiam
2027 3880 2254 3950 recipio-

670 3990 829 4039 mus;
862 3989 915 4030 et
941 3977 983 4030 si
1014 3992 1117 4031 non
1148 3977 1539 4047 receperimus,
1571 3976 1743 4044 major
1781 3975 1883 4030 erit
1912 3990 2136 4029 merces.
2166 3974 2254 4028 Sic

671 4068 723 4120 in
747 4067 1025 4121 adamante
1057 4068 1148 4121 illo
1177 4070 1367 4123 factum
1397 4077 1477 4123 est
1503 4085 1516 4120 :
1546 4067 1759 4137 quando
1792 4067 1932 4121 enim
1962 4065 2171 4120 fortiter
2200 4077 2255 4119 ct

670 4168 886 4213 strenue
908 4159 1226 4225 deccrtavit,
1265 4170 1387 4215 tunc
1408 4162 1567 4213 etiam
1602 4159 1717 4212 lucc
1750 4160 1795 4213 ei
1826 4158 2006 4211 dedit:
2041 4158 2253 4221 quando

1445 381 1500 438 S.
1540 373 1817 435 JOANNIS
1852 363 2321 427 CHRYSOSTOMI
2383 360 2698 418 .‘lRClllEP.
2739 358 3272 417 CONSTANTiNOI‘.

3842 336 3978 394 ηδ

2368 467 2606 524 ostendit
2635 467 2873 533 diabolo,
2904 468 3078 539 ipsum
3107 483 3214 522 non
3244 464 3367 521 ideo
3394 463 3565 519 Deum
3592 463 3803 531 colere,
3837 472 4001 518 tunc

2368 558 2619 616 reddidit.
2657 559 2752 613 Est
2786 559 2929 614 enim
2971 556 3323 629 hujusmodi:
3365 548 3581 626 quando
3622 555 3817 610 viderit
3866 568 4001 608 nos

2369 667 2474 708 non
2498 666 2619 707 esse
2639 650 2831 706 aflisos
2850 651 2915 707 iis
2936 666 3057 723 qua:
3080 650 3146 705 ad
3170 650 3311 705 hanc
3328 649 3489 704 vitam
3514 647 3807 718 pertinent,
3839 656 3999 701 tunc

2369 744 2523 802 nobis
2561 760 2623 799 ea
2652 743 2745 798 dat
2773 762 2788 799 :
2821 743 3037 814 quando
3068 742 3262 798 viderit
3291 756 3392 796 nos
3420 739 3679 811 praeferre
3705 738 4001 809 spiritua-

2368 836 2458 901 lia,
2486 843 2611 891 tunc
2633 836 2794 891 etiam
2826 833 3029 904 praebet
3053 833 3287 889 carnalia
3308 850 3323 897 ;
3342 847 3459 888 non
3484 842 3662 887 autem
3689 831 3866 902 prius,
3904 844 4000 884 no

2367 928 2753 996 abrumpamur
2780 941 2811 981 a
2849 924 3238 996 spiritualihus.
3284 922 3450 979 Nobis
3494 924 3656 994 igitur
3700 937 3950 992 paruus
3974 963 3995 985 ,

2367 1034 2476 1075 non
2507 1019 2597 1073 dat
2620 1018 2851 1074 carnalia
2874 1060 2890 1084 ,
2921 1025 2978 1072 ut
3002 1017 3083 1072 vel
3110 1016 3307 1070 invitos
3337 1015 3406 1068 ab
3433 1015 3498 1069 iis
3526 1014 3781 1069 abducat.
3804 1013 3941 1070 Non
3968 1056 3993 1080 ,

2368 1111 2566 1176 inquit;
2596 1109 2689 1164 sed
2713 1109 2756 1164 si
2780 1122 3060 1176 accepero,
3085 1107 3324 1177 replcor,
3352 1113 3408 1161 et
3428 1107 3595 1175 magis
3612 1120 3713 1177 ago
3734 1106 3988 1177 gratias.

2366 1202 2582 1260 Falsum
2614 1212 2731 1265 est,
2776 1218 2809 1255 o
2846 1203 3007 1255 homo
3036 1219 3051 1257 :
3086 1209 3213 1256 tunc
3244 1199 3387 1255 enim
3415 1212 3475 1253 es
3500 1200 3669 1268 magis
3693 1213 3888 1253 socors
3922 1207 3995 1252 ct

2365 1295 2609 1363 ignavus.
2640 1293 2776 1361 Quid
2801 1300 3006 1357 autem,
3034 1293 3229 1362 inquit,
3258 1290 3399 1360 quod
3425 1289 3516 1343 dat
3548 1289 3733 1343 multis
3756 1289 3780 1343 ?
3807 1288 3993 1345 Unde

2361 1395 2576 1441 constat
2601 1384 2743 1453 quod
2776 1384 2891 1453 ipse
2916 1382 3048 1437 dat?
3088 1381 3192 1438 Sed
3224 1382 3378 1451 quis,
3412 1380 3620 1450 inquit,
3650 1377 3745 1434 dat
3773 1380 3925 1433 alius
3950 1380 3977 1432 2

2364 1477 2565 1533 Eorum
2612 1476 2834 1531 avaritia
2879 1485 2934 1532 et
2976 1476 3183 1545 rapina.
3230 1473 3512 1543 Quomodo
3554 1487 3683 1544 ergo
3710 1473 3992 1529 concedit

2364 1570 2478 1625 hrec
2509 1570 2659 1625 fieri?
2682 1569 2837 1625 Sicut
2863 1569 3065 1624 cuidem
3085 1609 3099 1632 ,
3131 1566 3267 1622 furta
3290 1608 3306 1633 ,
3336 1577 3389 1622 et
3430 1567 3535 1619 vim
3561 1583 3678 1636 qua:
3706 1566 3982 1621 infertur.

2362 1662 2502 1732 Quid
2530 1679 2678 1727 vero,
2704 1662 2895 1732 inquit,
2923 1662 2989 1715 de
3016 1662 3082 1715 iis
3103 1660 3239 1714 dicis
3258 1660 3345 1730 qui
3369 1675 3398 1712 a
3426 1660 3666 1729 patribus
3686 1659 3987 1727 accipiunt

2364 1756 2739 1816 hereditatem,
2771 1754 2868 1823 ipsi
2894 1754 3073 1808 referti
3099 1753 3252 1807 malis
3275 1752 3800 1807 innumerabilibus?
3827 1768 3987 1821 quo.

2361 1846 2544 1911 modo,
2574 1844 2767 1915 inquit,
2796 1844 2925 1898 sinit
2944 1858 3037 1898 eos
3067 1843 3205 1898 Deus
3228 1842 3334 1898 illis
3360 1841 3499 1896 frui?
3529 1843 3680 1897 Sicut
3705 1842 3762 1896 et
3790 1841 3982 1907 fures,

2360 1946 2416 1991 et
2443 1951 2535 1991 eos
2564 1936 2651 2005 qui
2680 1935 2856 1989 credes
2884 1934 3123 2001 faciunt,
3156 1944 3209 1989 et
3237 1945 3465 1989 caeteros
3497 1933 3771 1988 maleﬁcos
3803 1951 3817 1985 :
3849 1949 3982 1988 non

2362 2038 2444 2085 est
2468 2027 2611 2083 enim
2642 2043 2784 2081 nunc
2813 2034 3023 2096 tempus
3045 2025 3257 2095 judicii,
3289 2026 3382 2080 sed
3412 2027 3630 2095 Optimte
3658 2026 3783 2083 vitae
3807 2028 3981 2081 insti-

2363 2119 2608 2175 tutiouis.
2655 2118 2809 2185 Quod
2853 2128 3032 2173 autem
3073 2117 3185 2187 jam
3231 2116 3371 2182 dixi,
3420 2116 3524 2172 hoe
3554 2132 3769 2187 quoque
3816 2133 3979 2173 nunc

2358 2210 2482 2265 dico
2507 2227 2519 2262 :
2553 2209 2630 2264 illi
2657 2209 2890 2279 majores
2911 2207 3114 2262 dabunt
3142 2223 3347 2278 poenas,
3370 2208 3588 2278 quando
3612 2208 3776 2263 etiam
3800 2209 3977 2264 bouis

2358 2301 2607 2357 omnibus
2638 2300 2923 2371 perceptis,
2959 2315 3025 2354 ne
3053 2300 3131 2354 sic
3173 2299 3385 2370 quidem
3418 2299 3646 2353 evadant
3681 2300 3975 2355 meliores.

2368 2404 2481 2461 Non
2508 2404 2651 2459 enim
2673 2417 2861 2458 omnes
2881 2400 3132 2458 similiter
3157 2398 3473 2469 punientur,
3500 2395 3595 2452 sed
3618 2394 3653 2451 ii
3683 2394 3775 2466 qui
3802 2393 3989 2449 etiam

2368 2504 2491 2566 post
2532 2501 2750 2563 accepta
2788 2491 3046 2548 beneficia
3080 2489 3204 2545 mali
3250 2496 3505 2553 manent,
3538 2487 3707 2557 magis
3752 2484 3985 2539 crucia-

2368 2584 2600 2650 buntur;
2630 2585 2717 2655 qui
2744 2599 2923 2639 autem
2954 2584 3007 2637 in
3039 2588 3388 2653 paupertate,
3422 2594 3529 2633 non
3570 2579 3665 2632 ita.
3690 2576 3843 2645 Quod
3876 2590 3986 2629 au-

2370 2686 2476 2732 tem
2512 2678 2581 2735 ita
2608 2676 2713 2741 sit,
2750 2674 2874 2731 audi
2913 2675 3040 2745 quid
3080 2673 3223 2729 dicat
3254 2672 3433 2727 Davidi
3463 2690 3476 2727 :
3510 2670 3700 2725 Nonne
3728 2670 3850 2723 dedi
3882 2669 3984 2721 tibi

2367 2768 2537 2822 omnia
2567 2768 2760 2821 domini
2786 2768 2861 2821 tui
2889 2767 2966 2839 (2.
2996 2765 3127 2836 Reg.
3152 2764 3239 2820 19..
3272 2764 3374 2836 8)?
3400 2762 3628 2832 Quando
3653 2777 3784 2831 ergo
3811 2760 3981 2815 vide-

2370 2866 2445 2921 ris
2464 2862 2713 2933 juvenem
2740 2863 2943 2931 absque
2970 2860 3244 2915 laboribus
3274 2870 3552 2928 paternam
3582 2855 3861 2923 accepisse
3889 2854 3987 2907 he-

2369 2953 2649 3010 reditatem
2672 2995 2687 3019 ,
2721 2962 2775 3008 et
2806 2953 3069 3007 inansisse
3114 2950 3348 3017 malum,
3380 2960 3531 3005 certo
3559 2950 3700 3003 scias
3737 2945 3889 3016 quod
3929 2947 3982 2999 ei

2368 3055 2627 3115 augeatur
2654 3060 2830 3114 ptena,
2864 3053 2919 3099 et
2947 3043 3257 3098 intendatur
3278 3042 3569 3097 cruciatus.
3604 3038 3683 3094 Ne
3710 3038 3808 3093 hos
3836 3052 3982 3105 ergo

2368 3136 2706 3200 aemulemur,
2741 3136 2833 3190 sed
2880 3136 2923 3189 si
2972 3134 3237 3204 quispiam
3281 3132 3610 3188 successerit
3649 3132 3874 3189 virtuti.
3929 3128 3981 3183 si

2364 3227 2491 3294 quis
2509 3228 2819 3299 acquisierit
2839 3227 3051 3282 divitias
3074 3225 3379 3295 spirituales
3409 3242 3422 3279 :
3471 3223 3556 3277 Var
3585 3223 3737 3282 enim,
3768 3222 3977 3290 inquit,

2371 3331 2435 3389 iis
2468 3334 2553 3401 qui
2593 3333 2853 3403 conﬁdunt
2884 3335 2938 3385 in
2978 3331 3082 3384 suis
3120 3329 3344 3393 divitiis;
3376 3335 3462 3388 et,
3506 3324 3652 3378 Beati
3680 3324 3767 3391 qui
3794 3324 3983 3379 tinam:

2374 3426 2652 3481 Dominum
2703 3424 2893 3495 (Psal.
2925 3424 3013 3479 b8.
3046 3422 3096 3476 7.
3126 3432 3174 3475 et
3208 3421 3329 3476 127.
3363 3420 3439 3487 1).
3474 3419 3547 3472 Ex
3593 3417 3787 3486 quibus
3812 3457 3827 3481 ,
3884 3416 3979 3471 dic

2375 3518 2543 3586 mihi,
2573 3525 2653 3573 vis
2683 3519 2837 3575 esse?
2867 3518 2941 3571 Ex
2987 3516 3051 3571 iis
3081 3525 3230 3570 certe
3260 3513 3351 3584 qui
3381 3511 3522 3568 beati
3552 3511 3828 3565 dicuntur.
3863 3510 3981 3563 llos

2376 3629 2504 3683 ergo
2543 3613 2817 3673 mundare,
2853 3628 2956 3665 non
2987 3611 3136 3674 illos,
3169 3622 3226 3663 ut
3259 3608 3419 3661 etiam
3451 3605 3803 3675 consequaris
3834 3603 3977 3657 bona

2378 3722 2498 3777 qua:
2543 3715 2668 3759 sunt
2712 3706 2791 3758 eis
2836 3705 3115 3769 reposita:
3164 3718 3285 3772 qua:
3329 3700 3486 3755 detur
3518 3698 3671 3752 nobis
3721 3697 3981 3753 omnibus

2379 3800 2669 3867 consequi,
2701 3798 2869 3868 gratia
2902 3808 2951 3850 et
2993 3795 3321 3865 benignitate
3367 3791 3579 3846 homini
3630 3791 3799 3845 nostri
3846 3789 3977 3845 Jesu

2379 3890 2599 3952 Christi.
2628 3905 2746 3945 cmn
2772 3904 2878 3959 quo
2904 3888 3047 3943 Patri
3071 3902 3175 3941 una
3201 3901 3323 3941 cum
3345 3894 3533 3938 sancto
3557 3883 3758 3952 Spiritu
3780 3881 3976 3951 gloria,

2383 3983 2661 4051 imperium
2680 4024 2693 4044 ,
2737 3981 2930 4045 honor,
2965 3993 3104 4033 nunc
3135 3988 3188 4033 et
3214 3992 3452 4047 semper,
3481 3984 3537 4030 et
3567 3974 3620 4029 in
3650 3972 3847 4028 saecula
3875 3986 3976 4027 εωο

2380 4076 2644 4130 culorum.
2677 4076 2867 4127 Amen.

680 4240 3962 4267 ww

2087 4302 2417 4381 HOMlLIA‘
2460 4318 2639 4379 xxr.

674 4504 802 4559 Car.
834 4501 923 4557 10.
952 4517 1005 4555 ν.
1040 4498 1131 4554 59..
1166 4494 1592 4551 Rememoramini
1636 4500 1801 4544 autem
1848 4489 2085 4557 pristinos
2115 4487 2221 4539 dies
2246 4528 2261 4551 ,

747 4598 799 4647 in
836 4594 1011 4661 quibus
1047 4589 1338 4654 illuminati,
1372 4600 1613 4655 magnum
1658 4592 1909 4635 certamen
1957 4578 2262 4633 sustinuistis

744 4686 1074 4755 passionum:
1096 4682 1185 4735 53.
1212 4690 1258 4732 et
1286 4680 1337 4731 in
1366 4679 1524 4729 altera
1557 4674 1756 4741 quidem
1784 4669 2069 4741 approbriis
2096 4680 2141 4721 et
2173 4668 2263 4721 tri-

748 4774 1090 4831 bulationibus
1120 4770 1464 4841 spectaculum
1493 4767 1615 4836 facti
1642 4807 1654 4828 ,
1689 4766 1739 4816 in
1765 4764 1922 4815 altero
1948 4772 2111 4814 autem
2141 4760 2263 4813 socii

748 4872 913 4923 (aliter
933 4863 1331 4919 concertantium
1359 4859 1542 4925 e/fecti.
1572 4858 1660 4911 54.
1692 4854 1829 4908 Nam
1859 4864 1905 4907 et
1930 4854 2105 4907 vinctis
2129 4868 2263 4905 com-

752 4961 887 5031 passi
919 4960 1053 5019 estis,
1080 4967 1122 5009 et
1153 4956 1387 5024 rapinam
1416 4951 1661 5004 bonorum
1692 4956 1968 5000 vestrorum
1998 4960 2113 4997 cum
2142 4960 2266 5013 gau-

752 5056 835 5105 dio
866 5049 1159 5117 suscepistis
1181 5088 1194 5109 ,
1224 5054 1577 5116 cognoscentes
1607 5058 1690 5095 vos
1722 5040 1902 5093 habere
1927 5038 2183 5092 meliorem
2212 5037 2265 5091 in

750 5144 886 5198 ca’lis
916 5152 959 5193 et
993 5148 1274 5191 manentem
1300 5135 1651 5190 substantiam.

752 5239 803 5292 l.
854 5229 1284 5288 Prmsmntissimi
1317 5227 1507 5281 medici
1535 5240 1655 5278 cum
1690 5222 2007 5293 profundam
2043 5221 2267 5277 fecerint

679 5330 1017 5389 incisionein,
1045 5336 1097 5381 et
1127 5340 1219 5392 per
1247 5324 1453 5392 plagam
1484 5320 1719 5372 dolorem
1748 5316 2093 5380 intenderint,
2119 5315 2267 5369 Iaho-

681 5432 883 5475 rantem
920 5418 1091 5471 loeum
1127 5414 1501 5473 consolantes,
1537 5410 1910 5476 turliatamque
1942 5407 2184 5462 foventes
2215 5416 2268 5460 et

682 5520 993 5567 recreantcs
1023 5509 1285 5570 animam,
1320 5520 1423 5559 uoo
1456 5505 1683 5573 amplius
1713 5504 1869 5556 aliam
1902 5501 2154 5556 exhibent
2185 5502 2265 5555 in-

682 5607 960 5667 cisioncm,
983 5601 1076 5655 sed
1098 5611 1153 5655 ct
1174 5600 1348 5653 datam
1377 5599 1589 5651 initihus
1613 5598 1812 5651 leniunt
1839 5595 2262 5661 medicamentis,

682 5706 737 5752 et
764 5711 880 5764 qua:
909 5693 1112 5747 doloris
1139 5691 1360 5744 multum
1391 5689 1593 5757 possint
1660 5683 1916 5737 adimere.
1951 5680 2063 5736 Hoc
2135 5701 2267 5755 quo-

683 5804 788 5859 que
812 5789 933 5843 fecit
957 5786 1149 5840 Paulus
1175 5803 1186 5839 :
1212 5799 1333 5838 cum
1357 5796 1541 5838 eorum
1566 5781 1928 5834 concussisset
1952 5780 2179 5843 animos,
2212 5786 2267 5833 et

682 5890 817 5943 facta
860 5885 1131 5939 mentione
1175 5879 1435 5952 gehcnme
1463 5894 1556 5938 eos
1589 5877 1993 5947 eompunxisset
2020 5887 2073 5932 et
2097 5878 2173 5933 eis
2201 5878 2261 5931 li—

2366 4472 2484 4527 dem
2507 4471 2738 4535 fet-isset,
2759 4473 2897 4543 quod
2917 4488 3038 4528 eum
3059 4477 3279 4531 omnino
3302 4478 3477 4546 perire
3497 4488 3729 4548 oportet,
3752 4483 3843 4549 qui
3870 4483 3961 4537 Dei

2364 4564 2585 4633 gratiam
2626 4563 2799 4619 all‘ecit
2828 4568 3185 4626 contumelia:
3220 4578 3273 4623 et
3300 4586 3364 4623 ex
3398 4570 3593 4641 Moysis
3621 4571 3828 4641 legibus
3861 4574 3962 4629 hoc

2363 4656 2714 4716 ostendisset.
2745 4656 2885 4725 quod
2916 4659 3021 4712 sint
3051 4661 3297 4729 perituri,
3332 4673 3384 4715 et
3430 4666 3598 4732 magis
3639 4667 3801 4719 etiam
3843 4669 3961 4721 aliis

2362 4749 2695 4813 obsignasset
2728 4753 3084 4818 testimoniis,
3115 4764 3168 4807 et
3210 4754 3436 4810 dixisset
3469 4757 3800 4814 horrendum
3840 4777 3958 4817 esse

2364 4842 2601 4897 incidere
2640 4843 2692 4896 iu
2743 4860 2932 4899 manus
2978 4845 3069 4899 Dei
3112 4847 3345 4902 viventis
3381 4865 3395 4902 :
3428 4865 3496 4905 ne
3526 4852 3694 4904 multo
3729 4866 3873 4909 metu
3906 4858 3955 4911 in

2361 4936 2789 5008 desperationem
2821 4940 3049 4995 adducta
3082 4942 3280 5002 anima.
3314 4944 3501 4999 dolore
3530 4946 3916 5004 absorberetur
3937 4992 3951 5017 ,

2360 5046 2450 5085 eos
2470 5032 2778 5087 consolatur
2800 5049 2892 5102 per
2915 5034 3095 5088 laudes
3123 5044 3176 5089 et
3202 5035 3653 5101 adhortationem,
3680 5050 3735 5093 et
3762 5044 3841 5096 eis
3865 5043 3956 5097 do-

2361 5126 2633 5181 mesticam
2672 5127 2827 5181 offert
2870 5130 3291 5183 aemulationem.
3326 5128 3754 5185 Remcnioramini
3788 5136 3949 5202 enim,

2360 5220 2549 5289 inquit,
2572 5220 2811 5286 pristinos
2834 5221 2959 5285 dies,
2980 5223 3030 5274 in
3055 5223 3236 5286 quibus
3253 5224 3542 5285 illuminati,
3566 5226 3785 5280 multum
3802 5242 3953 5282 certa-

2358 5332 2470 5367 men
2494 5316 2801 5367 sustinuistis
2824 5317 3138 5384 passionum.
3161 5316 3343 5386 Magua
3363 5328 3443 5371 est
3462 5334 3575 5388 qum
3596 5335 3690 5387 per
3712 5335 3878 5387 Opera
3900 5323 3953 5377 lit

2357 5406 2651 5459 consolatio
2675 5424 2686 5458 :
2708 5420 2827 5459 eum
2849 5407 2989 5459 enim
3015 5408 3102 5477 qui
3125 5423 3237 5462 rem
3258 5409 3492 5471 inchoat,
3510 5421 3723 5477 Oportet
3744 5429 3950 5485 progre-

2357 5498 2590 5552 dientem
2628 5499 2801 5552 facere
2835 5499 3248 5554 incrementum.
3279 5502 3439 5567 Quasi
3470 5501 3694 5569 diceret,
3725 5504 3948 5572 Quando

2357 5591 2731 5655 initialiamini,
2748 5593 2958 5659 quando
2976 5594 3139 5645 eratis
3158 5593 3276 5647 loco
3294 5594 3700 5662 discipulorum.
3719 5600 3947 5653 ostendi-

2353 5686 2449 5740 sds
2474 5694 2673 5739 tantam
2697 5684 2861 5738 animi
2890 5684 3243 5751 alacritatem,
3272 5696 3470 5738 tantam
3494 5689 3942 5755 generositatem:

2354 5792 2493 5831 nunc
2519 5787 2821 5831 autemnon
2849 5776 3099 5846 amplius.
3121 5776 3188 5831 Et
3212 5778 3299 5846 qui
3326 5777 3570 5832 hortatur
3591 5778 3690 5843 sic,
3716 5783 3945 5837 maxime

2355 5867 2594 5921 hortatur
2615 5882 2643 5921 a
2664 5866 2995 5923 domesticis.
3021 5865 3088 5923 Et
3106 5867 3248 5937 vide,
3275 5882 3379 5924 non
3404 5868 3576 5924 solum
3600 5868 3758 5937 dixit,
3776 5870 3942 5928 Certa-
