4068 6406
187 363 273 422 ιί9

176 468 627 558 menmtinaistis,
665 476 773 531 sed
802 478 1027 543 addidit.
1058 483 1330 558 Magnum.
1358 488 1467 545 Nec
1492 490 1627 547 dixit
1658 501 1777 547 ten-

175 553 403 624 lationes,
430 562 533 617 sed
563 576 863 625 certamen
888 612 904 637 ,
936 574 1078 643 quod
1107 553 1193 633 est
1223 594 1419 637 nomen
1465 585 1696 639 monui
1721 594 1778 640 et

175 643 365 702 laudum
414 654 822 715 maximarum.
857 662 1055 721 Deinde
1092 669 1253 725 etiam
1288 684 1537 730 recenset
1569 675 1778 751 sigilla-

174 736 639 812 tim,ampliiimns
671 753 999 819 orationem,
1029 767 1083 812 et
1106 761 1305 817 multas
1337 763 1524 819 laudes
1547 736 1771 823 addens.

170 828 476 922 Quomodo?
508 834 583 891 Et
604 840 679 893 in
712 842 877 898 altera
914 847 1120 915 quidem
1159 852 1451 922 opprobriis
1479 865 1526 910 et
1558 857 1779 912 tribula-

168 921 364 977 tionibus
390 932 766 997 spectacular»
792 938 937 1005 facti.
966 938 1153 1012 Magna
1185 921 1329 999 enim
1354 961 1443 1002 res
1471 958 1553 1003 cst
1577 939 1775 1019 oppro-

172 1014 346 1079 brium,
366 1027 424 1073 et
449 1019 752 1079 sufﬁciens
773 1028 839 1081 ad
860 1044 954 1084 cor
968 1035 1335 1105 pungendum,
1357 1014 1775 1109 pervertendum

168 1104 413 1176 animum,
445 1123 504 1167 et
533 1114 608 1170 ad
662 1120 862 1176 rationi
911 1104 1270 1185 otiundeudas
1322 1104 1574 1191 tenebras
1607 1154 1621 1191 :
1651 1136 1774 1194 audi

168 1197 291 1252 enim
334 1202 465 1298 quid
508 1204 671 1264 dth
704 1213 964 1281 propheta
985 1259 999 1283 ,
1037 1217 1216 1276 Facta
1240 1234 1361 1278 sunt
1386 1226 1512 1279 nti/ii
1536 1228 1779 1298 laerynta

167 1291 294 1388 ponis
319 1292 401 1347 die
426 1312 492 1349 ae
521 1312 706 1369 nocte,
734 1304 857 1359 dum
902 1309 1092 1366 dicitur
1134 1315 1260 1369 mihi
1297 1303 1544 1388 quotidie,
1578 1291 1677 1377 Ub-i
1702 1333 1776 1379 est

165 1379 287 1436 Deus
310 1395 429 1442 tuus
458 1389 479 1461 (
505 1390 672 1450 Psal.
709 1397 799 1452 Η.
851 1401 950 1472 i)?
976 1413 1030 1458 et
1058 1422 1265 1473 rursus,
1390 1379 1626 1470 inimicus
1651 1417 1777 1473 mihi

164 1477 518 1547 exprobrasset,
549 1488 918 1545 sustinuissent
947 1496 1116 1565 utique
1144 1499 1162 1571 (
1188 1499 1332 1556 Psal.
1362 1503 1455 1559 δι.
1488 1507 1612 1579 13).
1632 1508 1777 1576 Quo-

166 1566 291 1620 niam
322 1573 469 1626 enim
509 1573 701 1632 inanis
725 1580 911 1651 glorise
937 1601 1123 1644 amore
1150 1591 1357 1648 laborat
1382 1610 1551 1666 genus
1567 1566 1776 1656 'huma-

1017 375 1089 433 1N
1120 378 1341 436 EPIST.
1383 380 1476 435 ΑΙ)
1517 373 1881 434 illiilli/EOS.
1923 374 2083 431 CAP.
2128 375 2194 432 Χ.
2238 373 2474 433 ιιοιιιι.
2518 373 2659 431 XXI.

3394 379 3502 436 150

1892 500 1990 543 tem
2030 487 2387 542 substantiam.
2430 484 2747 551 laneutem,
2778 484 2829 540 iil
2860 495 2963 547 cst,
2994 484 3201 542 firmam
3227 501 3290 543 ac
3318 487 3494 543 stabi-

1891 584 2021 648 lem,
2046 595 2157 637 non
2185 582 2277 648 ita,
2305 580 2447 635 sicut
2473 578 2611 645 lucc,
2641 585 2978 648 pereuntem.

1971 674 2027 729 9..
2076 673 2279 728 Deinde
2317 687 2441 727 cum
2471 686 2567 727 eos
2601 669 2908 735 laudasset,
2952 670 3084 729 dicit
3116 689 3131 726 :
3174 672 3264 731 35.
3313 672 3492 730 Nolite

1885 768 2056 838 itaque
2107 766 2337 820 amittere
2382 764 2746 833 conﬁdentiam
2792 758 3036 829 vestiant,
3081 778 3196 833 quis
3252 768 3492 838 magnam

1886 859 2034 915 habet
2062 858 2541 915 remunerationem.
2572 854 2714 925 Quid
2740 855 2921 911 dicis?
2944 855 3062 912 Neu
3088 856 3259 921 dixit,
3286 857 3491 914 Amisi.

1882 951 1982 1008 stis
2004 943 2281 1015 ﬁduciam,
2314 957 2369 1003 et
2413 962 2602 1003 rursus
2645 945 2909 1020 acquirite
2930 990 2947 1016 ,
2986 963 3057 1005 ne
3084 949 3441 1021 desperarent
3472 971 3487 1018 ;

1882 1045 1975 1100 sed
2001 1087 2016 1113 ,
2046 1042 2265 1099 Habetis
2283 1083 2299 1109 ,
2328 1056 2398 1097 ne
2418 1041 2677 1096 amittatis
2706 1058 2720 1095 ε
2750 1040 2892 1113 quod
2924 1040 3193 1099 emciebat
3216 1053 3278 1100 ut
3302 1053 3489 1102 essent

1883 1136 2171 1192 ﬁrmiores.
2222 1134 2382 1199 Eam,
2428 1132 2641 1205 inquit,
2696 1131 2951 1191 habetis:
3002 1149 3126 1192 nam
3169 1131 3222 1192 id
3266 1138 3486 1209 quidem

1879 1228 2022 1301 quod
2065 1238 2146 1285 est
2190 1227 2448 1282 amissum
2512 1240 2701 1281 rursus
2745 1224 3061 1298 acquirere,
3113 1223 3307 1299 majori
3349 1242 3487 1301 opus

1879 1322 2042 1378 habet
2072 1322 2257 1379 labore
2285 1337 2301 1386 ;
2341 1319 2485 1392 quod
2529 1329 2711 1376 autem
2742 1320 3047 1391 possidetur
3076 1337 3183 1377 non
3216 1323 3446 1393 perdere
3467 1364 3482 1391 ,

1878 1431 1984 1473 non
2033 1416 2126 1471 ita.
2174 1413 2380 1471 Galatis
2425 1421 2603 1469 autem
2655 1412 2784 1469 dicit
2830 1414 3167 1469 contrarium
3215 1412 3480 1485 :Fitioli,

1876 1525 1999 1581 quos
2026 1510 2209 1564 iterum
2237 1509 2498 1579 parturio,
2524 1507 2684 1563 donec
2730 1509 2975 1580 formetur
3007 1508 3059 1562 in
3087 1509 3224 1564 vobis
3251 1507 3484 1567 Christus

1875 1600 2037 1677 (Gal.
2082 1602 2138 1658 4.
2185 1600 2338 1671 i9);
2385 1610 2441 1657 et
2484 1601 2699 1657 merito.
2752 1601 2885 1656 Nam
2934 1601 3016 1659 illi
3061 1603 3279 1675 quidem
3327 1616 3483 1663 erant

1730 1695 1778 1749 i-
1874 1699 2177 1770 supiniores
2220 1707 2273 1753 et
2319 1696 2667 1767 ignaviores;
2698 1695 2843 1752 unde
2890 1712 3025 1767 opus
3054 1696 3326 1755 habebant
3352 1716 3481 1756 ora-

1758 1830 1773 1856 ,
1872 1790 2021 1845 tione
2048 1804 2167 1861 qua:
2210 1789 2381 1860 magis
2430 1796 2736 1859 pangeret:
2774 1788 2858 1843 isti
2904 1799 3085 1844 autem
3116 1803 3272 1846 erant
3311 1787 3478 1849 animi

1872 1882 2044 1953 magis
2084 1881 2264 1953 pusilli
2306 1890 2363 1937 et
2389 1881 2628 1950 abjecti;
2664 1881 2807 1938 unde
2831 1883 3003 1955 magis
3042 1900 3177 1953 opus
3209 1884 3481 1944 habebant

1871 1974 2122 2029 oratione
2162 1990 2283 2044 qua:
2321 1982 2539 2030 curaret
2575 1988 2639 2030 ac
2668 1985 2965 2031 recrearet.
2995 1976 3171 2034 Nolite
3198 1994 3361 2050 ergo,
3391 1998 3477 2035 m-

1761 2109 1776 2133 ,
1870 2067 2020 2138 quit,
2078 2068 2326 2124 amittere
2377 2066 2762 2125 confidentiam
2818 2078 3077 2127 vestram.
3138 2072 3301 2128 Multa
3347 2085 3478 2146 ergo

1748 2190 1774 2203 -
1868 2170 1985 2217 erat
2009 2176 2200 2217 eorum
2240 2160 2293 2215 in
2325 2160 2491 2217 Deum
2526 2160 2742 2217 fiducia.
2790 2160 2919 2228 Qua!
2960 2179 3234 2235 magnam,
3267 2165 3474 2237 inquit,

1867 2252 2015 2307 habet
2052 2253 2531 2309 remunerationem.
2579 2253 2718 2321 Quid
2748 2255 2851 2310 hoc
2893 2263 2976 2311 est
3001 2297 3016 2323 ,
3062 2256 3280 2327 inquit?
3323 2259 3477 2317 Tunc

1666 2348 1779 2401 suis
1866 2345 1956 2399 illa
2002 2346 2363 2417 recipiemus,
2414 2346 2610 2418 inquit.
2658 2347 2803 2418 Ergo
2849 2348 2893 2402 si
2927 2348 2979 2402 in
3028 2346 3209 2405 futuro
3240 2354 3472 2422 reposita

1146 4026 1163 4052 ,
1191 3988 1288 4045 sed
1316 3994 1480 4054 etiam
1510 4013 1621 4061 uta
1652 4006 1757 4069 ﬁde

1146 4040 1162 4052 ,
1198 4040 1287 4045 _--
1318 4040 1480 4054 -..-...
1511 4040 1568 4059 υ.
1591 4040 1621 4061 ..
1652 4040 1670 4062 .

182 4040 508 4173 mplibent.
545 4052 804 4163 \‘identes
824 4104 839 4128 ,
870 4066 1043 4140 inquit
1063 4114 1078 4137 ,
1100 4088 1313 4138 vestras
1338 4084 1553 4150 divitias
1576 4040 1758 4173 dirigi:

179 4130 423 4253 tolerantis
448 4163 461 4198 :
488 4159 585 4201 eas
610 4152 754 4207 enim
783 4172 902 4228 qua:
927 4130 1167 4225 nondum
1190 4130 1759 4253 appattelianiyv‘i‘dils‘tli;

178 4226 576 4349 Enim—quia
606 4226 931 4349 apparereqt
964 4276 979 4313 :
1009 4263 1153 4332 quod

357 5064 371 5076 .
1029 5062 1042 5068 _
1201 5062 1241 5079 ,κ
1262 5062 1403 5070 -..τ---
1435 5062 1552 5079 VIII.
1581 5062 1693 5086 ιυιυ

180 5062 620 5189 ,Iet
900 5092 1113 5161 magnis
1135 5095 1242 5155 illis
1265 5106 1463 5168 animis
1486 5157 1501 5180 ,
1530 5122 1619 5189 qui
1651 5062 1748 5180 iis:

312 5152 324 5165 ι
708 5142 732 5148 _
988 5142 1110 5161 σ--ω
1135 5142 1242 5155 --σι-
1265 5142 1463 5168 -ιιιιιιιδ
1486 5157 1501 5180 ,
1530 5142 1618 5189 ιμιι
1651 5142 1748 5180 Im-

178 5142 327 5257 Eallan
363 5158 695 5226 gaudebant.
726 5167 937 5233 Rcoersi
960 5194 1080 5239 sunt
1107 5190 1253 5249 enim
1276 5238 1292 5263 ,
1323 5199 1515 5274 inquit,
1546 5229 1580 5265 α
1618 5205 1748 5288 fuci},

179 5245 347 5288 (01ιίΙή
375 5252 653 5288 nanda-sn.
727 5267 860 5288 ---ΑΛ
902 5270 946 5288 J'
1022 5276 1035 5288 ι
1093 5280 1107 5288 ·
1200 5286 1210 5288 -
1302 5266 1309 5271 ’

179 5243 347 5295 colei!"
934 5272 946 5284 .
1022 5276 1035 5289 .
1093 5280 1107 5294 .
1546 5243 1580 5265 ἰ
1618 5243 1746 5288 tum

223 5328 234 5339 .
310 5263 345 5299 τι
373 5252 653 5319 gaudentes
678 5300 695 5327 ,
721 5267 860 5333 quod
889 5270 1033 5345 digni
1060 5292 1164 5337 sint
1187 5286 1349 5347 habiti
1390 5300 1480 5368 qui
1515 5322 1609 5374 pro
1650 5329 1746 5368 no-

179 5338 287 5374 lim
309 5337 431 5374 1....
463 5346 748 5374 -.-μμμ
918 5372 925 5374 Α
1055 5370 1083 5374 ,Α

638 5630 764 5738 istis,
792 5644 1029 5702 ostendit
1058 5630 1627 5732 voluntariamreorum

374 5731 460 5844 :1.
466 5731 756 5844 ἓῖιοῗῖἶσῗ
783 5731 1022 5844 elegistis
1046 5755 1111 5844 et.
1129 5760 1493 5827 suscepistis?
1527 5731 1730 5844 Cogno-

374 5815 567 5911 twn-uit,
600 5828 688 5869 ros
713 5815 895 5880 habere
920 5828 973 5882 in
996 5835 1137 5892 exiis
1159 5815 1423 5907 meliorem
1448 5855 1496 5911 et
1521 5815 1731 5910 magiae;-

445 5896 724 5965 Ρηκοι.
775 5907 894 5972 Gn.
942 5912 1167 5981 LXIII.

1753 2469 1777 2480 -
1864 2446 2019 2503 sunt,
2050 2454 2156 2493 non
2182 2448 2401 2509 oportet
2426 2436 2516 2494 hic
2555 2454 2820 2509 quturere.
2852 2438 3058 2496 Deinde
3084 2456 3153 2497 ne
3182 2443 3302 2514 quis
3325 2438 3478 2499 dice-

1862 2530 1983 2589 ret,
2032 2521 2172 2579 Ecce
2230 2525 2415 2581 omnia
2458 2527 2617 2583 nobis
2660 2534 2900 2599 praestita
2948 2541 3077 2595 sunt
3118 2547 3133 2586 :
3180 2546 3465 2603 propterea

1860 2624 1957 2666 eos
1984 2619 2377 2686 praeoccupavit
2407 2619 2459 2674 in
2486 2634 2547 2675 ea
2575 2636 2736 2693 quam
2770 2622 2869 2692 ipsi
2895 2621 3166 2681 habebant
3187 2625 3467 2695 opinione,

1861 2706 2249 2775 propemodum
2290 2710 2477 2768 dicens
2507 2730 2522 2767 :
2551 2715 2596 2768 si
2626 2716 2679 2769 in
2718 2716 2854 2771 cado
2883 2718 3214 2788 cognoscitis
3245 2734 3341 2776 vos
3371 2719 3467 2775 ha-

1861 2793 1993 2854 bere
2054 2800 2336 2859 meliorem
2401 2805 2795 2876 substantiam,
2860 2810 2992 2866 nihil
3055 2811 3142 2868 hic
3186 2814 3460 2885 quaarite:

1859 2892 2114 2961 patientia
2159 2897 2303 2954 enim
2348 2899 2503 2954 vobis
2550 2917 2689 2972 opus
2736 2913 2858 2969 est,
2921 2921 3029 2961 non
3093 2906 3464 2968 additamenta

1856 2986 2204 3055 certaminis,
2257 2999 2317 3044 ut
2360 2990 2415 3046 in
2458 2993 2661 3050 eisdem
2715 3001 3016 3066 maneatis,
3068 3016 3138 3057 ne
3179 3003 3323 3073 quod
3377 3016 3462 3063 est

1858 3076 2010 3131 vobis
2048 3079 2301 3137 traditum
2341 3078 2627 3155 abjiciatis.
2669 3086 2831 3145 Nullo
2860 3092 2968 3147 alio
3009 3093 3163 3149 vobis
3192 3106 3276 3151 est
3300 3112 3461 3167 opus,

1855 3181 2015 3237 quam
2042 3182 2100 3226 ut
2142 3170 2217 3233 ita
2262 3176 2455 3241 stetis,
2501 3186 2559 3233 ut
2601 3180 2868 3246 stetistis,
2922 3192 2981 3237 ut
3026 3199 3148 3240 cum
3179 3185 3246 3242 ad
3294 3187 3458 3243 tinem

1856 3264 2211 3328 perveneritis
2235 3307 2251 3329 ,
2292 3267 2569 3337 accipiatis
2598 3272 3038 3340 promissionem.
3073 3274 3166 3333 '56.
3203 3276 3462 3335 Patientia

1854 3352 2017 3418 enim,
2065 3354 2238 3427 inquit
2257 3399 2271 3423 ,
2303 3359 2445 3414 vobis
2478 3364 2767 3418 necessaria
2795 3375 2905 3432 est,
2944 3377 3001 3421 ut
3022 3368 3332 3426 uoluntatem
3364 3372 3463 3427 Dei

1745 3484 1763 3497 .
1854 3445 2095 3512 facientes
2118 3488 2134 3515 ,
2193 3453 2461 3521 reponetis
2518 3456 2929 3524 promissionem.
2983 3456 3105 3517 Uno
3165 3463 3286 3519 solo
3327 3481 3461 3538 ergo

1855 3539 2010 3595 vobis
2035 3555 2175 3611 opus
2194 3552 2368 3608 est,ut
2389 3548 2710 3617 exstieetetis
2738 3547 3051 3609 dilationem
3072 3596 3090 3621 ,
3118 3570 3224 3611 non
3253 3567 3312 3612 ut
3338 3574 3459 3615 rur-

1851 3644 1945 3687 sus
1985 3635 2225 3697 certetis.
2252 3637 2336 3692 Ad
2384 3638 2556 3707 ipsam
2582 3681 2598 3707 ,
2642 3639 2847 3712 inquit,
2886 3640 3000 3716 jam
3038 3647 3263 3706 venistis
3295 3664 3456 3708 coro-

1850 3738 1975 3779 nam
2000 3739 2023 3790 ,'
2048 3726 2229 3782 otnnia
2258 3728 2457 3785 tulistis
2483 3732 2779 3789 certamina
2798 3776 2816 3803 ,
2843 3737 3083 3807 vincula,
3110 3737 3456 3813 aﬂlictiones,

1850 3824 2021 3887 rapta:
2045 3826 2168 3874 sunt
2201 3829 2397 3877 vestra:
2426 3820 2710 3882 facultates
2742 3843 2757 3881 :
2789 3828 2919 3899 quid
2947 3833 3123 3903 ergo?
3152 3836 3226 3890 De
3256 3850 3458 3895 cancro

1847 3910 1914 3965 ad
1965 3910 2070 3969 hoc
2117 3911 2308 3981 statis,
2359 3923 2417 3970 ut
2463 3918 2802 3975 coroneinini
2846 3937 2862 3976 :
2906 3921 3014 3979 hoc
3057 3925 3235 3983 solum
3282 3928 3454 4000 ferte,

1846 4018 2065 4061 coronae
2109 4004 2303 4063 futura:
2328 4008 2669 4068 dilationem.
2701 4013 2747 4069 0
2776 4015 3095 4087 magnitudo
3123 4024 3453 4080 consolatio-

1847 4098 1973 4153 nis!
2023 4096 2096 4154 Ut
2131 4098 2179 4154 si
2220 4098 2343 4171 quis
2370 4100 2519 4158 dicat
2557 4103 2776 4161 athleta:
2817 4106 2908 4177 qui
2937 4124 3130 4167 omnes
3161 4118 3457 4184 prostravit

1845 4198 1902 4245 et
1937 4193 2295 4263 expugnavit,
2322 4208 2500 4266 neque
2536 4194 2703 4253 ullum
2736 4197 2901 4255 habet
2927 4200 3298 4262 adversarium
3329 4224 3454 4269 cum

1844 4299 1953 4354 quo
1972 4284 2250 4355 decertet,
2282 4295 2337 4344 et
2366 4287 2563 4345 deinde
2586 4290 2657 4345 sit
2687 4294 3065 4364 eoronandus,
3096 4307 3150 4354 et
3176 4315 3285 4356 non
3316 4301 3457 4361 ferat

1844 4376 1977 4433 illud
2007 4388 2218 4451 tempus
2243 4395 2351 4453 quo
2378 4384 2527 4438 venit
2553 4387 2878 4455 agonOtheta
2903 4428 2921 4456 ,
2952 4398 3007 4447 et
3034 4390 3264 4463 imponit
3286 4410 3450 4453 coro-

1845 4484 1969 4525 nam
2001 4485 2019 4525 :
2051 4469 2142 4526 illo
2183 4479 2365 4527 autem
2401 4489 2509 4529 non
2554 4476 2794 4534 tolerans
2821 4480 2937 4535 vult
2961 4482 3111 4539 exire
3144 4496 3197 4541 et
3228 4486 3447 4559 iugere,

1844 4571 1905 4618 ut
1929 4563 2016 4633 qui
2063 4579 2171 4620 non
2199 4563 2338 4620 ferat
2378 4566 2523 4621 sitim
2550 4578 2607 4625 et
2630 4583 2846 4628 assmm.
2876 4571 2996 4645 Ipse
3024 4590 3154 4649 ergo
3182 4577 3287 4636 hoc
3315 4584 3451 4639 sub-

1736 4704 1751 4719 ,
1845 4655 2090 4713 indicans
2110 4658 2239 4729 quid
2258 4659 2389 4715 dicit
2412 4661 2437 4714 ἳ
2457 4663 2549 4717 57.
2576 4664 2760 4720 Adhuc
2780 4667 2914 4722 enim
2941 4671 3197 4726 modicum
3217 4675 3453 4746 aliquan-

1661 4798 1676 4821 ,
1706 4760 1752 4815 εί
1844 4748 2136 4821 tutumque,
2184 4748 2275 4821 qui
2318 4764 2559 4811 venturus
2603 4768 2677 4812 est
2722 4761 2919 4830 veniet,
2967 4772 3016 4819 et
3058 4782 3161 4821 non
3200 4771 3449 4828 tardabit.

1660 4847 1703 4904 is
1737 4868 1751 4906 ε
1840 4840 1976 4897 Nam
2008 4860 2075 4900 ne
2114 4845 2390 4917 dicerent,
2422 4858 2474 4905 ct
2513 4854 2728 4923 quando
2766 4857 2991 4915 veniet?
3018 4876 3114 4917 eos
3141 4866 3454 4926 consolatur

1725 4959 1751 4997 ιι
1840 4950 1907 4992 ex
1936 4936 2253 5031 Scripturis.
2289 4938 2505 5031 Etenim
2536 4945 2754 5017 quando
2778 4947 2910 5006 dicit
2934 4950 3102 5021 alibi,
3131 4952 3354 5031 Propior
3380 4973 3454 5017 est

1837 5030 2011 5075 nostra
2032 5022 2192 5081 salus.
2215 5028 2526 5080 consolatur
2552 5044 2671 5095 eos,
2704 5039 2889 5101 utpote
2912 5048 3037 5090 cum
3064 5022 3447 5112 reslet'parum

1838 5112 2116 5182 temporis.
2162 5113 2273 5171 Nec
2318 5130 2388 5171 cx
2434 5131 2492 5172 se
2539 5117 2648 5175 hoc
2688 5120 2854 5190 dicit,
2884 5124 2978 5181 sed
3020 5142 3085 5184 ex
3129 5126 3447 5203 Scripturis.

1834 5204 1889 5275 Si
1916 5204 2059 5262 enim
2099 5206 2169 5261 ab
2209 5208 2302 5263 illo
2328 5218 2573 5281 tempore
2618 5213 2933 5286 dicebatur,
2968 5221 3150 5278 Adhuc
3189 5227 3447 5283 modicum

1834 5298 2204 5367 aliquantulum
2224 5342 2240 5367 ,
2286 5303 2375 5372 qui
2406 5319 2648 5363 venturus
2689 5320 2763 5364 est
2794 5312 2953 5366 ueniet
2972 5356 2987 5380 ,
3018 5325 3065 5369 et
3094 5332 3196 5371 non
3224 5322 3446 5376 tardabit

1733 5409 1745 5463 ί
1834 5389 1857 5460 ζ
1879 5389 2031 5445 lieni.
2076 5392 2168 5447 15.
2194 5396 2252 5450 Η
2282 5397 2338 5466 ),
2370 5407 2452 5453 est
2496 5402 2841 5473 perspicuum
2872 5406 3016 5476 quod
3044 5426 3185 5466 nunc
3210 5411 3279 5467 sit
3313 5429 3443 5485 pro-

1836 5482 2103 5553 pinquior.
2148 5485 2511 5553 Quamobrem
2550 5502 2604 5546 et
2648 5506 2966 5565 exspectare
3014 5515 3123 5557 non
3165 5482 3327 5574 parva
3359 5517 3445 5562 mt

1722 5631 1738 5647 ,
1832 5590 2061 5630 merces.
2084 5575 2175 5633 28.
2196 5578 2377 5635 Justus
2396 5592 2584 5648 autem,
2616 5585 2817 5657 inquit,
2841 5604 2905 5644 ea:
2923 5592 3030 5660 fide
3049 5597 3215 5651 vivet:
3238 5601 3380 5669 quod
3398 5604 3444 5656 si

1829 5666 2135 5723 subtrmrit
2149 5686 2222 5737 se,
2254 5690 2356 5728 non
2389 5674 2605 5745 placebit
2622 5679 2813 5735 animi:
2834 5697 2972 5737 mete.
3002 5685 3127 5744 Haec
3146 5666 3335 5763 magna
3358 5707 3443 5749 ρει

1828 5759 2159 5829 consoiatio,
2193 5778 2314 5819 cmn
2345 5767 2594 5823 ostendat
2620 5786 2719 5827 eos
2754 5774 2845 5845 qui
2876 5783 3047 5834 totum
3074 5759 3439 5855 rece‘gesse-

1827 5863 1991 5924 runt,
2023 5854 2076 5912 id
2118 5856 2291 5929 ipsum
2339 5875 2435 5933 per
2461 5864 2770 5923 socordiam
2812 5870 3083 5930 amittere.
3121 5874 3235 5933 Nos
3258 5854 3441 5935 autem

3038 5957 3116 6021 10
