4068 6422
599 438 693 500 iiii

610 563 708 600 non
738 560 910 599 sumus
941 536 1288 596 subtractionis
1313 534 1408 603 ﬁlii
1434 534 1485 586 in
1507 531 1858 603 perditionem,
1887 529 1973 582 sed
1997 527 2115 597 ﬁdei
2133 528 2185 581 in

610 638 979 708 acquisitionem
995 635 1194 687 animm
1207 627 1391 701 (CopJ
1409 626 1456 697 Ι)
1489 628 1538 681 Ι.
1557 623 1647 679 Est
1668 634 1832 678 autem
1846 623 1971 692 fides
1989 636 2189 690 speran-

609 731 789 783 darmn
814 725 1087 781 substantia
1106 737 1276 775 rerum
1293 760 1306 784 ,
1330 726 1672 789 arguntcuium
1695 731 1793 768 non
1815 714 2184 784 apparentimn.

608 820 663 873 2.
709 818 775 872 In
822 819 914 870 hac
956 815 1090 868 enim
1144 811 1481 866 testimonium
1525 806 1821 875 consequuti
1865 814 1982 858 sunt
2025 820 2186 858 senes.

613 914 798 982 Papa-2
830 908 971 980 quali
1010 905 1241 962 dictione
1266 913 1349 959 est
1374 916 1529 965 usus,
1564 899 1748 954 dicens
1769 939 1784 964 ,
1823 896 2191 968 Argumentum

612 1022 711 1057 non
736 1004 1115 1072 apparentium,
1138 996 1255 1052 sive
1276 993 1540 1051 convictio
1562 1006 1745 1047 eorum
1770 1006 1887 1061 qua:
1912 1004 2018 1045 non
2046 988 2191 1044 vide-

610 1094 844 1147 bantur:
876 1095 1247 1161 argumentum
1293 1085 1433 1141 enim
1473 1082 1669 1138 dicitur
1708 1080 1775 1139 de
1816 1081 1881 1135 iis
1907 1095 2027 1152 quae
2069 1090 2194 1136 sunt

615 1182 765 1236 valde
792 1179 1121 1236 manifesta‘.
1140 1176 1298 1233 Fides
1319 1188 1471 1246 ergo,
1503 1174 1692 1244 inquit,
1720 1182 1803 1228 est
1829 1180 2077 1243 aspectus
2097 1187 2192 1229 eo-

613 1291 731 1330 rum
757 1289 877 1343 qua:
904 1288 1009 1327 non
1036 1280 1159 1325 sunt
1181 1266 1477 1333 manifesta,
1497 1274 1550 1322 et
1574 1280 1636 1321 ea
1653 1279 1773 1335 qua:
1792 1280 1898 1320 non
1925 1264 2190 1333 videntur,

615 1367 883 1421 deducunt
907 1362 972 1419 ad
1002 1360 1246 1417 eumdem
1277 1369 1477 1414 certam
1503 1358 1926 1427 persuasionem,
1945 1354 2011 1411 ad
2034 1371 2195 1427 quam

615 1472 736 1530 qua:
755 1456 1016 1520 videntur.
1036 1452 1219 1522 Neque
1243 1464 1370 1521 ergo
1398 1448 1451 1503 in
1480 1448 1544 1503 iis
1561 1462 1680 1518 qnzn
1705 1446 1951 1502 videntur
1979 1447 2104 1503 licet
2134 1446 2195 1502 fi-

614 1551 737 1606 dem
768 1563 872 1603 non
901 1546 1115 1611 habere,
1142 1551 1302 1613 atque
1332 1556 1535 1605 rursus,
1570 1538 1703 1594 side
1731 1538 1795 1593 iis
1820 1554 1937 1609 qua:
1963 1554 2070 1593 non
2100 1553 2191 1593 ca-

617 1644 747 1697 dunt
762 1641 860 1696 sub
883 1649 1155 1711 aSpeclum
1179 1651 1284 1691 non
1304 1634 1536 1705 apertius
1558 1631 1715 1687 fuerit
1735 1634 1962 1701 cuipiam
1980 1645 2198 1700 persua-

618 1750 758 1796 sum,
780 1732 1022 1804 quamde
1052 1730 1116 1783 iis
1142 1744 1259 1798 quze
1276 1726 1541 1790 videntur,
1570 1741 1675 1779 non
1706 1731 1878 1793 potest
1903 1737 2021 1779 esse
2042 1723 2192 1780 lides.

618 1825 749 1880 Nam
790 1822 1037 1895 quoniam
1074 1834 1193 1891 qua:
1230 1827 1355 1872 sunt
1398 1817 1451 1871 in
1491 1830 1587 1886 spe
1619 1830 1724 1869 non
1764 1814 2012 1871 videntur
2039 1828 2197 1885 posse

620 1915 952 1978 consistere;
1002 1911 1131 1965 lich
1158 1909 1236 1965 eis
1268 1908 1435 1962 donat
1468 1906 1814 1963 substantiam
1843 1922 1857 1963 :
1907 1905 1989 1960 vel
2020 1905 2196 1974 potius

615 2023 726 2064 non
771 2006 970 2071 donat,
1016 2003 1109 2059 sed
1157 2003 1257 2058 hoc
1298 2003 1469 2072 ipsum
1496 2009 1579 2057 est
1616 2015 1801 2056 eorum
1832 2001 2063 2056 essentia
2095 2018 2107 2054 :
2141 2009 2198 2054 ut

622 2098 849 2168 exempli
893 2110 1082 2160 causa,
1125 2108 1233 2149 non
1264 2092 1481 2149 advenit
1507 2093 1866 2157 resurrectio,
1912 2104 2081 2162 neque
2118 2098 2202 2145 est

624 2192 674 2245 iu
703 2188 993 2243 substantia
1016 2229 1029 2252 ,
1064 2186 1116 2241 id
1145 2196 1229 2242 est
1258 2198 1363 2241 non
1395 2184 1673 2251 consistit,
1712 2182 1806 2239 scd
1842 2198 1966 2253 spes
1994 2182 2118 2238 facit
2146 2188 2203 2236 ut

624 2289 686 2328 ea
713 2273 963 2328 consistat
992 2275 1043 2326 in
1073 2281 1251 2327 nostra
1275 2274 1470 2326 anima.
1500 2270 1613 2325 lloc
1638 2281 1717 2326 est
1745 2286 1922 2326 rerum
1952 2286 2069 2342 qua:
2085 2285 2205 2341 spe-

626 2374 809 2421 rantur
849 2364 1165 2421 substantia.
1212 2364 1269 2419 Si
1315 2370 1394 2417 est
1434 2377 1562 2433 ergo
1602 2371 1972 2433 argumeutmn
2017 2376 2206 2418 eorum

628 2473 745 2525 qua:
793 2472 896 2511 non
945 2456 1229 2522 videntur,
1273 2453 1398 2525 quid
1430 2469 1492 2510 ea
1521 2454 1679 2509 vultis
1708 2454 1923 2521 videre,
1957 2467 2013 2509 ut
2038 2468 2069 2509 a
2103 2452 2206 2509 lide

628 2548 883 2603 cxcidatis
902 2556 955 2602 et
975 2562 1003 2600 a
1024 2546 1228 2616 justitia
1250 2587 1265 2612 ,
1295 2546 1342 2601 si
1369 2545 1579 2615 quidem
1599 2545 1775 2615 justus
1795 2560 1860 2600 cx
1892 2545 1993 2600 lidc
2023 2541 2209 2598 vivet?

630 2638 737 2692 'Vos
784 2649 958 2692 autem
1006 2641 1048 2691 si
1089 2652 1151 2693 ea
1191 2635 1351 2691 vultis
1395 2635 1611 2703 videre,
1660 2651 1765 2690 non
1809 2636 1938 2691 estis
1979 2636 2210 2706 amplius

630 2730 834 2784 lidelcs.
863 2729 1202 2797 Laborastis,
1235 2729 1445 2800 inquit,
1475 2728 1795 2785 decertastis
1825 2745 1837 2780 :
1870 2742 1968 2797 ego
1998 2741 2210 2797 quoque

633 2821 731 2875 hoc
748 2820 868 2875 dico
897 2838 910 2875 :
942 2821 1035 2876 sed
1064 2828 1405 2892 exspectate;
1437 2821 1538 2876 hoc
1566 2820 1707 2876 enim
1734 2828 1817 2875 est
1840 2819 2014 2874 lides:
2045 2819 2210 2874 nolite

632 2911 937 2966 universum
971 2909 1056 2964 Itic
1081 2926 1347 2980 qumrere.

703 3002 753 3056 3.
784 3001 907 3057 I-lwc
927 3002 1067 3058 dicta
1097 3002 1310 3073 quidem
1336 3011 1460 3058 sunt
1484 3002 1551 3058 ad
1576 3003 1866 3071 llebrzcos;
1895 3012 1978 3059 est
2026 3012 2205 3058 autem

629 3096 933 3150 communis
961 3094 1256 3151 admonitio
1286 3096 1447 3151 etiam
1475 3096 1543 3152 ad
1571 3096 1765 3152 multos
1790 3113 1859 3153 ex
1906 3097 1971 3152 iis
2000 3094 2090 3167 qui
2123 3095 2210 3152 hic

636 3199 760 3243 sunt
782 3189 1111 3259 congregati.
1127 3188 1370 3258 Quonam
1397 3191 1557 3246 modo
1574 3191 1599 3244 ἰ
1619 3190 1699 3245 Ad
1718 3204 1811 3245 cos
1842 3191 1931 3261 qui
1958 3199 2083 3246 sunt
2114 3206 2212 3260 pu-

627 3280 739 3334 silli
760 3276 814 3335 et
838 3280 1030 3349 abjecti
1053 3280 1237 3335 animi.
1271 3279 1403 3336 Nam
1425 3280 1639 3351 quando
1665 3280 1899 3336 viderint
1927 3282 2097 3337 malos
2125 3297 2212 3336 res

637 3385 760 3425 suas
781 3370 916 3425 bene
943 3386 1149 3442 gerere,
1172 3386 1231 3427 se
1255 3380 1431 3426 autem
1452 3386 1577 3427 suas
1597 3371 1753 3438 male,
1778 3371 1982 3441 dolent,
2006 3372 2216 3428 tristitia

636 3460 942 3517 afllciuntur
957 3471 1010 3516 et
1024 3475 1165 3533 :egrc
1182 3461 1526 3533 ferunt,un
1545 3462 1753 3518 illorum
1769 3461 2079 3520 desiderent
2094 3479 2214 3533 sup-

639 3551 855 3619 plicium
878 3563 931 3606 et
958 3553 1234 3618 ultionem,
1257 3562 1311 3609 et
1337 3554 1479 3624 quod
1511 3553 1749 3609 laborum
1777 3569 1994 3609 suorum
2023 3570 2215 3626 exspe-

637 3650 786 3697 ctent
814 3643 1137 3699 mercedem.
1172 3644 1350 3698 Adhuc
1376 3645 1509 3698 enim
1534 3644 1786 3699 modicum
1813 3645 2212 3717 aliquantulum,

634 3734 726 3804 qui
742 3743 980 3789 uenturus
995 3743 1067 3789 est
1080 3734 1260 3801 veniet,
1274 3742 1318 3789 et
1340 3751 1441 3789 non
1458 3735 1698 3803 tardabit,
1715 3735 1922 3792 diccbat
1939 3746 2063 3793 tunc
2080 3737 2220 3793 Dau-

642 3826 747 3883 lus.
776 3826 842 3881 Et
867 3841 966 3882 nos
985 3841 1114 3899 ergo
1138 3826 1255 3883 inec
1275 3826 1518 3883 dicamus
1548 3826 1754 3899 ignavis
1779 3838 1833 3885 et
1858 3829 2176 3885 socordibus
2202 3848 2214 3885 :

644 3918 873 3975 Omnino
901 3922 1001 3975 erit
1018 3919 1242 3990 punitio,
1261 3921 1480 3977 omnino
1496 3922 1674 3977 veniet
1689 3938 1704 3987 ;
1713 3920 1824 3992 jam
1845 3929 1928 3978 est
1947 3923 2001 3977 in
2024 3921 2224 3979 foribus

641 4014 984 4069 resurrectio.
1040 4012 1337 4081 Uodcnam,
1367 4014 1559 4087 inquit,
1592 4016 1842 4073 constat?
1866 4016 1983 4073 Non
2012 4018 2133 4074 dico
2158 4034 2224 4075 ex

644 4104 953 4177 prophetis:
977 4121 1081 4162 non
1104 4107 1245 4163 enim
1275 4108 1340 4164 ad
1366 4107 1700 4166 Christianos
1726 4110 1901 4166 solum
1925 4126 2067 4167 nunc
2084 4126 2114 4166 a
2137 4127 2225 4168 me

642 4197 806 4252 verba
827 4197 995 4263 ﬁunt;
1018 4197 1112 4253 sed
1135 4197 1343 4254 etiamsi
1368 4198 1439 4255 sit
1462 4197 1702 4267 Gnaeus,
1725 4199 1938 4257 conlldo
1969 4203 2143 4271 plane,
2169 4211 2224 4256 ct

633 4279 821 4346 certas
842 4291 1182 4360 probationes
1199 4290 1387 4357 affero,
1402 4299 1590 4349 etcum
1612 4291 1848 4349 docebo:
1867 4293 2223 4364 etqnomodo,

639 4383 791 4439 audi.
814 4382 976 4439 Multa
1008 4384 1253 4455 prtcdixit
1276 4384 1544 4441 Christus.
1576 4384 1632 4439 Si
1664 4385 1752 4441 illa
1774 4401 1883 4441 non
1905 4398 2225 4454 evenerunt,

646 4490 749 4531 nec
775 4474 890 4532 ι)ωο
908 4474 1233 4531 credideris:
1255 4478 1337 4531 sin
1361 4487 1537 4532 autem
1562 4478 1739 4533 omnia
1764 4488 2081 4544 evenerunt,
2101 4479 2227 4550 quid

645 4570 860 4625 dubitas
886 4569 954 4627 de
978 4570 1200 4641 reliquis
1218 4571 1243 4623 ‘i
1267 4571 1427 4642 Atqui
1458 4570 1636 4625 minus
1664 4579 1810 4627 esset
1842 4570 2142 4643 probabile,
2184 4574 2228 4628 si

647 4661 781 4716 nihil
826 4664 1109 4728 evenisset,
1145 4662 1250 4718 illis
1275 4662 1498 4720 credere
1520 4704 1537 4729 ,
1564 4680 1721 4733 quam
1743 4681 1865 4721 cum
1894 4668 2073 4722 omnia
2101 4682 2229 4723 eve-

644 4762 837 4809 nerunt
848 4795 862 4816 ,
877 4752 960 4808 his
975 4768 1076 4808 non
1096 4753 1336 4809 credere.
1355 4753 1517 4825 Magis
1535 4765 1711 4811 autem
1723 4757 1967 4827 exemplo
1982 4772 2099 4813 rem
2116 4759 2230 4813 red-

640 4844 771 4899 dam
790 4846 1146 4901 mnuitestam.
1162 4845 1302 4901 Dixit
1317 4844 1563 4902 Christus
1584 4844 1817 4902 futurum
1835 4856 1893 4902 ut
1908 4859 2228 4919 caperentur

647 4934 1013 5007 Jcrosolyma,
1048 4937 1137 4991 tali
1165 4938 1472 5007 captivitate
1490 4980 1507 5003 ,
1534 4946 1595 4992 ut
1622 4938 1763 4994 nulla
1791 4955 2041 5012 umquam
2067 4940 2227 4998 fuerit

649 5027 945 5094 ejusmodi,
977 5034 1033 5082 et
1062 5042 1123 5081 ea
1157 5042 1261 5083 non
1300 5028 1529 5097 amplius
1555 5039 1738 5086 essent
1761 5031 2042 5088 excitanda
2070 5031 2224 5106 (Luc.

658 5119 742 5174 t9.
774 5118 867 5189 Η)
892 5137 904 5173 :
928 5126 983 5175 et
1006 5118 1074 5173 ad
1114 5117 1363 5175 effectum
1390 5118 1618 5177 deducta
1647 5131 1730 5178 est
1759 5124 2056 5195 prmdictio.
2086 5126 2226 5181 Dixit

656 5225 898 5280 magnam
925 5211 1153 5265 futuram
1182 5211 1531 5268 aliiictionem
1558 5233 1573 5269 :
1601 5223 1656 5269 et
1682 5215 1879 5269 evenit.
1907 5214 2053 5269 Dixit
2089 5224 2224 5270 tam-

656 5317 811 5368 quam
843 5303 1011 5370 sinapi
1043 5305 1361 5360 seminatum
1387 5305 1773 5361 extendendam
1815 5321 1936 5365 esse
1963 5307 2221 5379 praedica-

654 5392 853 5447 tionem
900 5391 1090 5465 (Marc.
1118 5390 1648 5458 ίᾶἓςιιαιιιιάιᾶι
1688 5395 1847 5464 ;Luc.
1885 5396 1973 5456 l3.
2006 5398 2095 5470 i9)
2126 5418 2139 5455 :
2168 5408 2223 5456 et

651 5500 771 5540 eam
790 5484 1029 5541 videmus
1066 5486 1301 5556 quotidie
1331 5496 1497 5540 lotum
1523 5490 1705 5542 urbem
1736 5500 1889 5546 terra:
1908 5492 2216 5562 pervadere.

649 5578 795 5635 Dixit
822 5576 1053 5634 futurum
1074 5587 1131 5633 ut
1150 5578 1238 5648 qui
1268 5588 1491 5648 patrem,
1510 5591 1603 5638 aut
1626 5591 1870 5651 matrem,
1894 5595 1984 5640 aut
2003 5584 2216 5653 fratres,

716 5736 733 5767 ι
759 5733 813 5805 in
844 5732 1000 5805 Editis
1020 5731 1200 5805 legitur
1217 5732 1569 5805 obscurantur?
1582 5733 1861 5805 _mmtifcsta.
1887 5734 1985 5805 S_cd
2005 5739 2229 5805 quoniam

650 5806 701 5846 tu
723 5798 927 5845 vetustis
944 5804 995 5846 et
1017 5795 1300 5857 poisterioris
1327 5796 1417 5844 avi
1437 5795 1689 5848 (iotlicilms
1709 5795 1887 5846 lectum
1913 5795 2060 5848 fuerit
2081 5799 2230 5850 moni-

654 5861 791 5923 t'esto,
816 5858 885 5908 sic
906 5859 1239 5908 incunctanter
1260 5857 1525 5919 piissimus.

1394 414 1455 470 s.
1496 397 2265 470 tos-.Vsts'cunvsosrout
2298 390 2610 454 ancorae.
2654 383 3182 453 CONSTANTINOP.

3745 365 3855 421 15?.

2288 533 2377 577 ant
2424 531 2639 573 sorores
2682 515 3036 583 reliquerint,
3081 515 3260 577 patres
3310 512 3365 558 et
3404 496 3879 557 matresthabeanl

2289 611 2500 681 (Matth.
2531 608 2617 663 l9.
2646 606 2736 675 29)
2767 622 2780 658 :
2811 612 2865 658 et
2922 601 3025 653 hoc
3073 597 3315 651 videmus
3360 609 3419 648 re
3474 593 3585 662 ipsa
3629 586 3872 681 intpleri.

2290 679 2428 756 Dixit
2447 743 2460 762 ,
2496 699 2521 753 1
2530 718 2561 753 ιι
2591 696 2779 751 tumido
2807 692 3123 765 aﬂiictionem
3154 686 3438 749 habebitis;
3482 683 3570 738 sed
3595 679 3868 748 conﬁdite,

2286 808 2377 863 ego
2404 791 2494 844 viri
2528 787 2773 842 mundum
2801 783 2981 857 (loau.
3004 781 3093 835 l6.
3116 779 3207 850 55)
3233 794 3248 843 ;
3277 776 3379 831 hoc
3407 784 3490 829 est
3513 814 3528 838 ,
3568 771 3741 863 Nemo
3760 782 3876 863 vos

2287 860 2562 954 superabit
2587 900 2599 936 :
2633 878 2809 935 ethoc
2832 876 3076 930 videmus
3104 872 3279 941 reipsa
3302 866 3565 928 evenisse.
3588 862 3730 919 Dixit
3754 860 3879 914 fure

2282 986 2348 1034 ut
2373 974 2660 1030 inferortun
2682 977 2853 1041 porta:
2875 965 3133 1019 adversus
3151 959 3442 1016 Ecclesium
3467 971 3572 1010 non
3595 955 3703 1006 siut
3726 968 3877 1023 pra:-

2288 1069 2530 1125 vaiituraa
2582 1062 2794 1134 (Matth.
2827 1058 2916 1114 16.
2948 1058 3072 1121 18),
3112 1052 3355 1123 quamvis
3401 1046 3876 1117 persequutinucm

2289 1162 2538 1234 patiatur,
2568 1165 2621 1211 et
2642 1152 2911 1209 neminem
2942 1146 3330 1203 exstincturum
3362 1154 3482 1195 esse
3532 1134 3881 1207 pranlicalio-

2290 1230 2409 1308 item
2442 1268 2455 1303 :
2486 1258 2540 1303 et
2581 1247 2704 1301 huic
2748 1238 3082 1315 prtcdictioui
3125 1234 3487 1291 testimonium
3535 1230 3636 1285 fert
3688 1241 3878 1282 rerum

2288 1340 2635 1412 experientia.
2672 1335 2829 1406 Atqui
2879 1342 3002 1387 tunc
3031 1344 3152 1385 cum
3194 1326 3309 1380 hmo
3334 1324 3583 1397 diceret,
3620 1334 3723 1375 non
3755 1326 3881 1371 crat

2288 1432 2571 1489 admodum
2606 1426 2710 1484 lide
2739 1426 2955 1496 dignus.
2986 1418 3201 1488 Quare?
3224 1415 3485 1484 Quoniam
3515 1412 3688 1466 omnia
3712 1419 3881 1464 erant

2290 1525 2449 1580 verba
2472 1565 2485 1586 ,
2518 1531 2572 1576 et
2601 1534 2786 1574 eorum
2815 1531 2935 1587 quzc
2975 1512 3118 1567 dicta
3159 1510 3371 1563 luerunt
3393 1549 3406 1574 ,
3431 1504 3665 1561 nondtun
3699 1503 3877 1555 ullam

2291 1614 2560 1686 prmbebat
2583 1609 2977 1681 probationem.
3006 1600 3366 1671 Quamobrem
3392 1610 3533 1652 nunc
3548 1606 3672 1650 sunt
3699 1594 3811 1671 mul
3840 1608 3881 1646 ο

2289 1706 2650 1763 crcdibiliora.

2363 1800 2511 1868 Quod
2546 1800 2699 1867 ﬁnem
2731 1793 2907 1849 mundi
2954 1784 3525 1866 proximumcredidqrit
3569 1782 3886 1852 Chrysosto-

2291 1908 2422 1948 mus.
2456 1921 2525 1933 -—
2557 1890 2729 1952 Dixit,
2772 1901 2893 1941 cum
2944 1883 3292 1955 prmdicatum
3339 1876 3498 1932 fuerit
3521 1874 3880 1944 Evangelium

2290 1982 2536 2039 omnibus
2561 1978 2828 2051 gentibus,
2858 1984 2984 2030 tunc
3008 1972 3170 2027 ﬁnem
3198 1984 3319 2025 esse
3362 1976 3642 2023 ventorum
3681 1965 3915 2026 (Matth.

2288 2079 2379 2134 21.
2406 2077 2495 2146 Η)
2531 2093 2544 2128 :
2577 2087 2703 2129 ecce
2746 2069 2809 2124 ad
2842 2068 2999 2123 linem
3038 2069 3147 2136 jam
3180 2061 3541 2135 pervenimus.
3573 2056 3697 2112 Fuit
3725 2056 3881 2111 enim

2296 2169 2639 2239 pranlicatum
2668 2161 2861 2233 majori
2892 2160 3032 2231 parti
3087 2156 3233 2212 orbis
3265 2165 3421 2209 terra:
3454 2171 3467 2207 :
3495 2152 3603 2221 jam
3634 2164 3769 2239 ergo
3794 2147 3888 2239 in:

2291 2235 2395 2316 stat
2417 2258 2557 2313 linis.
2594 2255 2945 2315 Horrcamus,
2978 2268 3010 2303 ο
3039 2248 3241 2305 dilecti.
3265 2244 3402 2314 Quid
3425 2257 3574 2305 vero,
3594 2239 3680 2295 dic
3702 2236 3834 2293 mihi
3853 2235 3885 2290 τ

2293 2350 2358 2406 de
2388 2349 2491 2405 line
2515 2358 2567 2402 tu
2594 2362 2653 2402 es
2670 2342 2965 2401 sollicitus?
2987 2339 3102 2411 Ipse
3124 2338 3336 2409 quidem
3362 2336 3471 2405 jam
3498 2348 3664 2404 prope
3684 2330 3882 2394 adest;

2301 2423 2718 2491 uniuscujusque
2755 2428 2934 2475 autem
2962 2419 3065 2472 vita
3095 2426 3151 2473 et
3187 2431 3335 2473 mors
3363 2425 3447 2472 est
3476 2414 3831 2485 propinquior
3865 2435 3883 2467 ;

2300 2515 2420 2569 Dies
2443 2515 2607 2577 enim,
2641 2512 2833 2582 inquit,
2866 2521 3151 2565 nostrorum
3176 2525 3423 2563 annorum
3440 2509 3491 2561 in
3518 2508 3639 2577 ipsis
3671 2517 3891 2575 septua—

2300 2608 2438 2677 ginta
2458 2606 2579 2661 ωιηὶ
2599 2608 2676 2669 :si
2688 2621 2809 2659 mo
2832 2605 2881 2659 in
2903 2602 3260 2675 potentatibus,
3283 2602 3535 2673 octaginta
3550 2602 3691 2654 anni.
3708 2599 3891 2671 Prope

2301 2698 2415 2752 dies
2461 2707 2542 2752 est
2580 2696 2794 2766 iudicii,
2828 2695 3108 2749 timeamus
3136 2692 3370 2748 tandem.
3404 2690 3588 2745 Frater
3617 2708 3716 2744 non
3744 2693 3894 2744 redi-

2305 2791 2412 2852 mit,
2453 2788 2662 2842 redimet
2700 2788 2849 2842 homo
2892 2783 3285 2858 (9301.89.10.
3314 2794 3361 2837 et
3408 2782 3496 2839 48.
3521 2783 3617 2851 8)?
3656 2783 3890 2838 Multum

2306 2879 2587 2947 pamitebit
2612 2893 2708 2933 nos
2752 2878 2896 2941 illic;
2927 2878 3020 2932 sed
3062 2877 3112 2931 in
3144 2888 3315 2933 morte
3341 2878 3518 2932 nullus
3542 2877 3891 2933 confitebitur

2305 2971 2427 3040 ipsi.
2446 2970 2738 3039 Propterea
2768 2970 2914 3034 dicit,
2941 2969 3315 3024 Prameniamur
3328 2970 3508 3040 faciem
3535 2971 3645 3041 ejus
3674 2970 3726 3023 in
3755 2988 3895 3025 con-

2305 3062 2518 3133 fessione
2547 3062 2781 3133 (15111.6.
2801 3062 2850 3116 6.
2881 3061 3140 3129 “95.9);
3172 3062 3273 3116 hoc
3299 3072 3401 3141 est,
3431 3066 3548 3132 ejus
3571 3063 3890 3119 adventum.

2306 3151 2436 3207 Nam
2466 3153 2551 3209 hic
2580 3153 2792 3223 quidem
2821 3152 2871 3207 id
2893 3152 3034 3222 quod
3066 3153 3349 3208 fecerimus
3374 3195 3390 3220 ,
3424 3155 3532 3208 vim
3556 3152 3737 3219 habet,
3772 3154 3895 3211 illic

2307 3253 2484 3300 autem
2504 3259 2860 3315 nequaquam.
2893 3244 2986 3299 Dic
3011 3258 3215 3313 qumso,
3244 3243 3290 3300 si
3320 3246 3442 3315 quis
3465 3258 3564 3301 nos
3594 3245 3647 3301 in
3667 3245 3894 3302 ardenti

2308 3337 2444 3408 ignis
2489 3337 2702 3392 fornace
2745 3351 2913 3406 parvo
2967 3345 3212 3406 tempore
3238 3340 3520 3404 statuerit,
3556 3352 3658 3393 non
3704 3342 3892 3396 omnia

2307 3427 2688 3483 sustinebimus
2719 3443 2816 3498 pro
2846 3426 3185 3493 liberatione,
3215 3427 3425 3483 etiamsi
3444 3431 3701 3501 pecunias
3725 3447 3897 3503 ορατ.

2310 3526 2419 3574 teat
2447 3516 2771 3588 profundere
2792 3560 2808 3583 ,
2856 3517 3068 3572 etiamsi
3117 3519 3431 3575 servitutem
3462 3521 3644 3576 subire
3664 3522 3689 3574 ?
3716 3523 3901 3589 Quam

2311 3612 2467 3668 multi
2496 3612 2547 3666 in
2594 3625 2783 3682 graves
2815 3611 3033 3665 morbos
3082 3608 3422 3677 inciderunt,
3455 3620 3510 3667 et
3539 3614 3706 3683 parati
3735 3628 3904 3673 erant

2310 3702 2440 3759 dare
2487 3704 2665 3756 omnia
2719 3701 2785 3755 ad
2830 3700 3226 3765 valetudinem,
3270 3704 3315 3757 si
3364 3716 3755 3780 proponeretur
3811 3708 3901 3762 eis
3956 3702 3961 3711 ’

2310 3794 2500 3865 optio?
2528 3794 2586 3850 Si
2613 3808 2740 3864 ergo
2770 3794 2988 3847 morbus
3010 3790 3159 3848 brevi
3190 3792 3390 3849 durans
3416 3801 3660 3865 tempore
3689 3796 3756 3849 ita
3793 3812 3902 3851 nos

2314 3897 2469 3943 vexat
2493 3895 2547 3941 et
2578 3885 2818 3942 molestia
2849 3883 3037 3949 aflicit,
3067 3883 3196 3954 quid
3229 3884 3338 3939 illic
3364 3884 3648 3952 faciemus,
3673 3889 3901 3957 quando

2313 3980 2494 4035 nullus
2518 3978 2617 4034 erit
2648 3992 2776 4033 usus
2803 3975 3353 4047 pmnitentimiQuam
3375 3979 3554 4032 multis
3581 3995 3723 4035 nunc
3750 3980 3902 4050 pleni

2312 4087 2499 4129 sumus
2529 4072 2704 4138 malis,
2729 4081 2783 4127 et
2823 4084 2929 4125 non
2959 4070 3224 4127 sentimus
3246 4068 3271 4124 ἲ
3297 4070 3435 4126 alter
3464 4071 3691 4127 alterum
3741 4090 3899 4129 mor-

2312 4167 2523 4236 demus,
2552 4168 2688 4223 alter
2702 4169 2929 4223 alterum
2954 4166 3325 4223 consumimus
3345 4166 3593 4236 injuriam
3613 4168 3897 4237 facientes,

2312 4270 2649 4323 accusantes,
2673 4260 3087 4323 calumniantes,
3115 4256 3484 4329 proximorum
3506 4260 3731 4331 gloriam
3750 4278 3903 4334 πετο

2316 4352 2568 4407 ferentes.
2598 4352 2665 4406 Et
2708 4352 2828 4407 vide
2859 4366 2972 4407 rem
3021 4366 3239 4422 gravem
3269 4369 3282 4406 :
3327 4367 3453 4408 cum
3480 4354 3711 4410 voluerit
3741 4356 3900 4425 quis-

2316 4443 2456 4515 piam
2486 4444 2683 4499 Ιιυιιρτο
2711 4444 2938 4514 proximi
2964 4444 3443 4513 existimationem,
3462 4445 3596 4501 dicit
3626 4463 3639 4499 :
3669 4446 3766 4503 ilic
3808 4449 3900 4505 vel

2316 4533 2407 4590 ille
2436 4532 2538 4589 hoc
2559 4534 2694 4589 dixit
2723 4551 2736 4588 :
2763 4534 2926 4602 Deus,
2953 4533 3055 4590 hoc
3076 4534 3207 4590 mihi
3237 4535 3480 4595 condona
3506 4576 3521 4601 ,
3567 4551 3634 4591 ne
3654 4550 3742 4592 me
3767 4552 3903 4594 exa-

2314 4626 2509 4692 mines,
2537 4641 2663 4681 reus
2683 4640 2803 4681 sum
2833 4626 3091 4684 rumoris.
3123 4626 3234 4683 Cur
3258 4643 3388 4700 ergo
3416 4630 3635 4684 omnino
3660 4629 3818 4697 dicis,
3854 4634 3905 4689 si

2321 4733 2427 4772 non
2454 4717 2671 4772 credis?
2701 4733 2797 4773 cur
2822 4718 2963 4775 dicis
2992 4719 3016 4774 τ
3042 4735 3140 4775 cur
3187 4720 3359 4776 multo
3409 4736 3625 4777 rumore
3654 4720 3787 4779 facis
3840 4734 3906 4780 ut

2316 4819 2387 4876 sit
2414 4814 2712 4873 credibile?
2742 4828 2839 4868 cur
2866 4824 3173 4868 semonem
3200 4804 3517 4864 transmittis
3544 4802 3635 4875 qui
3679 4816 3787 4858 non
3817 4812 3909 4857 est

2317 4925 2473 4966 verus
2488 4908 2513 4964 ‘l
2541 4917 2598 4963 tu
2623 4920 2726 4961 non
2740 4903 2934 4971 credis,
2953 4911 3007 4958 et
3030 4902 3197 4957 Deum
3214 4912 3371 4970 rogas
3394 4904 3573 4953 utnon
3590 4892 3863 4950 examinet
3887 4928 3905 4948 .

2317 4999 2436 5059 Noli
2456 5014 2584 5071 ergo
2607 4997 2787 5055 dicere
2806 5038 2824 5063 ,
2854 4994 2946 5051 sed
2968 5003 3103 5059 tace,
3131 5000 3186 5047 et
3209 4990 3278 5045 ab
3305 4987 3450 5044 omni
3480 4994 3623 5043 metu
3648 4984 3906 5040 liberare.

2388 5095 2445 5152 ι.
2484 5091 2588 5149 Sed
2618 5092 2797 5146 nescio
2815 5089 2955 5143 unde
2978 5087 3064 5142 hic
3085 5084 3305 5140 morbus
3334 5080 3526 5137 incidit
3551 5080 3602 5135 in
3626 5078 3907 5133 homines:

2319 5200 2507 5245 sumus
2547 5194 2876 5256 nugatores,
2928 5181 2980 5235 in
3022 5178 3197 5234 anima
3241 5184 3424 5231 nostra
3456 5173 3586 5229 nihil
3638 5182 3909 5227 remanet.

2321 5280 2460 5337 Audi
2484 5275 2768 5350 quemdam
2794 5273 3090 5343 sapientem
3116 5269 3496 5325 admonentem
3524 5274 3580 5322 et
3599 5264 3908 5320 dicentem:

2325 5372 2521 5431 Audisti
2548 5369 2749 5424 uerbum
2770 5367 2796 5422 7
2820 5367 2873 5427 in
2902 5374 2949 5419 te
2977 5364 3224 5418 moriatur
3250 5378 3270 5428 ;
3297 5359 3515 5429 conﬁde,
3545 5375 3646 5412 non
3680 5359 3913 5411 terum-

2320 5475 2401 5537 pet
2421 5481 2441 5530 ;
2458 5472 2515 5520 et
2530 5478 2719 5519 rursus
2743 5501 2758 5525 ,
2779 5458 2984 5513 Audiuit
3000 5455 3203 5511 uerbum
3220 5455 3429 5519 stultus,
3448 5463 3495 5508 et
3517 5450 3757 5522 parun-iit
3774 5459 3911 5504 taut-

2319 5573 2473 5628 qunm
2500 5573 2531 5608 a
2557 5553 2691 5625 facie
2716 5550 3001 5623 infantisea
3021 5561 3134 5618 qua!
3151 5545 3283 5613 parit
3303 5543 3324 5616 (
3346 5542 3509 5599 Eccli.
3532 5541 3617 5599 I9.
3652 5540 3739 5597 10.
3774 5541 3831 5595 ll
3864 5538 3909 5609 ).

2322 5652 2521 5705 Sumus
2537 5643 2766 5717 prompti
2789 5641 2854 5696 ad
2880 5638 3271 5702 accusationes,
3303 5635 3472 5706 parati
3488 5633 3554 5689 ad
3576 5632 3877 5690 condemna
3890 5661 3910 5672 ο

2326 5745 2519 5799 tiones.
2553 5735 2770 5794 Etiamsi
2802 5734 3006 5789 nullum
3036 5728 3180 5797 aliud
3210 5728 3411 5785 malum
3461 5725 3660 5783 factum
3704 5734 3853 5781 esset
3877 5739 3908 5779 a

2328 5836 2483 5895 uoltis
2505 5875 2519 5903 ,
2555 5832 2658 5887 hoc
2700 5829 2830 5887 satis
2859 5834 3005 5885 esset
3033 5823 3101 5881 ad
3148 5837 3247 5883 uos
3275 5820 3617 5892 perdendos,
3660 5829 3714 5878 ct
3740 5818 3909 5876 abdu-
