4068 6396
56 332 57 337 γ
141 401 213 455 ιδδ
991 380 1055 437 IN
1095 379 1307 439 EPIST.
1340 379 1441 436 -AD
1480 378 1845 437 IIEBR.£OS.
1885 380 2041 437 CAP.
2083 381 2171 438 XI.
2215 382 2443 441 HOMIL.
2487 384 2652 443 XXII.

138 494 293 551 catulos
319 492 373 549 in
412 491 752 564 gehennam
782 510 798 546 ι
828 491 927 548 hoc
971 507 1069 548 nos
1124 493 1361 563 implicat
1399 502 1454 550 et
1504 492 1732 551 involvit

137 589 254 642 nalis
309 572 853 641 innumerabilibus.
932 584 997 639 Et
1042 594 1101 659 ut
1158 584 1463 642 accuratius
1510 585 1744 655 discas»

134 676 583 748 sudii‘rophctam
638 676 957 742 dicentem,
988 676 1185 732 Sedens
1225 681 1468 733 adversus
1513 680 1727 752 [retreat

132 785 239 827 tum
271 770 568 841 loquebaris
616 768 809 840 (Psal.
839 768 922 825 d9.
954 768 1071 839 20).
1102 770 1172 823 At
1198 784 1303 824 non
1328 785 1430 841 ego
1453 810 1468 834 ,
1515 770 1725 842 inquit,

127 866 200 922 sed
235 867 337 921 ille.
369 865 488 920 lmo
533 880 687 920 vero
722 873 780 920 tu
814 882 827 919 :
858 865 902 921 si
937 876 990 918 tu
1016 865 1161 921 enim
1194 881 1300 921 non
1328 866 1560 922 dixisses
1583 907 1601 934 ,
1634 866 1728 923 ille

127 977 206 1015 non
228 957 527 1013 audivisset
562 974 577 1011 :
616 955 774 1028 quod
804 956 848 1011 si
876 957 1039 1012 etiam
1064 965 1178 1012 erat
1206 957 1513 1023 auditurus,
1544 950 1642 1015 sed
1670 969 1725 1015 tu

126 1068 206 1107 non
234 1052 427 1106 fuisses
447 1060 664 1107 auctor
696 1051 920 1122 peccati.
939 1050 1073 1106 Cum
1098 1060 1341 1121 oporteat
1370 1052 1600 1121 proximi
1630 1052 1725 1109 des

123 1148 219 1199 licia
244 1145 424 1201 velare
452 1153 514 1200 et
548 1153 756 1215 tegere
782 1184 797 1208 ,
832 1152 886 1197 ιιι
914 1151 1179 1213 ρι-ωιθςω
1216 1142 1501 1213 probitatis
1527 1159 1590 1200 ea
1616 1153 1725 1200 tra-

121 1238 280 1294 ducis?
317 1236 439 1292 Non
490 1252 561 1293 es
600 1232 936 1300 accusator,
982 1234 1079 1289 sed
1112 1244 1345 1306 nugator
1369 1278 1386 1302 ,
1440 1235 1644 1291 delirus
1669 1247 1726 1294 et

125 1331 309 1385 stultus.
341 1327 390 1386 Ο
415 1326 666 1384 solertia
695 1328 710 1381 !
746 1328 971 1397 teipsum
1002 1341 1125 1381 cum
1155 1326 1245 1381 illo
1272 1326 1477 1396 pudore
1504 1327 1676 1384 amcis
1701 1370 1716 1396 ,

119 1433 161 1478 et
195 1439 291 1477 non
326 1420 552 1477 sentis?
602 1418 747 1474 Vide
776 1426 952 1473 autem
999 1428 1130 1488 quot
1158 1418 1295 1472 mala
1338 1416 1464 1473 hinc
1490 1423 1722 1474 nascan-

119 1529 185 1569 tur
214 1534 227 1571 :
256 1515 422 1570 Deum
458 1511 690 1576 irritas,
722 1510 1029 1580 proximum
1054 1510 1242 1567 dolore
1266 1511 1458 1579 ailicis,
1510 1521 1561 1568 te
1587 1526 1719 1585 sup-

119 1608 249 1677 plicio
273 1607 590 1673 obnoxium
626 1602 833 1659 reddis.
862 1602 976 1657 Non
1003 1603 1161 1659 audis
1192 1604 1417 1659 Paulum
1443 1604 1718 1662 dicentem

116 1702 169 1755 de
206 1700 375 1756 viduis
416 1698 767 1754 muIieribus
816 1713 831 1750 :
885 1695 1005 1753 Non
1058 1697 1227 1752 solum
1267 1708 1439 1754 autem
1492 1702 1715 1769 otiosa,

118 1793 292 1861 inquit,
345 1792 573 1845 discunt
598 1831 615 1855 ,
669 1790 759 1845 sed
786 1798 833 1844 et
872 1790 1160 1861 nttgatrices
1202 1800 1251 1845 et
1293 1792 1514 1847 curiose
1541 1835 1557 1862 ,
1606 1794 1715 1849 cir-

121 1893 387 1935 rumeuntes
417 1881 642 1946 domos,
670 1889 717 1933 et
760 1881 1014 1950 quuentes
1038 1895 1151 1951 quae
1177 1896 1277 1936 non
1305 1882 1445 1937 decet
1471 1884 1550 1954 (I.
1581 1882 1715 1939 Tim.

120 1966 163 2019 ὃ.
189 1965 249 2021 15
273 1970 314 2038 ).
356 1969 752 2039 Quamobrem
781 1973 944 2029 etiam
970 2016 984 2041 ,
1027 1975 1246 2045 quando
1276 1976 1574 2033 credideris
1604 1974 1724 2049 qua:

119 2054 349 2115 dicentur
376 2061 669 2120 adversus
716 2064 938 2122 fratrem
967 2108 983 2133 ,
1023 2083 1092 2124 ne
1121 2069 1203 2125 sic
1246 2068 1464 2139 quidem
1512 2081 1728 2146 oportet

119 2149 315 2219 dicere,
373 2157 599 2213 nedum
650 2158 697 2214 si
744 2174 851 2215 non
885 2160 1098 2217 eredas.
1141 2163 1211 2217 At
1259 2163 1403 2233 quod
1456 2173 1605 2220 tuum
1638 2174 1722 2221 est

118 2252 310 2314 semper
335 2258 608 2317 spectas,
646 2250 844 2306 timens
867 2268 935 2308 ne
964 2260 1021 2309 te
1049 2253 1191 2309 Deus
1222 2256 1539 2313 examinet?
1570 2257 1725 2314 Time

119 2346 230 2404 ergo
274 2353 343 2395 ne
380 2339 459 2398 de
513 2344 631 2398 tuis
683 2344 841 2415 nugis
888 2346 1239 2402 examineris.
1284 2349 1382 2405 llic
1427 2350 1571 2405 enim
1614 2367 1725 2411 non

122 2433 254 2491 putes
299 2429 539 2502 dicere,
595 2434 674 2491 Ne
721 2452 808 2492 nte
858 2437 1001 2494 Deus
1050 2440 1321 2496 examinet
1368 2456 1465 2511 pro
1514 2447 1716 2515 nugis:

124 2516 257 2583 plane
271 2523 419 2579 enim
455 2541 553 2581 res
583 2526 700 2597 ipsa
727 2539 807 2585 est
829 2545 1003 2601 ungat.
1024 2530 1135 2587 Cur
1159 2547 1252 2587 eas
1275 2534 1555 2591 traduxisti
1580 2537 1604 2590 ΐ
1628 2554 1728 2595 cur

124 2610 299 2668 malum
344 2618 754 2689 ampliﬁcasti’?
799 2620 904 2677 hoc
944 2639 1045 2678 nos
1074 2634 1251 2693 potest
1290 2626 1546 2696 perdere.
1580 2629 1716 2685 Pro-

124 2713 285 2768 pterea
338 2708 574 2765 dicebat
633 2711 879 2768 Christus
908 2755 925 2782 ,
975 2714 1153 2771 Nolito
1190 2718 1466 2788 judicare,
1516 2731 1573 2775 ut
1622 2739 1724 2779 non

117 2793 423 2859 judicanini.
470 2801 587 2858 Sed
643 2820 675 2858 ο
708 2805 862 2860 nobis
909 2806 1052 2862 nulla
1090 2807 1208 2880 ejus
1246 2809 1477 2867 habetur
1544 2816 1721 2882 ratio,

127 2898 213 2940 nec
251 2905 370 2957 qua:
418 2892 710 2951 Pharismo
740 2897 1089 2964 acciderunt,
1141 2917 1241 2956 nos
1285 2903 1568 2975 castigant,
1622 2921 1725 2962 nec

127 2978 380 3039 modestos
439 2986 689 3043 reddunt
734 3004 798 3044 ac
852 2991 1186 3049 moderatos.
1235 2993 1330 3053 Ille
1373 3014 1487 3052 rem
1539 3015 1721 3054 veram

128 3068 353 3145 dicebat,
402 3078 536 3135 Non
568 3096 680 3136 sunt
725 3083 853 3137 sicut
896 3084 991 3138 iste
1040 3086 1364 3156 publicanus,
1413 3097 1468 3143 ct
1510 3089 1725 3147 dicebat

129 3166 255 3223 nullo
302 3172 606 3238 audiente,
679 3184 734 3230 et
786 3175 882 3232 fttit
931 3180 1341 3236 condemnatus.
1396 3181 1450 3237 Si
1490 3185 1580 3255 qui
1625 3201 1723 3242 vc-

129 3270 229 3311 rum
271 3260 439 3328 dixit,
508 3265 605 3320 fuit
643 3267 1064 3333 condemnatus,
1116 3280 1171 3325 et
1220 3272 1358 3329 dixit
1400 3274 1549 3329 nullo
1615 3292 1712 3333 au-

131 3350 1740 3377 m

3340 400 3441 456 154

1828 498 2013 555 diente
2060 516 2077 554 :
2117 499 2209 570 qui
2253 497 2385 555 falsa
2427 508 2484 555 et
2512 498 2582 555 de
2606 498 2803 570 quibus
2842 512 2950 555 non
2999 508 3127 556 sunt
3166 502 3341 569 certi,
3376 507 3431 560 lu

1827 605 2016 647 omnes
2046 600 2225 661 partes
2257 591 2630 647 transmittunt
2652 633 2669 661 ,
2702 591 2846 648 sicut
2878 593 3194 663 nugatrices
3222 606 3272 651 et
3307 611 3433 651 ver-

1828 681 1976 738 bosa:
2000 681 2256 740 mulieres
2280 724 2298 749 ,
2340 683 2473 754 quid
2502 698 2611 738 non
2641 683 2768 738 mali
2802 685 3122 759 patientur?
3167 685 3296 758 quid
3325 703 3433 743 non

1827 774 2172 831 sustinebunt
2196 775 2221 830 τ
2247 773 2342 831 Ori
2367 784 2559 832 nostro
2584 774 2843 847 deinceps
2869 777 3068 833 ostium
3094 778 3438 849 imponamus

1827 875 1883 924 et
1912 877 2119 924 vectem
2149 884 2165 922 :
2195 882 2260 925 ex
2292 867 2463 939 nugis
2494 869 2641 924 enim
2674 878 2976 925 nascuntur
3002 869 3141 925 mala
3180 871 3438 930 innume-

1826 946 2023 1015 rabilia
2052 974 2066 1013 :
2096 966 2416 1015 evertuntur
2443 960 2639 1015 domus
2661 999 2677 1025 ,
2709 958 3124 1032 disruntpuntur
3143 964 3393 1020 amicitia:
3414 1007 3432 1034 ,

1791 1080 1796 1085 -
1825 1060 1883 1108 et
1910 1050 2195 1107 innumera
2227 1051 2333 1106 alia
2367 1051 2511 1107 mala
2540 1050 2811 1107 oriuntur.
2859 1053 2938 1109 De
2978 1054 3140 1111 rebus
3167 1056 3433 1125 proximi,

1825 1160 1861 1201 o
1890 1145 2074 1209 homo,
2106 1160 2176 1201 ne
2210 1146 2287 1200 sis
2318 1144 2588 1200 curiosus.
2623 1145 2694 1199 At
2718 1159 2780 1201 es
2816 1144 3036 1218 loquax,
3069 1156 3125 1202 et
3153 1147 3257 1204 hoc
3285 1148 3437 1206 labo-

1826 1229 1914 1297 ras
1941 1238 2115 1295 vitio?
2161 1249 2248 1293 tua
2290 1236 2360 1293 ad
2400 1237 2569 1295 Deum
2611 1236 2836 1311 loquere
2867 1256 2883 1294 :
2914 1239 2994 1295 sic
3021 1256 3131 1296 non
3173 1241 3277 1298 erit
3313 1245 3436 1297 am-

1824 1333 1968 1405 plius
1998 1333 2185 1388 vitium
2217 1345 2318 1387 nec
2345 1331 2765 1400 detrimentum,
2794 1330 2891 1388 sed
2922 1333 3298 1392 commodum.
3331 1335 3433 1394 Dic

1824 1435 1911 1481 tua
1936 1424 2146 1490 amicis,
2173 1424 2427 1495 etjustis,
2456 1433 2511 1479 et
2529 1423 2722 1495 quibus
2767 1423 3015 1486 conﬁdis.
3066 1432 3124 1480 ut
3150 1436 3308 1482 orent
3330 1443 3433 1499 pro

1823 1519 1929 1574 tuis
1960 1517 2216 1589 peccatis.
2243 1516 2301 1573 Si
2328 1531 2450 1588 qua:
2481 1526 2608 1571 sunt
2644 1515 2870 1572 aliorum
2897 1515 3123 1586 dixeris,
3169 1520 3302 1576 nilnl
3338 1521 3437 1577 tibi

1830 1611 2053 1683 prodest
2068 1625 2244 1681 neque
2267 1610 2515 1677 lucraris,
2528 1609 2625 1665 sed
2649 1609 2813 1666 etiam
2830 1610 2975 1682 peris
2994 1627 3010 1668 :
3029 1610 3077 1669 si
3098 1619 3187 1669 tua
3205 1613 3437 1671 Domino

1832 1696 2206 1752 enuntiat-eris
2227 1716 2267 1761 ,-
2291 1695 2515 1750 multam
2556 1695 2721 1753 habes
2758 1695 3064 1753 mercedem
3087 1716 3101 1751 :
3124 1696 3251 1753 Dixi
3270 1697 3442 1769 enim,

1834 1788 2027 1861 inquit,
2054 1788 2391 1858 pronuntiabo
2406 1785 2774 1843 adversum'me
2793 1788 3111 1859 iniquitatem
3134 1807 3299 1845 nteant
3328 1790 3444 1846 Do-

1827 1884 1987 1948 mino,
2005 1892 2049 1935 et
2067 1891 2119 1936 tu
2136 1882 2371 1937 remisisti
2387 1882 2697 1953 impietatem
2736 1882 2905 1937 cordis
2934 1881 3442 1953 mei.Visjudicare?

1839 1982 1928 2029 tua
1954 1974 2135 2044 judica
2161 1993 2175 2030 :
2206 1989 2364 2031 nemo
2396 1985 2447 2029 te
2471 1984 2705 2039 accusat,
2759 1976 2803 2031 si
2828 1976 3054 2045 teipsum
3076 1976 3438 2045 condemnes;

1826 2076 2048 2124 accusat
2066 2079 2266 2138 autem,
2290 2071 2334 2125 si
2359 2079 2409 2125 te
2428 2085 2534 2124 non
2574 2069 2817 2140 judiccs;
2864 2077 3102 2137 accusat,
3132 2070 3177 2124 si
3210 2070 3439 2141 teipsum

1835 2176 1944 2216 non
1981 2176 2193 2231 arguas;
2223 2171 2459 2229 accusat,
2490 2163 2536 2218 si
2565 2178 2671 2217 non
2700 2162 2905 2218 doleas.
2930 2162 3094 2219 Vides
3130 2163 3437 2236 quempiam

1821 2252 2260 2321 .irasci,irritat-i,
2287 2264 2377 2309 aut
2403 2254 2602 2325 aliquid
2640 2255 2783 2311 aliud
2830 2254 3010 2312 facere
3055 2270 3223 2325 grave
3245 2266 3299 2310 et
3349 2256 3436 2312 iu-

1830 2344 2090 2415 dignum?
2110 2345 2288 2400 statim
2314 2355 2369 2401 tu
2389 2346 2562 2417 cogita
2583 2362 2701 2418 qua:
2718 2355 2842 2401 sunt
2861 2357 2968 2414 tua;
2992 2356 3047 2403 et
3068 2347 3139 2401 ita
3162 2361 3265 2403 nec
3282 2347 3433 2403 illum

1838 2434 1997 2492 valde
2017 2436 2404 2493 condemnabis
2422 2480 2437 2503 ,
2463 2446 2564 2492 eta
2591 2445 2932 2508 peccatorum
2960 2453 3128 2495 onere
3153 2446 3205 2493 te
3234 2437 3434 2495 libera-

1836 2530 1941 2587 bis.
1987 2532 2044 2589 Si
2069 2532 2149 2589 sic
2178 2532 2343 2588 vitam
2385 2543 2626 2591 nostram
2654 2550 3050 2609 componamus
3078 2582 3095 2610 ,
3136 2542 3181 2598 si
3210 2557 3329 2599 eam
3361 2545 3447 2601 sic

1834 2638 2228 2692 exerceamus,
2274 2626 2319 2682 si
2348 2627 2599 2698 nosipsos
2643 2630 3093 2700 condemnemus,
3137 2649 3245 2691 non
3272 2637 3441 2693 multa

1838 2714 1976 2771 forte
1996 2726 2217 2800 peccata
2245 2716 2617 2789 admittemus,
2641 2721 2809 2779 multa
2839 2733 3021 2780 autem
3045 2725 3187 2782 bona
3214 2738 3270 2785 et
3302 2745 3441 2800 pra:-

1834 2807 1980 2863 clara
2012 2808 2293 2877 faciemus,
2316 2811 2362 2865 si
2396 2811 2554 2867 mites
2574 2814 2744 2869 simus
2764 2824 2819 2870 et
2842 2816 3096 2888 modesti,
3119 2828 3184 2874 et
3200 2819 3444 2878 fruemur

1832 2900 2084 2957 omnibus
2126 2918 2247 2973 qua:
2277 2913 2404 2958 sunt
2436 2906 2703 2975 promissa
2731 2908 2797 2964 iis
2826 2909 2921 2981 qui
2953 2910 3120 2967 Deum
3151 2912 3425 2984 diligunt:

1833 3008 1953 3062 qua:
1982 2993 2142 3050 detur
2171 2996 2328 3051 nobis
2352 2998 2608 3052 omnibus
2633 3001 2941 3071 consequi,
2987 3004 3159 3073 gratia
3188 3014 3244 3060 et
3283 3006 3442 3062 heni-

1831 3084 2033 3153 gnitate
2078 3086 2289 3142 Domini
2322 3089 2495 3144 nostri
2525 3089 2652 3146 Iesu
2695 3091 2937 3160 Christi,
2986 3110 3108 3150 cum
3140 3111 3249 3168 quo
3282 3096 3433 3153 Patri

1835 3192 1941 3231 una
1974 3193 2095 3233 cum
2128 3190 2319 3236 sancto
2350 3180 2551 3252 Spiritu
2582 3183 2650 3238 sit
2675 3184 2867 3255 gloria,
2898 3186 3208 3257 imperium,
3239 3191 3428 3260 honor,

1833 3285 1972 3323 nunc
2002 3279 2057 3324 et
2085 3285 2320 3341 semper,
2353 3282 2406 3326 et
2439 3273 2490 3326 in
2522 3275 2722 3329 smcula
2753 3278 3101 3334 smculorttm.
3137 3282 3334 3337 Amen.

1753 3367 3444 3405 __________________

1463 3426 1808 3490 IIOMILIA
1853 3432 2066 3494 XXII.

140 3544 250 3599 Car.
298 3548 383 3602 11.
435 3564 491 3600 v.
539 3548 605 3603 5..
644 3543 778 3599 Fide
823 3542 1157 3614 intelligimus
1195 3550 1375 3613 aptata
1405 3555 1511 3594 esse
1541 3538 1733 3593 sterula

201 3641 340 3693 rcrbo
367 3640 489 3706 Dei,
516 3649 569 3693 ut
592 3655 653 3693 ex
678 3636 1011 3692 inuisibilibus
1030 3635 1249 3689 visibilia
1272 3633 1451 3703 ﬁerent
1474 3672 1487 3686 .
1514 3632 1567 3686 «1.
1599 3628 1731 3684 Fide

206 3729 477 3796 plurimam
508 3730 728 3784 hostiam
757 3729 882 3782 Abel
908 3744 1062 3798 quam
1092 3725 1221 3781 Cain
1249 3724 1429 3779 obtulit
1464 3723 1569 3777 Deo
1596 3764 1610 3788 ,
1643 3739 1736 3793 per

207 3836 354 3889 quam
388 3822 744 3892 testimonium
794 3828 1137 3888 consequutus
1162 3827 1233 3871 est
1265 3832 1370 3870 esse
1401 3816 1573 3884 justus
1595 3855 1610 3881 ,
1662 3824 1737 3867 te-

208 3917 501 3971 stimonium
534 3915 830 3987 perhibente
880 3912 1173 3966 muneribus
1203 3911 1315 3981 ejus
1360 3908 1470 3965 Deo
1505 3924 1524 3962 :
1554 3916 1598 3961 et
1642 3922 1734 3979 per

208 4005 344 4060 illam
376 4009 651 4077 defunctus
680 4005 851 4058 adhuc
880 4004 1125 4070 loquitur.

208 4098 252 4151 I.
284 4100 356 4172 (α)
395 4099 554 4154 Fides
576 4113 837 4170 generosa
859 4107 914 4153 et
932 4094 1166 4166 juvenili
1188 4111 1322 4166 Opus
1343 4093 1499 4150 habet
1524 4093 1731 4162 anima,

142 4198 187 4243 ct
230 4208 340 4263 qua:
413 4192 593 4248 omnia
638 4189 1229 4265 exsuperetsensilia,
1275 4196 1330 4242 et
1378 4187 1731 4242 humanarum

144 4286 390 4342 rationum
454 4291 793 4356 pertranseat
856 4281 1297 4359 imbecillitatem.
1388 4268 1529 4335 Fieri
1583 4280 1730 4335 enim

145 4390 232 4432 uon
269 4391 446 4450 potest
490 4389 547 4433 ut
587 4378 744 4433 aliter
773 4377 843 4433 sit
883 4376 1077 4443 ﬁdelis,
1121 4374 1222 4429 nisi
1252 4374 1340 4443 qui
1373 4389 1432 4454 se
1476 4372 1730 4430 extulerit

145 4481 280 4538 supra
317 4488 538 4529 omnem
592 4485 935 4527 communem
965 4469 1432 4524 consuetudinem.
1462 4466 1725 4535 Quoniam

142 4576 249 4633 ergo
293 4574 581 4622 evaserant
619 4565 901 4620 imbecilla:
931 4564 1278 4619 llebracornm
1298 4562 1511 4628 animae,
1536 4572 1588 4619 et
1610 4577 1725 4619 etn-

148 4668 313 4719 |tcrant
347 4658 562 4727 quidem
606 4672 633 4710 a
659 4656 780 4721 fide,
814 4672 844 4711 a
876 4658 1104 4728 negotiis
1160 4666 1361 4722 autem,
1415 4656 1484 4711 ab
1536 4657 1723 4724 animi,

148 4742 364 4817 inquam,
395 4749 887 4820 pet-turbationibus
907 4761 957 4805 et
984 4748 1366 4805 afﬂictionibus
1380 4748 1554 4805 eIchti
1570 4760 1727 4807 erant

145 4842 296 4903 pusilli
338 4852 395 4899 et
452 4842 644 4911 abjecti
711 4842 897 4907 animi,
948 4852 1002 4897 et
1053 4842 1429 4911 labascebant,
1490 4846 1720 4914 primum

146 4932 337 4995 quidem
380 4950 477 4990 eos
504 4934 573 4989 ab
608 4934 739 5004 ipsis
770 4934 1076 4989 consolatus
1104 4945 1258 4991 estet
1296 4936 1637 4996 exhortatus.
1667 4938 1738 4994 di-

144 5032 250 5079 cens
273 5066 290 5093 ,
322 5023 757 5079 Rementoramini
783 5028 1027 5096 pristinos
1056 5031 1163 5086 dies
1194 5048 1214 5087 :
1243 5032 1442 5091 deinde
1471 5051 1501 5091 a
1531 5039 1719 5108 Scrip-

149 5123 270 5183 tura,
299 5132 417 5189 qua:
443 5116 575 5172 dicit
600 5159 615 5182 ,
647 5116 829 5173 Justus
874 5130 1044 5174 autent
1072 5139 1136 5176 ea:
1166 5124 1270 5192 [ide
1309 5127 1437 5182 vivet
1468 5129 1486 5196 (
1517 5128 1716 5187 flabat.

144 5201 188 5257 9..
217 5209 266 5263 1.
293 5210 314 5279 )
344 5227 357 5263 :
390 5208 587 5264 deinde
607 5224 673 5265 ex
703 5211 999 5268 rationibus
1024 5212 1232 5281 dicens,
1260 5215 1356 5272 Est
1384 5230 1553 5274 autem
1585 5222 1714 5290 ﬁdes

146 5311 288 5354 rerum
314 5318 430 5372 quae
474 5311 748 5372 sperantur
776 5304 1063 5365 substantia
1087 5348 1100 5373 ,
1150 5320 1513 5380 argumentum
1543 5329 1714 5367 rerum

148 5404 236 5456 qua
262 5411 361 5449 non
394 5396 645 5449 videntur.
686 5394 837 5451 Nune
863 5390 1041 5453 autem
1074 5415 1262 5457 rursus
1299 5419 1328 5456 a
1382 5404 1678 5473 majoribus
1702 5447 1718 5474 ,

154 5486 332 5558 magnis
358 5487 467 5541 illis
495 5486 623 5541 \iris
653 5498 706 5543 et
736 5488 1141 5546 admirabilibtts
1165 5534 1179 5559 ,
1213 5496 1605 5565 propemodum
1633 5497 1721 5552 di-

154 5592 255 5636 cens
284 5600 296 5635 :
329 5582 390 5638 Si
434 5584 525 5638 ubi
557 5600 667 5654 pra:
700 5586 921 5655 pedibus
965 5598 1093 5643 sunt
1135 5588 1273 5644 bona
1300 5631 1317 5659 ,
1354 5606 1545 5647 omnes
1588 5594 1718 5649 salvi

149 5669 339 5731 luerunt
368 5675 496 5743 fide,
544 5678 716 5734 multo
743 5680 910 5752 magis
934 5697 1052 5737 nos.
1087 5682 1310 5752 Quando
1337 5674 1481 5745 enim
1509 5702 1718 5745 carum-

189 5812 255 5875 (α)
273 5811 465 5865 initium
492 5825 582 5877 pro
605 5824 741 5864 more
767 5814 1003 5865 omittitur
1028 5829 1054 5864 ει
1080 5814 1219 5867 Colb.

1844 3538 1968 3593 dem
2019 3540 2427 3611 perpessionum
2480 3542 2687 3621 socium
2762 3543 3027 3601 invenerit
3094 3544 3312 3615 anima,
3366 3562 3452 3603 re

1847 3632 2078 3702 quiescit
2125 3643 2181 3689 et
2229 3636 2478 3705 respirat.
2530 3635 2641 3692 Hoc
2672 3646 2728 3693 et
2776 3638 2833 3693 in
2859 3638 2967 3694 ﬁde
2996 3638 3128 3694 etin
3158 3638 3452 3697 afﬂictione

1842 3723 1970 3779 licet
2018 3725 2242 3782 videre:
2277 3726 2342 3783 Ut
2404 3729 2508 3794 sit,
2556 3728 2760 3800 inquit,
2815 3731 2955 3785 vobis
3010 3731 3291 3787 consolatio
3362 3752 3452 3804 per

1840 3833 1953 3871 eam
1976 3834 2091 3888 qua:
2118 3826 2188 3873 est
2217 3818 2347 3873 inter
2376 3836 2461 3874 vos
2488 3820 2699 3875 invicem
2747 3820 2903 3890 [idem
2954 3820 2974 3896 (
3000 3821 3149 3878 Rom.
3200 3826 3252 3880 1.
3312 3825 3381 3880 12
3402 3826 3445 3898 ).

1835 3908 1935 3965 Est
2010 3909 2154 3966 enim
2228 3911 2515 3968 admodum
2587 3913 2801 3970 inﬁdele
2875 3930 3047 3987 genus
3114 3916 3447 3984 humanum,

1835 4014 1889 4059 et
1914 4003 2017 4059 sibi
2064 4019 2169 4060 non
2206 4014 2379 4075 potest
2429 4006 2737 4074 confidere,
2786 4017 2842 4064 et
2895 4009 3047 4065 timet
3097 4026 3194 4081 pro
3223 4011 3287 4066 iis
3328 4029 3451 4083 qua:

1833 4094 2057 4166 judicat,
2099 4100 2352 4167 quoniam
2402 4109 2485 4155 est
2535 4116 2726 4171 magna
2770 4101 2820 4158 ei
2862 4116 2991 4157 cura
3036 4102 3107 4159 de
3155 4105 3448 4163 multorum

1837 4187 2112 4257 Opinione.
2144 4183 2286 4252 Quid
2333 4206 2463 4262 ergo
2509 4190 2706 4249 Paulus
2755 4192 2856 4262 (a)!
2911 4192 3018 4254 Eos
3052 4196 3360 4250 consolatur
3395 4210 3453 4254 et

1832 4279 2190 4332 cxhortatura
2210 4274 2469 4346 patribus,
2488 4288 2540 4328 et
2566 4284 2721 4328 antea
2735 4273 2802 4328 ab
2816 4277 2884 4329 iis
2903 4289 3025 4345 quas
3050 4284 3179 4329 sunt
3201 4273 3256 4328 in
3283 4287 3437 4326 com-

1836 4370 1982 4425 muni
2012 4368 2248 4424 notione.
2276 4367 2410 4423 Nam
2446 4368 2700 4439 quoitiam
2734 4368 2866 4423 ﬁdes
2895 4367 3391 4439 reprehendebatur
3416 4409 3434 4433 ,

1836 4471 2106 4531 tamquam
2133 4476 2218 4515 res
2242 4475 2362 4531 quae
2389 4459 2603 4531 probari
2629 4468 2679 4514 et
2709 4458 3075 4515 demonstrari
3090 4474 3202 4515 non
3241 4458 3433 4529 possit,

1838 4563 1894 4607 et
1920 4568 2039 4622 qute
2065 4553 2134 4607 sit
2163 4554 2339 4622 potius
2393 4551 2598 4606 fallacia
2624 4593 2642 4618 ,
2691 4562 2974 4622 propterea
3022 4552 3259 4607 ostendit
3291 4554 3435 4623 quod

1836 4659 1925 4699 res
1969 4644 2216 4699 maximae
2261 4659 2357 4713 per
2404 4643 2562 4700 fidem
2610 4654 2755 4699 recte
2815 4643 2951 4699 ﬁunt
2980 4686 2995 4711 ,
3048 4660 3155 4700 non
3208 4661 3304 4716 per
3351 4662 3437 4701 ra-

1835 4737 2227 4793 tiocinationes.
2258 4737 2325 4793 Et
2349 4736 2631 4809 quomodo
2658 4737 2760 4794 hoc
2785 4740 3040 4805 ostendit,
3072 4739 3157 4795 die
3205 4743 3436 4811 quieso?

1836 4829 1966 4884 Fide
1994 4829 2323 4901 intelligimus
2348 4871 2364 4896 ,
2399 4831 2612 4901 inquit,
2648 4840 2825 4899 aptata
2849 4872 2863 4896 ,
2902 4849 3008 4887 esse
3050 4833 3243 4888 stecula
3288 4835 3437 4889 rerbo

1834 4921 1968 4987 Dei,
2029 4931 2084 4975 ut
2147 4939 2210 4976 ex
2252 4923 2583 4977 inuisibilibus
2628 4923 2847 4978 visibilia
2892 4925 3091 4993 ﬁerent.
3151 4924 3435 4996 Liquidunt

1830 5024 1914 5069 est
1942 5056 1957 5079 ,
2000 5015 2188 5085 inquit,
2228 5014 2368 5085 quod
2417 5032 2484 5072 ex
2534 5015 2599 5071 iis
2639 5032 2759 5087 qua:
2801 5034 2905 5072 non
2949 5029 3074 5073 suttt
3118 5019 3258 5074 Deus
3310 5018 3437 5076 fecit

1833 5123 1895 5161 ca
1915 5124 2032 5177 qua:
2054 5115 2305 5173 sunt;ex
2331 5108 2394 5162 iis
2429 5124 2547 5178 qua:
2565 5125 2671 5163 non
2702 5120 2999 5181 apparent,
3031 5125 3094 5166 ea
3120 5127 3240 5183 qua:
3266 5126 3435 5183 appa-

1834 5210 1983 5263 rent;
2018 5217 2083 5254 ex
2120 5200 2180 5256 iis
2213 5216 2333 5270 qua:
2374 5217 2480 5255 non
2523 5202 2822 5258 consistunt
2860 5218 2921 5258 ea
2955 5220 3073 5274 qua:
3108 5205 3431 5259 consistunt.

1837 5292 2112 5347 L’ttdenam
2142 5310 2271 5348 vero
2323 5294 2490 5363 liquet
2518 5294 2659 5363 quod
2694 5294 2797 5350 boc
2834 5296 2999 5351 verbo
3037 5295 3259 5351 fecerit?
3309 5313 3438 5352 nam

1833 5386 1971 5440 ratio
2042 5386 2257 5457 quidem
2308 5386 2438 5441 nihil
2494 5388 2598 5443 tale
2642 5390 2898 5460 suggerit,
2948 5389 3043 5445 sed
3090 5390 3251 5445 etiam
3306 5405 3435 5446 cono

1834 5489 1929 5534 trat
1948 5480 2055 5534 ium
2085 5480 2227 5551 quod
2260 5497 2327 5535 ex
2354 5482 2738 5550 apparentibus
2768 5483 2874 5538 sint
2902 5496 2967 5537 ea
2998 5499 3117 5552 qua:
3146 5493 3431 5553 apparent.

1834 5576 2122 5647 Propterea
2172 5570 2407 5634 maxime
2438 5577 2749 5648 philosophi
2800 5577 2933 5632 nihil
2984 5593 3106 5634 esse
3135 5577 3321 5634 dicunt
3364 5594 3441 5635 ex.

1880 5746 1953 5807 (τι)
1979 5745 2053 5793 ΑΙ)
2077 5746 2152 5811 his
2170 5746 2341 5811 verbis
2359 5744 2608 5811 homiliam
2637 5743 2960 5811 incipitColb.
2988 5759 3001 5795 :
3027 5754 3079 5796 et
3096 5760 3182 5809 per
3202 5748 3444 5811 paginam

1816 5820 1960 5858 uuam
1984 5810 2142 5858 omnia
2168 5809 2215 5858 lll
2237 5810 2327 5860 isto
2352 5808 2519 5860 codice
2543 5822 2627 5860 sus
2652 5808 2815 5873 deque
2841 5822 2982 5860 versa
3006 5808 3136 5861 sunt.
