4068 6430
650 378 750 439 155

647 487 834 552 nihilo,
870 493 930 542 ut
966 486 1057 558 qui
1085 485 1191 541 sint
1218 482 1497 546 animales,
1527 490 1583 537 et
1611 480 1742 536 nihil
1785 479 2015 534 tribuant
2045 477 2166 535 fidei
2201 496 2214 533 :

645 579 1039 635 convincuntur
1079 584 1254 630 autem
1302 573 1404 644 ipsi
1452 588 1702 644 quoque,
1751 570 1963 642 quando
2014 569 2216 641 aliquid

648 684 897 739 magnum
948 677 1001 723 et
1046 648 1356 738 praeclarum
1399 665 1655 729 dixerint,
1698 662 1749 717 id
1782 662 2016 718 tribuere
2046 660 2215 716 lidei:

647 770 702 814 ιιι
730 761 931 827 dicunt,
978 758 1115 813 Deus
1158 764 1241 811 est
1270 756 1528 825 principio
1574 768 1763 809 carens
1804 761 1858 807 et
1902 752 2168 821 ingenitus
2201 773 2217 803 :

647 851 779 903 ratio
803 848 943 903 enim
990 862 1095 902 non
1129 845 1229 901 hoc
1274 846 1529 916 suggerit,
1568 843 1662 899 sed
1700 842 2046 898 contrarium.
2077 839 2217 897 Con-

644 942 818 999 sidera
846 947 1021 1000 autem
1049 938 1179 999 mihi
1209 938 1429 993 multam
1472 936 1683 993 illorum
1711 935 2010 990 stultitiam.
2046 934 2214 989 Deum

644 1034 822 1089 dicunt
848 1044 969 1087 esse
991 1028 1110 1089 sine
1135 1028 1395 1099 principio
1428 1046 1441 1083 :
1470 1025 1611 1097 quod
1641 1034 1723 1081 est
1745 1025 1901 1097 longe
1926 1024 2217 1082 admirabiv

644 1126 745 1187 [με
773 1138 930 1194 quam
961 1121 1102 1193 quod
1133 1122 1199 1177 sit
1244 1135 1308 1177 ex
1351 1118 1537 1175 nihilo.
1568 1118 1699 1173 Nam
1742 1119 1922 1174 dicere
1963 1118 2107 1189 quod
2146 1118 2217 1172 sit

643 1222 755 1285 sine
784 1219 1063 1293 principio,
1109 1217 1250 1289 quod
1294 1216 1364 1271 sit
1403 1215 1693 1287 ingenitus,
1741 1214 1883 1283 qttod
1927 1227 2101 1284 neque
2146 1227 2214 1269 ex

641 1326 723 1376 se,
755 1325 927 1381 neque
956 1324 1022 1365 ex
1050 1309 1157 1363 alio
1181 1308 1249 1363 sit
1267 1306 1500 1377 genitus,
1524 1313 1607 1361 est
1629 1306 1799 1375 magis
1821 1303 2213 1374 inexplicabile,

642 1417 802 1471 quam
832 1399 1036 1466 dicere,
1066 1398 1206 1470 quod
1236 1397 1377 1454 Deus
1404 1413 1469 1453 ea
1512 1412 1632 1468 qua:
1660 1406 1783 1452 sunt
1825 1394 2013 1452 fecerit
2039 1410 2104 1461 ex
2133 1395 2217 1453 ni-

644 1490 774 1545 hilo.
804 1489 933 1545 Nam
962 1489 1048 1557 hic
1070 1488 1282 1560 quidem
1325 1486 1489 1542 multa
1515 1495 1641 1542 sunt
1667 1484 1962 1552 credibilia,
1993 1493 2050 1539 ut
2075 1483 2217 1555 quod

644 1583 828 1648 fecerit
866 1564 1256 1657 aliquid,'quod
1291 1580 1343 1644 id
1380 1580 1519 1650 quod
1566 1580 1625 1633 lit
1667 1578 1914 1643 habuerit
1960 1577 2167 1632 initium
2200 1615 2215 1638 ,

642 1676 782 1748 quod
811 1676 1028 1731 omnino
1058 1673 1253 1729 factum
1284 1674 1355 1728 sit
1383 1690 1397 1727 :
1428 1672 1537 1727 illic
1580 1681 1757 1727 autem
1790 1672 1925 1737 lucc,
1958 1685 2052 1740 per
2077 1684 2134 1725 se
2162 1677 2218 1725 et

641 1786 734 1833 sua
749 1778 938 1841 sponte
953 1777 1055 1834 est,
1079 1767 1361 1838 ingenitus,
1384 1780 1555 1836 neque
1574 1764 1781 1819 initium
1817 1762 2016 1827 habuit,
2045 1775 2219 1832 neque

643 1874 873 1933 tempus,
902 1862 1037 1927 huic,
1066 1860 1152 1916 die
1173 1858 1323 1926 mihi,
1354 1872 1462 1913 non
1491 1865 1650 1928 egent
1679 1856 1783 1911 fide
1804 1856 1827 1909 ?
1848 1855 1951 1911 Sed
1980 1854 2081 1910 hoc
2110 1868 2217 1910 non

642 1955 819 2026 posuit
847 1954 985 2020 quod
1014 1961 1097 2009 est
1139 1953 1293 2024 longe
1321 1950 1570 2020 amplius,
1600 1949 1696 2006 sed
1739 1949 1882 2020 quod
1914 1948 2107 2011 minus,
2136 1945 2220 2001 di-

640 2055 769 2105 cens
798 2056 814 2094 :
845 2038 979 2095 Fide
1005 2040 1333 2110 intelligimus
1357 2049 1532 2111 aptata
1555 2056 1663 2097 esse
1704 2041 1891 2097 secula
1918 2041 2066 2098 uerbo
2090 2039 2213 2107 Dei.

638 2130 916 2189 Uudenam
929 2131 1265 2201 jam,inquit,
1282 2130 1414 2187 dicis
1430 2130 1568 2201 quod
1598 2131 1737 2191 Deus
1761 2132 2112 2189 verboomnia
2129 2129 2215 2189 fo-

637 2222 810 2278 cerit?
834 2236 954 2285 cum
982 2222 1036 2278 id
1065 2222 1202 2279 ratio
1226 2236 1330 2276 non
1360 2230 1639 2294 suggerat,
1668 2223 1947 2295 nullusque
1984 2223 2216 2281 adfuerit

638 2310 853 2380 quando
905 2312 1043 2379 facta
1088 2321 1233 2373 sum.
1294 2310 1575 2369 Undenam
1615 2316 1861 2370 constat?
1890 2314 2018 2371 Fide
2048 2333 2062 2370 :
2091 2314 2216 2373 ﬁdei

637 2405 781 2458 enim
797 2414 1024 2474 opusest
1053 2404 1561 2475 intelligentia.ldeo
1598 2405 1727 2462 dicit
1757 2406 1924 2462 :Fide
1969 2407 2212 2479 intelligi-

636 2511 764 2547 ums.
785 2494 920 2563 Quid
939 2494 1042 2559 hoc
1064 2495 1246 2564 verbo,
1269 2496 1393 2565 fide,
1421 2496 1810 2569 intelligimus?
1836 2499 1987 2568 Quod
2016 2516 2081 2557 ex
2104 2516 2212 2557 non

636 2586 1012 2653 apparentibus
1041 2586 1175 2643 facta
1202 2598 1326 2649 sunt
1350 2604 1470 2660 qua:
1499 2602 1756 2665 apparent
1787 2610 1802 2648 ε
1830 2593 1932 2648 hoc
1952 2596 2095 2650 enim
2131 2604 2214 2650 est

636 2679 785 2741 fides.
815 2678 945 2739 Cum
972 2692 1146 2744 autem
1164 2682 1386 2741 dixisset
1402 2684 1452 2738 id
1478 2674 1616 2755 quod
1641 2695 1721 2740 est
1742 2701 2043 2751 commune.
2074 2688 2125 2755 id
2144 2688 2212 2747 de

634 2783 832 2827 caitcro
858 2772 1023 2843 agitat
1074 2775 1123 2828 in
1148 2780 1408 2845 personis.
1437 2775 1533 2832 Vir
1558 2778 1700 2834 enim
1732 2778 1960 2852 inclytus
1974 2789 2027 2835 et
2046 2781 2214 2852 gloria

637 2863 857 2934 insignis
895 2873 978 2920 est
1020 2864 1186 2921 instar
1229 2867 1375 2923 orbis
1401 2878 1554 2925 teme
1582 2887 1594 2923 :
1624 2870 1762 2942 quod
1811 2883 1991 2943 postea
2046 2874 2206 2929 etiam

634 2954 1008 3010 subindicavit.
1045 2955 1328 3027 Postquam
1355 2960 1497 3015 enim
1527 2961 1578 3015 in
1608 2972 1819 3018 centum
1846 2974 1939 3020 aut
1971 2965 2212 3021 ducentis

634 3050 878 3115 personis
908 3047 1008 3104 hoc
1030 3065 1095 3104 ex
1118 3049 1347 3115 adverso
1375 3055 1577 3117 statuit,
1609 3054 1801 3111 deinde
1854 3057 1985 3112 vidit
2023 3074 2211 3114 nume-

634 3150 753 3195 rum
775 3138 1067 3208 quantitate
1094 3155 1213 3195 esse
1235 3156 1478 3211 paucam,
1507 3143 1632 3200 dicit
1652 3144 1718 3199 de
1744 3157 1941 3201 cmtero
1970 3165 1984 3203 :
2022 3149 2213 3216 Quibus

634 3229 816 3299 dignm
846 3247 945 3291 non
974 3242 1079 3286 erat
1109 3236 1325 3288 mundus
1351 3234 1530 3303 (Hebr.
1554 3239 1637 3292 11.
1657 3240 1767 3309 58).
1789 3238 1918 3296 Fide
1940 3241 2213 3311 plurimam

634 3323 845 3378 hostium
868 3323 989 3381 Abel
1008 3342 1158 3395 quam
1184 3325 1307 3380 Cain
1332 3328 1509 3384 obtulit
1538 3329 1665 3385 Deo.
1686 3332 1816 3387 Vide
1842 3343 2022 3393 autem
2051 3353 2208 3413 quem

634 3415 860 3482 primum
885 3418 1050 3485 ponit,
1067 3432 1187 3471 cum
1214 3418 1301 3488 qui
1324 3420 1460 3483 male
1479 3430 1560 3475 est
1584 3437 1787 3491 pa.~sus,
1812 3424 1967 3495 idque
1993 3442 2023 3482 a
2048 3427 2209 3485 fratre

632 3505 763 3562 nihil
794 3506 942 3571 l:eso,
972 3507 1066 3564 sed
1094 3509 1184 3563 Dei
1210 3524 1366 3565 causa
1386 3512 1551 3567 livore
1579 3526 1794 3571 vexato.
1821 3516 1961 3586 Ergo
1992 3520 2203 3588 prapria

632 3606 747 3652 erat
777 3598 1008 3666 ipsorum
1039 3601 1233 3670 passio.
1270 3601 1463 3656 Etenim
1483 3620 1569 3657 vos
1586 3621 1779 3677 quoque
1803 3609 1995 3674 eadem,
2019 3611 2209 3685 inquit,

633 3692 769 3757 passi
810 3691 926 3744 estis
951 3707 983 3744 a
1007 3692 1178 3753 vestris
1204 3693 1559 3749 contribulibus
1589 3695 1662 3767 (1.
1688 3696 1863 3767 Thess.
1891 3700 1945 3755 2.
1981 3702 2089 3773 id).
2122 3703 2209 3759 Si-

631 3781 741 3838 mul
763 3782 993 3836 ostendit
1012 3782 1129 3837 illos
1142 3799 1350 3852 quisque
1369 3786 1567 3840 invidia
1584 3799 1634 3842 et
1653 3788 1816 3855 livore
1839 3794 2093 3858 torqueri.
2116 3793 2210 3851 illo

632 3873 796 3927 lieum
827 3874 1123 3938 honoravit,
1148 3886 1201 3930 et
1225 3886 1461 3933 mortuus
1496 3888 1599 3946 est,
1628 3882 1875 3951 quoniam
1906 3884 2207 3955 honoravit,

631 3975 683 4017 et
710 3964 941 4019 nondum
963 3978 1044 4021 est
1071 3978 1385 4039 assequutus
1412 3973 1854 4034 resurrectionem
1878 3993 1892 4043 ;
1924 3980 2016 4034 scd
2040 3984 2209 4038 mani-

633 4056 822 4115 festum
841 4058 1053 4127 quidem
1075 4059 1170 4115 fuit
1193 4073 1492 4133 promptum
1510 4066 1752 4125 etalacre
1766 4070 1881 4143 ejus
1912 4074 2073 4131 animi
2105 4087 2209 4132 stu-

632 4149 776 4201 dium
812 4167 824 4202 :
854 4160 907 4205 et
936 4166 1055 4219 qua:
1097 4152 1260 4220 ipsius
1306 4165 1478 4216 erant.
1502 4157 1638 4212 facta
1681 4170 1836 4227 sunt;
1865 4178 1983 4233 qure
2030 4178 2204 4223 autem

632 4257 701 4295 ex
722 4251 869 4309 parte
888 4243 976 4297 Dei
1000 4255 1148 4308 sunt,
1165 4247 1395 4303 nondum
1412 4259 1532 4306 sunt
1550 4251 1599 4304 in
1616 4267 1739 4307 eum
1756 4255 2211 4316 collata.llostiam

632 4344 808 4387 autem
838 4332 923 4387 hic
946 4335 1071 4391 dicit
1090 4337 1390 4407 plurimam,
1415 4356 1530 4410 qua:
1554 4353 1669 4397 erat
1699 4344 2076 4416 houorabilior,
2095 4367 2211 4420 quae

636 4424 957 4491 prieclarior,
988 4440 1106 4497 qua:
1128 4429 1293 4499 magis
1315 4433 1635 4487 necessaria.
1655 4435 1762 4491 Nec
1793 4452 2096 4509 possumus,
2121 4443 2206 4497 in-

633 4515 765 4583 quit,
796 4516 975 4572 dicere
1003 4520 1142 4586 quod
1176 4537 1277 4575 non
1318 4521 1472 4577 fuerit
1507 4538 1717 4597 accepta
1752 4546 1765 4582 :
1797 4528 1895 4585 fuit
1934 4533 2076 4587 enim
2122 4550 2214 4591 ac-

633 4616 809 4675 cepta.
828 4617 879 4662 et
896 4607 1027 4663 dixit
1042 4611 1106 4664 ad
1125 4611 1276 4678 Cain,
1289 4613 1407 4668 Non
1424 4616 1466 4668 si
1480 4628 1611 4673 recte
1630 4619 1883 4691 obtulerit,
1902 4636 2034 4678 recte
2045 4637 2212 4681 autem

636 4717 735 4753 non
762 4701 988 4755 diviseris
1020 4701 1171 4773 (Gen.
1197 4705 1249 4758 4.
1275 4706 1349 4777 7).
1383 4708 1516 4762 Abel
1538 4725 1663 4780 ergo
1688 4718 1742 4765 ct
1758 4723 1901 4768 recte
1915 4716 2127 4785 obtulit,
2158 4730 2214 4775 et

637 4800 781 4847 recte
793 4791 989 4846 divisit.
1002 4793 1104 4847 Sed
1124 4803 1297 4851 tamen
1316 4812 1412 4865 pro
1430 4798 1510 4854 his
1527 4816 1806 4869 quamnam
1820 4808 2023 4877 accepit
2037 4824 2214 4865 rentu-

638 4886 1018 4939 ncrationem?
1048 4885 1267 4943 Occisus
1313 4888 1409 4943 fuit
1437 4906 1464 4942 a
1499 4906 1655 4946 manu
1686 4892 1866 4949 fratris
1892 4914 1907 4963 ;
1936 4908 1989 4951 et
2012 4901 2213 4957 conde-

642 4983 969 5028 mnationem
1018 4988 1174 5041 quam
1229 4981 1377 5041 pater
1423 4974 1583 5027 subiit
1631 4985 1850 5042 propter
1906 4982 2216 5042 peceatum,

641 5078 760 5117 eam
804 5063 1005 5131 primus
1056 5063 1292 5133 suscepit
1334 5063 1508 5131 quise
1554 5074 1699 5117 recte
1749 5072 2009 5132 gesserat,
2060 5072 2112 5117 et
2158 5077 2225 5118 eo

639 5154 879 5221 graviora
899 5164 982 5209 est
1007 5170 1213 5225 passus.
1233 5155 1372 5227 quod
1394 5164 1487 5209 eta
1518 5154 1677 5210 fratre
1704 5164 1756 5208 et
1784 5155 2003 5224 primus.
2027 5155 2090 5209 Et
2108 5154 2223 5209 hinc

644 5257 789 5302 reete
811 5247 993 5317 gessit,
1023 5244 1089 5300 ad
1115 5248 1316 5301 nullum
1350 5247 1749 5315 respicienszad
1781 5262 1938 5314 quem
1966 5248 2107 5301 enim
2136 5261 2221 5301 re-

644 5338 838 5406 spexit.
859 5348 911 5389 et
933 5338 1010 5391 sic
1036 5338 1198 5399 Deum
1226 5336 1547 5391 honoravit?
1574 5337 1638 5391 ad
1666 5347 1866 5407 patrem
1892 5349 1944 5392 et
1962 5336 2220 5392 matrem?

644 5428 735 5483 Sed
769 5429 840 5481 illi
870 5442 963 5497 pro
986 5427 1255 5482 beneficiis
1281 5444 1400 5485 eum
1435 5428 1726 5483 aliccerunt
1773 5429 2114 5483 contumelia.
2154 5432 2223 5483 At

644 5519 709 5572 ad
742 5516 997 5572 fratrem?
1026 5520 1119 5571 sed
1150 5518 1263 5587 ipse
1306 5535 1513 5587 quoque
1544 5536 1663 5573 eum
1709 5520 1882 5574 alTecit
1914 5520 2221 5589 ignominia.

646 5616 686 5664 A
722 5624 779 5662 se
810 5611 986 5678 itaque
1031 5610 1226 5675 bonum
1278 5609 1568 5663 adinvenit.
1602 5611 1665 5665 Et
1706 5612 1794 5679 qui
1845 5622 1991 5663 tanto
2021 5611 2225 5666 honore

646 5712 764 5757 erat
797 5704 1007 5773 dignus,
1038 5702 1160 5772 qttid
1188 5703 1424 5779 patitor?
1458 5702 1799 5757 interimitur.
1838 5702 2036 5757 Deinde
2067 5703 2222 5757 aliam

649 5797 795 5867 [uiuit
825 5795 1053 5861 laudem,
1089 5795 1271 5849 dicens
1307 5816 1312 5847 τ
1353 5793 1447 5849 Ι⁵εν
1479 5812 1631 5865 quam
1686 5796 2017 5850 testimonium
2046 5809 2225 5848 cousi‘~

1397 377 1452 433 8.
1478 372 1752 437 ιυΑριΝιε
1789 361 2249 427 CllﬂYSOSTOSil
2286 358 2596 416 ARCllliiP.
2636 355 3163 414 CONSTANTINOP.

3830 350 3980 410 156

2322 486 2507 547 qualus
2547 486 2623 532 est
2666 493 2773 531 esse
2805 478 3001 548 justus,
3048 477 3388 534 testimonium
3434 479 3728 548 perhibente
3774 482 3987 535 donis

2323 571 2433 636 eius
2454 567 2595 634 Deo;
2622 577 2669 622 et
2696 584 2787 638 per
2823 568 2968 621 illaut
2994 567 3267 639 defunctus
3305 569 3472 623 adhuc
3501 570 3746 637 loquitur.
3778 571 3965 640 Qun-

2322 660 2484 717 modo
2508 668 2685 716 autem
2716 658 2874 715 aliter
2896 674 3108 731 quoque
3134 661 3345 732 accepit
3374 662 3741 717 testimonium
3778 665 3980 733 quod

2318 755 2391 808 sit
2409 753 2586 823 justus
2609 752 2864 809 i-Dicitur
2888 752 3028 821 ignis
3049 752 3399 811 descendisse
3425 767 3478 810 et
3507 757 3981 827 consumpsisse

2318 846 2436 916 ejus
2464 845 2669 901 hostias
2698 863 2713 901 :
2746 860 2869 901 nam
2902 860 2997 915 pro
3026 845 3137 911 illo,
3173 846 3253 900 Αιι
3281 848 3485 903 Αὸειιιιι
3511 849 3734 919 αερατίι,
3768 860 3836 904 et
3870 852 3969 902 ad

2316 938 2430 1007 ejus
2455 937 2711 1005 sacriﬁcia
2738 935 2988 992 Dominus
3009 953 3028 991 :
3056 937 3190 993 dixit
3215 939 3455 1009 qttidant,
3486 939 3550 994 Et
3572 941 3813 995 incendit
3833 942 3974 1012 (α).

2315 1030 2414 1097 Qui
2461 1045 2589 1100 ergo
2619 1027 2800 1085 verbis
2847 1040 2902 1086 et
2947 1029 3104 1085 factis
3142 1031 3292 1096 justo
3338 1032 3457 1085 tulit
3501 1035 3913 1089 testimonium
3948 1076 3969 1099 ,

2318 1118 2506 1174 videns
2534 1134 2654 1174 eum
2686 1128 2905 1191 propter
2934 1124 3109 1189 ipsum
3153 1120 3223 1177 de
3252 1122 3430 1176 medio
3476 1124 3774 1191 sublatum,
3823 1141 3971 1179 non

2314 1224 2439 1266 eum
2466 1209 2774 1279 vindicavit,
2799 1208 2893 1266 sed
2920 1210 3063 1266 sivit.

2383 1302 2436 1357 ‘3.
2474 1303 2656 1357 \‘estra
2680 1310 2858 1357 autem
2876 1317 2980 1357 non
3002 1302 3072 1356 ita
3095 1316 3156 1357 se
3176 1302 3375 1357 habent
3405 1320 3419 1357 :
3448 1303 3721 1375 quomodo
3743 1306 3963 1371 enim,

2314 1394 2402 1464 qui
2430 1400 2488 1449 et
2512 1392 2800 1464 prOphetas
2822 1392 3035 1449 habetis
3060 1404 3113 1449 et
3135 1394 3383 1465 exempla
3408 1406 3461 1450 et
3488 1396 3965 1454 innumerabiles

2312 1483 2706 1541 consolationes
2734 1492 2787 1540 et
2814 1486 2965 1556 signa
3008 1493 3063 1541 et
3113 1482 3253 1540 facta
3306 1487 3608 1542 miracula?
3635 1488 3965 1556 Quamob-

2313 1593 2428 1634 rem
2450 1586 2568 1635 erat
2603 1576 2735 1632 illud
2764 1593 2889 1633 vere
2918 1577 3072 1635 ﬁdes.
3104 1578 3361 1647 Qumnam
3393 1581 3537 1635 enim
3583 1581 3717 1637 vidit
3747 1584 3961 1639 mira-

2312 1669 2458 1736 cula,‘
2480 1677 2537 1725 ut
2562 1668 2809 1727 crederet
2833 1668 2933 1725 sibi
2956 1668 3189 1739 futuram
3220 1671 3482 1741 bonorum
3515 1676 3957 1731 remunemtioo

2309 1762 2473 1815 nem?
2497 1774 2675 1816 annon
2716 1774 2785 1815 ex
2830 1760 2941 1815 sola
2975 1760 3081 1817 lida
3128 1761 3291 1832 eleg't
3320 1763 3609 1818 virtutem?
3638 1766 3779 1832 Quid
3841 1779 3959 1823 est

2308 1852 2460 1920 illud,
2491 1852 2556 1906 Et
2586 1868 2675 1915 per
2702 1852 2850 1904 illam
2876 1851 3148 1907 defunctus
3176 1853 3345 1911 adhuc
3366 1854 3629 1921 loquitur?
3652 1857 3731 1913 Ne
3764 1858 3956 1931 ipsos

2308 1946 2363 2002 in
2392 1946 2612 2000 multam
2656 1944 2899 2016 injiceret
2925 1950 3381 2016 desperationem,
3428 1952 3661 2004 uatendit
3687 1964 3823 2004 eum
3861 1968 3947 2006 cx

2305 2048 2456 2112 parte
2476 2038 2751 2109 accepisse
2779 2040 3294 2107 compensationem.
3326 2038 3651 2109 Quomodo?
3679 2043 3934 2114 Magna,

2306 2130 2496 2202 inquit,
2523 2130 2640 2201 ejus
2688 2128 2918 2193 habetur
2960 2128 3086 2184 cura
3115 2142 3171 2185 et
3196 2131 3558 2188 co:isider.ttio
3584 2151 3598 2185 :
3623 2132 3729 2190 hoc
3759 2138 3940 2191 enim

2309 2202 2667 2283 subindicavit
2693 2220 2901 2288 dicens,
2932 2218 2999 2276 Et
3026 2220 3196 2277 adhuc
3224 2220 3467 2293 loquitur.
3498 2223 3610 2279 Hoc
3635 2235 3745 2291 est,
3778 2240 3937 2282 erm

2303 2316 2545 2384 sustulit,
2576 2314 2673 2372 sed
2703 2328 2812 2371 non
2853 2329 2975 2370 cum
3014 2329 3082 2371 eo
3120 2316 3339 2371 sustulit
3384 2316 3611 2387 gloriam
3642 2330 3695 2374 et
3724 2319 3939 2377 bona-

2321 2423 2434 2464 rem
2462 2426 2477 2462 :
2503 2421 2608 2463 non
2635 2415 2715 2477 est
2746 2406 2833 2479 ille
2857 2416 3102 2464 mortuus
3133 2425 3148 2464 :
3178 2423 3277 2464 nec
3304 2425 3399 2467 vos
3425 2426 3554 2481 ergo
3575 2413 3935 2469 moriemini.

2310 2490 2518 2554 Quanto
2543 2490 2686 2545 enim
2712 2489 2958 2559 graviora
2990 2492 3110 2561 quis
3142 2505 3330 2560 passus
3364 2491 3544 2555 fuerit,
3578 2505 3645 2545 eo
3669 2498 3758 2546 est
3789 2506 3934 2544 ma-

2305 2578 2388 2649 jor
2410 2580 2527 2650 ejus
2540 2578 2727 2652 gloria.
2754 2580 3033 2651 Quomodo
3043 2582 3219 2638 adhuc
3245 2582 3515 2654 loquitur?
3530 2583 3640 2639 Hoc
3661 2593 3745 2638 est
3762 2594 3826 2637 et
3851 2584 3933 2638 si-

2305 2686 2467 2744 gnum
2489 2660 2786 2743 vivendi,et
2805 2674 2945 2746 quod
2967 2677 3033 2731 ab
3053 2675 3302 2733 omnibus
3327 2685 3570 2742 canatur,
3589 2676 3642 2730 in
3664 2675 3926 2731 admira-

2310 2762 2451 2823 tione
2487 2765 2744 2822 habeatur
2792 2776 2848 2823 et
2886 2766 3073 2822 beatus
3113 2777 3429 2856 censeatur;
3457 2768 3545 2838 qui
3589 2766 3735 2823 enim
3783 2767 3931 2821 aliis

2308 2855 2493 2911 suadet
2511 2866 2568 2912 ut
2587 2857 2695 2912 sint
2712 2858 2862 2928 justi,
2892 2856 3146 2929 loquitur.
3180 2857 3295 2913 Νοιι
3340 2855 3542 2912 tantum
3563 2859 3704 2913 enim
3735 2858 3932 2913 efticit

2306 2946 2498 3013 oratio,
2526 2958 2779 3017 quantum
2800 2948 2941 3003 illius
2995 2948 3289 3019 perpessio.
3337 2948 3482 3003 Sicut
3524 2950 3665 3003 enim
3709 2948 3925 3001 ca'lum

2313 3038 2683 3093 tantummodo
2711 3053 2973 3109 apparens
3032 3040 3285 3109 loquitur,
3325 3040 3392 3093 ita
3424 3039 3585 3093 etiam
3624 3039 3734 3106 illo,
3775 3038 3928 3095 dum

2310 3124 2536 3184 habetur
2576 3129 2629 3184 in
2686 3130 2964 3185 memoria.
3004 3128 3120 3185 Non
3159 3130 3206 3185 si
3245 3136 3480 3200 seipsum
3538 3130 3926 3200 pra-dicasset.

2311 3234 2418 3281 non
2444 3220 2489 3275 si
2520 3220 2665 3276 mille
2708 3220 2915 3292 linguas
2941 3220 3233 3285 habuisset,
3266 3232 3322 3278 et
3371 3223 3617 3286 vixisset,
3652 3222 3703 3277 in
3757 3233 3922 3277 ιειιιιει

2312 3311 2520 3378 fuisset,
2568 3324 2626 3367 ut
2656 3329 2797 3368 nunc
2822 3324 2927 3378 est,
2957 3314 3332 3371 admiratione.
3364 3316 3476 3371 [loc
3520 3325 3623 3381 est,
3655 3315 3771 3372 iure
3801 3334 3925 3371 non

2312 3406 2445 3473 iiunt
2495 3406 2711 3476 impune
2752 3422 2852 3462 nec
2896 3417 3121 3473 temere,
3155 3423 3255 3463 nec
3300 3417 3650 3479 przetereunt.
3683 3409 3738 3464 5.
3776 3408 3927 3462 Fide

2313 3497 2489 3553 Euoclt
2516 3500 2794 3554 translatus
2820 3510 2893 3554 est
2918 3543 2932 3565 ,
2979 3518 3043 3555 ue
3068 3501 3256 3555 videret
3295 3513 3504 3557 mortem
3526 3517 3547 3566 ;
3575 3512 3621 3555 et
3646 3520 3748 3556 non
3780 3504 3927 3556 inve-

2313 3590 2561 3657 niebatur,
2592 3593 2712 3663 quia
2738 3592 2852 3645 tulit
2880 3593 3025 3645 illum
3064 3592 3313 3647 Dominus
3348 3609 3365 3646 :
3392 3609 3510 3645 nam
3542 3603 3661 3647 ante
3688 3595 3922 3646 translao

2314 3684 2498 3749 tionem
2534 3685 2870 3737 testimonium
2900 3684 3044 3738 liabet
3072 3686 3208 3755 quod
3250 3685 3498 3754 placuerit
3528 3683 3659 3737 Deo.
3692 3684 3747 3739 6.
3784 3684 3925 3739 Sine

2314 3774 2418 3844 ﬁde
2454 3786 2621 3839 autem
2654 3775 2964 3841 impossibile
3007 3786 3078 3829 est
3110 3776 3311 3846 placere
3344 3775 3450 3830 Deo
3481 3792 3498 3830 :
3527 3776 3733 3830 credere
3774 3778 3922 3830 estin;

2315 3876 2509 3935 oportet
2539 3866 2854 3920 accedentem
2880 3866 2948 3919 ad
2980 3866 3139 3921 Deum
3164 3868 3285 3936 quia
3326 3877 3415 3929 est,
3450 3878 3496 3921 ct
3540 3869 3926 3936 inquirentibus

2314 3974 2366 4011 se
2395 3968 2739 4011 rcmunerator
2770 3959 2844 4027 lit.
2885 3958 2978 4011 llic
3006 3958 3261 4028 majorem
3292 3958 3527 4013 ostendit
3559 3958 3718 4014 ﬁdem
3749 3974 3922 4028 quam

2317 4047 2472 4102 Abel.
2502 4047 2716 4115 Quare?
2767 4047 3031 4115 Quoniam
3078 4048 3289 4105 etiamsi
3331 4058 3451 4118 post
3501 4048 3653 4103 illum
3699 4047 3874 4103 fuerit
3906 4088 3925 4111 ,

2319 4148 2493 4192 tamen
2525 4156 2643 4208 qua:
2668 4139 2719 4193 in
2758 4139 2850 4192 illo
2876 4137 3012 4193 facta
3048 4139 3259 4193 fuerant
3308 4139 3647 4194 Sufﬁciebaut
3690 4141 3757 4194 ad
3788 4156 3921 4193 eum

2317 4229 2685 4283 avertendum.
2711 4230 2990 4298 Quomodo
3012 4230 3035 4283 ?
3066 4230 3417 4285 Priesciverat
3441 4230 3579 4285 Deus
3601 4229 3746 4301 quod
3767 4242 3925 4287 esset

2319 4322 2582 4390 periturus
2615 4338 2627 4372 :
2661 4320 2793 4375 dixit
2821 4320 2964 4374 enim
2992 4320 3056 4375 ad
3096 4319 3226 4376 Cain
3260 4337 3275 4375 :
3312 4319 3563 4386 Peccasli,
3594 4338 3657 4375 ne
3689 4323 3924 4391 amplius

2318 4412 2587 4482 adjeceris.
2619 4413 2701 4468 Ab
2732 4413 2847 4481 ipso
2878 4413 2973 4466 fuit
3001 4412 3312 4479 honoratus,
3353 4425 3409 4470 et
3452 4414 3623 4483 ipsum
3672 4429 3783 4468 non
3835 4426 3924 4471 est

2320 4502 2479 4555 ultus.
2512 4502 2579 4556 Et
2604 4517 2701 4556 nec
2728 4503 2829 4567 hoc
2858 4518 2977 4557 eum
3017 4503 3197 4572 ἱιι]‹·οἰι
3224 4505 3275 4557 in
3303 4505 3530 4575 aliquam
3558 4506 3724 4561 animi
3752 4509 3920 4577 :rgrio

2320 4595 2571 4647 tudinem.
2594 4593 2707 4647 Non
2733 4593 2865 4648 dixit
2890 4593 3028 4669 apud
3059 4610 3139 4659 se,
3172 4596 3302 4662 Quis
3371 4610 3499 4651 usus
3549 4608 3635 4652 est
3668 4596 3921 4654 laborum

2319 4693 2371 4739 et
2399 4685 2793 4753 periculorum?
2820 4686 2954 4739 Abel
2971 4685 3134 4739 Deum
3155 4685 3455 4752 honoravit,
3480 4699 3530 4741 et
3558 4688 3605 4742 ei
3632 4702 3787 4758 opem
3812 4708 3921 4744 nun

2322 4776 2534 4831 tulit.Ei
2564 4778 2706 4831 enim
2731 4777 2817 4846 qui
2838 4788 3165 4844 excesserat,
3196 4778 3321 4847 quid
3354 4778 3552 4847 profttit
3581 4780 3919 4849 supplicium

2320 4883 2425 4937 quo
2447 4867 2726 4923 damnatus
2755 4866 3062 4922 fuitfrater?
3091 4868 3359 4937 quomodo
3385 4878 3561 4923 autem
3593 4870 3707 4925 lieni
3741 4882 3923 4942 pote.~t

2321 4971 2377 5013 ut
2407 4961 2517 5023 ipse
2556 4962 2677 5016 unde
2720 4961 2949 5032 aliquam
2996 4962 3257 5033 acceperit
3305 4962 3921 5021 utilitatem?Ponamus

2320 5068 2441 5107 eum
2460 5068 2647 5122 graves
2661 5053 2873 5107 dedisse
2892 5068 3075 5122 poanas
3097 5073 3107 5105 :
3125 5052 3261 5121 Quid
3280 5053 3345 5107 ad
3367 5068 3489 5109 cum
3513 5056 3598 5123 qui
3619 5065 3700 5111 est
3722 5056 3788 5111 de
3812 5075 3923 5112 nie-

2324 5147 2411 5198 dio
2438 5144 2716 5199 sublatus?
2744 5145 2883 5199 Niltil
2920 5146 3025 5201 tale
3057 5162 3155 5200 nec
3179 5147 3334 5211 dixit,
3380 5162 3477 5200 nec
3518 5149 3790 5217 cogitavit.
3825 5150 3917 5204 Sui

2327 5239 2409 5291 his
2437 5240 2686 5301 omnibus
2726 5239 3097 5308 praetermissis
3127 5238 3376 5309 Cognovit
3406 5238 3547 5307 quod
3578 5240 3724 5295 siest
3756 5241 3917 5303 Deus,

2332 5347 2479 5400 ιιιιιιο
2494 5342 2569 5383 est
2586 5335 2742 5385 etiam
2762 5340 3132 5386 remuneratur
3151 5349 3162 5382 :
3182 5346 3502 5401 quamquam
3520 5330 3756 5385 nondum
3776 5338 3920 5401 quiu-

2329 5439 2360 5491 p
2382 5438 2465 5475 am
2490 5423 2813 5477 sciebantde
2844 5422 3255 5481 resurrectione.
3288 5425 3535 5479 Siautem
3561 5423 3628 5477 de
3678 5440 3920 5483 resurre-

2395 5534 2468 5597 (u)
2486 5532 2722 5583 Hebralea
2744 5530 2891 5579 verba
2923 5538 3035 5579 sunt
3056 5536 3172 5589 Πτν
3188 5535 3319 5589 πη
3339 5532 3419 5579 ubi
3439 5530 3743 5581 Theodotiou
3769 5540 3929 5593 vertit,

2333 5618 2394 5657 n1
2416 5618 2614 5667 ικπὺςκᾳιν
2638 5613 2657 5651 ι
2689 5613 2798 5667 ινδςὶ
2828 5609 2873 5651 ct
2890 5601 3101 5667 incendit
3144 5608 3297 5660 Deus,
3335 5610 3387 5667 ut
3418 5601 3588 5649 videas
3616 5603 3673 5667 in
3700 5602 3929 5667 ile-sapt:

2333 5662 2532 5724 nostris,
2554 5665 2678 5713 Gen.
2700 5666 2747 5720 t,
2775 5663 2830 5721 ~i;
2860 5671 2910 5713 et
2930 5664 3237 5712 conﬁrmatur
3264 5678 3323 5711 ex
3347 5662 3626 5723 Hieronvmi
3655 5662 3928 5715 tirsximonw

2332 5727 2530 5779 ibidem.
2573 5726 2722 5786 Syrus
2759 5734 2921 5776 autem
2964 5732 3110 5776 vertit
3150 5734 3427 5785 uis-15mm
3453 5737 3469 5775 ε
3498 5738 3599 5785 ιιάκ,
3649 5735 3695 5778 et
3734 5729 3925 5781 lib‘cmrr

2334 5798 2519 5843 t'l't't‘tili
2550 5797 2690 5839 [διεδ.
