4068 6404
176 401 259 461 157

168 514 313 566 ιιζο.ιο
338 510 467 564 nihil
498 510 693 566 adhuc
716 511 952 567 sciebam
974 518 1029 565 et
1064 510 1150 565 hic
1178 507 1432 565 videbant
1454 509 1748 584 contraria,

173 606 236 659 sic
259 603 361 659 Deo
391 603 776 673 placuerunt:
812 613 1013 674 quanto
1036 601 1206 673 magis
1232 599 1370 656 nos?
1401 616 1574 668 neque
1602 600 1746 653 enim

173 698 232 751 illi
256 694 495 752 sciebant
541 692 622 752 de
672 690 1114 754 resurrectione,
1170 704 1347 760 neque
1393 686 1461 742 ad
1513 685 1761 756 exempla

172 795 389 859 {merant
423 786 740 857 respicere.
765 782 877 839 lloc
894 781 1112 852 quidem
1140 782 1315 851 ipsum
1349 777 1477 835 fecit
1503 794 1624 834 eum
1650 777 1764 849 pla-

172 896 305 947 cere,
337 878 484 947 quod
520 876 672 931 nihil
704 874 975 945 receperit
996 915 1012 937 .
1044 873 1140 929 Dic
1169 872 1304 927 mihi
1334 889 1348 925 :
1381 871 1591 927 sciebat
1615 866 1759 940 quod

172 971 288 1027 Deus
335 976 487 1025 esset
554 974 966 1022 remunerator.
1036 962 1357 1021 Uudenam?
1411 961 1565 1018 Abeli
1615 950 1760 1016 enim

170 1064 379 1119 nondum
452 1059 807 1117 reddiderat.
866 1054 1229 1127 Quamobrem
1282 1056 1387 1111 alia
1441 1054 1758 1125 suggerebat

169 1158 317 1222 ratio,
373 1154 516 1211 tldes
562 1162 758 1209 antem
810 1150 1083 1208 contraria
1140 1149 1206 1204 iis
1251 1164 1372 1218 qua:
1417 1146 1759 1203 videbantur.

170 1247 262 1304 Etsi
294 1262 423 1319 ergo
447 1262 551 1301 vos
578 1287 596 1312 ,
632 1244 825 1313 inquit,
852 1242 1076 1299 videatis
1102 1255 1198 1296 vos
1224 1241 1311 1295 ltic
1341 1239 1471 1294 nihil
1496 1240 1758 1309 recipere,

168 1355 223 1395 ne
248 1336 667 1409 perturbemini.
694 1333 976 1404 Quomodo
996 1333 1101 1389 (ide
1126 1331 1419 1387 translatus
1435 1327 1763 1386 fuitEnoelii

166 1431 402 1499 Quoniam
444 1428 827 1484 translationis
850 1440 1009 1482 causa
1038 1424 1141 1480 fuit
1165 1424 1325 1497 quod.
1347 1424 1457 1481 Deo
1480 1424 1758 1496 placuerit.

167 1522 286 1593 quod
308 1531 489 1577 autem
537 1518 944 1590 Duplacucrit
966 1558 982 1581 ,
1028 1530 1190 1573 causa
1226 1515 1329 1571 fuit
1362 1514 1517 1573 fides.
1549 1515 1683 1572 Nam
1713 1516 1761 1572 si

167 1615 457 1671 nescivisset
485 1612 645 1685 quod
687 1594 1010 1682 accepturus
1047 1620 1194 1667 esset
1224 1610 1719 1665 remunerationem
1741 1650 1759 1675 ,

166 1709 413 1781 quomodo
447 1709 568 1763 Deo
593 1706 933 1778 placuisset?
962 1704 1091 1761 Sine
1120 1705 1222 1773 ﬁde
1246 1714 1417 1759 autem
1446 1704 1761 1771 impossibile

166 1814 224 1855 at
250 1805 444 1871 placere
484 1800 627 1855 Deo.
674 1797 996 1868 Quomodo?
1040 1795 1095 1853 Si
1121 1799 1263 1853 enim
1304 1796 1595 1853 crediderit
1615 1797 1763 1868 quis-

168 1898 285 1964 piam
311 1910 433 1951 esse
463 1894 647 1951 Deum
675 1900 732 1949 et
758 1892 1277 1956 remunerationem,
1340 1891 1426 1946 hic
1452 1890 1758 1947 mercedem

166 1985 391 2057 incipiet,
418 1986 569 2041 llinc
602 1985 791 2041 evenit
838 1992 895 2038 nt
927 1983 1037 2038 Deo
1067 1982 1354 2053 placuerit.
1384 1980 1602 2037 Credere
1624 1974 1760 2037 enim

166 2086 337 2147 Oportet
360 2078 704 2132 accedentem
738 2074 809 2130 ad
850 2074 1013 2129 Deum
1036 2074 1173 2146 quod
1201 2085 1274 2130 est
1293 2116 1309 2141 ,
1372 2090 1480 2130 non
1507 2075 1635 2147 quid
1664 2077 1755 2131 sit.

165 2172 253 2227 Sed
274 2174 337 2239 si,
369 2172 437 2227 ad
470 2170 819 2228 credendum
837 2170 976 2241 quod
994 2170 1085 2237 sit,
1103 2184 1238 2242 opus
1258 2170 1329 2226 sit
1349 2171 1450 2226 fide
1467 2180 1645 2228 etnon
1669 2186 1757 2228 ra-

166 2266 405 2332 tionibus;
452 2281 526 2321 an
568 2263 700 2336 quid
726 2264 797 2319 sit
823 2264 1030 2319 ratione
1050 2263 1432 2334 comprehendi
1452 2274 1628 2335 potest
1647 2266 1670 2320 f
1689 2264 1760 2332 si,

167 2359 289 2427 quod
305 2360 372 2414 sit
392 2365 799 2422 rennmerator,
826 2355 928 2413 fide
946 2372 1081 2428 opus
1102 2356 1284 2424 habet,
1325 2367 1379 2413 et
1406 2374 1513 2414 non
1549 2359 1763 2415 rationi-

170 2453 251 2507 bus
268 2472 281 2507 :
298 2454 577 2525 quomodo
594 2468 717 2525 qua
734 2452 1116 2508 suntessentitn
1134 2451 1517 2522 comprehendi
1537 2462 1763 2524 possunt

171 2548 562 2604 ratiocinatione
583 2548 609 2600 ἲ
658 2561 909 2619 quasnam
934 2546 1077 2601 enim
1106 2546 1450 2601 ratiocinatio
1478 2562 1541 2603 ea
1587 2557 1762 2618 potest

170 2641 410 2713 assequi?
459 2640 689 2712 quidam
748 2639 892 2695 enim
950 2639 1138 2694 dicunt
1182 2654 1310 2694 casn
1374 2641 1499 2696 ferri
1550 2641 1755 2696 omnia.

172 2728 313 2787 Vides
340 2732 486 2803 quod
515 2732 564 2787 si
593 2732 648 2786 in
679 2730 933 2786 omnibus
965 2746 1071 2784 non
1102 2730 1412 2797 credamus,
1447 2746 1553 2785 non
1584 2732 1758 2787 solum

174 2822 215 2873 in
263 2804 740 2887 remuneratione,
816 2820 913 2877 sed
961 2822 1122 2877 etiam
1166 2821 1219 2875 in
1278 2821 1381 2877 hoc
1433 2823 1550 2892 ipso
1613 2822 1759 2894 quod

174 2914 231 2969 sit
278 2915 451 2978 Deus.
522 2924 757 2986 pereunt
858 2914 1014 2969 nobis
1073 2915 1295 2969 omnia?
1365 2915 1519 2970 Multi
1582 2928 1761 2971 autem

173 3018 394 3075 ιιιιιιτιιιιι
415 3008 701 3082 quomodo
729 3007 1021 3062 translatus
1047 3007 1115 3061 sit
1140 3006 1349 3072 Enoclt,
1383 3016 1438 3062 et
1457 3022 1553 3061 cur
1576 3016 1757 3061 trans-

176 3098 323 3165 latus.
369 3114 425 3158 et
452 3117 562 3158 cur
607 3115 713 3155 non
760 3106 1005 3154 mortuus
1057 3098 1127 3154 sit
1172 3113 1347 3169 neque
1381 3096 1544 3167 ipse,
1589 3113 1764 3170 neque

176 3190 418 3258 Elias;et
464 3193 519 3250 si
559 3193 735 3249 adhuc
791 3192 1013 3259 vivunt,
1058 3189 1332 3263 quomodo
1374 3190 1590 3257 vivant,
1621 3189 1758 3245 etin

178 3294 267 3345 quo
285 3280 491 3337 habitu.
515 3279 624 3337 Sed
644 3281 866 3347 omnino
890 3292 1350 3349 supervacaneum
1373 3284 1455 3330 est
1478 3276 1593 3329 haec
1619 3287 1766 3343 qum-

179 3384 300 3427 rere.
338 3372 474 3429 Nam
528 3376 672 3444 quod
726 3372 817 3427 ille
863 3369 1116 3442 quidem,
1168 3384 1365 3441 nempe
1413 3365 1603 3422 Enoch
1632 3405 1646 3430 ,
1694 3363 1765 3418 sit

182 3464 447 3521 translatus
478 3484 499 3531 ;
555 3465 641 3521 hic
678 3480 842 3530 vero,
884 3480 1078 3533 nempe
1101 3462 1248 3518 Elias
1267 3504 1282 3526 ,
1309 3461 1381 3517 sit
1410 3465 1723 3527 assumptus
1749 3495 1764 3519 ,

183 3552 415 3614 dixerunt
465 3556 771 3626 Scriptura:
804 3557 937 3613 :ubi
980 3566 1159 3611 autem
1202 3556 1350 3622 sint,
1409 3561 1464 3609 et
1493 3550 1769 3621 quomodo

183 3647 294 3714 Sint.
321 3667 423 3708 non
445 3652 636 3707 itidem
664 3650 980 3726 adjecerunt
1001 3667 1015 3703 :
1036 3664 1143 3703 non
1161 3647 1391 3717 amplius
1417 3644 1561 3700 enim
1582 3642 1772 3696 dicunt

185 3754 322 3808 quam
347 3761 472 3815 quae
500 3754 625 3799 sunt
653 3743 977 3799 necessaria.
1002 3740 1135 3797 Nam
1161 3740 1275 3795 lure
1300 3737 1515 3809 quidem
1539 3733 1770 3789 transla-

186 3829 249 3884 tio
286 3832 415 3890 facta
449 3834 554 3890 fuit
600 3835 782 3890 statim
817 3834 886 3887 ab
919 3831 1178 3897 exordio;
1226 3839 1286 3885 ut
1316 3831 1546 3883 humana
1578 3835 1766 3880 natura

189 3937 319 3991 spem
368 3928 686 3997 acciperet,
735 3924 879 3996 quod
933 3933 988 3980 et
1037 3938 1187 3980 mors
1234 3922 1657 3980 dissolveretur,
1717 3926 1775 3971 et

188 4014 361 4074 diaboli
438 4019 686 4090 tyrannis
743 4017 1019 4073 deleretur
1064 4031 1079 4069 :
1122 4013 1301 4087 quod,
1353 4014 1569 4083 inquam
1624 4025 1773 4065 mors

192 4105 564 4166 dissolveretur
616 4126 631 4163 :
699 4107 993 4163 translatus
1069 4106 1213 4161 enim
1282 4104 1380 4158 fuit
1448 4119 1556 4159 non
1622 4116 1775 4161 tuor-

194 4203 325 4266 tuus,
380 4198 487 4255 sed
533 4213 601 4253 ne
656 4199 865 4253 videret
908 4205 1158 4252 mortem.
1204 4195 1491 4265 Propterea
1528 4192 1774 4259 addidit,

194 4283 337 4345 Vivus
398 4297 492 4346 est
571 4289 917 4351 translatus,,
963 4288 1085 4357 quia
1161 4285 1367 4356 placuit
1420 4285 1553 4339 Deo.
1625 4285 1779 4339 Sicut

198 4384 320 4438 enim
349 4394 511 4456 pater
539 4383 804 4454 quispiam
833 4382 1068 4435 tninatns
1092 4378 1202 4434 filio
1227 4420 1242 4445 ,
1284 4386 1400 4432 vult
1422 4378 1639 4449 quidem
1665 4387 1779 4456 sta-

198 4473 277 4529 tim
302 4453 481 4531 minas
509 4453 794 4530 retnittere
816 4515 833 4538 ,
864 4472 1078 4544 quando
1107 4472 1269 4527 fuerit
1296 4472 1565 4547 minatus;
1611 4453 1778 4525 stlsli:

197 4578 273 4622 net
316 4581 499 4625 autem
557 4578 611 4624 et
650 4578 963 4623 constanter
1015 4566 1292 4637 perdurat,
1318 4576 1376 4621 ut
1402 4566 1616 4621 interim
1650 4580 1781 4621 eum

198 4664 402 4736 eastiget
430 4672 490 4718 et
516 4661 842 4729 admoneat,
885 4661 1109 4717 stabiles
1135 4670 1189 4715 et
1244 4660 1427 4715 firmas
1454 4661 1637 4715 sinens
1666 4675 1785 4715 ma-

201 4769 309 4812 nere
335 4756 554 4822 minas;
592 4755 665 4809 ita
696 4755 859 4810 etiam
876 4754 1030 4818 Deus
1051 4795 1065 4820 ,
1097 4769 1248 4808 more
1280 4754 1390 4808 fere
1417 4753 1644 4806 dixerim
1676 4753 1778 4805 ltu-

202 4863 341 4905 mano
363 4892 379 4915 ,
414 4864 524 4905 non
554 4848 833 4913 sustinuit,
862 4848 958 4903 sed
985 4847 1166 4902 statim
1198 4846 1432 4901 ostendit
1466 4846 1607 4916 quod
1638 4860 1786 4900 mors

204 4943 260 4997 sit
281 4946 483 5000 soluta.
541 4943 609 4998 Et
640 4942 869 5011 primum
913 4942 1043 4995 sinit
1073 4956 1195 4996 esse
1227 4940 1355 5010 justi
1387 4950 1648 5002 mortem,
1692 4955 1787 5007 per

206 5034 352 5091 lilium
381 5035 575 5090 volens
608 5044 815 5089 terrere
838 5041 1065 5103 patrem.
1096 5032 1295 5086 Volens
1324 5031 1467 5085 enim
1496 5031 1786 5084 ostendere

205 5130 329 5196 quod
360 5141 554 5184 revera
584 5135 666 5182 est
696 5127 846 5180 lirma
891 5134 945 5181 et
972 5126 1181 5180 stabilis
1208 5126 1471 5179 sententia
1497 5172 1509 5188 ,
1539 5140 1643 5177 non
1674 5132 1788 5178 sta-

207 5222 285 5274 tim
329 5220 503 5275 malos
530 5260 545 5281 ,
588 5217 683 5273 sed
711 5219 875 5273 etiam
919 5233 1040 5274 eum
1070 5218 1159 5287 qui
1192 5217 1293 5286 ipsi
1326 5217 1526 5287 placuit
1557 5216 1791 5285 subjec‘it

208 5315 457 5385 supplicio
478 5357 493 5379 ,
527 5312 744 5367 beatum
769 5354 782 5375 ,
810 5313 1062 5382 inquam,
1096 5312 1241 5365 illum
1268 5311 1492 5366 Abelem
1529 5329 1541 5364 :
1573 5322 1623 5366 et
1659 5326 1797 5380 pene

208 5410 371 5463 statim
403 5416 525 5477 post
554 5407 704 5459 illum
738 5405 1012 5459 transtulit
1045 5404 1228 5459 Enoch
1258 5406 1551 5459 viventem.
1592 5404 1658 5459 Et
1691 5422 1795 5459 non

210 5499 340 5553 illum
384 5497 708 5559 suscitavit,
749 5512 818 5549 ne
850 5495 1098 5565 protinus
1150 5495 1375 5549 nimium
1428 5481 1798 5561 coiifiderent;

209 5592 290 5646 sed
317 5592 460 5646 hunc
507 5589 781 5643 transtulit
814 5587 1121 5654 viventem;
1169 5602 1265 5655 per
1308 5587 1531 5643 Abelcm
1573 5588 1795 5658 quidem

212 5692 405 5739 terrens
427 5726 443 5748 ,
496 5698 593 5753 per
623 5682 768 5736 hunc
811 5692 991 5735 autem
1028 5680 1164 5735 dans
1191 5681 1370 5737 zelum
1396 5690 1451 5737 et
1495 5684 1802 5739 aemulatio-

213 5792 323 5830 nem
347 5785 404 5829 ut
446 5775 559 5829 Deo
586 5775 886 5845 placerent.
920 5774 1041 5841 Quo
1071 5772 1128 5827 fit
1158 5782 1217 5827 ut
1248 5773 1357 5828 Deo
1382 5791 1488 5827 non
1516 5776 1761 5841 placeant
1788 5819 1801 5841 ,

212 5862 491 5938 quionmia
523 5879 650 5922 casu
705 5865 789 5937 agi
846 5874 899 5921 et
956 5864 1078 5922 ferri
1111 5864 1314 5931 dicunt,
1348 5871 1404 5919 ct
1452 5876 1557 5915 non
1603 5873 1797 5930 exspe-

840 403 902 460 IN
944 400 1160 460 EPIST.
1201 398 1295 457 AD
1335 397 1695 457 "EBREOS.
1737 396 1894 455 CAP.
1935 399 2028 457 XI.
2070 401 2305 459 ηοιιιι.
2352 401 2521 460 XX“.

3342 384 3453 444 158

1852 512 2003 560 ctant
2033 512 2564 575 remunerationem,
2614 514 2674 561 ut
2700 513 2755 562 et
2781 512 2993 580 gentes.
3047 503 3117 560 lis
3165 504 3311 561 enim
3360 503 3454 573 qui

1851 596 2026 668 ipsum
2053 598 2331 669 inquirunt
2358 613 2457 670 per
2483 613 2651 670 opera
2681 607 2738 655 et
2763 597 3131 672 cognitionem
3160 606 3244 653 est
3273 611 3457 653 renitt-

1855 701 2077 747 nerator
2107 690 2207 766 (a).

1928 786 1985 841 3.
2011 785 2147 843 Cum
2188 799 2321 858 ergo
2346 783 2612 841 habemus
2638 792 3128 850 remuneratorem,
3159 780 3340 837 omnia
3370 778 3455 837 h-

1854 878 2083 945 ciamu=,
2106 892 2174 933 ne
2201 877 2475 948 privemur
2496 875 2743 932 mercede
2759 891 2878 947 qua:
2902 876 3061 931 datur
3077 874 3149 930 ob
3165 868 3416 931 virtutem
3438 890 3454 929 :

1852 977 1935 1025 est
1960 970 2103 1025 enim
2122 968 2307 1024 multis
2336 968 2770 1039 prosequendum
2806 967 3060 1039 lacrymis
3082 967 3244 1022 talem
3272 966 3456 1036 despi-

1850 1078 1976 1120 cere
1998 1064 2513 1120 remunerationem.
2532 1062 2603 1121 Ut
2624 1063 2767 1120 enim
2786 1063 2851 1119 iis
2866 1062 2954 1134 qui
2982 1062 3157 1133 ipsum
3176 1070 3455 1132 quzcruut,

1861 1165 1945 1211 est
1989 1156 2235 1214 redditor
2259 1158 2563 1220 mercedis,
2592 1157 2662 1211 ita
2693 1156 2781 1221 iis,
2820 1158 2911 1226 qui
2952 1155 3127 1227 ipsum
3161 1168 3267 1208 non
3310 1167 3458 1224 qnzeo

1854 1258 2013 1313 runt,
2052 1250 2433 1315 contrarium;
2512 1248 2777 1317 Qucrile,
2830 1248 3036 1320 inquit,
3093 1256 3143 1301 et
3195 1244 3458 1300 invenietis

1854 1338 2048 1414 (Harii.
2074 1342 2128 1396 7.
2155 1342 2237 1413 7).
2268 1340 2555 1411 Quomodo
2578 1351 2759 1396 autem
2792 1349 2969 1410 potest
2999 1337 3230 1395 inveniri
3265 1337 3458 1393 Domi-

1854 1436 1991 1490 nus?
2017 1433 2203 1507 Cogita
2232 1435 2507 1507 quomodo
2548 1434 2820 1491 invenitur
2846 1447 3039 1488 aurum
3065 1472 3081 1499 ,
3115 1445 3239 1487 cum
3268 1427 3458 1484 multis

1852 1525 2149 1582 laboribus.
2180 1524 2453 1593 Manibus,
2482 1526 2677 1598 inquit,
2705 1526 2834 1581 meis
2861 1533 3010 1584 noctu
3037 1531 3216 1577 contra
3237 1537 3376 1587 eum,
3409 1529 3458 1574 et

1853 1636 1954 1675 non
1980 1636 2094 1674 sum
2121 1618 2363 1689 deceptus
2407 1618 2580 1691 (Psal.
2607 1619 2698 1674 76.
2724 1618 2805 1690 ὅ).
2837 1616 2953 1673 Hoc
2980 1624 3062 1672 est
3086 1656 3101 1681 ,
3132 1615 3277 1670 sicut
3304 1627 3457 1683 qua:-

1856 1714 2029 1769 rimus
2055 1712 2199 1784 quod
2228 1712 2409 1783 periit,
2430 1712 2502 1768 ita
2521 1712 2689 1767 Deum
2718 1722 3050 1783 qnzeramus.
3069 1710 3264 1763 Annon
3289 1714 3455 1761 totam

1857 1816 2094 1863 mentem
2130 1806 2257 1862 illnc
2284 1805 2694 1862 convertimus?
2736 1820 2916 1860 annon
2946 1817 3139 1859 omnes
3181 1800 3458 1857 examina-

1856 1896 2018 1954 mus?
2042 1911 2222 1952 annon
2245 1911 2471 1967 peregre
2494 1893 2923 1966 proficiscimuri
2961 1908 3142 1948 annon
3177 1890 3456 1963 pecuniam

1856 1991 2212 2064 pollicemur?
2261 1990 2328 2047 Ut
2353 1991 2589 2061 exempli
2611 2005 2773 2045 causa
2796 2031 2811 2054 ,
2841 1990 2885 2043 si
2916 1988 3141 2060 perierit
3168 1986 3325 2043 nobis
3353 1986 3457 2039 ali-

1856 2084 1981 2153 quis
2022 2082 2203 2151 filius,
2249 2082 2377 2154 quid
2405 2097 2513 2138 non
2536 2083 2793 2154 agimus?
2845 2096 3007 2153 quam
3034 2089 3269 2144 terram,
3312 2076 3457 2148 quod

1861 2196 2012 2236 mare.
2040 2196 2146 2235 non
2174 2178 2421 2235 obimns?
2474 2192 2655 2233 annon
2686 2174 2945 2247 pecunias
2966 2216 2983 2242 ,
3038 2182 3092 2230 et
3131 2172 3323 2227 domos
3343 2214 3358 2239 ,
3404 2176 3460 2227 et

1849 2274 2040 2329 omnia
2067 2273 2300 2342 denique
2320 2272 2478 2342 hujus
2506 2270 2820 2326 inventione
2846 2266 3145 2341 posteriora
3170 2265 3461 2320 ducimus?

1857 2376 1916 2424 et
1941 2367 1984 2422 si
2012 2366 2381 2422 invenerimus
2405 2406 2421 2426 .
2469 2364 2776 2419 detincmns
2799 2403 2814 2427 ,
2858 2359 3317 2429 constringimus.
3350 2370 3459 2410 non

1859 2459 2237 2530 relinquimus.
2291 2454 2359 2513 Et
2388 2456 2671 2528 qutesituri
2702 2454 2883 2509 omnia
2923 2452 3172 2523 gerimus
3222 2451 3460 2504 ntinve-

1862 2554 2073 2608 niamus
2096 2552 2148 2606 id
2169 2549 2310 2623 quod
2338 2550 2595 2620 qumritur
2623 2565 2637 2605 :
2666 2554 2869 2619 quanto
2888 2544 3056 2615 magis
3084 2543 3134 2597 id
3159 2543 3212 2597 in
3243 2542 3354 2597 Deo
3380 2552 3466 2597 est

1862 2647 2194 2713 faciendum,
2224 2661 2345 2701 eum
2395 2641 2689 2716 qumrcndo
2717 2651 2995 2709 tamquam
3018 2636 3218 2709 aliquid
3256 2652 3325 2693 ex
3371 2652 3465 2692 nc-

1860 2741 2146 2798 cessariis!
2199 2740 2308 2807 imo
2336 2753 2464 2795 vero
2494 2751 2600 2792 non
2650 2735 2757 2801 ita,
2799 2734 2895 2789 sed
2942 2733 3111 2787 multo
3133 2730 3321 2802 magis.
3358 2730 3465 2785 Sed

1862 2835 2118 2905 quoniam
2154 2845 2343 2886 sumus
2393 2827 2688 2891 imbecilli,
2742 2826 2939 2881 saltem
2990 2823 3134 2879 sicut
3179 2833 3235 2877 tu
3265 2822 3465 2892 qua‘ris

1869 2926 2124 2997 pecunias
2157 2934 2277 2981 tuas
2296 2964 2314 2991 ,
2336 2933 2429 2979 aut
2458 2923 2647 2987 lilium,
2681 2933 2865 2990 qu:cre
2898 2919 3088 2974 Deum.
3144 2917 3251 2973 Pro
3276 2930 3343 2971 eo
3367 2931 3469 2970 an-

1869 3033 1975 3073 non
2009 3016 2407 3089 peregrinaris?
2455 3029 2638 3069 annon
2668 3027 2766 3085 pro
2808 3010 3054 3082 pecuniis
3080 3024 3143 3065 es
3168 3008 3462 3079 aliquando

1873 3116 2100 3174 peregre
2130 3100 2442 3172 profectus?
2466 3115 2648 3156 annon
2695 3099 2878 3154 omnia
2917 3096 3131 3153 curiose
3165 3095 3470 3153 scrutaris?

1870 3208 2050 3248 annon
2092 3192 2307 3264 quando
2360 3192 2670 3257 inveneris,
2715 3200 2841 3246 tunc
2881 3185 3146 3245 confidis?
3199 3188 3465 3255 Quanta,

1872 3284 2081 3355 inquit,
2133 3294 2182 3340 et
2227 3284 2491 3339 invenietis
2520 3283 2736 3356 (Matth.
2773 3283 2827 3336 7.
2853 3281 2933 3354 7).
2982 3280 3114 3335 Nam
3162 3294 3282 3349 qua:
3322 3294 3475 3350 qua-

1871 3387 2086 3441 runtur,
2114 3390 2303 3445 magna
2331 3384 2489 3445 egent
2514 3372 2872 3429 sollici'udine
2894 3413 2911 3437 ,
2965 3371 3019 3426 in
3049 3369 3163 3427 Deo
3190 3369 3426 3424 maxime
3451 3387 3465 3423 :

1873 3468 2040 3525 multa
2108 3470 2250 3525 enim
2315 3478 2441 3523 sunt
2512 3483 2632 3539 qua:
2699 3466 3032 3537 prohibent,
3091 3465 3263 3521 multa
3333 3474 3463 3520 sunt

1875 3577 1996 3631 qum
2038 3560 2321 3615 offundunt
2369 3560 2655 3625 tenebras,
2705 3558 2874 3613 multa
2910 3566 3037 3612 sunt
3082 3571 3205 3626 qua:
3250 3569 3475 3611 sensum

1877 3664 2121 3710 nostrum
2162 3662 2368 3707 arcent.
2392 3652 2545 3706 Sicut
2588 3650 2733 3705 enim
2780 3649 2863 3704 sol
2903 3658 2987 3704 est
3024 3646 3383 3714 manifestus,
3427 3656 3493 3703 et.

1878 3746 2129 3803 omnibus
2160 3746 2211 3799 in
2249 3744 2428 3800 medio
2459 3744 2814 3814 proponitur,
2842 3758 2945 3799 nec
2985 3757 3121 3813 opus
3150 3751 3237 3799 est
3267 3751 3328 3798 ut
3356 3756 3486 3798 eum

1880 3855 2186 3911 qureramus
2216 3856 2232 3904 ;
2262 3839 2344 3893 sin
2375 3848 2557 3894 autem
2586 3852 2685 3893 nos
2716 3837 2863 3907 ipsos
2886 3835 3239 3903 infodiamns,
3266 3836 3489 3892 etiamsi

1881 3932 2061 3987 omnia
2094 3932 2461 3995 invertamus,
2502 3930 2673 3986 multo
2702 3930 2887 3987 labore
2936 3931 3095 3986 nobis
3132 3946 3269 4001 opus
3308 3939 3392 3987 est
3428 3941 3491 3987 ut

1881 4025 2049 4081 solem
2065 4024 2368 4079 intueamur
2389 4042 2402 4079 :
2421 4024 2491 4079 ita
2521 4022 2608 4079 hic
2631 4037 2865 4093 quoque,
2888 4022 2933 4077 si
2964 4022 3017 4076 in
3043 4023 3308 4093 profundo
3332 4023 3497 4078 mala-

1884 4134 1999 4173 rum
2029 4118 2399 4188 cupiditatum,
2421 4117 2467 4172 si
2495 4117 2545 4171 in
2566 4115 2801 4173 tenebris
2831 4115 2996 4171 animi
3032 4116 3495 4185 perturbatimmm

1885 4220 1939 4266 et
1966 4225 2145 4265 rerum
2189 4226 2311 4280 qua:
2332 4210 2397 4264 ad
2420 4208 2559 4264 hanc
2580 4209 2741 4262 vitam
2774 4209 3048 4279 pertinenti
3096 4222 3197 4263 nos
3245 4208 3499 4262 infuderi-

1886 4314 2028 4369 mus,
2062 4302 2149 4357 vix
2170 4317 2381 4358 sursum
2404 4301 2713 4372 aSpieimus,
2734 4301 2818 4355 vix
2844 4315 2943 4354 nos
2969 4300 3244 4371 erigimus.
3276 4299 3375 4367 Qui
3407 4309 3492 4353 est

1888 4395 2099 4452 inferne
2124 4395 2379 4462 infossus,
2399 4410 2506 4466 quo
2533 4396 2704 4465 magis
2723 4408 2937 4449 sursum
2967 4392 3261 4463 aSpexerit,
3288 4406 3355 4446 eo
3382 4407 3495 4445 ma-

1888 4491 1971 4562 gis
2008 4491 2157 4545 venit
2209 4490 2277 4544 ad
2334 4490 2530 4545 solem.
2578 4488 2867 4545 Pulverem
2915 4501 3045 4557 ergo
3104 4483 3445 4542 excutiamus
3480 4526 3497 4549 ,

1890 4582 2047 4639 nobis
2064 4582 2364 4654 impositam
2392 4581 2673 4651 caliginem
2698 4579 3089 4651 perl'ringamns
3113 4594 3127 4633 τ
3152 4578 3318 4632 densa
3343 4587 3425 4631 est
3446 4588 3501 4633 et

1893 4675 2215 4743 constipata,
2240 4683 2413 4729 etnon
2437 4674 2565 4728 sinit
2592 4687 2689 4727 nos
2705 4687 2918 4727 sursum
2936 4671 3200 4740 aspicere.
3218 4669 3502 4736 Quomodo

1894 4776 2104 4827 autem.
2138 4767 2328 4837 inquit,
2359 4765 2710 4835 perfringitur
2756 4778 2818 4817 ea
2848 4762 3055 4817 nubes?
3102 4761 3159 4817 Si
3208 4763 3501 4816 attraxeri-

1896 4876 2017 4917 mus
2042 4858 2223 4914 radios
2270 4858 2527 4930 spiritalis
2555 4857 2687 4912 solis
2713 4898 2730 4923 ,
2781 4856 2913 4911 solis
2945 4853 3189 4925 justitize,
3237 4854 3281 4908 si
3312 4868 3504 4909 manus

1898 4954 1964 5009 ad
1986 4955 2175 5009 cmlum
2206 4953 2519 5007 attollamus
2545 4970 2557 5005 :
2592 4949 2847 5013 Elevatio,
2874 4948 3066 5018 inquit,
3087 4964 3329 5001 manuum
3360 4964 3501 5001 meu—

1899 5064 2014 5102 rum
2051 5045 2358 5114 sacriﬁcium
2409 5043 2744 5114 vespertinum
2786 5040 2961 5113 (Psal.
2992 5040 3122 5095 MO.
3152 5039 3212 5107 2)
3244 5057 3257 5094 :
3286 5040 3330 5093 si
3379 5055 3501 5095 cum

1910 5140 2157 5195 manibus
2203 5148 2437 5193 utentem
2484 5150 2699 5207 quoque
2747 5134 3121 5189 sustollamns.
3168 5132 3333 5189 Scitis
3387 5148 3502 5201 qum

1904 5235 2047 5300 dico,
2099 5246 2197 5287 vos
2225 5232 2313 5302 qui
2355 5230 2623 5301 mysteriis
2654 5228 2785 5283 estis
2822 5227 3012 5281 initiati
3039 5246 3053 5281 :
3084 5225 3309 5280 fortasse
3339 5240 3501 5295 agno-

1905 5326 2055 5383 scitis
2094 5323 2237 5396 quod
2279 5324 2479 5377 dictum
2507 5328 2609 5387 est,
2644 5318 2947 5390 perspicitis
2974 5317 3117 5389 quod
3145 5318 3305 5372 tacite
3334 5317 3502 5370 innni.

1909 5420 2133 5474 Sursum
2163 5416 2408 5471 tollamus
2430 5423 2663 5468 nostram
2682 5412 3084 5481 cogitationem.
3104 5410 3232 5463 Novi
3256 5425 3353 5479 ego
3384 5412 3527 5463 mn'-

1911 5524 1993 5569 tos
2010 5512 2153 5566 viros
2180 5526 2209 5563 a
2231 5522 2366 5565 terra
2385 5508 2496 5565 fere
2512 5506 2832 5579 pendentes,
2848 5514 2901 5560 et
2920 5504 3057 5560 ultra
3080 5502 3297 5559 modum
3323 5516 3515 5554 manus

1912 5604 2293 5665 extendentes,
2338 5612 2392 5657 et
2436 5616 2579 5671 :rgre
2619 5598 2855 5653 ferentes
2897 5596 3038 5667 quod
3071 5612 3173 5647 non
3204 5594 3371 5664 possit
3403 5592 3518 5647 ﬂexi

1915 5711 1975 5757 ut
1998 5700 2106 5755 sint
2137 5699 2189 5753 in
2224 5712 2349 5752 aere
2380 5694 2628 5761 sublimo,
2678 5701 2733 5748 et
2758 5695 2825 5748 ita
2850 5697 3130 5760 precantes
3166 5704 3287 5742 cum
3312 5703 3504 5756 magna

1990 5801 2063 5863 (ιι)
2092 5800 2142 5848 1η
2174 5799 2286 5863 ΔΙιιριι
2310 5798 2458 5847 verba
2495 5796 2679 5848 desinit
2708 5794 2923 5846 humilia.
2962 5794 3025 5846 lit
3056 5791 3276 5858 quzcdam
3301 5804 3355 5842 tn
3388 5788 3532 5845 Col}.

1926 5860 2052 5915 mire
2073 5860 2268 5914 confusa
2294 5870 2342 5912 ct
2367 5864 2607 5925 permixta
2632 5868 2763 5911 sunt.
