4068 6458
546 357 651 413 159

550 460 1121 517 attimtalacritate.Sic
1144 476 1236 515 vo.
1263 461 1385 516 volo
1403 475 1613 531 semper
1640 472 1789 523 esse;
1823 457 1903 511 sin
1937 462 2121 511 autem

548 566 657 608 non
696 566 928 622 semper,
977 552 1163 608 saltem
1214 551 1500 621 saepezsin
1552 565 1658 605 non
1701 562 1877 617 saepe,
1922 547 2108 600 mluun

540 652 737 719 rarius,
783 650 972 709 saltem
1003 661 1177 712 mane,
1209 646 1399 703 saltem
1426 644 1657 715 vesperi.
1687 641 1819 698 Nam
1850 640 1938 699 die
1965 640 2121 708 mihi,

540 759 739 801 manus
765 758 869 800 non
898 750 1049 811 potes
1091 737 1435 795 extendere?
1482 734 1710 792 extende
1745 742 2003 805 quantum
2041 732 2124 788 vis

544 836 766 891 liberam
815 831 979 887 animi
1032 829 1400 892 voluntatem;
1430 842 1549 884 eam
1598 824 1827 881 extende
1854 838 2025 895 usque
2057 824 2123 879 ad

546 929 717 997 ipsum
747 924 937 980 cadum
962 939 979 978 :
1006 922 1214 979 etiamsi
1241 920 1373 977 velis
1398 921 1567 991 ipsum
1590 928 1806 989 tangere
1830 916 2121 988 faStigium.

548 1029 601 1073 et
638 1016 887 1087 superius
924 1005 1232 1081 ambulare,
1260 1012 1384 1068 licet
1424 1010 1518 1066 tibi
1563 1027 1577 1063 :
1619 1009 1805 1081 quavis
1832 1008 1977 1063 enim
2022 1021 2121 1061 ave

541 1110 710 1164 levior
753 1115 806 1162 et
842 1106 1005 1162 altior
1071 1113 1156 1160 est
1199 1118 1351 1159 mens
1406 1110 1606 1157 nostra.
1667 1099 1889 1168 Quando
1936 1108 2118 1153 autem

539 1201 700 1256 etiam
744 1198 1017 1269 acceperit
1045 1212 1163 1253 eam
1197 1211 1319 1266 quae
1358 1208 1391 1248 a
1438 1190 1644 1264 Spiritu
1670 1190 1828 1247 datur
1858 1190 2119 1262 gratiam,

541 1307 726 1363 papa),
751 1306 911 1362 quam
942 1298 1022 1347 est
1052 1288 1209 1344 velox
1228 1328 1244 1352 ,
1277 1301 1435 1357 quam
1462 1286 1602 1341 acris
1627 1326 1644 1351 ,
1673 1294 1731 1340 ut
1760 1284 1940 1339 omnia
1967 1282 2120 1349 obit,

541 1394 599 1440 ut
643 1398 747 1438 non
797 1381 964 1438 fertur
1009 1382 1295 1446 deorsum,
1351 1393 1526 1449 neque
1568 1377 1715 1433 humi
1762 1376 1943 1432 cadit!
1999 1374 2107 1430 llas

542 1490 745 1547 pennas
780 1473 938 1529 nobis
964 1480 1367 1539 comparemus;
1412 1484 1506 1541 per
1534 1483 1629 1525 eas
1660 1468 1956 1539 paterimus
1988 1481 2123 1534 prm-

542 1565 813 1622 tervolare
844 1565 1004 1619 etiam
1035 1562 1250 1633 pelagus
1276 1559 1535 1615 ï¬‚uctuum
1559 1558 1717 1629 hujus
1743 1555 1947 1612 mundi.
1975 1558 2119 1610 Aves

545 1658 931 1729 pertticissimze
956 1664 1011 1712 ct
1048 1662 1258 1716 montes
1306 1662 1363 1709 et
1390 1652 1561 1707 saltus
1586 1660 1642 1706 et
1691 1650 1861 1707 maria
1902 1660 1959 1705 et
2000 1663 2122 1705 sco-

544 1749 697 1817 pulos
717 1749 862 1805 brevi
899 1756 1169 1803 momento
1214 1744 1469 1814 temporis
1512 1743 1692 1799 illmszn
1724 1742 2117 1812 praetervolant.

546 1840 694 1896 Talis
721 1848 804 1895 est
846 1838 1007 1894 etiam
1034 1852 1187 1892 mens
1219 1853 1231 1890 :
1262 1851 1383 1891 cum
1409 1832 1569 1890 fuerit
1594 1835 1751 1899 alata,
1786 1831 1998 1902 quando
2021 1833 2120 1887 ab-

544 1932 801 1988 scesserit
841 1931 909 1987 ab
937 1930 1005 1987 iis
1025 1944 1146 2001 qua:
1166 1928 1232 1984 ad
1274 1928 1413 1983 hanc
1434 1930 1597 1981 vitam
1626 1926 1896 1999 pertinent
1920 1968 1937 1993 ,
1985 1925 2119 1981 nihil

544 2039 661 2077 eam
686 2032 858 2094 potest
877 2019 1313 2093 apprehendere,
1345 2020 1598 2075 omnibus
1637 2028 1723 2075 est
1744 2018 1927 2086 altior,
1955 2017 2121 2074 etiam

546 2114 726 2184 ignitis
749 2114 939 2184 jaculis
963 2112 1183 2169 diaboli.
1232 2111 1348 2168 Non
1377 2120 1482 2167 tam
1518 2122 1662 2168 recte
1690 2113 1850 2169 telum
1897 2112 2124 2182 conjicit

544 2207 809 2271 diabolus,
851 2214 910 2262 ut
964 2205 1131 2277 possit
1157 2205 1298 2261 hanc
1336 2207 1601 2277 attingere
1628 2205 2121 2271 altitudinem;sed

538 2299 713 2369 jaeula
742 2300 955 2368 quidem
1000 2297 1232 2363 emittit,
1261 2306 1345 2353 est
1363 2298 1506 2353 enim
1537 2296 1854 2369 impudens:
1884 2314 1991 2353 non
2019 2313 2120 2353 au-

548 2400 653 2443 tem
690 2388 1015 2459 assequitur,
1068 2387 1164 2443 sed
1196 2386 1359 2443 telum
1387 2386 1453 2442 ad
1482 2388 1654 2458 ipsum
1696 2388 1856 2444 inane
1893 2387 2125 2443 reverti-

548 2490 657 2545 tur,
686 2490 742 2535 et
771 2495 876 2534 non
911 2480 1087 2535 solum
1123 2480 1283 2534 inane
1303 2521 1319 2545 ,
1350 2478 1445 2535 sed
1478 2480 1639 2534 etiam
1670 2480 1721 2533 in
1753 2488 1915 2549 caput
1956 2479 2125 2550 ipsius

546 2572 873 2627 revertitur:
905 2570 1059 2626 feriat
1098 2572 1240 2625 enim
1282 2570 1501 2626 onmiuo
1534 2580 1752 2641 oportet
1795 2570 1852 2626 id
1876 2570 2018 2641 quod
2056 2573 2125 2628 ab

547 2663 666 2733 ipso
704 2662 949 2717 mittitur.
977 2660 1126 2717 Sicut
1150 2676 1278 2732 ergo
1298 2660 1437 2732 quod
1454 2661 1655 2731 iactum
1687 2671 1770 2718 est
1794 2660 1861 2717 ab
1889 2661 2123 2717 homini-

548 2757 662 2820 bus,
686 2763 777 2808 aut
796 2753 918 2809 ferit
939 2768 1065 2810 eum
1092 2753 1354 2810 adversus
1374 2770 1534 2825 quem
1558 2755 1805 2819 mittitur,
1827 2740 1921 2810 aut
1936 2752 2124 2821 avem,

547 2864 637 2909 attt
665 2854 957 2925 parietem,
1009 2862 1101 2910 aut
1128 2862 1355 2921 vestem,
1396 2862 1488 2909 aut
1536 2855 1771 2925 lignum,
1814 2864 1906 2909 aut
1942 2855 2114 2924 ipsum

549 2957 695 3002 secat
713 2960 892 3002 aerem
923 2963 936 2999 :
985 2945 1057 3001 ita
1079 2946 1242 3002 etiam
1284 2946 1521 3017 jaculum
1548 2946 1772 3009 diaboli,
1826 2945 1985 2999 feriat
2006 2946 2125 3013 qui-

556 3020 677 3090 dum
704 3041 923 3093 omnino
943 3049 1155 3105 oportet
1180 3058 1194 3104 ;
1234 3041 1276 3094 si
1299 3050 1478 3097 autem
1504 3043 1652 3097 illum
1675 3056 1833 3112 quem
1861 3043 1993 3112 petit
2019 3056 2126 3097 non

559 3130 923 3197 percusserit,
973 3132 1194 3185 omnino
1225 3132 1349 3187 ferit
1387 3149 1509 3189 eum
1562 3135 1651 3205 qui
1694 3135 1908 3190 emittit.
1964 3134 2030 3187 Et
2058 3149 2125 3189 ex

554 3220 736 3275 multis
762 3220 978 3290 quidem
1006 3222 1107 3279 hoc
1126 3233 1298 3290 potest
1324 3226 1568 3297 intelligi,
1602 3224 1743 3295 qttud
1775 3226 1989 3296 quando
2028 3239 2128 3280 nos

554 3328 660 3367 non
693 3315 947 3369 fuerimus
973 3315 1211 3384 percussi
1239 3356 1254 3381 ,
1279 3317 1371 3372 ille
1397 3320 1619 3371 omnino
1647 3320 1943 3388 percutitur
1973 3335 1984 3371 :
2019 3325 2076 3370 ut
2100 3357 2116 3381 ,

551 3404 781 3473 exempli
806 3420 990 3469 musa,
1022 3406 1303 3462 insidiatus
1325 3418 1407 3463 est
1433 3408 1605 3472 Jubn;
1649 3425 1770 3462 eum
1814 3425 1917 3462 non
1953 3405 2117 3472 feriit,

553 3497 645 3550 sed
672 3497 787 3568 ipse
813 3497 912 3551 fuit
940 3498 1077 3552 ictus
1109 3515 1122 3549 :
1148 3498 1427 3554 insidiatus
1450 3510 1529 3555 est
1560 3500 1761 3567 Paulo;
1808 3501 1978 3571 ipsum
2010 3513 2116 3552 non

551 3586 719 3653 feriit,
748 3586 842 3642 sed
873 3588 986 3656 ipse
1016 3585 1115 3641 fuit
1153 3587 1444 3643 sauciatus.
1498 3589 1567 3644 Et
1591 3589 1715 3652 hoc,
1760 3589 1805 3645 si
1829 3567 2124 3661 sapiamus,

556 3676 3104 3711 MM

1283 364 1337 420 S.
1365 363 1646 420 JOANNIS
1674 360 2155 420 CHRYSOSTOMI
2185 360 2499 419 ARCIIIEP.
2532 362 3077 426 CONSTANTINOP.

3695 357 3800 419 Î¹Ï‰

2227 453 2352 511 licet
2379 454 2561 511 videre
2583 458 2777 529 ubique
2806 460 2941 517 ï¬‚eri.
2988 464 3215 532 Quando
3256 467 3398 525 enim
3428 476 3762 542 percusserit
3782 514 3799 541 .

2226 543 2448 611 feritur;
2477 549 2645 602 multo
2670 558 2849 605 autem
2891 555 3091 625 magis,
3122 559 3337 628 quando
3361 561 3620 621 adversus
3649 567 3801 622 illum

2225 637 2442 693 ensibus
2469 648 2526 696 et
2565 650 2720 697 scuto
2741 640 2863 699 ï¬dei
2886 649 3077 703 armati
3102 659 3157 707 et
3182 653 3409 722 muniti,
3455 666 3574 715 tuto
3612 673 3806 717 cavea-

2227 743 2347 786 mus
2376 746 2444 786 ne
2485 733 2763 803 capiamur
2794 744 2853 792 et
2896 753 3287 812 rxpugnemur.
3332 745 3578 804 Jaculum
3623 759 3806 807 autem

2223 818 2421 876 diaboli
2449 831 2535 878 est
2558 823 2697 880 mala
2724 826 3009 897 cupiditas.
3056 829 3137 887 Ira
3168 837 3402 893 maxime
3421 847 3504 895 est
3531 840 3688 911 ignis.
3716 853 3805 905 est

2222 915 2466 983 ï¬‚amma,
2493 918 2720 989 arripit,
2745 921 2885 977 tollit
2911 964 2926 988 ,
2980 925 3216 984 incendit
3246 947 3261 983 :
3305 946 3405 990 nos
3426 950 3554 991 vero
3586 937 3810 992 lenitate

2222 1014 2277 1060 et
2321 1007 2576 1077 patientia
2618 1025 2739 1067 eam
2766 1015 3206 1089 ,exstinguamus.
3254 1022 3326 1079 Ut
3371 1027 3517 1081 enim
3566 1028 3807 1084 (audeas

2224 1095 2424 1153 ferrum
2451 1116 2590 1172 aqua
2641 1104 2866 1160 tinctum
2911 1107 3087 1174 ignem
3116 1112 3329 1183 perdit:
3359 1116 3428 1171 ita
3462 1118 3538 1173 ira
3578 1120 3623 1175 si
3651 1122 3703 1176 in
3728 1121 3811 1177 le-

2218 1203 2343 1243 nem
2391 1199 2447 1246 et
2492 1194 2785 1262 patientem
2818 1198 3108 1267 inciderit,
3162 1202 3293 1260 nihil
3338 1221 3461 1262 eum
3489 1208 3672 1278 l:rdit,
3711 1211 3810 1267 sed

2218 1284 2388 1354 magis
2419 1280 2593 1355 juvat,
2638 1296 2694 1342 et
2746 1288 2861 1358 ipse
2902 1292 3084 1347 evadit
3119 1293 3277 1368 longe
3311 1296 3525 1355 fortior.
3573 1300 3806 1357 Lenitati

2216 1375 2363 1429 enim
2399 1384 2455 1432 et
2506 1378 2777 1447 patientia:
2827 1380 2958 1436 niltil
3014 1394 3191 1453 potest
3243 1390 3567 1460 :equiparari
3611 1410 3625 1447 :
3676 1409 3807 1450 nam

2216 1466 2305 1536 qui
2360 1476 2447 1523 est
2495 1468 2779 1539 ejusmodi,
2808 1476 3132 1532 contumelia
3182 1493 3477 1551 numquam
3526 1484 3799 1553 afï¬citur;

2217 1556 2309 1612 sed
2336 1558 2476 1615 sicut
2513 1575 2617 1615 non
2657 1563 2969 1619 sanciantur
3014 1581 3239 1639 corpora
3290 1572 3632 1630 adamantina
3658 1618 3673 1641 ,
3727 1577 3803 1633 ita

2217 1665 2316 1756 nec
2336 1649 2640 1756 huiusmodi
2682 1656 2877 1712 anima:
2909 1676 2923 1711 :
2954 1670 3082 1715 sunt
3125 1663 3269 1718 enim
3299 1667 3612 1756 superipres
3652 1654 3837 1736 jaeu?

2216 1741 2301 1797 lis.
2351 1743 2607 1801 Excelsus
2638 1748 2780 1811 enim
2803 1790 2817 1815 ,
2864 1757 2919 1805 et
2965 1750 3102 1807 adeo
3127 1756 3371 1812 excelsus
3398 1741 3506 1814 est.
3521 1761 3569 1815 is
3595 1762 3689 1832 qui
3728 1772 3812 1819 est

2218 1832 2356 1890 lenis
2404 1844 2461 1890 et
2515 1837 2759 1907 patiens,
2810 1850 2869 1895 ut
2924 1856 2993 1898 ne
3057 1844 3265 1917 plagam
3308 1849 3525 1918 quidem
3577 1866 3607 1905 a
3658 1851 3811 1923 jactu

2213 1924 2463 1995 accipiat.
2490 1925 2715 1996 Quando
2738 1929 2829 1989 ille
2863 1931 3139 2002 eilâ€˜eratur,
3183 1945 3238 1991 tu
3284 1940 3400 1995 ride
3430 1959 3444 1995 :
3476 1941 3593 1998 ride
3619 1954 3807 2002 autem

2214 2033 2321 2076 non
2382 2034 2600 2091 aperte,
2647 2033 2707 2081 ut
2752 2043 2858 2083 non
2921 2032 3136 2102 ircitcs,
3189 2038 3284 2093 sed
3343 2040 3395 2095 in
3454 2041 3633 2099 anima
3710 2060 3811 2103 seu

2213 2113 2354 2185 apud
2388 2123 2440 2171 te
2483 2117 2599 2172 ride
2638 2129 2858 2190 propter
2899 2131 2971 2181 te.
3020 2126 3233 2185 Etenim
3278 2131 3346 2189 de
3372 2134 3553 2205 pueris
3578 2139 3808 2209 quando

2213 2219 2314 2260 nos
2334 2220 2457 2261 cum
2487 2223 2561 2261 tra
2594 2213 2956 2279 percusserint
2976 2254 2993 2279 ,
3044 2224 3312 2286 tamquam
3344 2230 3404 2270 se
3435 2217 3764 2270 ulciscentes
3788 2255 3805 2279 ,

2216 2294 2470 2352 ridemus.
2507 2296 2563 2355 Si
2584 2314 2713 2370 ergo
2752 2303 2936 2357 riseris
2955 2346 2970 2370 ,
2994 2313 3199 2360 tantum
3230 2307 3368 2361 inter
3396 2315 3448 2360 te
3473 2303 3694 2361 etillum
3726 2305 3807 2357 iu-

2219 2389 2408 2444 tererit
2428 2431 2445 2456 ,
2473 2403 2729 2461 quantum
2757 2394 2898 2450 inter
2920 2411 3142 2465 puerum
3171 2405 3227 2453 et
3257 2399 3427 2453 virum
3456 2414 3471 2450 :
3510 2398 3592 2452 sin
3619 2404 3808 2450 autem

2217 2479 2480 2546 eiferaris,
2505 2483 2672 2539 factus
2700 2500 2759 2540 es
2812 2501 2946 2557 puer
2973 2506 2989 2543 :
3020 2490 3199 2560 pueris
3223 2490 3367 2545 enim
3406 2488 3813 2560 insipientiores

2219 2583 2345 2625 sunt
2380 2573 2469 2643 qui
2521 2574 2845 2631 irascuntur.
2899 2579 2991 2635 Dic
3038 2581 3183 2635 enim
3231 2582 3400 2645 mihi,
3440 2581 3487 2636 si
3540 2579 3812 2652 quispiam

2220 2677 2446 2733 puerum
2484 2665 2679 2722 viderit
2699 2669 2981 2726 elferatum
3002 2714 3017 2738 ,
3041 2688 3221 2729 nonne
3248 2674 3477 2728 irridet?
3508 2673 3617 2727 Iloc
3644 2676 3813 2727 ctiam

2222 2754 2277 2810 in
2310 2756 2461 2812 iratis
2486 2758 2807 2817 observatur
2840 2780 2853 2816 :
2881 2765 3015 2819 tales
3045 2776 3168 2820 sunt
3205 2767 3365 2821 etiam
3398 2764 3812 2835 pusillanimes;

2220 2847 2264 2904 si
2298 2857 2476 2905 autem
2502 2852 2869 2921 pusillanimes
2900 2864 3043 2923 sunt,
3085 2858 3233 2913 stulti
3260 2872 3473 2927 quoque
3513 2864 3671 2911 sunt:
3707 2854 3810 2921 ÏÎ¹Îµ

2222 2942 2387 3030 autem
2406 2938 2598 3004 pusilli,
2620 2938 2807 3008 inquit,
2832 2951 2903 2996 est
2919 2944 3097 3008 animi,
3112 2955 3184 2999 est
3203 2948 3350 3002 valde
3367 2949 3607 3030 {nsipiens
3626 2949 3814 3023 (Prov.

2226 3023 2311 3076 Î¹Î¹.
2341 3024 2557 3096 29).Qui
2575 3037 2659 3082 est
2682 3029 2838 3099 igitur
2867 3032 3143 3102 insipiens,
3163 3047 3245 3091 est
3274 3023 3467 3094 infans.
3502 3039 3567 3093 Et
3596 3044 3776 3112 quiest
3799 3090 3815 3112 ,

2219 3114 2407 3180 inquit,
2426 3123 2640 3188 patiens,
2661 3132 2736 3176 est
2756 3124 2944 3181 multus
2959 3126 3010 3180 in
3025 3129 3314 3197 prudentia.
3334 3131 3479 3188 llanc
3497 3133 3655 3203 igitur
3672 3137 3818 3192 tnui--

2221 3217 2327 3260 tam
2372 3224 2752 3281 persequamur
2781 3218 3108 3285 patientiam,
3155 3222 3294 3277 unde
3336 3225 3503 3279 multa
3550 3240 3578 3279 a
3633 3228 3818 3296 probis

2220 3299 2353 3355 viris
2378 3305 2669 3373 acquiritur
2692 3309 2981 3378 sagacitas;
3029 3323 3083 3365 Î¹Î¹Î¹
3105 3328 3451 3385 assequamur
3487 3318 3619 3372 bona
3658 3320 3818 3376 nobis

2223 3394 2481 3481 promissa
2506 3435 2521 3458 ,
2546 3395 2600 3449 in
2626 3396 2841 3453 Christo
2871 3400 2996 3455 Jesu
3031 3403 3259 3459 Domino
3278 3416 3468 3463 nostro
3489 3449 3504 3471 ,
3546 3426 3672 3465 eum
3704 3426 3817 3481 quo

2226 3480 2363 3536 Patri
2394 3500 2493 3538 una
2529 3501 2650 3542 cum
2688 3500 2876 3545 sancto
2905 3493 3107 3563 Spiritu
3138 3497 3304 3566 gloria
3328 3542 3341 3561 ,
3370 3500 3676 3569 imperium,
3706 3480 3811 3557 lto.

2226 3588 2325 3626 nnr
2352 3592 2493 3630 nunc
2514 3588 2567 3633 et
2594 3595 2827 3651 semper,
2852 3596 2905 3638 et
2935 3586 2986 3638 in
3009 3589 3203 3641 sarcula
3237 3594 3583 3645 szrcnlnrnm.
3612 3596 3810 3647 Amen.

3128 3700 3364 3713 .â€”

1850 3750 2191 3813 HOMILIA
2239 3755 2480 3817 XXIII.

558 3866 689 3923 Cu.
723 3871 809 3926 il.
842 3886 892 3924 v.
920 3873 972 3927 7.
1004 3871 1134 3926 Fide
1175 3871 1309 3939 Noe,
1353 3890 1594 3943 responso
1622 3882 1824 3943 accepta
1850 3874 1911 3925 de
1940 3874 2001 3927 iis
2026 3889 2138 3943 qua:

629 3964 796 4017 adhuc
842 3981 942 4019 non
988 3966 1300 4032 uidebantur,
1361 3978 1582 4021 metuens
1634 3970 1827 4037 aptavit
1865 3982 2037 4018 arcam
2084 3967 2138 4019 in

629 4054 841 4108 salutem
870 4055 1050 4110 domus
1074 4073 1215 4123 sua;
1258 4075 1347 4125 per
1385 4075 1533 4127 quam
1561 4058 1817 4111 damnavit
1848 4057 2093 4110 mundum
2126 4073 2139 4086 '

632 4156 679 4199 et
708 4148 933 4211 iustitia,
957 4164 1073 4219 quae
1096 4165 1184 4218 per
1210 4149 1360 4217 ï¬dem
1386 4159 1478 4214 est,
1504 4150 1645 4203 lieres
1671 4159 1746 4203 est
1772 4148 2047 4202 institutus.

638 4239 687 4291 Î™.
734 4237 881 4305 Fide,
914 4256 1172 4310 responso,
1197 4241 1385 4310 inquit,
1412 4250 1612 4308 accepto
1642 4239 1775 4294 Noe.
1801 4241 1949 4296 Sicut
1976 4240 2142 4295 Filius

570 4328 661 4383 Dei
690 4327 758 4383 de
788 4344 887 4383 suo
929 4329 1154 4399 loquens
1182 4330 1411 4383 adventu
1440 4331 1673 4394 dicebat,
1712 4329 1781 4384 In
1814 4331 1987 4386 diebus
2029 4330 2144 4385 Noe

564 4423 809 4476 nubebant
840 4431 888 4475 et
915 4431 1125 4492 nuptum
1154 4422 1343 4477 dabant
1378 4422 1529 4494 (Luc.
1563 4425 1647 4477 l7.
1687 4424 1797 4492 27)
1830 4441 1842 4475 :
1878 4424 1945 4478 ita
1977 4434 2027 4479 et
2057 4423 2145 4479 hic

568 4513 718 4567 dicit.
746 4512 935 4569 Merito
960 4513 1246 4585 Apostolus
1268 4530 1479 4586 quoque
1521 4516 1600 4570 eis
1637 4517 2042 4571 convenientem
2091 4517 2143 4571 in

564 4608 871 4662 memoriam
891 4608 1800 4664 revocavitsimilitudinemEnochi
1815 4610 1954 4666 enim
1973 4626 2143 4664 exem-

565 4700 709 4767 plum
726 4706 843 4754 erat
867 4699 1036 4753 solum
1059 4700 1358 4771 exemplum
1386 4700 1527 4765 ï¬dei,
1552 4702 1664 4757 Noe
1681 4718 1805 4757 vero
1838 4702 2143 4772 exemplum

564 4790 723 4844 etiam
754 4789 1153 4845 incredulitatis.
1188 4790 1262 4845 Ea
1303 4800 1480 4845 autem
1532 4802 1614 4847 est
1662 4792 1895 4864 perfecta
1950 4809 2146 4850 conso-

564 4881 692 4936 latio
739 4888 795 4941 et
845 4881 1176 4950 exhortatio,
1204 4884 1418 4953 quando
1446 4899 1551 4938 non
1583 4885 1755 4939 solum
1794 4886 1883 4955 qui
1902 4886 2146 4941 credide-

565 4980 689 5027 runt
728 4973 1069 5029 inveniuntur
1100 4975 1310 5045 probari
1341 4977 1475 5029 etin
1525 4976 1665 5031 bona
1710 4992 1826 5033 esse
1875 4980 2147 5033 existima-

566 5064 711 5119 tione
734 5105 752 5130 ,
791 5064 886 5120 sed
926 5062 1086 5119 etiam
1136 5067 1225 5136 qui
1257 5082 1360 5121 non
1390 5066 1613 5121 credunt
1641 5068 1913 5137 patiuntur
1933 5077 2146 5125 contra-

568 5155 666 5215 ria.
716 5155 851 5223 Quid
892 5157 1036 5211 enim
1084 5156 1251 5211 dicit?
1296 5156 1428 5211 Fide
1469 5176 1711 5228 resprnso
1754 5171 1957 5231 accepto
2006 5160 2141 5217 Noe.

570 5245 701 5312 Quid
728 5246 826 5300 hoc
851 5248 971 5302 est?
1002 5247 1322 5305 Praedictum
1350 5249 1422 5304 illi
1450 5238 1645 5317 fuerat,
1672 5251 1859 5321 inquit.
1898 5253 2144 5324 Respon-

570 5352 683 5391 sum
715 5345 890 5391 autem
924 5336 1185 5407 significat
1216 5336 1546 5408 prophetiam
1582 5356 1594 5391 :
1634 5353 1753 5392 nam
1786 5340 1909 5393 alibi
1935 5356 2146 5412 quoque

571 5431 639 5482 ita
669 5427 797 5483 dicit
828 5427 1053 5483 :Fuerat
1090 5430 1132 5483 ei
1167 5446 1463 5498 responsum
1496 5432 1736 5499 aSpiritu
1781 5442 1954 5489 sancto
1995 5432 2145 5502 (Luc.

573 5524 623 5580 Îž.
654 5522 726 5577 26
752 5524 809 5592 )Í¾
856 5533 911 5577 et
956 5538 1162 5591 rursus,
1216 5523 1276 5577 Et
1311 5525 1435 5594 quid
1473 5523 1594 5577 dicit
1632 5541 1928 5595 responsum
1970 5525 2146 5595 (Rom.

578 5617 663 5679 Î¹Î¹.
691 5615 723 5669 4
744 5613 800 5685 )?
825 5613 993 5671 Vides
1023 5628 1201 5685 parem
1244 5613 1502 5673 honorem
1541 5616 1812 5684 Spiritus?
1839 5617 1977 5672 sicut
2005 5618 2147 5673 enim

580 5710 718 5771 Deus
747 5710 1054 5785 resp-undet,
1081 5710 1151 5766 ita
1180 5710 1342 5766 etiam
1384 5710 1613 5783 Spiritus
1641 5722 1875 5768 sanctus.
1916 5712 2024 5769 Cur
2053 5728 2149 5768 au-

2243 3884 2349 3928 tem
2388 3872 2466 3929 sic
2493 3871 2665 3927 dixit?
2694 3870 2760 3926 Ut
2785 3870 3031 3926 ostendat
3071 3884 3385 3939 responsum
3427 3885 3548 3927 esse
3584 3871 3830 3944 prophe-

2243 3967 2390 4019 tiam.
2419 3963 2564 4018 Deiis
2591 3978 2705 4032 qua:
2723 3963 2889 4015 adhuc
2915 3978 3013 4015 non
3040 3960 3350 4024 uidebantur,
3371 3962 3571 4031 inquit;
3597 3963 3701 4019 hoc
3720 3976 3828 4036 est,

2242 4058 2309 4111 de
2351 4055 2788 4128 pluviazveritus
2813 4065 2868 4109 et
2910 4054 3010 4109 sibi
3039 4068 3235 4111 cavens
3282 4057 3585 4111 construxit
3623 4072 3824 4114 arcam.

2244 4148 2400 4203 Ratio
2442 4147 2655 4218 quidem
2702 4146 2833 4200 nihil
2882 4146 2986 4201 tale
3036 4145 3300 4216 suggessit
3352 4163 3366 4199 :
3418 4156 3641 4218 nuptum
3682 4149 3828 4205 enin.

2241 4241 2436 4296 dabant
2463 4247 2516 4294 et
2544 4238 2836 4303 uubebant,
2866 4252 2959 4292 aer
2975 4246 3090 4293 erat
3117 4252 3302 4307 purus,
3332 4242 3482 4309 signa
3507 4254 3613 4293 non
3638 4251 3792 4295 erant
3814 4257 3830 4299 Î¾

2243 4332 2335 4387 sed
2365 4341 2539 4386 tamen
2565 4331 2657 4385 ille
2676 4339 2761 4385 est
2785 4330 2988 4384 veritus
3020 4345 3034 4379 :
3073 4328 3194 4383 ideo
3223 4330 3303 4384 sic
3328 4329 3461 4384 dixit
3493 4347 3507 4383 :
3538 4329 3671 4385 Fide
3694 4330 3829 4399 Noe,

2244 4441 2482 4495 responso
2530 4434 2736 4492 accepto
2780 4424 2843 4476 de
2894 4424 2957 4477 iis
2999 4438 3112 4490 qua:
3150 4422 3319 4476 adhuc
3368 4439 3469 4477 non
3514 4424 3836 4493 videbantur,

2243 4528 2484 4581 metuens,
2509 4517 2792 4572 construxit
2819 4533 2991 4571 arcam
3016 4518 3069 4569 in
3096 4516 3309 4570 salutent
3334 4518 3511 4572 domus
3539 4536 3665 4573 sum.
3690 4520 3837 4588 Quo-

2247 4608 2442 4664 modo?
2480 4608 2584 4663 Per
2614 4626 2767 4679 quam
2794 4608 3148 4662 condemnavit
3176 4610 3439 4662 mundum.
3468 4610 3714 4667 Ostendit
3740 4628 3836 4668 eos

2246 4700 2435 4771 dignos
2462 4701 2748 4770 supplicio,
2790 4700 2881 4769 qui
2924 4714 3021 4754 nec
3051 4714 3147 4769 per
3175 4700 3321 4754 illam
3349 4700 3564 4769 quidem
3587 4713 3841 4760 construâ€”

2246 4793 2475 4845 ctioucm
2506 4792 2931 4861 corrigebantur,
2966 4805 3068 4845 nec
3094 4788 3503 4859 resipisccbaut.
3539 4792 3605 4847 Et
3617 4796 3828 4863 justitin

2259 4896 2373 4953 qua
2402 4900 2489 4953 per
2516 4883 2669 4947 ï¬dem
2698 4890 2790 4947 est,
2822 4881 2962 4935 lieres
2986 4889 3058 4933 est
3086 4878 3377 4942 institutus;
3403 4877 3505 4931 hoc
3540 4885 3641 4939 est,
3672 4891 3737 4931 ex
3768 4891 3836 4931 eo

2246 4976 2425 5046 justus
2469 4976 2736 5044 apparuit,
2788 4974 2929 5043 quod
2976 4972 3087 5027 Deo
3128 4970 3375 5027 credidit.
3419 4968 3533 5025 Hoc
3568 4969 3712 5023 enim
3753 4980 3839 5023 est

2252 5068 2445 5121 anima:
2490 5066 2700 5121 sincere
2728 5065 2779 5118 in
2809 5079 2932 5119 eum
2966 5062 3192 5128 alicam,
3238 5070 3293 5116 et
3328 5075 3447 5131 qua:
3472 5058 3675 5128 judicat
3704 5058 3839 5113 nihil

2252 5174 2372 5215 esse
2400 5157 2517 5227 ejus
2543 5156 2724 5211 verbis
2753 5152 3085 5215 credibilius,
3133 5153 3272 5207 sicut
3298 5150 3625 5207 contrarium
3660 5149 3839 5205 incre-

2250 5251 2466 5306 dulitas.
2498 5250 2591 5304 Est
2626 5257 2804 5303 autem
2835 5248 3199 5317 perSpicuum,
3237 5243 3381 5315 quod
3424 5242 3558 5297 fides
3586 5251 3840 5311 operatur

2247 5342 2528 5413 justitiam.
2556 5341 2706 5396 Sicut
2740 5341 2881 5395 enim
2925 5354 3023 5393 nos
3069 5352 3388 5408 responsum
3434 5334 3744 5403 accepimus
3774 5335 3839 5389 de

2251 5435 2516 5505 gehenna,
2565 5433 2634 5486 ita
2686 5432 2775 5486 ille
2822 5446 3058 5500 quoque.
3106 5429 3268 5499 Atqui
3319 5437 3445 5483 tunc
3491 5425 3837 5491 irridebatur,

2254 5537 2376 5581 tunc
2417 5524 2627 5593 probris
2668 5522 3002 5577 afï¬ciebatur
3033 5530 3087 5575 et
3124 5520 3592 5583 subsannabatur;
3638 5518 3733 5572 sed
3764 5530 3837 5573 ta-

2253 5634 2372 5672 men
2415 5616 2480 5671 ad
2520 5616 2647 5671 nihil
2696 5616 2884 5669 ltorum
2942 5613 3152 5681 aspexit
3183 5612 3279 5668 :8.
3339 5611 3469 5666 Fide
3509 5612 3595 5681 qni
3634 5625 3837 5666 rocamt

2253 5712 2506 5768 Abraham
2532 5710 2743 5767 obcdirit
2770 5711 2820 5765 in
2849 5710 3014 5766 locum
3036 5709 3194 5776 exire,
3220 5724 3372 5782 quem
3400 5714 3703 5778 accepturus
3732 5716 3838 5763 erat
