4068 6436
268 407 353 465 181

268 535 319 587 in
344 529 703 585 hereditatem
728 549 750 597 ;
796 541 847 587 et
886 530 1009 586 exiit
1037 531 1265 586 nesciens
1288 546 1389 602 quo
1413 530 1527 585 iret.
1556 530 1611 587 9.
1653 530 1785 586 Fide
1811 532 1905 585 (ἰε-

266 634 492 677 moratus
518 634 600 677 est
628 623 690 676 in
725 634 881 677 terra
899 621 1308 693 repromissionis
1338 634 1597 693 tamquam
1626 624 1678 677 in
1710 624 1916 691 alieno,b

263 715 311 767 in
339 716 537 769 casulis
582 714 890 768 habitando
925 730 1040 768 eum
1079 712 1233 768 Isaac
1270 723 1319 767 et
1360 711 1523 768 Iacob
1560 714 1897 769 coheredibus

263 806 697 873 repromissionis
726 804 980 877 ejusdem.
1007 804 1178 873 Quem
1202 805 1345 860 enim
1376 805 1530 872 vidit,
1553 804 1641 861 dic
1666 805 1819 872 mihi,
1843 818 1901 861 ut

260 912 377 951 cum
405 897 838 953 a'mularetur‘t
866 906 1071 965 patrem
1122 895 1308 951 habuit
1347 896 1601 967 gentilem
1642 906 1697 953 et
1728 896 1901 951 idolo-

261 988 469 1055 latratn,
506 1005 625 1044 non
665 989 924 1045 audierat
960 987 1272 1060 prophetas,
1317 988 1594 1045 nesciebat
1622 1004 1730 1059 quo
1772 985 1895 1046 iret.

258 1079 383 1135 Nam
411 1081 696 1151 quoniam
737 1080 808 1136 ad
844 1095 939 1136 eos
962 1079 1301 1151 aspiciebaot
1330 1080 1421 1151 qui
1453 1081 1800 1136 crediderant
1828 1098 1895 1139 cx

259 1172 501 1228 llebra-is
528 1214 547 1240 ,
598 1181 667 1228 ut
714 1173 810 1245 qui
850 1173 986 1228 bona
1032 1174 1408 1243 percepissent
1450 1173 1891 1238 innumerabilia,

255 1265 496 1320 ostendit
532 1265 699 1336 quod
728 1266 909 1321 nullus
935 1265 1111 1321 adhuc
1139 1265 1430 1337 quidquam
1464 1267 1753 1339 acceperit,
1794 1270 1891 1324 sed

254 1373 443 1414 otnnes
490 1359 611 1414 sint
642 1375 675 1413 a
712 1359 939 1430 prtemio
971 1360 1263 1427 immunes,
1296 1370 1351 1413 ct
1391 1361 1569 1415 nullus
1599 1361 1778 1418 adhuc
1812 1363 1892 1416 ul-

256 1451 354 1504 lam
400 1450 679 1507 habuerit
715 1452 1234 1507 remunerationem.
1278 1451 1494 1507 Excidit
1539 1453 1628 1507 ille
1655 1461 1711 1510 et
1738 1468 1768 1509 a
1798 1470 1892 1524 pa-

255 1544 350 1598 tria
380 1556 437 1601 et
467 1562 498 1601 a
534 1546 738 1613 domo,
786 1558 841 1604 et
886 1549 1016 1602 exiit
1056 1548 1308 1603 nesciens
1348 1563 1455 1618 quo
1493 1548 1613 1604 iret.
1653 1549 1718 1604 Et
1760 1550 1887 1620 quid

255 1636 443 1690 mirum
479 1639 527 1693 si
567 1640 720 1709 ipse,
754 1655 874 1694 cum
900 1639 1015 1704 eius
1042 1654 1257 1710 quoque
1283 1654 1468 1695 semen
1495 1640 1575 1696 sic
1597 1638 1888 1697 habitarit?

256 1727 452 1787 Videas
486 1733 728 1803 quidem
759 1744 1041 1788 certe-non
1074 1733 1279 1803 impleri
1307 1734 1743 1803 promissionem,
1775 1750 1879 1790 non

256 1824 530 1895 elanguit;
567 1824 719 1880 dixit
749 1826 891 1882 enim
926 1844 940 1879 :
977 1824 1088 1879 Tibi
1111 1825 1241 1879 dabo
1264 1834 1449 1879 terram
1466 1826 1617 1893 hanc,
1637 1835 1682 1881 et
1702 1828 1885 1881 semini

253 1928 331 1971 tuo
360 1916 522 1987 (Gen.
564 1918 667 1973 l2.
690 1919 767 1988 7).
796 1917 940 1972 \‘idit
970 1916 1138 1972 lilium
1177 1918 1287 1971 illic
1313 1916 1669 1984 habitantem,
1699 1928 1753 1971 et
1784 1932 1882 1974 ne-

252 2026 342 2077 pos
370 2027 574 2068 rursus
602 2026 671 2067 se
703 2011 832 2066 vidit
860 2011 1187 2066 habitantem
1235 2009 1287 2064 in
1319 2009 1517 2076 aliena,
1550 2018 1604 2064 et
1658 2024 1763 2065 non
1797 2006 1880 2067 est

254 2104 525 2158 turbatus.
570 2102 717 2158 Nam
754 2101 897 2174 quod
924 2101 990 2157 ad
1016 2100 1292 2156 Abraham
1326 2100 1544 2172 quidem
1574 2101 1789 2167 attinet,
1824 2101 1876 2157 id

254 2193 344 2248 luit
387 2197 526 2249 satis
574 2206 1030 2261 consentaneum,
1076 2201 1261 2264 utpote
1300 2192 1444 2263 quod
1475 2192 1762 2261 promissio
1792 2192 1859 2247 ad

254 2285 499 2339 eﬁectum
537 2296 736 2356 postea
779 2294 926 2340 esset
970 2283 1289 2340 deducenda
1322 2284 1375 2337 in
1415 2297 1616 2353 genere
1661 2283 1871 2354 ipsius;

261 2377 597 2438 quamquam
645 2372 743 2442 ipsi
790 2388 1005 2443 quoque
1051 2373 1251 2428 dictum
1298 2382 1402 2439 est,
1448 2372 1565 2429 Tibi
1609 2388 1654 2430 ct
1692 2372 1879 2433 semini

264 2466 343 2510 tuo
374 2475 394 2513 :
421 2477 561 2535 ιιιη,
597 2463 706 2518 Per
735 2479 920 2518 semen
954 2474 1100 2518 unum
1134 2463 1249 2528 tibi,
1280 2463 1399 2529 sed,
1447 2463 1565 2519 Tibi
1599 2475 1647 2518 et
1692 2462 1881 2517 semini

267 2561 347 2605 uia
374 2568 394 2606 :
424 2564 621 2611 etnec
662 2554 797 2626 ipse,
849 2571 951 2611 nec
993 2555 1159 2619 Isaae,
1207 2571 1309 2612 nec
1335 2555 1503 2612 Jacob
1530 2553 1713 2625 adepti
1753 2563 1881 2609 sunt

269 2646 716 2712 promissionem.
772 2644 907 2704 Nam
958 2648 1045 2704 hic
1089 2648 1306 2718 quidem
1362 2646 1616 2703 mercede
1669 2645 1877 2709 serviit,

269 2737 399 2793 alios
429 2756 569 2795 vero
600 2751 684 2796 cst
709 2741 985 2811 expulsus,
1018 2742 1156 2797 alius
1182 2756 1312 2796 vero
1350 2739 1513 2796 etiam
1555 2738 1751 2794 timens
1780 2752 1879 2791 cs-

270 2830 434 2896 cidit;
464 2843 525 2888 et
555 2832 664 2887 alia
696 2833 914 2904 quidem
945 2833 1091 2890 bello
1134 2834 1298 2905 cepit,
1328 2832 1429 2889 alia
1460 2839 1641 2889 autem
1685 2829 1881 2902 periis-

271 2930 409 2987 scnt,
444 2923 556 2978 nisi
601 2924 696 2979 Dei
734 2924 834 2994 ipsi
879 2924 1141 2981 adfuisset
1170 2924 1428 2980 auxilium
1457 2922 1555 2998 (a).
1586 2923 1881 2993 Propterea

272 3011 397 3068 dicit
428 3033 442 3068 :
478 3017 617 3070 Cum
645 3016 918 3072 heredibus
940 3017 1165 3086 ejusdem
1197 3016 1570 3088 promissionis.
1597 3014 1715 3071 Non
1742 3013 1880 3083 ipse,

275 3094 483 3177 inquit;
515 3110 689 3177 solus,
722 3110 816 3168 sed
858 3112 1019 3167 etiam
1050 3112 1169 3182 ejus
1200 3110 1449 3167 heredes.
1494 3107 1701 3166 Deinde
1737 3106 1880 3163 aliud

276 3214 338 3254 ex
366 3202 539 3259 dictis
576 3203 775 3260 eiarius
812 3205 1076 3268 enuntiat,
1122 3203 1353 3259 dicens:
1384 3201 1548 3257 Juxta
1588 3202 1743 3272 fidem
1790 3200 1880 3256 de-

279 3292 432 3359 functi
475 3306 602 3352 sunt
646 3314 819 3352 omnes
860 3298 947 3353 isti
993 3314 1095 3353 non
1141 3298 1363 3368 acceptis
1406 3296 1885 3369 repromissionibus

280 3383 427 3458 (Cen.
448 3389 539 3444 19..
565 3389 650 3459 l3)
666 3389 876 3460 .Opevze
898 3392 1223 3462 pretiumeSt
1241 3389 1327 3446 hic
1346 3390 1453 3446 dno
1474 3402 1886 3459 quaerere,an-

283 3479 438 3535 modo
476 3497 603 3537 cum
644 3481 841 3539 dixerit
866 3482 1008 3554 quod
1043 3483 1314 3539 transtulit
1340 3481 1550 3548 Enoch,
1581 3490 1640 3537 ut
1670 3496 1775 3537 non
1805 3481 1887 3535 vi-

282 3570 428 3627 deret
479 3583 736 3639 mortem,
778 3585 832 3630 et
886 3589 991 3630 non
1046 3573 1443 3641 inveniebatur,
1501 3573 1634 3630 dicit
1671 3572 1881 3628 :Juxta

284 3664 427 3731 ﬁdem
473 3667 703 3739 defuncti
744 3679 864 3724 sunt
892 3685 1066 3724 omnes
1095 3668 1197 3724 isti.
1230 3668 1299 3724 Et
1329 3683 1537 3733 rursus,
1567 3683 1689 3723 cum
1728 3666 1880 3724 dixe-

287 3758 371 3822 rit,
402 3758 529 3815 Non
560 3762 782 3831 acceptis
813 3760 1255 3833 promissionibus,
1298 3760 1428 3817 dicit
1456 3759 1569 3816 Noe
1608 3759 1884 3830 accepisse

286 3853 588 3909 mercedem
621 3852 847 3907 salutem
874 3853 1066 3909 domus
1094 3868 1228 3917 sum,
1260 3865 1313 3909 et
1345 3853 1528 3908 Enocb
1559 3867 1680 3908 esse
1711 3861 1885 3907 trans-

289 3940 469 4011 latum,
505 3956 559 4001 et
602 3944 738 4001 Abel
780 3945 958 4000 adhuc
997 3946 1161 4017 loqui,
1206 3955 1263 4001 et
1292 3944 1562 4001 Abraham
1598 3944 1877 4014 accepisse

288 4042 502 4104 terram,
556 4047 615 4093 et
654 4037 829 4093 dicit:
863 4037 1026 4099 Juxta
1068 4039 1225 4107 ﬁdem
1269 4038 1501 4110 defuncti
1548 4046 1668 4093 sunt
1710 4054 1883 4093 omnes

288 4128 380 4193 isti,
413 4147 516 4185 non
548 4131 770 4201 acceptis
819 4130 1255 4201 promissionibus.
1295 4129 1436 4198 Quid
1484 4144 1615 4201 ergo
1650 4130 1766 4192 vult
1793 4129 1879 4184 di-

286 4220 443 4276 cere?
462 4219 697 4276 Necesse
723 4227 807 4275 est
829 4221 1059 4289 primum
1084 4221 1319 4286 solvere,
1347 4219 1544 4276 deinde
1560 4219 1879 4276 secundum.

288 4312 439 4371 Juxta
478 4317 635 4385 fidem
680 4317 870 4370 mortui
908 4322 1047 4384 sunt,
1081 4315 1275 4386 inquit,
1317 4332 1491 4370 omnes
1529 4315 1632 4370 isti.
1671 4314 1879 4383 Omnes,

287 4421 386 4465 non
414 4410 667 4480 quoniam
696 4422 887 4463 eomes
931 4418 1053 4463 sunt
1085 4407 1304 4471 mortui.
1349 4406 1446 4463 sed
1491 4406 1745 4476 quoniam
1787 4406 1883 4463 illo

286 4510 502 4572 excepto
512 4515 706 4557 omnes
724 4500 814 4557 isti
838 4510 965 4556 sunt
983 4499 1203 4565 mortui,
1216 4512 1356 4570 quos
1367 4498 1575 4552 scimus
1590 4507 1712 4550 esse
1725 4484 1876 4549 mor-

290 4600 422 4649 tuos.
443 4592 583 4648 Illud
603 4593 940 4657 autem,Non
955 4594 1182 4663 acceptis
1204 4587 1762 4660 promissiontbus,est
1779 4601 1874 4643 ve-

286 4697 390 4741 rum
412 4702 426 4740 :
448 4699 559 4740 non
578 4685 679 4739 hoc
692 4683 837 4740 enim
856 4682 1088 4739 futurum
1117 4683 1334 4738 enuntia
1342 4683 1427 4736 bat
1442 4680 1555 4738 Noe
1568 4680 1878 4753 promissio.

345 4778 397 4833 2.
441 4777 591 4847 Quas
622 4785 802 4831 autem
839 4775 971 4830 dicit
1003 4772 1431 4845 promissionest
1472 4774 1620 4829 Isaac
1654 4769 1872 4842 quidem

285 4880 328 4924 et
349 4869 519 4927 Jaeob
550 4876 873 4939 acceperunt
900 4876 1054 4922 terra:
1079 4864 1469 4937 promissiones
1489 4883 1503 4931 ;
1527 4863 1639 4920 Noe
1665 4871 1877 4929 autem,

288 4949 411 5008 Abel
458 4960 513 5005 et
545 4949 736 5007 Enoclt
776 4964 1034 5021 quasnam
1078 4959 1405 5019 acceperunt
1446 4948 1883 5019 promissiones‘t

288 5048 380 5102 Αιιι
405 5060 542 5117 ergo
585 5044 715 5099 dicit
757 5042 825 5100 de
870 5044 954 5101 bis
986 5044 1157 5098 tribus
1191 5061 1205 5096 :
1237 5054 1328 5098 aut
1360 5044 1406 5099 si
1439 5044 1602 5099 etiam
1643 5043 1710 5098 de
1752 5041 1879 5109 illis,

289 5152 383 5193 non
414 5139 521 5194 hoc
546 5146 666 5193 erat
712 5136 1020 5207 promissio,
1069 5136 1213 5207 quod
1255 5137 1390 5193 Abel
1437 5135 1533 5191 fuit
1570 5136 1784 5192 habitus
1828 5138 1880 5193 in

288 5230 671 5292 admiratione.
742 5229 886 5302 quod
946 5230 1136 5286 Eoocb
1204 5230 1306 5285 fuit
1360 5230 1670 5298 translatus,
1735 5231 1880 5302 quod

288 5335 534 5381 servatus
584 5324 680 5378 fuit
709 5322 863 5389 Noe;
894 5323 991 5378 sed
1039 5323 1157 5379 haec
1204 5322 1421 5395 quidem
1473 5324 1553 5380 eis
1584 5334 1881 5380 evenerunt

290 5425 500 5488 propter
519 5416 800 5481 virtutem,
832 5424 988 5470 erant
1008 5425 1191 5470 autem
1216 5416 1433 5487 quidam
1462 5425 1651 5489 gustus
1672 5416 1884 5473 futuro-

289 5520 423 5564 rum.
455 5508 597 5565 Deus
634 5507 782 5563 enim
825 5521 948 5561 cum
984 5507 1189 5563 videret
1215 5508 1283 5564 ab
1312 5508 1469 5564 initio
1495 5523 1668 5580 genus
1688 5508 1883 5564 huma-

291 5614 407 5656 nam
439 5616 574 5672 opus
600 5600 806 5656 habere
834 5609 893 5654 ιιι
921 5598 987 5654 ad
1017 5600 1137 5669 ejus
1162 5610 1380 5670 captum
1412 5616 1472 5657 se
1499 5601 1883 5658 accommoda-

289 5703 386 5763 ret,
417 5709 519 5751 non
564 5696 745 5752 solum
792 5692 992 5757 futura,
1022 5692 1119 5749 scd
1165 5702 1221 5749 et
1262 5708 1383 5759 qua:
1426 5693 1513 5750 hic
1555 5702 1682 5749 sunt
1726 5694 1883 5750 nobis

334 5889 405 5953 (a)
423 5889 509 5943 Hic
532 5888 706 5955 hicipit
726 5880 930 5936 humilia
945 5893 1085 5943 sxw,
1100 5881 1150 5932 in
1174 5879 1353 5933 Codice
1370 5878 1505 5933 Colb.

1082 405 1145 460 IN
1188 403 1399 460 EPIST.
1441 405 1533 459 AD
1572 403 1938 460 ΠΕΒΠᾸΞΟΞ.
1980 404 2136 459 C.\P.
2182 404 2271 461 XI.
2316 406 2550 464 HOMIL.
2594 409 2785 467 XXIII.

3507 407 3608 465 ﬂii

2000 525 2213 579 donat:
2252 532 2309 577 ut
2353 523 2497 594 quod
2545 522 2795 579 Christus
2841 522 3055 579 dieebat
3110 521 3394 595 discipulis
3435 539 3448 577 :
3502 522 3606 593 Qui

1998 615 2193 669 dimisit
2234 614 2435 677 domos,
2482 624 2572 667 aut
2606 619 2814 684 fratres,
2863 623 2951 667 aut
2993 631 3213 680 sorores,
3258 624 3347 669 aut
3386 627 3605 686 patrem,

1996 717 2087 760 aut
2115 714 2346 771 tuatrem,
2376 707 2672 775 centuptum
2695 707 2926 776 accipiet,
2956 718 3003 761 et
3031 707 3183 760 vitam
3209 717 3452 761 intentam
3483 723 3606 777 pos-

1996 798 2176 852 sidebit
2206 796 2423 869 (Matth.
2458 797 2547 854 19.
2587 796 2737 868 29);
2782 805 2838 852 et
2867 805 3076 863 rursus,
3129 798 3355 865 Quterite
3394 794 3608 869 regnum

1998 888 2117 956 Dri,
2160 900 2210 943 et
2253 892 2361 945 haec
2404 893 2577 945 omnia
2616 890 2931 961 adjicientur
2966 892 3104 946 vobis
3143 891 3359 962 (Matth.
3391 893 3445 947 6.
3489 893 3607 961 35).

2000 984 2160 1039 Vides
2190 984 2305 1039 haec
2329 984 2491 1039 etiam
2523 985 2573 1038 in
2604 993 2755 1053 parte
2777 986 3108 1040 accessionis
3132 987 3200 1041 ab
3221 1002 3287 1041 eo
3314 1001 3435 1042 esse
3458 986 3604 1051 data,

2000 1092 2067 1131 ne
2105 1076 2510 1148 defetigentur?
2540 1075 2672 1132 Nam
2706 1086 2764 1131 ιιι
2795 1077 3041 1143 τιιιιιειεισ,
3074 1078 3237 1133 etiam
3271 1078 3489 1149 quando
3514 1078 3610 1134 de-

1998 1179 2243 1235 certant,
2289 1170 2537 1225 frntmtur
2580 1169 2797 1240 quidem
2838 1172 3139 1237 curatione,
3178 1170 3276 1227 sed
3324 1188 3430 1227 non
3483 1182 3608 1226 tunc

1996 1262 2143 1315 oomi
2202 1261 2389 1330 requie
2432 1269 2488 1315 et
2534 1260 2867 1317 relaxatioue
2912 1261 3179 1329 fruuntur,
3227 1264 3469 1319 viventes
3507 1265 3608 1320 sub

1994 1356 2132 1423 lege,
2166 1352 2259 1407 sed
2293 1363 2475 1421 postea
2498 1351 2747 1407 fruuntur
2772 1354 3020 1410 universa
3054 1373 3067 1409 :
3100 1356 3179 1411 sic
3213 1357 3355 1413 Deus
3392 1371 3607 1427 quo-pte

1995 1462 2099 1499 non
2150 1446 2239 1499 dat
2276 1444 2362 1498 hic
2410 1453 2467 1497 ut
2528 1444 2695 1500 simus
2737 1447 3025 1517 participes
3070 1449 3245 1503 omnis
3295 1449 3495 1520 quietis
3552 1456 3609 1504 et

1994 1538 2361 1593 relaxatioois.
2406 1535 2539 1590 Nam
2586 1536 2673 1591 hic
2713 1541 2875 1594 etiam
2922 1539 3012 1595 dat
3065 1541 3302 1611 quidem,
3342 1552 3399 1598 at
3439 1553 3604 1599 totam

1994 1632 2406 1701 promissionem
2437 1632 2486 1683 in
2524 1629 2763 1688 futurum
2805 1636 3121 1691 reservavit.
3152 1636 3219 1690 Et
3246 1637 3386 1707 quod
3421 1654 3506 1695 res
3533 1639 3603 1693 ita

1994 1725 2085 1791 sit,
2113 1724 2404 1781 declaravit
2442 1729 2523 1784 his
2554 1731 2769 1787 verbis:
2798 1730 2905 1785 Sed
2944 1748 3028 1785 eas
3058 1747 3089 1783 a
3130 1732 3277 1802 longe
3308 1735 3606 1801 aspicientes

1994 1826 2040 1869 et
2088 1817 2387 1874 salutantes.
2440 1820 2534 1877 llic
2589 1824 2875 1893 mysticum
2915 1822 3189 1894 quidpiam
3248 1825 3552 1881 subiudicat
3585 1868 3599 1891 ,

1996 1922 2191 1979 nempe
2220 1910 2359 1979 quod
2391 1924 2716 1982 acceperunt
2743 1913 2922 1968 onmia
2963 1931 3082 1984 qua:
3122 1915 3191 1971 de
3246 1916 3437 1972 futuris
3463 1918 3603 1972 dicta

1991 2009 2135 2064 sunt,
2164 1999 2232 2056 de
2254 2004 2667 2072 resurrectione,
2687 2004 2755 2060 de
2779 2020 2944 2077 regno
2965 2006 3243 2073 tut-lorum,
3265 2006 3334 2062 de
3363 2007 3503 2075 aliis,
3533 2009 3608 2069 de

1991 2092 2183 2161 quibus
2202 2094 2469 2161 Christus,
2502 2113 2626 2153 cum
2674 2099 2931 2166 venisset,
2977 2100 3437 2171 prmdicavitdtas
3458 2108 3605 2161 enim

1991 2182 2121 2238 dicit
2152 2185 2560 2254 promissiones.
2602 2190 2709 2245 Aut
2740 2190 2842 2245 hoc
2868 2190 3017 2257 dicit,
3049 2202 3141 2247 aut
3178 2194 3322 2264 quod
3358 2209 3454 2251 eas
3481 2198 3606 2269 qui-

1994 2275 2116 2329 dem
2165 2292 2274 2332 non
2322 2293 2667 2350 acceperunt,
2709 2293 2858 2339 certa
2886 2294 3067 2339 autem
3118 2284 3186 2342 de
3216 2286 3297 2341 eis
3341 2301 3605 2361 concepta

1993 2367 2187 2423 ﬁducia
2241 2383 2630 2440 excesserunt;
2681 2375 2795 2431 sola
2849 2386 3029 2433 autem
3061 2377 3165 2433 ﬁde
3192 2389 3397 2438 certam
3420 2384 3488 2439 de
3527 2386 3608 2439 eis

1991 2471 2368 2531 concepcrunt
2420 2463 2694 2534 ﬁduciam,
2755 2469 2944 2537 procul
2988 2483 3081 2524 eas
3130 2469 3400 2542 videntes,
3433 2476 3607 2547 inquit

2003 2562 2201 2619 nempe
2244 2562 2372 2608 ante
2425 2564 2657 2624 quatuor
2695 2559 3075 2626 generationes
3120 2575 3136 2615 :
3186 2579 3309 2618 nam
3359 2576 3481 2636 post
3528 2576 3608 2622 tot

1991 2642 2367 2709 generationes
2406 2644 2766 2701 ascenderunt
2798 2661 2867 2702 ex
2894 2644 3152 2719 Egypte.
3185 2647 3253 2703 Et
3280 2651 3566 2705 salutantes
3589 2680 3603 2705 ο

1990 2732 2183 2803 inquit,
2211 2743 2259 2788 et
2288 2734 2466 2789 Ιιειαιί.
2495 2734 2629 2791 Tam
2657 2745 2805 2793 certa
2834 2736 2904 2795 de
2944 2734 3079 2808 ipsis
3106 2750 3227 2795 erat
3255 2741 3341 2798 eis
3368 2757 3600 2813 persua-

1989 2824 2094 2891 sio,
2126 2835 2185 2881 ut
2212 2842 2306 2882 eas
2342 2828 2507 2883 etiam
2536 2829 2840 2886 salutarent
2870 2847 2887 2885 ε
2919 2845 2949 2885 a
2980 2832 3298 2903 metaphora
3338 2837 3600 2906 navigan—

1990 2919 2121 2973 tium
2152 2920 2302 2987 dicit,
2333 2930 2388 2977 ct
2418 2924 2604 2993 procul
2651 2923 2949 2982 videntium
2991 2928 3242 2985 civitates
3280 2944 3416 3000 quas
3461 2930 3606 2984 desi-

1990 3010 2203 3076 derant,
2254 3027 2393 3083 quas
2445 3014 2757 3087 priusquam
2810 3017 2863 3072 iu
2916 3018 3061 3093 ipsas
3102 3020 3334 3091 ingressi
3380 3020 3603 3088 inierint,

1989 3104 2401 3173 compellatione
2421 3116 2607 3177 captas
2625 3108 2726 3163 sibi
2753 3106 3077 3167 attribuunt.
3106 3112 3196 3168 10.
3225 3111 3605 3183 Επερεειαόαηι

1990 3196 2145 3261 enim,
2195 3196 2388 3269 inquit,
2437 3200 2773 3272 fundamenta
2816 3206 3085 3260 habentem
3126 3207 3413 3274 civitatem,
3456 3210 3607 3280 cujus

1988 3289 2178 3361 artifex
2199 3300 2245 3344 et
2265 3292 2501 3347 conditor
2528 3292 2693 3348 Deus.
2724 3295 2887 3352 Vides
2909 3298 3053 3368 quod
3082 3298 3233 3363 illud,
3257 3300 3602 3372 Acceperunt,

1988 3392 2070 3437 est
2096 3395 2411 3454 exspectare
2443 3396 2495 3441 et
2530 3386 2598 3442 de
2634 3388 2715 3443 eis
2743 3389 3058 3448 conﬁdere?
3086 3392 3141 3449 Si
3167 3408 3299 3470 ergo
3329 3394 3605 3452 conﬁdere

1988 3484 2072 3530 est
2096 3477 2392 3548 accepisse,
2428 3478 2588 3534 nobis
2623 3495 2837 3553 quoque
2865 3482 2990 3539 licet
3020 3484 3290 3555 accipere.
3316 3486 3408 3542 Isti
3431 3488 3603 3557 enim,

1987 3569 2087 3623 etsi
2120 3568 2187 3623 iis
2214 3585 2321 3624 non
2354 3580 2480 3625 sunt
2511 3574 2687 3641 potiti,
2717 3573 2993 3630 desiderio
3023 3586 3200 3632 tamen
3233 3593 3326 3634 eas
3354 3589 3603 3636 contem-

1986 3658 2298 3730 plabantur.
2340 3660 2451 3717 Cur
2501 3672 2682 3719 autem
2734 3665 2848 3721 lucc
2896 3666 3077 3722 ﬁunt?
3116 3668 3186 3726 Ut
3232 3686 3333 3726 nos
3382 3670 3600 3741 pudeat,

1986 3751 2129 3821 quod
2176 3752 2252 3807 illi
2298 3753 2539 3823 quidem,
2573 3769 2696 3809 cum
2731 3758 3183 3825 promitterentur
3226 3777 3347 3831 qua:
3387 3765 3599 3821 suntin

1989 3850 2152 3907 terra,
2181 3860 2286 3899 non
2317 3845 2690 3911 attendchant,
2730 3849 2825 3903 sed
2860 3848 3095 3904 futuram
3135 3851 3411 3911 civitatem
3450 3871 3601 3926 quae-

1987 3933 2178 3989 rebant
2209 3952 2221 3988 :
2258 3936 2417 3991 nobis
2446 3947 2627 3993 autem
2670 3938 2811 3995 Deus
2837 3954 3038 4011 susque
3060 3940 3236 4016 deque
3263 3945 3331 4002 de
3360 3962 3599 4018 superna

1986 4026 2223 4097 loquitur
2246 4028 2487 4094 civitate,
2520 4040 2573 4084 et
2614 4046 2732 4085 eam
2770 4046 2893 4100 qua:
2927 4041 3013 4087 est
3039 4032 3127 4090 hic
3156 4039 3473 4107 qua-riotus.
3506 4039 3602 4094 Di-

1986 4120 2063 4174 xit
2104 4122 2182 4176 eis
2217 4140 2229 4175 :
2260 4120 2409 4177 Dabo
2438 4124 2575 4192 vobis
2617 4140 2731 4194 qtae
2779 4126 2997 4183 sunt-in
3031 4131 3271 4198 pra'senti
3296 4148 3315 4185 :
3345 4133 3599 4203 quoniam

1984 4222 2166 4269 autem
2193 4214 2345 4281 vidit,
2390 4216 2474 4271 vel
2510 4217 2688 4287 potius
2717 4219 2977 4289 quoniam
3005 4224 3218 4293 seipsos
3246 4226 3603 4282 ostenderunt

1984 4304 2177 4377 dignos
2221 4322 2343 4363 esse
2385 4309 2705 4380 majoribus,
2755 4323 2881 4370 tunc
2923 4331 3032 4371 non
3065 4318 3299 4389 amplius
3328 4320 3457 4375 sinit
3483 4320 3602 4376 iure

1984 4396 2250 4467 accipere,
2294 4397 2392 4454 sed
2441 4400 2533 4457 illa
2580 4403 2826 4473 majora;
2882 4406 3074 4462 volens
3114 4410 3272 4465 nobis
3311 4411 3601 4468 ostendere

1982 4488 2126 4559 quod
2158 4488 2303 4562 digni
2337 4500 2466 4549 sunt
2490 4495 2807 4566 majoribus,
2847 4507 2904 4552 ut
2928 4498 3021 4569 qui
3053 4500 3327 4556 noluerint
3358 4502 3442 4558 his
3483 4505 3602 4559 alli-

1984 4580 2097 4649 gari
2134 4596 2146 4631 :
2183 4589 2240 4634 ut
2265 4581 2312 4639 si
2342 4586 2465 4655 quis
2493 4587 2815 4659 intelligenti
2845 4589 3197 4659 polliceretur
3218 4595 3468 4663 puerilia,
3492 4612 3599 4653 non

1983 4680 2045 4725 ιιι
2092 4671 2341 4746 accipiat,
2392 4677 2488 4734 sed
2521 4680 2640 4749 ejus
2686 4683 2986 4739 ostendens
3034 4684 3457 4757 philosophiam,
3511 4690 3602 4745 illo

1987 4775 2204 4834 petente
2235 4768 2461 4840 majora.
2497 4771 2609 4829 lloc
2636 4774 2780 4829 enim
2809 4788 2891 4832 est
2917 4779 3258 4837 ostendentis
3285 4783 3426 4854 quod
3454 4786 3603 4839 tanto

1985 4859 2169 4915 studio
2194 4860 2540 4917 abstinebant
2568 4880 2597 4919 a
2633 4874 2797 4930 terra.
2828 4879 2886 4923 ut
2918 4885 3019 4926 nec
3053 4888 3174 4942 qua:
3216 4873 3487 4933 dabantur
3513 4893 3604 4934 ae-

1987 4954 2255 5023 cipercnt.
2308 4956 2602 5028 Propterea
2653 4976 2786 5033 ergo
2843 4964 3119 5037 accipiunt
3173 4979 3443 5038 nepotes;
3500 4972 3603 5043 ipsi

1926 5102 1929 5103 ν
1988 5046 2131 5102 enim
2163 5058 2312 5103 erant
2352 5049 2499 5121 digni
2526 5062 2690 5109 terra.
2718 5055 2855 5124 Quid
2884 5068 2969 5114 est
3001 5069 3206 5129 autem,
3242 5062 3604 5124 Fundamenta

1989 5140 2251 5195 habentem
2279 5143 2576 5199 civitatem?
2604 5146 2719 5204 hmc
2749 5151 2893 5205 enim
2922 5167 3028 5207 non
3052 5165 3179 5212 sunt
3209 5155 3557 5215 fundamenta
3580 5164 3605 5215 ’ἰ

1989 5233 2102 5288 Non
2146 5244 2269 5289 sunt
2313 5236 2358 5290 si
2400 5240 2746 5297 conterantur
2793 5259 2914 5299 cum
2948 5246 3073 5304 illis.
3122 5248 3282 5321 Cujus
3324 5254 3512 5323 artifex
3545 5266 3593 5309 et

1987 5328 2221 5381 conditor
2248 5340 2320 5383 est
2372 5328 2528 5385 Deus.
2574 5333 2751 5405 Papae,
2791 5339 2949 5408 quale
2986 5350 3070 5397 est
3113 5344 3418 5401 encomium
3462 5347 3606 5404 illius

1987 5418 2258 5473 civitatis?
2307 5421 2395 5476 11.
2455 5421 2589 5479 Fide
2652 5437 2699 5480 et
2743 5432 2858 5497 ipsa
2902 5428 3057 5488 Sara.
3104 5434 3243 5503 Apte
3293 5434 3381 5492 hic
3438 5440 3605 5508 carpit

1988 5508 2054 5564 ad
2112 5509 2370 5581 pudorem
2433 5515 2896 5588 sulTundcndnm,
2944 5522 3209 5593 siquidem
3256 5533 3607 5597 apparuerint

1982 5604 2145 5659 animi
2200 5605 2372 5676 magis
2434 5606 2611 5677 pusilli
2652 5618 2707 5662 ct
2751 5606 2944 5678 abjecti
3000 5626 3161 5681 quam
3208 5615 3419 5669 mulier.
3478 5616 3587 5673 Sed

1985 5698 2181 5754 dixerit
2224 5699 2827 5770 qubpiaszuomodo
2864 5703 3034 5760 ﬁdelis
3069 5722 3188 5777 qua:
3220 5708 3380 5765 risit?
3426 5710 3586 5768 Risus

1982 5792 2197 5861 quidem
2249 5804 2396 5850 certe
2441 5805 2523 5850 cst
2567 5811 2631 5851 ex
2682 5795 3075 5864 incredulitate,
3120 5810 3295 5855 metus
3342 5812 3519 5857 autem
3553 5820 3584 5859 a

1985 5884 2088 5942 ﬁde
2117 5904 2129 5940 :
2162 5886 2343 5946 dicere
2368 5888 2534 5960 enim,
2565 5887 2687 5944 Non
2715 5890 2805 5945 risi
2835 5890 2990 5964 (Gen.
3022 5890 3107 5949 18.
3136 5895 3246 5965 t5),
3279 5894 3476 5953 factum
3498 5912 3585 5953 est
