4068 6404
517 415 614 471 Nili

517 543 545 581 a
577 525 699 583 fide.
729 524 1010 593 t‘ropterea
1030 514 1455 590 ergo,esinanita
1476 510 1860 574 incredulitate,
1880 508 2084 594 ingres-

516 631 572 670 sa
612 624 695 669 est
737 613 885 669 ﬁdes.
904 611 1033 678 Fide
1056 620 1105 664 et
1128 610 1237 677 ipsa
1264 606 1396 661 Sara
1422 606 1646 659 virtutem
1684 602 1737 655 in
1761 600 2083 668 conceptione

516 709 717 762 seminis
758 706 967 775 accepit,
1018 705 1165 758 etiam
1220 709 1401 770 pra'ler
1437 708 1628 767 tempus
1680 694 1842 749 (etatis
1873 693 2079 763 peperit.

516 798 652 866 Quid
698 806 796 861 est,
825 796 887 851 In
930 794 1247 864 conceptione
1289 790 1532 845 seminis?
1556 787 1633 843 Ad
1648 801 1831 843 semen
1850 785 2087 841 retinen-

517 893 642 943 dum
671 906 686 946 :
712 890 777 943 ad
808 874 1197 955 suchptionem
1228 882 1473 936 virtutem
1507 878 1730 947 accepit,
1766 892 1883 945 qum.
1912 884 2084 931 morte

518 982 701 1035 aﬂccta
750 986 886 1041 erat,
916 992 1037 1047 qute
1081 972 1501 1043 sterilis.anlcx
1523 970 1662 1025 enim
1684 977 1800 1024 erat
1824 965 2081 1026 defectus,

519 1086 654 1124 unus
682 1068 894 1139 quidem
916 1083 981 1121 cx
1005 1075 1276 1135 tempore;
1310 1077 1493 1118 revera
1522 1062 1663 1115 enim
1692 1068 2081 1118 consenuerat;

518 1162 649 1214 alter
678 1175 705 1213 a
731 1165 952 1220 natura;
993 1164 1109 1211 crat
1134 1155 1275 1209 enim
1319 1151 1535 1208 sterilis.
1578 1150 1663 1205 {2.
1712 1149 1927 1219 Propter
1950 1147 2085 1217 quod

518 1255 665 1308 etiam
702 1252 765 1306 ab
790 1268 888 1306 uno
926 1249 1021 1305 orti
1047 1258 1161 1304 sunt
1189 1264 1377 1311 omnes,
1407 1258 1657 1311 tamquam
1696 1243 1862 1297 sidera
1889 1241 2001 1296 εωιὶ
2033 1241 2087 1295 in

519 1344 904 1407 multitudinem,
942 1351 988 1397 et
1020 1342 1149 1396 sicut
1175 1356 1328 1394 arena
1369 1354 1480 1409 qua:
1523 1346 1595 1392 est
1636 1336 1704 1389 ad
1748 1351 1889 1389 oram
1934 1334 2087 1388 maris

518 1416 925 1489 innumerabilis-
943 1432 1157 1500 Propter
1182 1434 1331 1501 quod,
1363 1428 1548 1498 inquit,
1577 1428 1724 1482 etiam
1761 1442 1823 1480 ea:
1850 1441 1951 1479 uno
1987 1422 2086 1478 orti

517 1533 631 1577 sunt
655 1538 845 1579 omnes.
872 1521 984 1579 Non
1013 1522 1140 1575 dicit
1164 1520 1336 1576 solum
1366 1533 1483 1575 eam
1517 1518 1766 1589 genuisse
1794 1559 1808 1583 ,
1840 1514 1945 1571 sed.
1979 1525 2085 1569 tam

518 1614 804 1667 multorum
836 1612 996 1667 fuisse
1034 1622 1279 1676 matrem,
1327 1621 1454 1680 quot
1485 1625 1583 1665 nec
1625 1607 1857 1665 facundi
1897 1608 2032 1662 uteri
2071 1624 2085 1662 :

521 1706 795 1773 Tamquam
820 1704 986 1758 sidera
1016 1690 1165 1777 (Gen.
1196 1704 1281 1759 13.
1310 1702 1635 1773 16).ιίη(ιηίι.
1659 1700 1938 1770 Quomodo
1959 1714 2087 1771 ergo

518 1812 611 1851 eos
641 1811 784 1867 saepe
810 1806 1072 1861 numeral,
1119 1796 1325 1850 etiamsi
1368 1794 1559 1850 dixerit
1590 1813 1602 1848 :
1631 1792 2086 1861 Quemadmodum

521 1904 626 1942 non
658 1888 1079 1942 nttmcrabuntur
1118 1886 1289 1940 sidera
1330 1888 1447 1941 catli
1476 1904 1491 1940 :
1522 1887 1590 1942 ita
1640 1900 1738 1939 nec
1779 1899 1961 1939 semen
2004 1898 2089 1938 ve-

520 1977 710 2031 strtnﬂ.
741 1979 849 2032 Aut
877 1976 1005 2031 dicit
1034 1992 1127 2045 per
1150 1976 1497 2047 hyperbolen,
1526 1985 1617 2029 aut
1648 1985 1863 2046 preptcr
1886 1990 1977 2031 eos
1999 1974 2087 2045 qui

516 2082 727 2136 semper
741 2067 838 2121 sibi
851 2065 1331 2123 suceedunt.Unins
1344 2067 1537 2136 quippe
1552 2066 1743 2121 domus
1755 2064 1984 2135 majores
1998 2081 2090 2119 nu-

517 2160 709 2212 merari
728 2159 1119 2228 possunt,verhi
1140 2159 1305 2228 gratia
1326 2157 1482 2227 hujus
1499 2159 1581 2214 vel
1604 2157 1763 2224 illius;
1786 2157 1871 2214 bic
1885 2168 2083 2224 autem,

523 2248 610 2302 ubi
639 2263 804 2319 genus
826 2249 947 2303 illud
977 2263 1197 2303 numero
1225 2250 1394 2304 stellis
1418 2259 1776 2318 comparatur,
1808 2264 1911 2305 non
1940 2252 2085 2305 item.

583 2338 636 2392 5.
670 2337 825 2394 Tales
847 2344 975 2394 'sunt
1020 2339 1110 2394 Dei
1154 2340 1597 2410 pollicitationes,
1630 2350 1734 2396 tam
1763 2343 2009 2410 expedita
2036 2351 2092 2398 et

516 2438 620 2482 tam
648 2428 711 2481 ad
745 2430 1034 2497 parandum
1064 2430 1233 2485 facilia
1264 2444 1384 2486 sunt
1409 2432 1498 2486 Dei
1519 2434 1797 2500 promissa.
1827 2434 1882 2489 Si
1913 2442 2087 2488 autem

514 2534 632 2586 qua:
650 2517 989 2576 additamenti
1007 2521 1122 2576 loco
1142 2522 1401 2591 promisit.
1428 2532 1553 2577 sunt
1579 2522 1715 2578 adeo
1732 2523 2087 2591 admirabilia,

513 2607 646 2662 adeo
657 2609 930 2680 magniﬁca
956 2621 1010 2666 et
1024 2612 1317 2681 splendida,
1336 2613 1631 2683 cujusmodi
1657 2625 1811 2669 erunt
1836 2616 1943 2681 illa,
1964 2617 2091 2686 qui-

516 2699 613 2752 bus
644 2699 757 2756 haec
784 2712 908 2759 sunt
951 2703 1303 2760 additamenta
1344 2720 1410 2761 ex
1448 2706 2090 2779 superabundantia.(a)?

500 2780 638 2845 Quid
659 2795 785 2850 ergo
807 2783 1012 2841 beatius
1029 2796 1113 2842 est
1142 2788 1205 2843 iis
1234 2790 1324 2859 qui
1354 2797 1745 2861 assequuntur?
1769 2796 1893 2867 quid
1916 2796 2056 2856 mise

499 2872 610 2925 rius
626 2872 689 2927 iis
704 2874 789 2944 qui
813 2890 919 2930 non
939 2890 1290 2948 assequuntur
1305 2880 1397 2937 ?Si
1413 2884 1552 2939 enim
1582 2885 1699 2955 ejus
1717 2888 1804 2957 qui
1820 2896 1904 2943 est
1926 2902 1957 2944 e
1978 2904 2075 2958 pa-

501 2963 599 3017 tria
628 2964 827 3033 ejectus
840 2980 1027 3022 omnes
1044 2969 1381 3040 miserentur,
1400 2984 1454 3030 ct
1481 2975 1569 3045 qui
1596 2977 1774 3031 amisit
1799 2978 2072 3035 heredita-

500 3062 608 3110 tem
639 3056 847 3112 videtur
863 3060 1110 3115 onmibus
1132 3063 1447 3120 miserabilis
1469 3068 1588 3138 :qtti
1609 3082 1637 3121 a
1659 3068 1790 3123 carlo
1806 3071 2003 3126 excidit
2016 3081 2070 3128 ct

497 3162 528 3201 a
558 3147 708 3203 bonis
732 3164 850 3218 qua:
877 3151 985 3206 illic
1009 3163 1132 3209 sunt
1159 3157 1387 3226 reposita
1415 3199 1430 3223 ,
1466 3175 1623 3229 quam
1654 3162 1833 3218 multis
1865 3162 2060 3230 plorari

495 3237 656 3293 debet
680 3238 968 3312 lacrymis?
997 3244 1104 3300 itno
1124 3261 1253 3302 vero
1281 3263 1379 3303 nec
1405 3250 1601 3319 plorari
1623 3269 1637 3316 ;
1662 3251 1904 3321 ploratur
1924 3254 2066 3309 enim

493 3328 756 3399 quispiam
784 3333 997 3402 quando
1026 3336 1227 3406 aliquid
1254 3338 1305 3393 ei
1332 3340 1607 3408 acciderit,
1636 3342 1790 3412 cujus
1818 3344 1934 3414 ipse
1958 3360 2066 3400 non

492 3429 573 3475 est
600 3435 758 3476 causa
781 3439 796 3487 ;
826 3426 1040 3493 quando
1064 3438 1243 3483 autem
1269 3429 1437 3486 libero
1462 3446 1559 3485 suo
1584 3434 1804 3489 arbitrio
1828 3435 2062 3504 seipsum

494 3510 626 3565 vitio
648 3512 909 3582 quispiam
940 3514 1223 3580 dediderit.
1257 3533 1362 3573 non
1389 3518 1661 3591 lacrymis,
1687 3521 1781 3579 sed
1812 3525 2063 3580 lamenta-

490 3601 724 3657 tionibus
753 3613 913 3674 atque
939 3604 1086 3661 luctu
1115 3616 1239 3663 tunc
1263 3611 1368 3665 erit
1402 3610 1614 3682 dignus.
1642 3612 1773 3668 Nam
1806 3615 2065 3673 Dominus

488 3708 699 3763 quoque
724 3703 904 3749 noster
930 3694 1086 3751 Jesus
1112 3696 1356 3754 Christus
1390 3700 1704 3771 Jerusalem,
1732 3704 1854 3761 licet
1899 3688 2077 3777 impie,

487 3799 547 3840 se
570 3797 842 3856 gerentem
864 3828 879 3853 ,
908 3788 1044 3844 luxit
1070 3798 1125 3845 et
1152 3791 1317 3847 ﬂevit.

560 3876 959 3949 Quot'lacrymis
984 3880 1141 3952 digna
1164 3882 1451 3952 futurorum
1480 3880 1724 3942 bonoaitm
1752 3888 2065 3943 amissio.—

486 3966 968 4026 lnnumerabilibus
1014 3981 1196 4028 revera
1238 3975 1551 4045 ejulatibus,
1584 3979 2061 4037 innumerabilibus

484 4059 957 4116 lamentationibus
1001 4062 1147 4134 digni
1194 4078 1399 4122 sumus.
1453 4067 1509 4124 Si
1570 4069 1850 4125 universus
1908 4072 2058 4127 orbis

484 4158 660 4215 terrae,
690 4160 745 4206 et
773 4151 995 4222 lapides,
1024 4164 1077 4209 et
1108 4155 1248 4227 ligna
1267 4199 1283 4223 ,
1314 4168 1370 4213 et
1404 4159 1621 4216 arbores
1644 4202 1661 4227 ,
1698 4171 1752 4216 ct
1796 4160 1926 4217 ferte
1948 4203 1964 4229 ,
2008 4173 2063 4218 et

483 4256 629 4306 ares,
656 4251 728 4308 et,
756 4252 815 4297 ut
839 4246 1009 4300 semel
1039 4245 1235 4309 dicam.
1265 4258 1406 4303 totus
1426 4252 1571 4307 orbis
1596 4262 1772 4318 terrm,
1804 4268 1935 4309 voce
1964 4269 2058 4309 ac-

480 4344 634 4404 cepta
674 4348 770 4389 nos
793 4334 987 4392 deﬂeat
1033 4340 1122 4408 qui
1154 4354 1184 4395 a
1216 4340 1370 4396 bonis
1397 4342 1500 4398 illis
1528 4345 1823 4401 excidimus
1844 4388 1860 4414 ,
1890 4346 2019 4403 nihil
2040 4388 2057 4413 ,

481 4435 535 4478 nt
566 4441 661 4495 par
694 4436 779 4481 est
801 4468 815 4490 ,
844 4427 1065 4484 deﬂebit
1107 4431 1191 4486 vel
1232 4431 1631 4490 lamentabitur.
1676 4436 1805 4491 Nam
1830 4454 1948 4508 qua:
1972 4438 2057 4493 di-

479 4515 632 4568 cendi
680 4516 938 4585 facultas,
987 4535 1107 4591 qua:
1146 4520 1496 4590 intelligentia
1542 4526 1743 4595 poterit
1789 4528 2058 4596 explicare

478 4605 622 4659 illam
663 4609 1045 4666 beatitudinem
1085 4622 1140 4667 et
1169 4612 1416 4670 virtutem
1463 4616 1645 4682 illam,
1684 4618 2014 4690 voluptatem
2039 4662 2055 4687 ,

476 4698 723 4765 gloriam,
756 4700 1018 4768 laetitiam,
1044 4703 1409 4773 Splendorem.
1442 4708 1568 4774 Qua!
1587 4711 1762 4766 oculus
1783 4729 1881 4766 non
1910 4713 2054 4777 vidit,

478 4788 676 4858 inquit,
706 4806 819 4859 qua
861 4794 1001 4845 auris
1036 4809 1137 4847 non
1177 4796 1369 4850 audiuit
1390 4838 1406 4863 ,
1443 4807 1489 4851 et
1518 4798 1570 4852 in
1599 4815 1685 4853 cor
1711 4802 1929 4857 hominis
1955 4820 2056 4857 non

475 4881 831 4948 ascenderunt,
859 4899 975 4953 qua:
1000 4888 1304 4956 prcparaut’t
1328 4887 1463 4944 Dens
1491 4890 1554 4945 iis
1581 4892 1666 4963 qui
1694 4892 1914 4965 diligunt
1940 4910 2054 4949 eam

477 4969 557 5040 (1.
584 4970 704 5026 Cor.
730 4972 787 5027 2.
821 4973 922 5045 9)?
951 4974 1065 5030 Non
1093 4976 1227 5033 dixit
1251 4978 1427 5036 solum
1451 4995 1809 5054 exsuperare,
1840 4984 1931 5041 sed
1954 5000 2055 5042 nec

474 5063 641 5118 ullum
674 5080 923 5133 umquam
962 5067 1292 5128 intellexisse
1318 5088 1436 5143 qua:
1463 5074 1601 5129 Deus
1631 5080 1839 5144 paravit
1868 5077 1934 5132 iis
1958 5079 2051 5149 qui

475 5152 648 5222 ipsum
670 5154 915 5227 diligunt.
948 5156 1257 5229 Cujusmodi
1292 5164 1435 5219 enim
1467 5164 1603 5219 bona
1632 5177 2048 5223 consentaneum

474 5254 559 5300 est
584 5261 703 5302 esse
725 5263 789 5303 ea
821 5264 939 5320 qua:
968 5250 1109 5308 Deus
1148 5265 1416 5325 prmparat
1459 5265 1517 5311 ct
1547 5258 1799 5314 instruit?
1822 5258 1878 5315 Si
1908 5260 2051 5316 enim

473 5349 594 5389 cum
623 5352 723 5393 nos
753 5338 984 5407 fecisset,
1017 5342 1199 5399 statim
1231 5346 1375 5400 nulla
1402 5362 1463 5403 re
1488 5347 1661 5404 adhuc
1698 5364 1729 5405 a
1771 5350 1927 5408 nobis
1951 5366 2047 5422 pe-

475 5436 642 5514 racta,
679 5438 820 5484 tanta
851 5442 933 5514 est
962 5434 1200 5514 largitus,
1227 5439 1555 5510 paradisum,
1586 5457 1705 5497 cum
1734 5444 1851 5514 ipso
1875 5444 2047 5499 collo-

476 5510 828 5579 qnutionetn,
891 5509 1343 5572 immortalitatem
1388 5525 1472 5572 est
1532 5509 1839 5588 pollicitus,
1886 5526 2052 5579 vitam

478 5599 687 5655 beatam
717 5610 769 5655 et
796 5615 826 5655 a
862 5602 1008 5657 curis
1048 5601 1267 5659 liberam
1297 5624 1311 5659 :
1341 5608 1405 5661 iis
1443 5608 1532 5679 qui
1566 5620 1670 5664 tam
1711 5613 1873 5666 multa
1906 5612 2049 5671 fece-

570 5830 643 5889 (α)
663 5829 754 5881 Hic
776 5831 953 5884 desinit
973 5834 1167 5887 humilia
1192 5837 1422 5889 vicesima
1446 5840 1590 5892 tertia
1617 5840 1661 5888 in
1685 5841 1861 5894 f‘alit-r
1884 5844 2015 5901 Colit,

1248 407 1303 466 S.
1342 401 1615 460 JOANNIS
1651 391 2125 455 CHRYSOSTOMI
2190 388 2521 449 ARCHIEP.‘
2544 384 3074 447 CONSTANTINOP.

3682 384 3789 442 164

2194 517 2356 575 runt,
2385 506 2474 580 qui
2496 506 2632 563 adeo
2656 516 2872 563 strenue
2894 505 3244 561 deccrtarnnt
3269 508 3323 556 et
3344 514 3442 572 pro
3468 495 3587 571 ipso
3613 499 3783 553 susti-

2194 610 2445 668 nuerunt,
2468 600 2593 672 quid
2618 616 2721 653 non
2763 598 3024 655 donabit?
3053 594 3338 666 Unigeuito
3368 606 3465 664 pro
3492 592 3647 647 nobis
3675 606 3785 646 non

2194 694 2455 764 pepercit,
2484 705 2800 763 germanum
2827 704 2889 744 ac
2917 689 3195 759 proprium
3223 684 3417 740 Filium
3442 696 3663 755 propter
3683 697 3787 737 nos

2193 785 2258 839 ad
2291 792 2517 839 mortem
2548 782 2696 837 dedit
2723 799 2736 833 :
2765 782 2808 835 si
2843 794 2941 836 nos
2967 794 3089 835 cum
3135 777 3338 834 inimici
3366 790 3628 838 essemus,
3664 775 3786 830 tali-

2194 877 2292 930 bus
2316 874 2559 945 dignatus
2582 882 2666 929 est
2708 873 2883 935 bonis,
2910 886 3144 943 quonam
3193 885 3292 927 nos
3336 885 3444 924 non
3474 867 3788 940 dignabitur

2192 966 2280 1035 qni
2316 964 2438 1019 facti
2483 979 2669 1019 sumus
2718 963 2920 1018 amici?
2952 976 3197 1033 quautam
3244 975 3351 1016 non
3398 960 3784 1036 impertictur,

2191 1072 2313 1111 cum
2356 1071 2457 1112 nos
2498 1057 2597 1111 sibi
2646 1054 3049 1112 reconciliartt?
3106 1054 3202 1109 Est
3238 1068 3398 1126 supra
3435 1050 3651 1107 modum
3700 1051 3789 1107 di-

2191 1163 2306 1218 ves,
2339 1159 2395 1205 ct
2433 1148 2702 1205 desiderat
2743 1157 2799 1204 et
2825 1147 3005 1204 studet
3051 1155 3288 1202 nostram
3331 1146 3542 1218 assequi
3588 1144 3783 1201 amici-

2191 1244 2322 1299 tiam
2351 1259 2363 1293 :
2396 1257 2494 1298 nos
2524 1252 2702 1298 autem
2733 1257 2801 1298 ne
2828 1242 2910 1297 vel
2945 1242 3212 1296 tantillum
3245 1241 3524 1297 studemus
3547 1284 3562 1308 ,
3589 1258 3621 1295 ο
3641 1240 3788 1296 dile-

2194 1342 2265 1395 cti
2296 1360 2309 1397 :
2343 1339 2466 1410 quid
2500 1338 2620 1393 dico
2642 1380 2658 1402 ,
2692 1352 2797 1393 non
2829 1337 3153 1393 studemus?
3198 1338 3454 1393 nolumus
3481 1338 3635 1407 plane
3661 1335 3785 1405 ejus

2196 1432 2332 1486 bona
2358 1429 2608 1500 assequi,
2654 1441 2713 1484 ιιι
2738 1429 2849 1483 vult
2901 1431 3037 1500 ipse.
3069 1427 3222 1496 Quod
3265 1438 3441 1484 autem
3485 1425 3782 1481 admodum

2190 1522 2320 1578 velit
2369 1522 2418 1576 id
2462 1521 2603 1593 quod
2652 1520 2779 1576 fecit
2822 1521 3072 1577 ostendit.
3122 1522 3253 1577 Nam
3306 1537 3405 1576 nos
3441 1520 3657 1592 quidem
3684 1534 3786 1589 pro

2190 1616 2344 1669 nobis
2390 1614 2519 1685 ipsis
2566 1613 2650 1667 vix
2698 1628 2882 1683 parum
2920 1615 3035 1669 auri
3083 1613 3443 1684 despicimus;
3502 1614 3615 1682 ipse
3669 1626 3771 1666 au-

2208 1715 2314 1762 tem
2346 1721 2442 1775 pro
2466 1704 2619 1759 nobis
2643 1704 2803 1758 etiam
2846 1718 3005 1758 suum
3033 1704 3180 1758 dedit
3222 1703 3437 1759 Filium.
3467 1702 3695 1759 Utamur
3722 1711 3788 1758 nt

2193 1805 2402 1865 Oportet
2430 1795 2521 1851 Dei
2561 1794 2849 1851 dilectione
2875 1836 2889 1859 ,
2925 1794 3167 1850 fruamur
3194 1795 3309 1865 ejus
3353 1794 3588 1859 amicitia
3620 1811 3633 1847 :
3679 1791 3786 1849 Vos

2196 1887 2361 1952 cnim,
2393 1886 2557 1957 inquit
2579 1927 2595 1952 ,
2622 1886 2770 1939 amici
2796 1888 2892 1941 mei
2917 1886 3055 1942 estis.
3081 1886 3126 1939 si
3149 1886 3353 1957 faciatis
3375 1901 3490 1955 quae
3508 1885 3619 1939 dico
3640 1886 3786 1940 nobis

2187 1976 2368 2047 (Joan.
2400 1978 2485 2032 15.
2518 1976 2628 2048 11).
2663 1977 2822 2048 Papa:
2847 2019 2863 2043 ,
2889 1976 3137 2031 inimicos
3156 1976 3246 2046 qui
3274 1974 3481 2030 infinito
3506 1976 3682 2046 spatio
3710 1976 3786 2030 ab

2186 2087 2251 2127 co
2279 2080 2434 2127 erant
2457 2070 2728 2141 disjnncti,
2752 2085 2891 2140 quo;
2919 2069 3415 2139 incomparabiliter
3441 2070 3493 2123 in
3525 2069 3784 2124 onmibus

2185 2163 2581 2226 antecellebat,
2614 2173 2669 2218 et
2713 2161 2841 2217 fecit
2874 2169 2939 2217 et
2963 2160 3176 2215 vocavit
3205 2160 3455 2216 amicos?
3482 2159 3620 2228 Quid
3646 2176 3783 2229 ergo

2184 2273 2290 2311 non
2319 2265 2404 2311 est
2440 2270 2468 2311 a
2499 2254 2657 2310 nobis
2684 2254 2933 2309 lubenter
2962 2252 3271 2324 patiendum
3315 2269 3416 2325 pro
3462 2254 3561 2310 hac
3589 2252 3783 2311 amici—

2188 2346 2305 2401 tia?
2354 2348 2424 2401 At
2464 2361 2565 2401 nos
2612 2359 2710 2417 pro
2760 2345 3037 2400 hominum
3082 2333 3317 2400 amicitia
3361 2360 3508 2416 stupe
3536 2344 3780 2416 pericula

2183 2439 2431 2504 adimus;
2458 2452 2557 2509 pro
2594 2437 2689 2493 Dei
2719 2446 2897 2493 autem
2924 2437 3157 2493 amicitia
3207 2453 3333 2518 ncc‘
3353 2439 3611 2508 pecunias
3643 2452 3779 2509 pro-

2178 2528 2468 2584 fundimus.
2499 2527 2702 2583 Revera
2730 2528 2873 2583 luctu
2903 2527 3077 2599 digna:
3099 2538 3223 2584 sunt
3251 2542 3340 2584 res
3356 2531 3582 2595 nostrae,
3607 2530 3762 2585 luctu

2185 2629 2238 2674 et
2268 2619 2521 2691 lacrymis
2562 2627 2618 2675 et
2662 2618 3045 2688 ejnlationibus
3089 2627 3146 2675 et
3191 2618 3666 2677 lamentationibus
3715 2631 3776 2678 et

2182 2711 2422 2781 planctu.
2452 2710 2494 2767 Α
2522 2724 2620 2781 spe
2641 2717 2823 2766 nostra
2846 2708 3147 2766 excidimus
3170 2754 3185 2776 ,
3214 2724 3244 2765 a
3273 2719 3454 2767 nostra
3484 2710 3774 2770 altitudine

2183 2801 2376 2870 dejecti
2406 2815 2612 2865 sumus,
2645 2800 2737 2857 Dei
2761 2799 2966 2857 honore
2995 2800 3196 2872 indigni
3239 2802 3583 2873 apparuimus
3604 2844 3621 2869 ,
3668 2804 3777 2858 itn-

2176 2908 2439 2949 memores
2463 2902 2519 2949 et
2538 2894 2731 2965 ingrati
2754 2895 3023 2950 evasimus
3051 2903 3107 2950 et
3135 2894 3260 2950 mali
3285 2897 3445 2951 etiam
3468 2905 3589 2967 post
3607 2896 3777 2954 bene-

2176 2984 2313 3046 ﬁcia,
2341 2982 2495 3039 bonis
2513 2985 2763 3040 omnibus
2786 3000 2884 3042 nos
2905 2985 3153 3055 spoliavit
3177 2985 3421 3043 diabolus
3450 3005 3464 3043 :
3491 2988 3581 3058 qui
3623 2987 3774 3061 digni

2179 3068 2448 3124 fueramus
2466 3070 2630 3127 habiti
2662 3081 2719 3126 ut
2740 3086 2981 3127 essemus
3008 3071 3123 3137 filii,
3140 3072 3332 3135 fratres
3357 3081 3413 3128 et
3438 3072 3763 3138 coheredes.

2172 3156 2239 3211 ab
2268 3158 2386 3228 ejus
2405 3160 2635 3216 inimicis
2662 3162 2794 3217 nihil
2826 3161 3121 3218 diﬂ'erimus
3143 3202 3159 3229 ,
3187 3163 3275 3234 qui
3320 3163 3493 3235 ipsum
3522 3164 3768 3220 afficiunt

2171 3251 2515 3307 contumelia.
2539 3252 2793 3321 Quaenam
2816 3252 2919 3310 erit
2944 3253 3099 3309 nobis
3117 3253 3186 3310 de
3206 3262 3401 3311 ca-tero
3420 3256 3720 3312 consolatio
3737 3256 3764 3310 ?

2175 3339 2290 3409 Ipse
2312 3358 2410 3398 nos
2437 3344 2646 3400 vocavit
2669 3344 2733 3399 ad
2758 3345 2944 3409 caelum
2968 3362 2983 3411 ;
3014 3361 3113 3401 nos
3154 3346 3401 3418 nosipsos
3424 3346 3765 3405 detruditnus

2175 3431 2225 3485 in
2248 3431 2574 3500 gehennam.
2596 3437 2905 3493 Exsecralio
2950 3448 3005 3494 et
3052 3439 3409 3506 mendacium,
3462 3439 3664 3497 furtum
3704 3453 3765 3498 et

2172 3521 2487 3579 adulterium
2505 3527 2757 3583 diﬂ'usum
2770 3538 2854 3585 est
2869 3544 3030 3599 super
3042 3540 3234 3587 terram
3252 3550 3266 3587 :
3284 3532 3373 3588 alii
3402 3531 3616 3604 quidem
3630 3547 3763 3589 san-

2170 3617 2384 3687 guinem
2412 3620 2638 3689 miscent
2663 3623 2941 3692 sanguine,
2968 3624 3055 3680 alii
3086 3634 3262 3681 autem
3281 3641 3367 3683 res
3395 3637 3587 3699 gemat
3610 3628 3765 3684 dete-

2172 3711 2341 3767 riores
2379 3714 2657 3783 sanguine.
2686 3715 2833 3770 Multi
2861 3731 2931 3771 ex
2975 3716 3040 3771 iis
3069 3717 3158 3788 qui
3191 3718 3380 3787 injuria
3410 3719 3715 3775 afficiuntur
3741 3760 3758 3786 ,

2172 3805 2321 3861 ntnlti
2366 3807 2455 3877 qui
2477 3822 2574 3878 per
2588 3811 2867 3866 avaritiam
2890 3810 3272 3867 detrimentum
3296 3811 3590 3882 patiuntur,
3610 3813 3763 3871 mille

2172 3907 2374 3955 mortes
2398 3901 2570 3971 magis
2589 3911 2777 3973 optant
2794 3918 2952 3974 qnam
2982 3904 3094 3959 hate
3118 3904 3249 3975 pati,
3277 3913 3331 3959 et
3356 3904 3455 3961 nisi
3485 3906 3579 3961 Dei
3600 3907 3765 3962 timo.

2169 4003 2283 4045 rem
2336 3992 2489 4047 veriti
2515 4004 2716 4059 essent,
2758 3994 2859 4049 sibi
2899 4005 3125 4051 mortem
3169 3995 3576 4060 conscivissent,
3622 3999 3763 4055 adeo

2169 4082 2393 4152 cupiunt
2412 4094 2639 4140 mortem
2666 4086 2764 4141 sibi
2794 4085 3009 4142 aﬂ'errc.
3029 4088 3220 4142 Annon
3261 4096 3388 4142 sunt
3432 4088 3546 4143 lucc
3575 4089 3760 4159 pejora

2168 4175 2457 4246 sanguine?
2506 4174 2608 4232 Hei
2639 4178 2764 4232 mihi
2775 4174 2782 4179 “
2808 4178 2999 4245 anima,
3022 4177 3441 4235 dicebatdolens
3472 4176 3757 4250 praphcta,

2171 4267 2411 4335 periitoir
2435 4268 2548 4337 pius
2574 4286 2605 4321 η
2634 4280 2787 4336 terra,
2804 4280 2853 4325 et
2878 4271 2931 4324 in
2954 4270 3240 4325 hominibus
3264 4286 3364 4325 non
3394 4280 3465 4325 est
3493 4273 3761 4342 qni'faciat

2171 4357 2359 4410 bonum
2383 4356 2567 4429 (Misit.
2596 4360 2650 4414 7.
2672 4359 2750 4431 2).
2776 4359 2926 4415 Nune
2938 4372 3115 4416 autem
3134 4374 3232 4416 nos
3252 4376 3463 4431 quoque
3483 4360 3551 4417 de
3570 4362 3759 4418 nobis-

2174 4445 2306 4515 lpsis
2328 4450 2556 4517 primum
2580 4448 2682 4505 hoc
2701 4451 3071 4505 clamabimus.
3096 4450 3203 4509 Sed
3228 4451 3295 4506 ad
3320 4452 3759 4510 lamentationem

2172 4554 2267 4609 vos
2290 4540 2418 4595 mihi
2447 4540 2583 4599 ferte
2609 4558 2788 4615 opem.
2819 4545 3087 4601 Fortassis
3112 4547 3328 4617 quidam
3354 4547 3759 4617 abominantur,

2167 4642 2222 4687 et
2247 4631 2460 4698 rident;
2503 4646 2721 4705 pmpter
2764 4636 2873 4693 hoc
2918 4646 3097 4696 autem
3152 4638 3475 4695 intendenda
3528 4650 3613 4696 est
3677 4640 3762 4696 la-

2168 4728 2445 4793 mentatio,
2486 4728 2629 4798 quod
2660 4731 2794 4786 adeo
2824 4732 3047 4787 furimus
3073 4741 3124 4788 et
3156 4731 3453 4803 desipimus
3478 4743 3532 4790 et
3563 4750 3663 4791 nos
3692 4750 3762 4792 ne

2168 4814 2347 4872 furere
2392 4817 2605 4888 quidem
2648 4821 2888 4886 scimus,
2935 4822 3030 4879 sed
3080 4833 3302 4894 propter
3329 4838 3451 4896 qum
3478 4836 3761 4896 oporteret

2167 4923 2267 4963 nos
2288 4923 2529 4979 gemere,
2555 4910 2815 4967 ridemus.
2847 4912 3123 4968 Revetatar
3142 4957 3159 4981 ,
3188 4930 3219 4969 ο
3248 4916 3420 4979 homo,
3451 4917 3529 4972 ira
3554 4934 3581 4972 e
3606 4920 3758 4984 ca'lo,

2103 5054 2113 5065 ,
2165 5018 2317 5071 super
2336 5019 2532 5057 omnem
2553 5004 2859 5074 impietatem
2882 5016 2929 5059 et
2951 5007 3257 5078 injustitiant
3280 5008 3543 5064 hominum
3571 5008 3759 5081 (Rom.

2166 5095 2219 5149 1.
2253 5094 2364 5165 18).
2399 5094 2534 5150 Deus
2570 5097 2838 5168 manifeste
2858 5099 3036 5153 ueniet.
3061 5096 3206 5168 Ignis
3230 5110 3349 5153 ante
3369 5101 3537 5169 ipsum
3566 5119 3751 5172 prtere-

2165 5184 2281 5250 det,
2309 5195 2357 5239 et
2384 5186 2522 5239 circa
2560 5202 2675 5240 eum
2706 5198 2976 5258 tempestas
3004 5190 3195 5243 ualida.
3227 5188 3375 5261 Ignis
3403 5191 3455 5245 in
3482 5204 3757 5264 conspecta

2164 5279 2273 5347 ejtts
2314 5277 2510 5332 ardebit
2546 5286 2594 5331 et
2640 5279 2978 5349 inﬂantntabit
3016 5281 3071 5335 in
3112 5281 3327 5335 circuitu
3366 5283 3600 5337 inimicos
3642 5285 3757 5355 ejus

2168 5369 2341 5441 (Psat.
2372 5370 2463 5426 ‘9.
2492 5371 2547 5427 3.
2574 5382 2621 5426 et
2645 5371 2735 5427 96.
2765 5370 2844 5443 3).
2878 5372 3002 5429 Dies
3020 5370 3226 5428 Domini
3246 5384 3503 5445 tamquam
3528 5376 3757 5433 clibanus

2162 5464 2347 5519 ardens
2376 5462 2531 5536 (Hal.
2561 5465 2615 5520 4.
2647 5464 2720 5536 1).
2753 5463 2823 5521 Et
2864 5480 3027 5520 nemo
3057 5465 3171 5521 haec
3217 5478 3398 5524 mente
3419 5469 3628 5540 agitat,
3658 5472 3756 5527 sed

2164 5556 2333 5627 magis
2361 5571 2521 5628 quam
2576 5554 2770 5612 fabula:
2815 5556 3115 5627 despicatui
3169 5557 3437 5614 habentur
3481 5575 3570 5616 res
3613 5560 3755 5620 adeo

2166 5649 2468 5705 horrendae.
2500 5648 2601 5717 Qui
2632 5648 2833 5715 audiat,
2868 5663 3028 5705 nemo
3056 5657 3177 5712 est;
3208 5651 3300 5721 qui
3345 5660 3522 5708 autem
3572 5652 3755 5713 rident

2162 5753 2216 5799 et
2236 5743 2583 5808 subsannant,
2606 5756 2814 5798 omnes.
2838 5743 3093 5811 Quaenam
3114 5743 3331 5802 dabitur
3350 5747 3506 5804 nobis
3530 5747 3612 5804 via
3643 5766 3752 5821 qua

2168 5851 2268 5895 nos
2330 5838 2713 5909 expediamus?
2752 5836 3028 5895 Undenam
3101 5840 3434 5897 inveniemus
3482 5840 3755 5897 salutent?
