4068 6404
196 365 275 420 liii}

186 470 431 534 Periimus,
461 464 789 533 consumpti
818 476 1018 526 sumus,
1058 458 1291 516 ludibrio
1317 472 1413 511 nos
1436 455 1631 509 habent
1656 452 1755 506 ini-

181 562 357 627 niei,et
377 573 474 614 nos
493 558 845 612 subsannaut
865 562 921 609 et
942 563 1127 623 gentes
1150 562 1203 606 et
1229 549 1517 603 ἀωιηυηες.

239 652 285 708 ι.
309 652 563 723 ingentes
584 649 833 721 spiritus
853 661 998 703 nunc
1022 644 1255 714 suscipit
1278 638 1548 702 diabolus,
1566 634 1765 709 gloria-

182 754 253 798 tur
265 752 313 800 et
328 743 657 808 exsultat,et
672 740 1135 796 laetaturJ’udore
1148 745 1201 791 et
1218 733 1438 790 tristitia
1456 730 1767 785 adiciuntur

182 836 331 906 angeli
352 837 555 908 quibus
571 849 680 889 nos
701 830 1103 890 sumuscrediti
1120 847 1135 884 :
1153 832 1407 884 nemoest
1427 823 1519 895 qui
1539 834 1766 877 conver-

181 927 512 987 tatur,omnia
526 936 756 980 temere
774 934 901 979 sunt
918 926 1324 992 consumpta,et
1339 933 1438 973 nos
1454 913 1768 971 robisvide—

182 1035 286 1072 mur
304 1015 921 1087 uugari.0pportunum
940 1023 1024 1070 est
1041 1026 1186 1068 nunc
1204 1022 1421 1082 quoque
1440 1020 1637 1062 vocare
1653 1018 1769 1059 cce-

180 1105 291 1169 lum,
309 1106 572 1175 quoniam
595 1119 769 1161 nemo
788 1114 869 1160 est
888 1103 978 1175 qui
1013 1103 1221 1165 audiat,
1241 1098 1429 1156 testari
1452 1098 1719 1153 elementa
1746 1111 1764 1151 :

177 1198 309 1262 Audi,
328 1196 538 1261 celum,
553 1204 603 1249 et
617 1194 838 1249 auribus
850 1194 1071 1262 percipe,
1089 1201 1245 1256 terra,
1261 1190 1501 1262 quoniam
1515 1186 1768 1243 Dominus

176 1289 485 1359 (stimulus
524 1285 697 1356 (lsai.
748 1287 800 1341 i.
827 1286 905 1355 2).
940 1284 1094 1349 Date,
1142 1282 1395 1354 porrigite
1420 1295 1657 1346 manum,
1679 1280 1769 1350 qui

178 1381 388 1434 nondum
406 1382 542 1436 estis
570 1380 782 1445 obruti,
800 1378 863 1433 iis
878 1378 967 1449 qui
989 1377 1259 1448 perierunt
1286 1376 1355 1430 ab
1382 1374 1660 1439 ebrietate,
1678 1374 1770 1445 qui

177 1472 273 1526 sani
302 1473 430 1527 estis
456 1470 845 1526 laborantibus
871 1510 887 1534 ,
932 1470 1022 1540 qui
1053 1467 1239 1537 sapitis
1288 1466 1589 1523 furentibus
1614 1505 1631 1531 ,
1677 1464 1770 1534 qui

178 1564 311 1619 statis
344 1565 410 1618 iis
444 1564 540 1634 qui
585 1562 1077 1632 circumaguntur:
1109 1573 1299 1624 nemo,
1328 1557 1575 1622 obsecro,
1610 1556 1770 1628 quid-

177 1672 314 1725 quam
354 1657 618 1726 praeferat
649 1655 813 1712 saluti
854 1654 1013 1709 amici
1041 1671 1055 1708 :
1084 1661 1139 1708 ct
1164 1652 1467 1723 objurgatio
1495 1660 1550 1706 et
1582 1665 1769 1721 reprc-

178 1747 345 1804 liensio
371 1764 545 1803 unum
582 1747 767 1803 solum
814 1754 1048 1816 spectet,
1093 1760 1291 1815 nempe
1318 1746 1437 1812 ejus
1466 1743 1770 1797 utilitatem.

178 1839 379 1907 Quando
400 1840 574 1896 febris
600 1838 826 1903 invasit,
853 1837 1015 1893 etiam
1044 1838 1184 1892 servi
1214 1837 1497 1906 imperium
1521 1837 1774 1891 obtinent

178 1930 220 1983 in
236 1930 656 1987 dominos.Nam
675 1928 889 2001 quando
903 1928 990 1984 illa
1008 1929 1221 2000 quidem
1242 1937 1393 1999 urget
1409 1928 1639 1983 animam
1654 1943 1777 1983 eon-

180 2023 562 2089 turbaus,ade8t
578 2034 767 2079 autem
788 2037 976 2093 agmen
998 2023 1591 2091 mancipiorum,nullus
1605 2022 1774 2094 legem

180 2117 400 2185 agnoscit
415 2116 757 2172 dominicam
788 2116 840 2170 in
859 2115 1057 2170 damno
1070 2114 1293 2170 domini.
1310 2115 1777 2186 Nos,qua:so,con-

182 2216 429 2263 vertamus
456 2226 470 2261 :
498 2208 647 2263 bella
673 2207 1005 2278 quotidiana,
1029 2205 1452 2275 submersiones,
1471 2206 1780 2263 innumera-

181 2296 299 2353 biles
325 2300 688 2355 circumcirca
733 2300 1012 2367 iuteritus,
1044 2307 1101 2354 et
1144 2300 1219 2353 ira
1266 2298 1359 2355 Dei
1399 2313 1499 2355 nos
1544 2300 1780 2373 undique

182 2388 477 2445 circumdat.
499 2390 616 2447 Nos
633 2401 814 2447 autem
845 2406 1031 2446 sumus
1056 2405 1248 2447 omnes
1270 2400 1377 2447 tam
1395 2395 1652 2459 sccuri,et
1672 2404 1778 2449 tam

186 2488 311 2535 metu
328 2483 507 2548 vacui,
544 2499 715 2553 quam
741 2484 788 2539 si
828 2484 939 2540 Deo
968 2485 1301 2555 placeremus
1330 2503 1343 2537 :
1373 2501 1560 2543 omnes
1591 2504 1779 2544 manus

185 2584 419 2639 paramus
453 2574 523 2629 ad
556 2575 717 2644 plura
761 2575 1003 2632 habenda
1048 2590 1149 2647 per
1181 2575 1487 2641 avaritiam,
1522 2594 1684 2634 nemo
1713 2580 1779 2633 ad

186 2675 320 2729 opem
348 2664 635 2721 ferendam
650 2680 665 2730 ;
678 2678 870 2721 omnes
882 2665 949 2721 ad
966 2683 1228 2739 rapinam,
1254 2684 1411 2724 nemo
1430 2670 1498 2725 ad
1518 2669 1783 2725 delensio-

188 2768 291 2807 ueni
308 2774 320 2808 :
340 2759 723 2827 unusquisque
739 2759 973 2813 studium
993 2774 1147 2814 suum
1162 2762 1311 2831 ponit
1330 2762 1601 2832 quomodo
1623 2761 1785 2817 facul-

190 2849 305 2899 tates
319 2859 442 2903 suas
464 2849 667 2904 reddat
680 2849 989 2918 ampliores,
1006 2866 1163 2907 nemo
1180 2855 1449 2922 quomodo
1475 2871 1631 2927 opem
1648 2857 1786 2914 ferat

188 2947 337 3002 egeno
359 2956 372 2992 :
393 2940 773 3011 unusquisque
795 2952 880 2997 est
907 2943 1060 2998 valde
1083 2944 1339 3001 sollicitus
1364 2948 1634 3014 quomodo
1673 2950 1783 3005 suis

190 3028 328 3083 addat
348 3034 624 3102 pecuniis,
650 3048 809 3090 nemo
830 3037 1100 3106 quomodo
1120 3052 1268 3092 suam
1298 3049 1477 3095 servet
1504 3040 1737 3105 animam
1765 3060 1777 3094 :

192 3136 309 3178 illius
327 3141 516 3183 omnes
550 3136 705 3184 tenet
743 3138 939 3197 metus,
958 3129 1034 3185 Ne
1064 3130 1460 3203 simus,iuquit,
1478 3148 1777 3205 pauperes;

189 3213 246 3300 ne
290 3216 462 3264 autem
496 3212 552 3267 in
587 3216 889 3283 gehennam
937 3218 1230 3278 incidamus
1251 3265 1265 3288 ,
1297 3241 1457 3282 nemo
1482 3232 1700 3300 angitur
1722 3243 1777 3289 et

480 3303 614 3359 Haec
633 3305 792 3377 digna
820 3318 945 3363 sunt
971 3290 1591 3384 lamentationibnsdurc
1616 3339 1773 3380 accu-

186 3392 389 3456 satione,
415 3392 533 3450 hmo
566 3399 1005 3466 reprehensione.
1038 3402 1141 3460 Sed
1166 3406 1282 3463 hare
1309 3411 1552 3466 nolebam
1569 3412 1773 3485 dicere,

188 3486 350 3570 verum
388 3484 549 3540 dolor
598 3502 687 3541 me
724 3492 869 3560 cogit
902 3509 915 3544 :
952 3493 1247 3563 ignoscite;
1292 3503 1435 3570 COgit
1475 3518 1561 3558 me
1600 3484 1775 3560 luctus

188 3567 334 3662 multa
362 3572 547 3631 dicere
574 3593 696 3647 qua:
729 3581 998 3637 nolebam.
1033 3585 1201 3644 Video
1229 3567 1419 3661 graves
1449 3596 1645 3662 minas,
1678 3612 1771 3652 ca-

192 3653 458 3722 lamitatem
490 3670 584 3725 cui
623 3670 800 3727 aﬂerri
840 3691 945 3730 non
995 3691 1169 3748 petest
1212 3685 1538 3751 consolatio,
1568 3689 1772 3758 majora

190 3762 272 3842 nos
312 3770 644 3830 occuparunt
688 3768 826 3821 mala
862 3785 1020 3839 quam
1065 3784 1121 3826 ut
1162 3778 1329 3844 possit
1362 3778 1587 3835 inveniri
1624 3783 1771 3837 sola—

190 3844 331 3937 ξξιιιης
366 3852 650 3915 periimus.
680 3854 806 3919 Quis
836 3859 972 3913 dabit
1002 3865 1158 3932 capiti
1198 3883 1306 3922 uiso
1335 3886 1540 3937 aquam,
1574 3883 1621 3927 et
1652 3890 1773 3928 octt-

265 3940 375 3992 meis
404 3942 602 4010 fontem
631 3949 976 4019 lacrumarum
1011 3926 1145 4024 (Jer.
1176 3960 1228 4014 9.
1266 3963 1338 4030 1),
1372 3926 1427 4018 ut
1467 3926 1772 4025 lamentor?

191 4018 431 4098 Fleunius,
465 4050 498 4087 ο
521 4036 725 4103 dilecti,
760 4041 1003 4110 ﬂeamus,
1034 4047 1465 4118 ingemiscanius.
1499 4057 1635 4113 Sunt
1661 4061 1768 4117 for-

192 4118 310 4223 Esse
330 4126 545 4223 quidam
576 4130 666 4198 qui
688 4130 879 4223 dicunt
907 4154 919 4188 :
948 4136 1085 4192 Nihil
1111 4142 1251 4196 aliud
1282 4148 1436 4201 nobis
1456 4150 1585 4205 dicit
1606 4170 1765 4223 quant

191 4200 575 4273 lamentationes
596 4261 611 4289 ,
644 4222 776 4277 nihil
802 4226 946 4283 aliud
978 4248 1138 4301 quam
1165 4236 1339 4291 ﬂetus.
1371 4240 1577 4296 Nollem
1602 4200 1763 4308 ,Icre.

963 348 1023 403 IN
1063 345 1281 404 EPIST.
1324 343 1415 400 AD
1455 336 1817 396 ΙΙΕΒΠΑΞΟΞ.
1861 334 2012 389 CAP.
2063 333 2151 387 ΧΙ.
2200 330 2430 387 llOMlL.
2476 328 2663 385 XXIV.

3361 336 3463 391 “iii
3536 384 3547 396 .

1870 443 1981 497 dite
2002 487 2015 509 ,
2048 443 2244 499 nollem
2266 483 2281 507 ,
2312 442 2406 499 sed
2440 442 2625 497 laudes
2654 442 2905 512 persequi
2938 449 2994 496 et
3021 440 3299 507 encomia;
3333 456 3476 503 nunc

1869 547 2049 592 autem
2091 546 2174 591 est
2216 536 2409 590 hormn
2444 534 2823 605 tempus.~l\‘on
2851 544 2934 591 cst
2969 549 3167 606 grave,
3199 550 3232 587 o
3257 534 3470 598 dilecti,

1874 632 2189 697 lamentari,
2219 632 2313 688 sed
2361 633 2535 685 facere
2573 645 2694 701 qua:
2732 637 2859 683 sunt
2885 629 3043 700 digna
3077 627 3475 685 lamentationi-

1873 728 1972 781 bus
2004 745 2015 780 :
2050 741 2155 781 non
2188 734 2271 782 est
2299 723 2655 779 arersandum
2683 720 2906 792 deﬂere,
2937 722 3032 778 sed
3076 736 3141 777 es
3172 735 3332 793 agerc
3359 737 3480 791 qua:

1871 831 1997 875 sunt
2038 820 2197 891 digna
2242 818 2480 875 ﬂetibus.
2522 816 2598 874 Ne
2643 816 2925 889 puniaris,
2951 826 3006 872 et
3044 829 3153 871 non
3184 814 3382 888 lugeo;
3415 830 3484 871 ne

1874 913 2126 969 moriaris
2148 954 2161 977 ,
2206 921 2261 969 et
2304 900 2409 966 nun
2441 909 2636 966 deﬂeo.
2666 909 2772 967 Sed
2802 912 2847 965 si
2874 925 3072 981 corpus
3098 910 3314 982 quidem
3337 910 3487 980 jacet

1874 1017 2169 1072 mortuum,
2200 1020 2391 1061 omnes
2421 1004 2657 1061 hortaris
2686 1012 2746 1059 ut
2770 1004 3277 1071 cummis-creantur,
3306 1013 3361 1061 et
3388 1018 3486 1061 eos

1874 1100 1965 1169 qui
1996 1115 2101 1153 non
2132 1099 2315 1170 lugent
2344 1112 2507 1153 vocas
2547 1096 3007 1152 immiscricordes
3036 1114 3048 1149 :
3085 1106 3346 1165 pereunte
3383 1112 3486 1151 au.

1878 1201 1986 1247 tem
2027 1192 2204 1245 anima
2235 1182 2405 1259 jubcs'
2429 1205 2534 1243 non
2580 1189 2804 1259 lugere?
2835 1188 2941 1245 Sed
2971 1204 3078 1244 non
3120 1204 3337 1264 possum
3366 1205 3490 1247 esse

1879 1294 2027 1356 pater
2064 1284 2109 1338 si
2155 1298 2261 1339 non
2293 1280 2451 1338 ﬂeam
2488 1299 2500 1335 :
2532 1290 2685 1351 pater
2713 1296 2830 1336 sum
2862 1297 3050 1336 amans
3078 1293 3136 1339 et
3166 1283 3485 1340 benevolus.

1876 1377 2073 1432 Audite
2101 1375 2374 1447 quomodo
2399 1374 2599 1429 clamet
2630 1374 2827 1428 Paulus
2854 1416 2867 1437 ,
2901 1372 3083 1429 Filioli
3104 1416 3119 1438 ,
3147 1391 3275 1447 quos
3303 1375 3491 1431 iterum

1878 1469 2109 1541 parturio
2131 1466 2276 1537 (Gal.
2302 1467 2355 1521 4.
2382 1465 2495 1536 l9).
2523 1464 2782 1531 Quaenam
2808 1474 2979 1521 mater
3008 1467 3315 1537 parturiens
3337 1483 3492 1537 mque

1878 1564 2101 1619 acerbas
2132 1575 2293 1620 voces
2318 1560 2481 1615 mittit
2507 1570 2669 1629 atque
2697 1558 2824 1615 ille?
2850 1558 3062 1615 Utinam
3088 1560 3279 1617 liceret
3309 1561 3493 1617 videre

1880 1658 2052 1727 ipsum
2098 1655 2347 1709 ardorem
2392 1653 2587 1709 mentis
2608 1695 2621 1716 ,
2652 1662 2708 1708 et
2738 1652 2954 1709 rideres
2988 1654 3134 1724 quod
3166 1656 3337 1726 magis
3364 1672 3494 1711 uror

1880 1767 2038 1823 quam
2061 1751 2264 1821 qumvis
2286 1750 2494 1813 mulier,
2515 1756 2568 1803 et
2590 1747 2791 1819 qumvis
2813 1747 2988 1818 puclla
3007 1764 3127 1820 quae
3151 1749 3492 1805 immaturam

1883 1862 2035 1919 passa
2060 1857 2143 1902 est
2165 1845 2501 1899 viduitatem.
2528 1842 2643 1897 Non
2669 1842 2741 1897 ita
2764 1842 2910 1913 luget
2928 1843 3015 1897 illa
3039 1856 3194 1898 suum
3214 1845 3492 1913 maritum,

1883 1955 2059 2011 neque
2087 1947 2239 2009 pater
2269 1937 2437 1992 lilium
2464 1977 2479 2001 ,
2509 1942 2567 1988 ut
2607 1949 2727 2011 ego.
2753 1934 2894 1990 hanc
2927 1950 3048 2005 qua:
3086 1945 3170 1991 est
3212 1937 3353 2006 apud
3397 1954 3496 1993 nus

1883 2032 2304 2088 multitudinem.
2326 2028 2435 2084 Nec
2456 2028 2661 2083 nullum
2686 2026 2842 2082 video
2868 2026 3189 2097 profectum,
3215 2040 3495 2085 vertuntur

1884 2127 2062 2181 omnia
2108 2124 2158 2177 in
2205 2122 2506 2177 calumnias
2549 2128 2605 2175 et
2638 2119 3050 2176 criminationes
3084 2139 3097 2176 :
3128 2122 3308 2179 nullus
3338 2140 3493 2179 suum

1897 2230 2045 2286 ducit
2081 2241 2203 2283 esse
2242 2224 2477 2282 ofﬁcium
2514 2231 2573 2275 ut
2610 2220 2722 2276 Deo
2750 2220 2986 2290 placeat;
3017 2215 3115 2273 sed
3142 2216 3210 2271 de
3242 2215 3379 2281 hoc,
3412 2215 3498 2270 iu-

1895 2323 2040 2397 quit,
2071 2330 2128 2377 et
2154 2318 2222 2375 de
2268 2317 2363 2372 illo
2400 2316 2542 2370 male
2573 2314 2815 2370 dicamus
2845 2329 2858 2367 :
2890 2311 2981 2367 ille
3006 2320 3090 2367 est
3124 2310 3377 2380 indignus
3403 2326 3496 2381 qui

1894 2417 1965 2472 sit
1988 2412 2217 2470 clericus
2237 2449 2255 2476 ,
2289 2408 2375 2464 hic
2402 2407 2628 2476 turpiter
2660 2405 2789 2458 "ivit
2818 2416 2873 2458 et
2902 2403 3206 2458 inhoneste.
3236 2401 3367 2457 Cum
3398 2402 3497 2456 de-

1890 2508 2145 2560 beremus
2176 2500 2314 2554 mala
2356 2507 2538 2553 nostra
2584 2495 2797 2566 lugere,
2828 2493 2964 2549 alios
2997 2492 3338 2564 judicamus,
3372 2508 3495 2547 cum

1890 2609 1993 2652 nec
2019 2591 2235 2664 quando
2271 2590 2453 2646 mundi
2486 2604 2673 2644 sumus
2710 2603 2739 2641 a
2782 2590 3015 2658 peccatis
3041 2586 3361 2641 deberemus
3392 2584 3496 2641 hoc

1889 2686 2087 2743 facere.
2122 2685 2247 2753 Quis
2268 2686 2401 2738 enim
2426 2693 2471 2736 te
2493 2680 2773 2735 discernit?
2797 2679 2969 2749 inquit
2992 2694 3007 2739 ;
3036 2678 3160 2745 quid
3187 2677 3339 2732 habes
3359 2680 3495 2746 quod

1890 2799 1993 2837 non
2019 2780 2295 2850 accepisti?
2321 2780 2365 2833 si
2404 2787 2572 2831 autent
2614 2774 2891 2844 accepisti,
2919 2772 3043 2844 quid
3072 2774 3311 2845 gloriaris
3348 2775 3495 2844 quasi

1887 2892 1991 2930 non
2017 2868 2269 2942 acceperis
2304 2871 2379 2943 (l.
2409 2871 2528 2925 (Sor.
2557 2869 2609 2924 ι.
2642 2870 2741 2937 7)?
2776 2867 2855 2922 Tu
2891 2876 3072 2921 autem
3115 2866 3243 2937 quid
3281 2858 3495 2936 judicas

1887 2970 2106 3022 fratrem
2136 2942 2452 3027 tuum,cum
2484 2962 2597 3031 ipse
2626 2960 2699 3015 sis
2732 2959 2921 3029 plenus
2948 2958 3102 3014 malis
3130 2942 3494 3014 innumerabi-

1887 3059 2072 3115 libus?
2099 3057 2325 3126 Quando
2354 3055 2583 3116 dixeris,
2620 3053 2711 3107 Ille
2742 3060 2823 3107 est
2864 3032 3041 3105 inalus
3071 3058 3125 3105 et
3157 3051 3491 3120 perniciosus

1885 3163 1941 3210 et
1963 3152 2281 3213 sceleratus,
2312 3150 2377 3204 de
2403 3158 2455 3203 te
2484 3147 2679 3217 cogita,
2703 3154 2757 3200 et
2780 3154 2867 3199 tua
2889 3144 3174 3214 diligenter
3204 3144 3413 3214 inquire
3435 3155 3492 3198 et

1878 3244 2149 3310 examina,
2177 3253 2231 3298 et
2259 3252 2309 3298 te
2336 3241 2622 3312 paenitebit
2648 3255 2837 3295 eorum
2873 3255 2992 3311 qua:
3022 3237 3226 3294 dixisti.
3257 3238 3373 3292 Non
3399 3247 3483 3292 est

1875 3338 2042 3400 enim,
2077 3351 2182 3392 non
2209 3344 2291 3391 est
2328 3336 2431 3389 ulla
2464 3334 2584 3389 talis
2613 3334 2942 3399 adhortatio,
2976 3333 3149 3404 qualis
3177 3340 3263 3387 est
3291 3346 3481 3401 pecca-

1878 3440 2055 3485 torum
2104 3429 2429 3485 recordatio.
2473 3427 2529 3483 Si
2574 3427 2690 3481 hmc
2726 3426 2835 3481 duo
2863 3426 3004 3497 apud
3038 3440 3137 3479 nos
3164 3438 3479 3498 versemus,

1875 3524 2172 3594 poterimus
2213 3521 2471 3591 consequi
2517 3520 2655 3574 bona
2704 3520 2969 3587 promissa
2994 3558 3010 3585 ,
3052 3516 3350 3588 poterimus
3382 3532 3482 3569 nos

1876 3617 2170 3673 emundare
2212 3625 2267 3671 et
2307 3616 2615 3685 abstergere
2648 3631 2659 3666 :
2688 3613 2862 3667 solum
2904 3612 2955 3666 id
3000 3611 3157 3666 nobis
3198 3611 3378 3665 veniat
3425 3610 3478 3664 in

1876 3718 2111 3763 mentem
2131 3749 2144 3770 ,
2184 3718 2239 3762 et
2272 3706 2339 3761 de
2374 3706 2473 3760 bac
2508 3720 2567 3759 re
2596 3696 2766 3759 simus
2792 3702 3039 3766 solliciti,
3070 3717 3102 3755 ο
3128 3700 3328 3755 dilecti.
3376 3700 3473 3754 llic

1875 3802 2156 3858 doleamus
2183 3802 2383 3862 animo,
2412 3814 2479 3853 ne
2509 3799 2619 3853 illic
2648 3797 2930 3852 doleamus
2957 3795 3241 3865 supplicio,
3267 3793 3361 3848 sed
3387 3792 3481 3845 bo-

1877 3896 1959 3949 nis
2001 3892 2242 3948 fruamur
2286 3893 2536 3955 :elernis,
2584 3890 2671 3943 ubi
2712 3888 2843 3959 fugit
2886 3887 3061 3951 dolor,
3105 3887 3279 3941 luctus
3309 3895 3361 3938 et
3391 3900 3485 3954 ge-

1878 3986 2072 4048 mitus,
2118 3995 2175 4037 ut
2220 3984 2355 4037 bona
2403 3995 2800 4049 consequamur
2838 3987 3039 4033 a~tcrua
3080 3992 3201 4047 qiue
3246 3985 3482 4030 mentem

1876 4086 2202 4145 exsuperant
2246 4075 2567 4137 humanam,
2601 4073 2650 4125 in
2688 4071 2903 4125 Christo
2941 4070 3067 4122 Jcsu
3115 4068 3340 4122 Domino
3380 4082 3483 4119 no-

1877 4179 1990 4224 stro
2022 4186 2034 4221 :
2071 4169 2167 4236 ipsi
2199 4168 2267 4219 sit
2298 4166 2464 4235 gloria
2498 4166 2548 4218 in
2580 4164 2775 4217 srccula
2808 4162 3145 4217 saeculorum.
3188 4162 3384 4214 Amen.

200 4434 3473 4470 HW

1508 4480 1855 4543 HOMILIA
1904 4485 2135 4547 XXIV.

197 4598 303 4657 Cir.
330 4608 411 4661 ll.
448 4622 504 4659 v.
538 4604 625 4658 l3.
658 4603 819 4656 Juxta
848 4603 998 4667 ﬁdem
1031 4601 1260 4670 defuncti
1298 4609 1416 4653 sunt
1455 4616 1626 4654 omnes
1658 4603 1761 4664 isti,

256 4714 341 4753 nou
370 4701 591 4769 acceptis
619 4696 1109 4765 repromissimtibus,
1142 4695 1230 4748 sed
1270 4712 1301 4747 a
1332 4697 1481 4765 longe
1508 4712 1595 4748 eas
1622 4698 1765 4764 aspi-

253 4789 422 4844 cientes
478 4800 524 4842 et
570 4790 865 4849 salutantes,
918 4796 963 4840 et
1001 4788 1293 4852 conﬁtentes
1341 4786 1475 4857 quod
1516 4789 1768 4857 peregrini

254 4897 353 4938 sunt
380 4896 425 4937 et
458 4884 678 4951 hospites
705 4898 856 4950 super
885 4891 1089 4932 terram.
1134 4880 1218 4933 H.
1258 4880 1354 4945 Qui
1386 4881 1517 4932 enim
1547 4882 1651 4932 harc
1682 4881 1765 4932 di-

250 4988 371 5041 cunt,
404 4977 699 5044 signiﬁcant
724 4990 775 5026 sc
792 4974 1010 5042 patriam
1048 4972 1324 5043 inquirere.
1362 4972 1446 5025 15.
1484 4972 1548 5024 Et
1580 4974 1622 5026 si
1648 4973 1762 5040 qni-

251 5069 349 5122 dent
385 5069 549 5140 ipsius
583 5066 922 5119 meminissent
972 5065 1034 5117 de
1072 5081 1173 5132 qua
1218 5064 1466 5126 exierunt,
1518 5066 1767 5117 habebant

250 5161 407 5230 utique
438 5171 637 5225 tempus
662 5156 978 5209 revertendi:
1012 5155 1095 5209 16.
1133 5172 1265 5207 nunc
1307 5165 1475 5208 autem
1508 5156 1764 5209 meliorem

252 5263 511 5321 appetunt,
568 5252 619 5303 id
673 5260 745 5303 est
790 5250 1057 5302 ca’lcstem.
1110 5247 1235 5302 Ideo
1284 5266 1383 5301 non
1432 5250 1764 5318 confunditur

252 5346 372 5401 Deus
398 5346 567 5401 uocari
592 5343 729 5397 Deus
750 5359 924 5396 eorum
948 5358 965 5395 :
995 5344 1189 5411 paravit
1212 5344 1342 5395 enim
1368 5343 1469 5397 illis
1492 5344 1760 5397 civitatem.

251 5440 292 5494 l.
326 5442 401 5512 (α)
445 5438 621 5492 Prima
661 5444 743 5490 est
778 5436 967 5501 virtus,
1000 5444 1159 5504 atque
1190 5433 1325 5488 adeo
1359 5435 1607 5488 universa
1649 5435 1759 5488 vir-

195 5542 275 5600 ius,
303 5549 423 5590 esse
454 5533 507 5587 in
537 5529 639 5586 boc
688 5530 888 5584 mundo
930 5528 1193 5597 hospitem
1222 5538 1275 5583 et
1305 5531 1672 5601 peregrinum,
1706 5540 1762 5584 et

242 5736 305 5794 (ni
327 5736 460 5800 lnitli
499 5734 716 5800 bomlijze
739 5733 990 5796 vigesima
1013 5743 1198 5796 quarta:
1219 5740 1322 5787 tres
1360 5740 1550 5800 pagina:
1574 5740 1766 5791 deside-

199 5806 337 5849 rantur
362 5801 408 5849 in
433 5798 609 5851 Codice
633 5797 772 5850 Oili».

483 5893 762 5953 PnnoL.
820 5893 937 5955 (in.
990 5900 1213 5962 LXIII.

1880 4623 1999 4662 cum
2032 4610 2094 4663 iis
2139 4626 2257 4678 qum
2290 4612 2376 4666 hie
2407 4627 2530 4667 sunt
2562 4614 2721 4669 rebus
2763 4626 2815 4669 et
2848 4616 3076 4684 negotiis
3110 4616 3239 4669 nihil
3286 4617 3485 4671 habere

1875 4716 2181 4766 Commune,
2222 4704 2313 4757 sed
2345 4705 2409 4759 ab
2436 4707 2515 4757 eis
2549 4708 2785 4775 pondere
2816 4718 3088 4777 tamquam
3119 4710 3185 4763 ab
3216 4714 3482 4776 externis,

1876 4794 2013 4848 sicut
2043 4796 2180 4851 beati
2217 4792 2289 4850 illi
2322 4798 2570 4866 discipuli
2615 4799 2682 4852 de
2728 4801 2923 4868 quibus
2955 4801 3085 4855 dicit
3120 4820 3131 4853 :
3163 4802 3485 4857 Circuicraut

1874 4888 1924 4939 in
1946 4888 2159 4949 metatis,
2183 4890 2236 4941 iu
2263 4890 2476 4957 pellibus
2494 4892 2740 4960 caprinis,
2768 4901 2987 4963 egentes,
3012 4895 3317 4961 angustiati,
3350 4896 3481 4965 ami-

1872 4978 1959 5036 cti,
2015 4979 2195 5045 quibus
2242 4980 2429 5049 (lignus
2472 4997 2569 5033 non
2615 4992 2725 5034 erat
2764 4983 2984 5037 mundus
3014 4982 3202 5052 (Hebr.
3239 4986 3325 5040 ll.
3358 4987 3477 5054 37).

1872 5077 2045 5138 Atque
2076 5070 2145 5122 illi
2179 5071 2395 5139 quidem
2426 5072 2679 5126 dicebant
2724 5089 2782 5127 se
2811 5089 2930 5129 esse
2970 5076 3209 5145 hospites
3238 5086 3291 5131 et
3325 5093 3481 5146 pcre-

1872 5162 2052 5231 griizos
2103 5181 2115 5213 :
2178 5163 2374 5217 Paulus
2423 5174 2600 5218 autem
2648 5165 2776 5220 dicit
2831 5168 2988 5239 longe
3040 5170 3167 5239 quid
3224 5173 3473 5241 amplius.

1872 5254 1987 5309 Non
2032 5257 2172 5309 enim
2239 5273 2297 5311 se
2342 5272 2460 5311 esse
2501 5259 2637 5312 dixit
2690 5260 2951 5331 hospitem
2993 5272 3047 5317 ct
3105 5268 3475 5335 peregrinum,

1872 5348 1963 5401 sed
1997 5349 2198 5402 mundo
2230 5360 2524 5417 mortuum,
2559 5361 2614 5406 et
2662 5352 2762 5407 sibi
2807 5355 3065 5410 mundum
3093 5373 3106 5409 τ
3146 5356 3278 5410 Μϋιί
3308 5359 3476 5425 enim,

1874 5440 2063 5507 inquit,
2099 5441 2319 5493 mundus
2361 5443 2640 5511 cruciﬁxus
2672 5454 2765 5509 est,
2811 5454 2858 5498 et
2888 5463 2979 5516 ego
3018 5449 3208 5502 mundo
3238 5449 3374 5520 (Gal.
3418 5451 3473 5507 ii.

1875 5531 1984 5601 ii).
2017 5531 2120 5587 Sed
2156 5549 2252 5585 nos
2284 5535 2368 5589 hic
2407 5538 2585 5589 omnia
2631 5538 2868 5608 geriums
2898 5549 3169 5608 tamquam
3218 5544 3385 5607 cives,
3422 5555 3475 5598 ct

1877 5627 2030 5695 plane
2060 5628 2301 5681 \ivcnles
2341 5637 2398 5682 ut
2433 5630 2580 5687 cives
2609 5648 2621 5683 :
2656 5640 2711 5686 et
2736 5630 2877 5702 quod
2901 5631 3030 5699 ju5ti
3059 5646 3211 5688 erant
3243 5636 3467 5698 mundo,

1870 5736 2066 5791 nempe
2113 5722 2353 5796 hospites
2397 5741 2452 5781 et
2501 5732 2720 5796 mortui,
2765 5746 2862 5787 nos
2901 5733 3235 5799 hocgsumus
3284 5736 3418 5790 cmlo
3457 5757 3471 5794 :

1870 5812 2012 5882 quod
2046 5826 2222 5874 autem
2256 5831 2409 5873 erant
2443 5822 2515 5876 illi
2547 5824 2680 5879 ca-lo
2724 5824 2966 5882 viventes
3009 5837 3064 5883 et
3104 5827 3173 5882 ibi
3205 5827 3477 5887 rationem

3038 5936 3098 5994 il
