  <div class='ocr_page' id='page_1' title='image "/cluster/home/n/w/nwhite01/storage/ocr_20150623/63/uva.x030486929/175.png"; bbox 0 0 4068 6404; ppageno 0'>
   <div class='ocr_carea' id='block_1_1' title="bbox 602 401 696 455">
    <p class='ocr_par' dir='ltr' id='par_1_1' title="bbox 602 401 696 455">
     <span class='ocr_line' id='line_1_1' title="bbox 602 401 696 455; baseline 0 0"><span class='ocrx_word' id='word_1_1' title='bbox 602 401 696 455; x_wconf 73' lang='grc'><strong>167</strong></span> 
     </span>
    </p>
   </div>
   <div class='ocr_carea' id='block_1_2' title="bbox 589 470 2160 552">
    <p class='ocr_par' dir='ltr' id='par_1_2' title="bbox 589 470 2160 552">
     <span class='ocr_line' id='line_1_2' title="bbox 589 470 2160 552; baseline -0.015 -6"><span class='ocrx_word' id='word_1_2' title='bbox 589 491 803 550; x_wconf 83' lang='lat' dir='ltr'><strong>vivendi</strong></span> <span class='ocrx_word' id='word_1_3' title='bbox 854 490 1212 552; x_wconf 79' lang='lat' dir='ltr'><strong>instituetttes,</strong></span> <span class='ocrx_word' id='word_1_4' title='bbox 1257 483 1358 539; x_wconf 87' lang='lat' dir='ltr'><strong>hoc</strong></span> <span class='ocrx_word' id='word_1_5' title='bbox 1402 496 1500 536; x_wconf 86' lang='lat' dir='ltr'><strong>nos</strong></span> <span class='ocrx_word' id='word_1_6' title='bbox 1543 494 1726 535; x_wconf 79' lang='lat' dir='ltr'><strong>sumus</strong></span> <span class='ocrx_word' id='word_1_7' title='bbox 1769 472 1984 531; x_wconf 91' lang='lat' dir='ltr'><strong>mundo.</strong></span> <span class='ocrx_word' id='word_1_8' title='bbox 2032 470 2160 525; x_wconf 83' lang='lat' dir='ltr'><strong>Pro-</strong></span> 
     </span>
    </p>
   </div>
   <div class='ocr_carea' id='block_1_3' title="bbox 592 566 2159 657">
    <p class='ocr_par' dir='ltr' id='par_1_3' title="bbox 592 566 2159 657">
     <span class='ocr_line' id='line_1_3' title="bbox 592 566 2159 657; baseline -0.013 -20"><span class='ocrx_word' id='word_1_9' title='bbox 592 596 774 657; x_wconf 81' lang='lat' dir='ltr'><strong>pterea</strong></span> <span class='ocrx_word' id='word_1_10' title='bbox 817 583 1011 640; x_wconf 91' lang='lat' dir='ltr'><strong>mortui</strong></span> <span class='ocrx_word' id='word_1_11' title='bbox 1055 593 1257 643; x_wconf 85' lang='lat' dir='ltr'><strong>sumus,</strong></span> <span class='ocrx_word' id='word_1_12' title='bbox 1290 574 1413 649; x_wconf 88' lang='lat' dir='ltr'><strong>quia</strong></span> <span class='ocrx_word' id='word_1_13' title='bbox 1442 589 1560 631; x_wconf 88' lang='lat' dir='ltr'><strong>eam</strong></span> <span class='ocrx_word' id='word_1_14' title='bbox 1594 586 1718 627; x_wconf 81' lang='lat' dir='ltr'><strong>vere</strong></span> <span class='ocrx_word' id='word_1_15' title='bbox 1744 584 1861 640; x_wconf 76' lang='lat' dir='ltr'><strong>qure</strong></span> <span class='ocrx_word' id='word_1_16' title='bbox 1891 576 1971 623; x_wconf 91' lang='lat' dir='ltr'><strong>est</strong></span> <span class='ocrx_word' id='word_1_17' title='bbox 1998 566 2159 619; x_wconf 84' lang='lat' dir='ltr'><strong>vitam</strong></span> 
     </span>
    </p>
   </div>
   <div class='ocr_carea' id='block_1_4' title="bbox 592 661 2160 749">
    <p class='ocr_par' dir='ltr' id='par_1_4' title="bbox 592 661 2160 749">
     <span class='ocr_line' id='line_1_4' title="bbox 592 661 2160 749; baseline -0.015 -16"><span class='ocrx_word' id='word_1_18' title='bbox 592 677 990 749; x_wconf 86' lang='lat' dir='ltr'><strong>abuegavimus,</strong></span> <span class='ocrx_word' id='word_1_19' title='bbox 1040 683 1094 728; x_wconf 90' lang='lat' dir='ltr'><strong>et</strong></span> <span class='ocrx_word' id='word_1_20' title='bbox 1142 672 1275 725; x_wconf 85' lang='lat' dir='ltr'><strong>hanc</strong></span> <span class='ocrx_word' id='word_1_21' title='bbox 1316 666 1663 738; x_wconf 88' lang='lat' dir='ltr'><strong>temporalem</strong></span> <span class='ocrx_word' id='word_1_22' title='bbox 1704 661 1957 732; x_wconf 85' lang='lat' dir='ltr'><strong>elegimus</strong></span> <span class='ocrx_word' id='word_1_23' title='bbox 1991 676 2001 712; x_wconf 90' lang='lat'>:</span> <span class='ocrx_word' id='word_1_24' title='bbox 2034 670 2160 727; x_wconf 80' lang='lat' dir='ltr'><strong>pro-</strong></span> 
     </span>
    </p>
   </div>
   <div class='ocr_carea' id='block_1_5' title="bbox 596 754 2161 840">
    <p class='ocr_par' dir='ltr' id='par_1_5' title="bbox 596 754 2161 840">
     <span class='ocr_line' id='line_1_5' title="bbox 596 754 2161 840; baseline -0.013 -20"><span class='ocrx_word' id='word_1_25' title='bbox 596 781 774 840; x_wconf 84' lang='lat' dir='ltr'><strong>pterea</strong></span> <span class='ocrx_word' id='word_1_26' title='bbox 804 768 965 823; x_wconf 90' lang='lat' dir='ltr'><strong>Deum</strong></span> <span class='ocrx_word' id='word_1_27' title='bbox 998 762 1343 827; x_wconf 78' lang='lat' dir='ltr'><strong>irritavimus,</strong></span> <span class='ocrx_word' id='word_1_28' title='bbox 1369 758 1508 831; x_wconf 90' lang='lat' dir='ltr'><strong>quod</strong></span> <span class='ocrx_word' id='word_1_29' title='bbox 1538 770 1655 813; x_wconf 91' lang='lat' dir='ltr'><strong>cum</strong></span> <span class='ocrx_word' id='word_1_30' title='bbox 1689 754 1840 809; x_wconf 88' lang='lat' dir='ltr'><strong>uobis</strong></span> <span class='ocrx_word' id='word_1_31' title='bbox 1868 758 2011 806; x_wconf 86' lang='lat' dir='ltr'><strong>esset</strong></span> <span class='ocrx_word' id='word_1_32' title='bbox 2035 762 2161 818; x_wconf 53' lang='lat' dir='ltr'><strong>pro.</strong></span> 
     </span>
    </p>
   </div>
   <div class='ocr_carea' id='block_1_6' title="bbox 596 839 2162 930">
    <p class='ocr_par' dir='ltr' id='par_1_6' title="bbox 596 839 2162 930">
     <span class='ocr_line' id='line_1_6' title="bbox 596 839 2162 930; baseline -0.015 -14"><span class='ocrx_word' id='word_1_33' title='bbox 596 839 823 930; x_wconf 81' lang='lat' dir='ltr'><strong>positum</strong></span> <span class='ocrx_word' id='word_1_34' title='bbox 855 856 956 911; x_wconf 91' lang='lat' dir='ltr'><strong>frui</strong></span> <span class='ocrx_word' id='word_1_35' title='bbox 994 854 1056 909; x_wconf 86' lang='lat' dir='ltr'><strong>tis</strong></span> <span class='ocrx_word' id='word_1_36' title='bbox 1084 867 1202 923; x_wconf 79' lang='lat' dir='ltr'><strong>qua:</strong></span> <span class='ocrx_word' id='word_1_37' title='bbox 1228 861 1354 906; x_wconf 90' lang='lat' dir='ltr'><strong>sunt</strong></span> <span class='ocrx_word' id='word_1_38' title='bbox 1381 850 1435 905; x_wconf 89' lang='lat' dir='ltr'><strong>in</strong></span> <span class='ocrx_word' id='word_1_39' title='bbox 1472 848 1637 911; x_wconf 70' lang='lat' dir='ltr'><strong>cadis,</strong></span> <span class='ocrx_word' id='word_1_40' title='bbox 1667 860 1737 903; x_wconf 88' lang='lat' dir='ltr'><strong>ne</strong></span> <span class='ocrx_word' id='word_1_41' title='bbox 1765 842 1833 898; x_wconf 92' lang='lat' dir='ltr'><strong>ab</strong></span> <span class='ocrx_word' id='word_1_42' title='bbox 1861 842 1923 897; x_wconf 88' lang='lat' dir='ltr'><strong>iis</strong></span> <span class='ocrx_word' id='word_1_43' title='bbox 1948 839 2162 911; x_wconf 89' lang='lat' dir='ltr'><strong>quidem</strong></span> 
     </span>
    </p>
   </div>
   <div class='ocr_carea' id='block_1_7' title="bbox 594 934 2164 1022">
    <p class='ocr_par' dir='ltr' id='par_1_7' title="bbox 594 934 2164 1022">
     <span class='ocr_line' id='line_1_7' title="bbox 594 934 2164 1022; baseline -0.014 -16"><span class='ocrx_word' id='word_1_44' title='bbox 594 966 712 1022; x_wconf 79' lang='lat' dir='ltr'><strong>qua:</strong></span> <span class='ocrx_word' id='word_1_45' title='bbox 739 957 861 1004; x_wconf 91' lang='lat' dir='ltr'><strong>sunt</strong></span> <span class='ocrx_word' id='word_1_46' title='bbox 888 948 940 1002; x_wconf 90' lang='lat' dir='ltr'><strong>in</strong></span> <span class='ocrx_word' id='word_1_47' title='bbox 973 955 1112 1001; x_wconf 84' lang='lat' dir='ltr'><strong>terra</strong></span> <span class='ocrx_word' id='word_1_48' title='bbox 1146 943 1389 998; x_wconf 92' lang='lat' dir='ltr'><strong>volunms</strong></span> <span class='ocrx_word' id='word_1_49' title='bbox 1415 937 1724 1001; x_wconf 88' lang='lat' dir='ltr'><strong>discedere;</strong></span> <span class='ocrx_word' id='word_1_50' title='bbox 1756 934 1850 990; x_wconf 90' lang='lat' dir='ltr'><strong>sed</strong></span> <span class='ocrx_word' id='word_1_51' title='bbox 1873 948 1977 988; x_wconf 90' lang='lat' dir='ltr'><strong>non</strong></span> <span class='ocrx_word' id='word_1_52' title='bbox 2009 943 2164 987; x_wconf 84' lang='lat' dir='ltr'><strong>secus</strong></span> 
     </span>
    </p>
   </div>
   <div class='ocr_carea' id='block_1_8' title="bbox 593 1023 2165 1113">
    <p class='ocr_par' dir='ltr' id='par_1_8' title="bbox 593 1023 2165 1113">
     <span class='ocr_line' id='line_1_8' title="bbox 593 1023 2165 1113; baseline -0.014 -14"><span class='ocrx_word' id='word_1_53' title='bbox 593 1060 656 1099; x_wconf 86' lang='lat' dir='ltr'><strong>ac</strong></span> <span class='ocrx_word' id='word_1_54' title='bbox 696 1041 911 1113; x_wconf 87' lang='lat' dir='ltr'><strong>quidam</strong></span> <span class='ocrx_word' id='word_1_55' title='bbox 944 1052 1162 1095; x_wconf 81' lang='lat' dir='ltr'><strong>vermes</strong></span> <span class='ocrx_word' id='word_1_56' title='bbox 1190 1051 1219 1090; x_wconf 92' lang='lat' dir='ltr'><strong>a</strong></span> <span class='ocrx_word' id='word_1_57' title='bbox 1264 1034 1487 1090; x_wconf 91' lang='lat' dir='ltr'><strong>terrain</strong></span> <span class='ocrx_word' id='word_1_58' title='bbox 1518 1042 1732 1094; x_wconf 88' lang='lat' dir='ltr'><strong>terram,</strong></span> <span class='ocrx_word' id='word_1_59' title='bbox 1780 1037 1835 1084; x_wconf 89' lang='lat' dir='ltr'><strong>et</strong></span> <span class='ocrx_word' id='word_1_60' title='bbox 1876 1040 2060 1081; x_wconf 81' lang='lat' dir='ltr'><strong>rursus</strong></span> <span class='ocrx_word' id='word_1_61' title='bbox 2099 1023 2165 1077; x_wconf 90' lang='lat' dir='ltr'><strong>ab</strong></span> 
     </span>
    </p>
   </div>
   <div class='ocr_carea' id='block_1_9' title="bbox 598 1117 2164 1200">
    <p class='ocr_par' dir='ltr' id='par_1_9' title="bbox 598 1117 2164 1200">
     <span class='ocr_line' id='line_1_9' title="bbox 598 1117 2164 1200; baseline -0.014 -9"><span class='ocrx_word' id='word_1_62' title='bbox 598 1138 697 1193; x_wconf 88' lang='lat' dir='ltr'><strong>hac</strong></span> <span class='ocrx_word' id='word_1_63' title='bbox 724 1136 775 1190; x_wconf 91' lang='lat' dir='ltr'><strong>in</strong></span> <span class='ocrx_word' id='word_1_64' title='bbox 805 1134 948 1190; x_wconf 80' lang='lat' dir='ltr'><strong>illam</strong></span> <span class='ocrx_word' id='word_1_65' title='bbox 980 1128 1427 1200; x_wconf 89' lang='lat' dir='ltr'><strong>circumagimur;</strong></span> <span class='ocrx_word' id='word_1_66' title='bbox 1471 1133 1526 1180; x_wconf 89' lang='lat' dir='ltr'><strong>et</strong></span> <span class='ocrx_word' id='word_1_67' title='bbox 1553 1124 1706 1194; x_wconf 89' lang='lat' dir='ltr'><strong>plane</strong></span> <span class='ocrx_word' id='word_1_68' title='bbox 1736 1135 1802 1176; x_wconf 89' lang='lat' dir='ltr'><strong>ne</strong></span> <span class='ocrx_word' id='word_1_69' title='bbox 1835 1133 2018 1190; x_wconf 89' lang='lat' dir='ltr'><strong>parum</strong></span> <span class='ocrx_word' id='word_1_70' title='bbox 2045 1117 2164 1186; x_wconf 90' lang='lat' dir='ltr'><strong>qui-</strong></span> 
     </span>
    </p>
   </div>
   <div class='ocr_carea' id='block_1_10' title="bbox 596 1208 2167 1291">
    <p class='ocr_par' dir='ltr' id='par_1_10' title="bbox 596 1208 2167 1291">
     <span class='ocr_line' id='line_1_10' title="bbox 596 1208 2167 1291; baseline -0.015 -8"><span class='ocrx_word' id='word_1_71' title='bbox 596 1230 718 1285; x_wconf 85' lang='lat' dir='ltr'><strong>dem</strong></span> <span class='ocrx_word' id='word_1_72' title='bbox 748 1227 994 1282; x_wconf 85' lang='lat' dir='ltr'><strong>volumus</strong></span> <span class='ocrx_word' id='word_1_73' title='bbox 1023 1236 1319 1291; x_wconf 85' lang='lat' dir='ltr'><strong>emergere,</strong></span> <span class='ocrx_word' id='word_1_74' title='bbox 1344 1232 1516 1288; x_wconf 89' lang='lat' dir='ltr'><strong>neque</strong></span> <span class='ocrx_word' id='word_1_75' title='bbox 1554 1230 1649 1270; x_wconf 88' lang='lat' dir='ltr'><strong>nos</strong></span> <span class='ocrx_word' id='word_1_76' title='bbox 1677 1229 1706 1267; x_wconf 91' lang='lat' dir='ltr'><strong>a</strong></span> <span class='ocrx_word' id='word_1_77' title='bbox 1734 1212 1894 1268; x_wconf 84' lang='lat' dir='ltr'><strong>rebus</strong></span> <span class='ocrx_word' id='word_1_78' title='bbox 1922 1208 2167 1265; x_wconf 84' lang='lat' dir='ltr'><strong>immanis</strong></span> 
     </span>
    </p>
   </div>
   <div class='ocr_carea' id='block_1_11' title="bbox 597 1307 2169 1384">
    <p class='ocr_par' dir='ltr' id='par_1_11' title="bbox 597 1307 2169 1384">
     <span class='ocr_line' id='line_1_11' title="bbox 597 1307 2169 1384; baseline -0.014 -11"><span class='ocrx_word' id='word_1_79' title='bbox 597 1319 885 1384; x_wconf 87' lang='lat' dir='ltr'><strong>abducere,</strong></span> <span class='ocrx_word' id='word_1_80' title='bbox 917 1314 1014 1371; x_wconf 89' lang='lat' dir='ltr'><strong>sed</strong></span> <span class='ocrx_word' id='word_1_81' title='bbox 1040 1312 1199 1369; x_wconf 83' lang='lat' dir='ltr'><strong>veluti</strong></span> <span class='ocrx_word' id='word_1_82' title='bbox 1239 1324 1269 1363; x_wconf 95' lang='lat' dir='ltr'><strong>a</strong></span> <span class='ocrx_word' id='word_1_83' title='bbox 1298 1308 1525 1380; x_wconf 90' lang='lat' dir='ltr'><strong>quodam</strong></span> <span class='ocrx_word' id='word_1_84' title='bbox 1552 1316 1774 1360; x_wconf 89' lang='lat' dir='ltr'><strong>veterno</strong></span> <span class='ocrx_word' id='word_1_85' title='bbox 1803 1312 1854 1357; x_wconf 90' lang='lat' dir='ltr'><strong>et</strong></span> <span class='ocrx_word' id='word_1_86' title='bbox 1898 1312 2089 1355; x_wconf 86' lang='lat' dir='ltr'><strong>somno</strong></span> <span class='ocrx_word' id='word_1_87' title='bbox 2114 1307 2169 1352; x_wconf 91' lang='lat' dir='ltr'><strong>et</strong></span> 
     </span>
    </p>
   </div>
   <div class='ocr_carea' id='block_1_12' title="bbox 599 1391 2163 1473">
    <p class='ocr_par' dir='ltr' id='par_1_12' title="bbox 599 1391 2163 1473">
     <span class='ocr_line' id='line_1_12' title="bbox 599 1391 2163 1473; baseline -0.015 -6"><span class='ocrx_word' id='word_1_88' title='bbox 599 1411 856 1467; x_wconf 89' lang='lat' dir='ltr'><strong>ebrietate</strong></span> <span class='ocrx_word' id='word_1_89' title='bbox 879 1407 1074 1471; x_wconf 91' lang='lat' dir='ltr'><strong>obruti,</strong></span> <span class='ocrx_word' id='word_1_90' title='bbox 1096 1400 1523 1473; x_wconf 87' lang='lat' dir='ltr'><strong>obstupescimus</strong></span> <span class='ocrx_word' id='word_1_91' title='bbox 1544 1399 1653 1452; x_wconf 87' lang='lat' dir='ltr'><strong>visa</strong></span> <span class='ocrx_word' id='word_1_92' title='bbox 1682 1391 2163 1467; x_wconf 88' lang='lat' dir='ltr'><strong>apprehendentes.</strong></span> 
     </span>
    </p>
   </div>
   <div class='ocr_carea' id='block_1_13' title="bbox 600 1486 2173 1570">
    <p class='ocr_par' dir='ltr' id='par_1_13' title="bbox 600 1486 2173 1570">
     <span class='ocr_line' id='line_1_13' title="bbox 600 1486 2173 1570; baseline -0.015 -10"><span class='ocrx_word' id='word_1_93' title='bbox 600 1504 666 1560; x_wconf 81' lang='lat' dir='ltr'><strong>Et</strong></span> <span class='ocrx_word' id='word_1_94' title='bbox 693 1503 831 1558; x_wconf 87' lang='lat' dir='ltr'><strong>sicut</strong></span> <span class='ocrx_word' id='word_1_95' title='bbox 858 1501 892 1555; x_wconf 90' lang='lat' dir='ltr'><strong>ii</strong></span> <span class='ocrx_word' id='word_1_96' title='bbox 918 1500 1008 1570; x_wconf 90' lang='lat' dir='ltr'><strong>qui</strong></span> <span class='ocrx_word' id='word_1_97' title='bbox 1034 1497 1182 1553; x_wconf 78' lang='lat' dir='ltr'><strong>suavi</strong></span> <span class='ocrx_word' id='word_1_98' title='bbox 1210 1503 1460 1551; x_wconf 88' lang='lat' dir='ltr'><strong>tenentur</strong></span> <span class='ocrx_word' id='word_1_99' title='bbox 1487 1506 1696 1554; x_wconf 90' lang='lat' dir='ltr'><strong>somno,</strong></span> <span class='ocrx_word' id='word_1_100' title='bbox 1740 1503 1845 1543; x_wconf 90' lang='lat' dir='ltr'><strong>non</strong></span> <span class='ocrx_word' id='word_1_101' title='bbox 1873 1486 2046 1543; x_wconf 90' lang='lat' dir='ltr'><strong>solum</strong></span> <span class='ocrx_word' id='word_1_102' title='bbox 2075 1499 2173 1539; x_wconf 85' lang='lat' dir='ltr'><strong>no-</strong></span> 
     </span>
    </p>
   </div>
   <div class='ocr_carea' id='block_1_14' title="bbox 599 1575 2170 1661">
    <p class='ocr_par' dir='ltr' id='par_1_14' title="bbox 599 1575 2170 1661">
     <span class='ocr_line' id='line_1_14' title="bbox 599 1575 2170 1661; baseline -0.011 -13"><span class='ocrx_word' id='word_1_103' title='bbox 599 1604 709 1661; x_wconf 90' lang='lat' dir='ltr'><strong>ctu,</strong></span> <span class='ocrx_word' id='word_1_104' title='bbox 738 1590 829 1647; x_wconf 89' lang='lat' dir='ltr'><strong>sed</strong></span> <span class='ocrx_word' id='word_1_105' title='bbox 857 1591 1015 1647; x_wconf 89' lang='lat' dir='ltr'><strong>etiam</strong></span> <span class='ocrx_word' id='word_1_106' title='bbox 1050 1602 1173 1644; x_wconf 90' lang='lat' dir='ltr'><strong>cum</strong></span> <span class='ocrx_word' id='word_1_107' title='bbox 1202 1586 1373 1657; x_wconf 91' lang='lat' dir='ltr'><strong>ipsum</strong></span> <span class='ocrx_word' id='word_1_108' title='bbox 1408 1597 1563 1638; x_wconf 86' lang='lat' dir='ltr'><strong>mane</strong></span> <span class='ocrx_word' id='word_1_109' title='bbox 1590 1580 1886 1643; x_wconf 83' lang='lat' dir='ltr'><strong>advenerit,</strong></span> <span class='ocrx_word' id='word_1_110' title='bbox 1918 1586 1972 1633; x_wconf 93' lang='lat' dir='ltr'><strong>et</strong></span> <span class='ocrx_word' id='word_1_111' title='bbox 1994 1575 2170 1631; x_wconf 88' lang='lat' dir='ltr'><strong>clarus</strong></span> 
     </span>
    </p>
   </div>
   <div class='ocr_carea' id='block_1_15' title="bbox 602 1667 2172 1751">
    <p class='ocr_par' dir='ltr' id='par_1_15' title="bbox 602 1667 2172 1751">
     <span class='ocr_line' id='line_1_15' title="bbox 602 1667 2172 1751; baseline -0.012 -11"><span class='ocrx_word' id='word_1_112' title='bbox 602 1684 761 1740; x_wconf 90' lang='lat' dir='ltr'><strong>fuerit</strong></span> <span class='ocrx_word' id='word_1_113' title='bbox 786 1682 921 1746; x_wconf 88' lang='lat' dir='ltr'><strong>dies,</strong></span> <span class='ocrx_word' id='word_1_114' title='bbox 946 1680 1127 1751; x_wconf 83' lang='lat' dir='ltr'><strong>jaceat</strong></span> <span class='ocrx_word' id='word_1_115' title='bbox 1151 1677 1207 1735; x_wconf 88' lang='lat' dir='ltr'><strong>in</strong></span> <span class='ocrx_word' id='word_1_116' title='bbox 1237 1677 1415 1739; x_wconf 84' lang='lat' dir='ltr'><strong>lecto;</strong></span> <span class='ocrx_word' id='word_1_117' title='bbox 1449 1687 1548 1728; x_wconf 89' lang='lat' dir='ltr'><strong>nec</strong></span> <span class='ocrx_word' id='word_1_118' title='bbox 1571 1685 1665 1726; x_wconf 89' lang='lat' dir='ltr'><strong>eos</strong></span> <span class='ocrx_word' id='word_1_119' title='bbox 1695 1668 1855 1741; x_wconf 84' lang='lat' dir='ltr'><strong>pudet</strong></span> <span class='ocrx_word' id='word_1_120' title='bbox 1895 1667 2172 1737; x_wconf 88' lang='lat' dir='ltr'><strong>indulgere</strong></span> 
     </span>
    </p>
   </div>
   <div class='ocr_carea' id='block_1_16' title="bbox 601 1757 2173 1845">
    <p class='ocr_par' dir='ltr' id='par_1_16' title="bbox 601 1757 2173 1845">
     <span class='ocr_line' id='line_1_16' title="bbox 601 1757 2173 1845; baseline -0.011 -17"><span class='ocrx_word' id='word_1_121' title='bbox 601 1773 880 1845; x_wconf 74' lang='lat' dir='ltr'><strong>voluptati,</strong></span> <span class='ocrx_word' id='word_1_122' title='bbox 933 1781 986 1827; x_wconf 92' lang='lat' dir='ltr'><strong>et</strong></span> <span class='ocrx_word' id='word_1_123' title='bbox 1026 1780 1237 1839; x_wconf 89' lang='lat' dir='ltr'><strong>tempus</strong></span> <span class='ocrx_word' id='word_1_124' title='bbox 1283 1763 1537 1837; x_wconf 87' lang='lat' dir='ltr'><strong>operandi</strong></span> <span class='ocrx_word' id='word_1_125' title='bbox 1588 1772 1642 1818; x_wconf 91' lang='lat' dir='ltr'><strong>et</strong></span> <span class='ocrx_word' id='word_1_126' title='bbox 1692 1759 1938 1816; x_wconf 88' lang='lat' dir='ltr'><strong>studendi</strong></span> <span class='ocrx_word' id='word_1_127' title='bbox 1999 1757 2173 1812; x_wconf 87' lang='lat' dir='ltr'><strong>facere</strong></span> 
     </span>
    </p>
   </div>
   <div class='ocr_carea' id='block_1_17' title="bbox 604 1852 2170 1935">
    <p class='ocr_par' dir='ltr' id='par_1_17' title="bbox 604 1852 2170 1935">
     <span class='ocr_line' id='line_1_17' title="bbox 604 1852 2170 1935; baseline -0.013 -14"><span class='ocrx_word' id='word_1_128' title='bbox 604 1875 811 1935; x_wconf 88' lang='lat' dir='ltr'><strong>tempus</strong></span> <span class='ocrx_word' id='word_1_129' title='bbox 838 1861 1013 1918; x_wconf 81' lang='lat' dir='ltr'><strong>somni</strong></span> <span class='ocrx_word' id='word_1_130' title='bbox 1043 1870 1090 1916; x_wconf 91' lang='lat' dir='ltr'><strong>et</strong></span> <span class='ocrx_word' id='word_1_131' title='bbox 1114 1859 1317 1914; x_wconf 75' lang='lat' dir='ltr'><strong>inertia:</strong></span> <span class='ocrx_word' id='word_1_132' title='bbox 1342 1870 1403 1911; x_wconf 87' lang='lat' dir='ltr'><strong>ac</strong></span> <span class='ocrx_word' id='word_1_133' title='bbox 1429 1853 1765 1910; x_wconf 89' lang='lat' dir='ltr'><strong>hebetudiuis</strong></span> <span class='ocrx_word' id='word_1_134' title='bbox 1790 1870 1803 1907; x_wconf 90' lang='lat'>:</span> <span class='ocrx_word' id='word_1_135' title='bbox 1828 1852 1895 1906; x_wconf 88' lang='lat' dir='ltr'><strong>ita</strong></span> <span class='ocrx_word' id='word_1_136' title='bbox 1918 1864 2015 1903; x_wconf 90' lang='lat' dir='ltr'><strong>nos</strong></span> <span class='ocrx_word' id='word_1_137' title='bbox 2035 1864 2170 1919; x_wconf 82' lang='lat' dir='ltr'><strong>quo-</strong></span> 
     </span>
    </p>
   </div>
   <div class='ocr_carea' id='block_1_18' title="bbox 602 1941 2173 2027">
    <p class='ocr_par' dir='ltr' id='par_1_18' title="bbox 602 1941 2173 2027">
     <span class='ocr_line' id='line_1_18' title="bbox 602 1941 2173 2027; baseline -0.012 -16"><span class='ocrx_word' id='word_1_138' title='bbox 602 1973 704 2027; x_wconf 89' lang='lat' dir='ltr'><strong>que</strong></span> <span class='ocrx_word' id='word_1_139' title='bbox 733 1956 819 2011; x_wconf 93' lang='lat' dir='ltr'><strong>die</strong></span> <span class='ocrx_word' id='word_1_140' title='bbox 847 1953 1325 2024; x_wconf 77' lang='lat' dir='ltr'><strong>appropinquante,</strong></span> <span class='ocrx_word' id='word_1_141' title='bbox 1357 1956 1513 2003; x_wconf 89' lang='lat' dir='ltr'><strong>nocte</strong></span> <span class='ocrx_word' id='word_1_142' title='bbox 1540 1942 1881 2016; x_wconf 87' lang='lat' dir='ltr'><strong>procedente,</strong></span> <span class='ocrx_word' id='word_1_143' title='bbox 1909 1941 2017 1996; x_wconf 93' lang='lat' dir='ltr'><strong>imo</strong></span> <span class='ocrx_word' id='word_1_144' title='bbox 2047 1954 2173 2014; x_wconf 84' lang='lat' dir='ltr'><strong>vero</strong></span> 
     </span>
    </p>
   </div>
   <div class='ocr_carea' id='block_1_19' title="bbox 601 2029 2173 2117">
    <p class='ocr_par' dir='ltr' id='par_1_19' title="bbox 601 2029 2173 2117">
     <span class='ocr_line' id='line_1_19' title="bbox 601 2029 2173 2117; baseline -0.009 -16"><span class='ocrx_word' id='word_1_145' title='bbox 601 2049 687 2103; x_wconf 76' lang='lat' dir='ltr'><strong>ilic</strong></span> <span class='ocrx_word' id='word_1_146' title='bbox 714 2044 1035 2117; x_wconf 83' lang='lat' dir='ltr'><strong>(Operatm&#39;ui</strong></span> <span class='ocrx_word' id='word_1_147' title='bbox 1072 2042 1235 2105; x_wconf 90' lang='lat' dir='ltr'><strong>enim,</strong></span> <span class='ocrx_word' id='word_1_148' title='bbox 1283 2038 1475 2109; x_wconf 89' lang='lat' dir='ltr'><strong>inquit,</strong></span> <span class='ocrx_word' id='word_1_149' title='bbox 1508 2037 1630 2090; x_wconf 84' lang='lat' dir='ltr'><strong>dum</strong></span> <span class='ocrx_word' id='word_1_150' title='bbox 1669 2045 1742 2089; x_wconf 84' lang='lat' dir='ltr'><strong>est</strong></span> <span class='ocrx_word' id='word_1_151' title='bbox 1770 2034 1875 2089; x_wconf 78' lang='lat' dir='ltr'><strong>dies</strong></span> <span class='ocrx_word' id='word_1_152' title='bbox 1908 2031 2087 2105; x_wconf 69' lang='lat' dir='ltr'><strong>[10am</strong></span> <span class='ocrx_word' id='word_1_153' title='bbox 2115 2029 2173 2087; x_wconf 89' lang='lat'><strong>9.</strong></span> 
     </span>
    </p>
   </div>
   <div class='ocr_carea' id='block_1_20' title="bbox 602 2124 2171 2211">
    <p class='ocr_par' dir='ltr' id='par_1_20' title="bbox 602 2124 2171 2211">
     <span class='ocr_line' id='line_1_20' title="bbox 602 2124 2171 2211; baseline -0.013 -18"><span class='ocrx_word' id='word_1_154' title='bbox 602 2137 730 2211; x_wconf 70' lang='grc' dir='ltr'><strong>η),</strong></span> <span class='ocrx_word' id='word_1_155' title='bbox 771 2137 949 2191; x_wconf 84' lang='lat' dir='ltr'><strong>omnia</strong></span> <span class='ocrx_word' id='word_1_156' title='bbox 977 2133 1202 2189; x_wconf 82' lang='lat' dir='ltr'><strong>facimus</strong></span> <span class='ocrx_word' id='word_1_157' title='bbox 1239 2144 1356 2200; x_wconf 65' lang='lat' dir='ltr'><strong>qua)</strong></span> <span class='ocrx_word' id='word_1_158' title='bbox 1397 2138 1521 2183; x_wconf 89' lang='lat' dir='ltr'><strong>sunt</strong></span> <span class='ocrx_word' id='word_1_159' title='bbox 1561 2127 1731 2181; x_wconf 88' lang='lat' dir='ltr'><strong>noctis</strong></span> <span class='ocrx_word' id='word_1_160' title='bbox 1759 2166 1772 2189; x_wconf 90' lang='lat'><strong>,</strong></span> <span class='ocrx_word' id='word_1_161' title='bbox 1805 2124 2132 2179; x_wconf 86' lang='lat' dir='ltr'><strong>dormientes</strong></span> <span class='ocrx_word' id='word_1_162' title='bbox 2158 2162 2171 2181; x_wconf 91' lang='lat'><strong>,</strong></span> 
     </span>
    </p>
   </div>
   <div class='ocr_carea' id='block_1_21' title="bbox 604 2214 2177 2292">
    <p class='ocr_par' dir='ltr' id='par_1_21' title="bbox 604 2214 2177 2292">
     <span class='ocr_line' id='line_1_21' title="bbox 604 2214 2177 2292; baseline -0.01 -9"><span class='ocrx_word' id='word_1_163' title='bbox 604 2229 808 2284; x_wconf 79' lang='lat' dir='ltr'><strong>somnia</strong></span> <span class='ocrx_word' id='word_1_164' title='bbox 851 2228 1114 2292; x_wconf 78' lang='lat' dir='ltr'><strong>videntes,</strong></span> <span class='ocrx_word' id='word_1_165' title='bbox 1158 2222 1285 2277; x_wconf 83' lang='lat' dir='ltr'><strong>visis</strong></span> <span class='ocrx_word' id='word_1_166' title='bbox 1325 2220 1671 2283; x_wconf 87' lang='lat' dir='ltr'><strong>deliciantes;</strong></span> <span class='ocrx_word' id='word_1_167' title='bbox 1718 2227 1770 2271; x_wconf 89' lang='lat' dir='ltr'><strong>et</strong></span> <span class='ocrx_word' id='word_1_168' title='bbox 1813 2216 1977 2270; x_wconf 89' lang='lat' dir='ltr'><strong>clausi</strong></span> <span class='ocrx_word' id='word_1_169' title='bbox 2024 2214 2177 2269; x_wconf 90' lang='lat' dir='ltr'><strong>nobis</strong></span> 
     </span>
    </p>
   </div>
   <div class='ocr_carea' id='block_1_22' title="bbox 603 2308 2179 2383">
    <p class='ocr_par' dir='ltr' id='par_1_22' title="bbox 603 2308 2179 2383">
     <span class='ocr_line' id='line_1_22' title="bbox 603 2308 2179 2383; baseline -0.009 -10"><span class='ocrx_word' id='word_1_170' title='bbox 603 2331 726 2375; x_wconf 84' lang='lat' dir='ltr'><strong>sunt</strong></span> <span class='ocrx_word' id='word_1_171' title='bbox 752 2320 892 2374; x_wconf 87' lang='lat' dir='ltr'><strong>oculi</strong></span> <span class='ocrx_word' id='word_1_172' title='bbox 920 2316 1112 2373; x_wconf 85' lang='lat' dir='ltr'><strong>mentis</strong></span> <span class='ocrx_word' id='word_1_173' title='bbox 1152 2326 1206 2371; x_wconf 90' lang='lat' dir='ltr'><strong>ct</strong></span> <span class='ocrx_word' id='word_1_174' title='bbox 1234 2312 1495 2383; x_wconf 79' lang='lat' dir='ltr'><strong>Corporis,</strong></span> <span class='ocrx_word' id='word_1_175' title='bbox 1532 2324 1805 2381; x_wconf 85' lang='lat' dir='ltr'><strong>perperam</strong></span> <span class='ocrx_word' id='word_1_176' title='bbox 1835 2308 2101 2377; x_wconf 87' lang='lat' dir='ltr'><strong>loquimur</strong></span> <span class='ocrx_word' id='word_1_177' title='bbox 2125 2316 2179 2360; x_wconf 91' lang='lat' dir='ltr'><strong>et</strong></span> 
     </span>
    </p>
   </div>
   <div class='ocr_carea' id='block_1_23' title="bbox 606 2399 2175 2480">
    <p class='ocr_par' dir='ltr' id='par_1_23' title="bbox 606 2399 2175 2480">
     <span class='ocr_line' id='line_1_23' title="bbox 606 2399 2175 2480; baseline -0.01 -15"><span class='ocrx_word' id='word_1_178' title='bbox 606 2422 805 2466; x_wconf 82' lang='lat' dir='ltr'><strong>temere</strong></span> <span class='ocrx_word' id='word_1_179' title='bbox 829 2410 1114 2480; x_wconf 85' lang='lat' dir='ltr'><strong>garrimus,</strong></span> <span class='ocrx_word' id='word_1_180' title='bbox 1142 2416 1197 2461; x_wconf 90' lang='lat' dir='ltr'><strong>et</strong></span> <span class='ocrx_word' id='word_1_181' title='bbox 1226 2406 1268 2459; x_wconf 87' lang='lat' dir='ltr'><strong>si</strong></span> <span class='ocrx_word' id='word_1_182' title='bbox 1299 2405 1417 2474; x_wconf 89' lang='lat' dir='ltr'><strong>quis</strong></span> <span class='ocrx_word' id='word_1_183' title='bbox 1450 2400 1763 2473; x_wconf 81' lang='lat' dir='ltr'><strong>profundam</strong></span> <span class='ocrx_word' id='word_1_184' title='bbox 1793 2399 1943 2453; x_wconf 88' lang='lat' dir='ltr'><strong>nobis</strong></span> <span class='ocrx_word' id='word_1_185' title='bbox 1972 2399 2175 2468; x_wconf 85' lang='lat' dir='ltr'><strong>p!agam</strong></span> 
     </span>
    </p>
   </div>
   <div class='ocr_carea' id='block_1_24' title="bbox 606 2492 2178 2566">
    <p class='ocr_par' dir='ltr' id='par_1_24' title="bbox 606 2492 2178 2566">
     <span class='ocr_line' id='line_1_24' title="bbox 606 2492 2178 2566; baseline -0.008 -10"><span class='ocrx_word' id='word_1_186' title='bbox 606 2503 875 2566; x_wconf 75' lang='lat' dir='ltr'><strong>inflixcrit,</strong></span> <span class='ocrx_word' id='word_1_187' title='bbox 899 2515 964 2556; x_wconf 90' lang='lat' dir='ltr'><strong>ne</strong></span> <span class='ocrx_word' id='word_1_188' title='bbox 986 2499 1246 2555; x_wconf 87' lang='lat' dir='ltr'><strong>sentimus</strong></span> <span class='ocrx_word' id='word_1_189' title='bbox 1266 2497 1500 2565; x_wconf 86' lang='lat' dir='ltr'><strong>quidem,</strong></span> <span class='ocrx_word' id='word_1_190' title='bbox 1531 2492 1737 2548; x_wconf 89' lang='lat' dir='ltr'><strong>etiamsi</strong></span> <span class='ocrx_word' id='word_1_191' title='bbox 1765 2499 1973 2544; x_wconf 91' lang='lat' dir='ltr'><strong>nostras</strong></span> <span class='ocrx_word' id='word_1_192' title='bbox 1993 2502 2178 2543; x_wconf 88' lang='lat' dir='ltr'><strong>omnes</strong></span> 
     </span>
    </p>
   </div>
   <div class='ocr_carea' id='block_1_25' title="bbox 605 2581 2175 2666">
    <p class='ocr_par' dir='ltr' id='par_1_25' title="bbox 605 2581 2175 2666">
     <span class='ocr_line' id='line_1_25' title="bbox 605 2581 2175 2666; baseline -0.012 -15"><span class='ocrx_word' id='word_1_193' title='bbox 605 2595 884 2666; x_wconf 89' lang='lat' dir='ltr'><strong>diripuerit</strong></span> <span class='ocrx_word' id='word_1_194' title='bbox 902 2592 1199 2657; x_wconf 88' lang='lat' dir='ltr'><strong>facultates,</strong></span> <span class='ocrx_word' id='word_1_195' title='bbox 1224 2588 1429 2645; x_wconf 86' lang='lat' dir='ltr'><strong>etiamsi</strong></span> <span class='ocrx_word' id='word_1_196' title='bbox 1459 2588 1625 2655; x_wconf 90' lang='lat' dir='ltr'><strong>ipsam</strong></span> <span class='ocrx_word' id='word_1_197' title='bbox 1649 2585 1864 2638; x_wconf 90' lang='lat' dir='ltr'><strong>domum</strong></span> <span class='ocrx_word' id='word_1_198' title='bbox 1879 2581 2141 2636; x_wconf 78' lang='lat' dir='ltr'><strong>exusserit</strong></span> <span class='ocrx_word' id='word_1_199' title='bbox 2163 2598 2175 2633; x_wconf 91' lang='lat'><strong>:</strong></span> 
     </span>
    </p>
   </div>
   <div class='ocr_carea' id='block_1_26' title="bbox 608 2673 2176 2751">
    <p class='ocr_par' dir='ltr' id='par_1_26' title="bbox 608 2673 2176 2751">
     <span class='ocr_line' id='line_1_26' title="bbox 608 2673 2176 2751; baseline -0.01 -8"><span class='ocrx_word' id='word_1_200' title='bbox 608 2690 713 2743; x_wconf 85' lang='lat' dir='ltr'><strong>inm</strong></span> <span class='ocrx_word' id='word_1_201' title='bbox 747 2702 874 2741; x_wconf 88' lang='lat' dir='ltr'><strong>vero</strong></span> <span class='ocrx_word' id='word_1_202' title='bbox 912 2699 979 2739; x_wconf 89' lang='lat' dir='ltr'><strong>ne</strong></span> <span class='ocrx_word' id='word_1_203' title='bbox 1004 2690 1373 2751; x_wconf 75' lang='lat' dir='ltr'><strong>exspectamus</strong></span> <span class='ocrx_word' id='word_1_204' title='bbox 1399 2676 1609 2747; x_wconf 87' lang='lat' dir='ltr'><strong>quidem</strong></span> <span class='ocrx_word' id='word_1_205' title='bbox 1639 2686 1694 2729; x_wconf 92' lang='lat' dir='ltr'><strong>ut</strong></span> <span class='ocrx_word' id='word_1_206' title='bbox 1720 2674 1807 2728; x_wconf 88' lang='lat' dir='ltr'><strong>alii</strong></span> <span class='ocrx_word' id='word_1_207' title='bbox 1836 2674 1936 2727; x_wconf 92' lang='lat' dir='ltr'><strong>hoc</strong></span> <span class='ocrx_word' id='word_1_208' title='bbox 1964 2673 2176 2737; x_wconf 84' lang='lat' dir='ltr'><strong>faciant,</strong></span> 
     </span>
    </p>
   </div>
   <div class='ocr_carea' id='block_1_27' title="bbox 610 2765 2181 2846">
    <p class='ocr_par' dir='ltr' id='par_1_27' title="bbox 610 2765 2181 2846">
     <span class='ocr_line' id='line_1_27' title="bbox 610 2765 2181 2846; baseline -0.006 -14"><span class='ocrx_word' id='word_1_209' title='bbox 610 2778 702 2834; x_wconf 84' lang='lat' dir='ltr'><strong>sed</strong></span> <span class='ocrx_word' id='word_1_210' title='bbox 726 2777 821 2846; x_wconf 89' lang='lat' dir='ltr'><strong>ipsi</strong></span> <span class='ocrx_word' id='word_1_211' title='bbox 848 2777 947 2831; x_wconf 89' lang='lat' dir='ltr'><strong>hoc</strong></span> <span class='ocrx_word' id='word_1_212' title='bbox 963 2774 1202 2838; x_wconf 88' lang='lat' dir='ltr'><strong>facimus,</strong></span> <span class='ocrx_word' id='word_1_213' title='bbox 1228 2784 1323 2825; x_wconf 93' lang='lat' dir='ltr'><strong>nos</strong></span> <span class='ocrx_word' id='word_1_214' title='bbox 1350 2768 1582 2839; x_wconf 87' lang='lat' dir='ltr'><strong>quotidie</strong></span> <span class='ocrx_word' id='word_1_215' title='bbox 1608 2774 1901 2838; x_wconf 85' lang='lat' dir='ltr'><strong>pungentes</strong></span> <span class='ocrx_word' id='word_1_216' title='bbox 1921 2775 1972 2819; x_wconf 91' lang='lat' dir='ltr'><strong>et</strong></span> <span class='ocrx_word' id='word_1_217' title='bbox 1995 2765 2181 2823; x_wconf 83' lang='lat' dir='ltr'><strong>fericu-</strong></span> 
     </span>
    </p>
   </div>
   <div class='ocr_carea' id='block_1_28' title="bbox 607 2858 2175 2934">
    <p class='ocr_par' dir='ltr' id='par_1_28' title="bbox 607 2858 2175 2934">
     <span class='ocr_line' id='line_1_28' title="bbox 607 2858 2175 2934; baseline -0.002 -17"><span class='ocrx_word' id='word_1_218' title='bbox 607 2874 705 2927; x_wconf 86' lang='lat' dir='ltr'><strong>tes,</strong></span> <span class='ocrx_word' id='word_1_219' title='bbox 732 2866 953 2934; x_wconf 90' lang='lat' dir='ltr'><strong>turpiter</strong></span> <span class='ocrx_word' id='word_1_220' title='bbox 973 2874 1030 2921; x_wconf 91' lang='lat' dir='ltr'><strong>et</strong></span> <span class='ocrx_word' id='word_1_221' title='bbox 1050 2866 1297 2919; x_wconf 87' lang='lat' dir='ltr'><strong>indecore</strong></span> <span class='ocrx_word' id='word_1_222' title='bbox 1321 2864 1574 2932; x_wconf 82' lang='lat' dir='ltr'><strong>jacentes,</strong></span> <span class='ocrx_word' id='word_1_223' title='bbox 1602 2873 1653 2917; x_wconf 90' lang='lat' dir='ltr'><strong>et</strong></span> <span class='ocrx_word' id='word_1_224' title='bbox 1671 2862 1850 2918; x_wconf 88' lang='lat' dir='ltr'><strong>nudati</strong></span> <span class='ocrx_word' id='word_1_225' title='bbox 1869 2861 2010 2917; x_wconf 91' lang='lat' dir='ltr'><strong>omni</strong></span> <span class='ocrx_word' id='word_1_226' title='bbox 2036 2858 2175 2915; x_wconf 85' lang='lat' dir='ltr'><strong>bona</strong></span> 
     </span>
    </p>
   </div>
   <div class='ocr_carea' id='block_1_29' title="bbox 606 2954 2175 3025">
    <p class='ocr_par' dir='ltr' id='par_1_29' title="bbox 606 2954 2175 3025">
     <span class='ocr_line' id='line_1_29' title="bbox 606 2954 2175 3025; baseline 0.002 -19"><span class='ocrx_word' id='word_1_227' title='bbox 606 2954 1018 3019; x_wconf 79' lang='lat' dir='ltr'><strong>existimatione,</strong></span> <span class='ocrx_word' id='word_1_228' title='bbox 1045 2964 1098 3009; x_wconf 89' lang='lat' dir='ltr'><strong>et</strong></span> <span class='ocrx_word' id='word_1_229' title='bbox 1127 2955 1295 3023; x_wconf 89' lang='lat' dir='ltr'><strong>turpia</strong></span> <span class='ocrx_word' id='word_1_230' title='bbox 1327 2964 1504 3007; x_wconf 85' lang='lat' dir='ltr'><strong>nostra</strong></span> <span class='ocrx_word' id='word_1_231' title='bbox 1553 2968 1716 3023; x_wconf 87' lang='lat' dir='ltr'><strong>opera</strong></span> <span class='ocrx_word' id='word_1_232' title='bbox 1763 2970 1933 3024; x_wconf 87' lang='lat' dir='ltr'><strong>neque</strong></span> <span class='ocrx_word' id='word_1_233' title='bbox 1963 2954 2059 3025; x_wconf 83' lang='lat' dir='ltr'><strong>ipsi</strong></span> <span class='ocrx_word' id='word_1_234' title='bbox 2093 2963 2175 3009; x_wconf 86' lang='lat' dir='ltr'><strong>te-</strong></span> 
     </span>
    </p>
   </div>
   <div class='ocr_carea' id='block_1_30' title="bbox 610 3044 2176 3116">
    <p class='ocr_par' dir='ltr' id='par_1_30' title="bbox 610 3044 2176 3116">
     <span class='ocr_line' id='line_1_30' title="bbox 610 3044 2176 3116; baseline 0.001 -18"><span class='ocrx_word' id='word_1_235' title='bbox 610 3054 813 3113; x_wconf 81' lang='lat' dir='ltr'><strong>gentes,</strong></span> <span class='ocrx_word' id='word_1_236' title='bbox 860 3060 1029 3115; x_wconf 88' lang='lat' dir='ltr'><strong>neque</strong></span> <span class='ocrx_word' id='word_1_237' title='bbox 1060 3044 1180 3099; x_wconf 92' lang='lat' dir='ltr'><strong>aliis</strong></span> <span class='ocrx_word' id='word_1_238' title='bbox 1208 3045 1310 3100; x_wconf 87' lang='lat' dir='ltr'><strong>hoc</strong></span> <span class='ocrx_word' id='word_1_239' title='bbox 1337 3045 1511 3099; x_wconf 87' lang='lat' dir='ltr'><strong>facere</strong></span> <span class='ocrx_word' id='word_1_240' title='bbox 1551 3047 1949 3116; x_wconf 89' lang='lat' dir='ltr'><strong>permittentes;</strong></span> <span class='ocrx_word' id='word_1_241' title='bbox 2001 3046 2093 3100; x_wconf 88' lang='lat' dir='ltr'><strong>sed</strong></span> <span class='ocrx_word' id='word_1_242' title='bbox 2125 3047 2176 3099; x_wconf 92' lang='lat' dir='ltr'><strong>iu</strong></span> 
     </span>
    </p>
   </div>
   <div class='ocr_carea' id='block_1_31' title="bbox 609 3135 2180 3206">
    <p class='ocr_par' dir='ltr' id='par_1_31' title="bbox 609 3135 2180 3206">
     <span class='ocr_line' id='line_1_31' title="bbox 609 3135 2180 3206; baseline -0.001 -17"><span class='ocrx_word' id='word_1_243' title='bbox 609 3136 784 3191; x_wconf 87' lang='lat' dir='ltr'><strong>media</strong></span> <span class='ocrx_word' id='word_1_244' title='bbox 827 3135 1153 3205; x_wconf 91' lang='lat' dir='ltr'><strong>turpitudine</strong></span> <span class='ocrx_word' id='word_1_245' title='bbox 1180 3146 1233 3191; x_wconf 90' lang='lat' dir='ltr'><strong>et</strong></span> <span class='ocrx_word' id='word_1_246' title='bbox 1271 3136 1333 3190; x_wconf 89' lang='lat' dir='ltr'><strong>iis</strong></span> <span class='ocrx_word' id='word_1_247' title='bbox 1362 3137 1448 3206; x_wconf 90' lang='lat' dir='ltr'><strong>qui</strong></span> <span class='ocrx_word' id='word_1_248' title='bbox 1481 3136 1680 3202; x_wconf 87' lang='lat' dir='ltr'><strong>vident,</strong></span> <span class='ocrx_word' id='word_1_249' title='bbox 1713 3146 1767 3191; x_wconf 88' lang='lat' dir='ltr'><strong>et</strong></span> <span class='ocrx_word' id='word_1_250' title='bbox 1796 3138 1860 3191; x_wconf 82' lang='lat' dir='ltr'><strong>iis</strong></span> <span class='ocrx_word' id='word_1_251' title='bbox 1904 3137 1989 3205; x_wconf 86' lang='lat' dir='ltr'><strong>qui</strong></span> <span class='ocrx_word' id='word_1_252' title='bbox 2028 3151 2180 3191; x_wconf 81' lang='lat' dir='ltr'><strong>acce-</strong></span> 
     </span>
    </p>
   </div>
   <div class='ocr_carea' id='block_1_32' title="bbox 610 3226 2181 3297">
    <p class='ocr_par' dir='ltr' id='par_1_32' title="bbox 610 3226 2181 3297">
     <span class='ocr_line' id='line_1_32' title="bbox 610 3226 2181 3297; baseline 0.001 -17"><span class='ocrx_word' id='word_1_253' title='bbox 610 3226 745 3282; x_wconf 88' lang='lat' dir='ltr'><strong>dunt</strong></span> <span class='ocrx_word' id='word_1_254' title='bbox 776 3228 1030 3297; x_wconf 87' lang='lat' dir='ltr'><strong>propositi</strong></span> <span class='ocrx_word' id='word_1_255' title='bbox 1059 3228 1123 3282; x_wconf 85' lang='lat' dir='ltr'><strong>ad</strong></span> <span class='ocrx_word' id='word_1_256' title='bbox 1151 3227 1313 3282; x_wconf 75' lang='lat' dir='ltr'><strong>risum</strong></span> <span class='ocrx_word' id='word_1_257' title='bbox 1335 3238 1388 3283; x_wconf 92' lang='lat' dir='ltr'><strong>et</strong></span> <span class='ocrx_word' id='word_1_258' title='bbox 1406 3228 1471 3282; x_wconf 87' lang='lat' dir='ltr'><strong>ad</strong></span> <span class='ocrx_word' id='word_1_259' title='bbox 1505 3227 1727 3282; x_wconf 87' lang='lat' dir='ltr'><strong>ludibria</strong></span> <span class='ocrx_word' id='word_1_260' title='bbox 1757 3229 2181 3284; x_wconf 88' lang='lat' dir='ltr'><strong>iunmuerabilia.</strong></span> 
     </span>
    </p>
   </div>
   <div class='ocr_carea' id='block_1_33' title="bbox 608 3316 2178 3389">
    <p class='ocr_par' dir='ltr' id='par_1_33' title="bbox 608 3316 2178 3389">
     <span class='ocr_line' id='line_1_33' title="bbox 608 3316 2178 3389; baseline 0 -17"><span class='ocrx_word' id='word_1_261' title='bbox 608 3316 834 3373; x_wconf 72' lang='lat' dir='ltr'><strong>Nescitis</strong></span> <span class='ocrx_word' id='word_1_262' title='bbox 876 3317 1019 3387; x_wconf 88' lang='lat' dir='ltr'><strong>ipsos</strong></span> <span class='ocrx_word' id='word_1_263' title='bbox 1058 3334 1272 3389; x_wconf 91' lang='lat' dir='ltr'><strong>quoque</strong></span> <span class='ocrx_word' id='word_1_264' title='bbox 1322 3319 1490 3373; x_wconf 92' lang='lat' dir='ltr'><strong>malos</strong></span> <span class='ocrx_word' id='word_1_265' title='bbox 1540 3318 1764 3374; x_wconf 85' lang='lat' dir='ltr'><strong>irridere</strong></span> <span class='ocrx_word' id='word_1_266' title='bbox 1808 3335 1901 3375; x_wconf 82' lang='lat' dir='ltr'><strong>eos</strong></span> <span class='ocrx_word' id='word_1_267' title='bbox 1952 3334 2178 3389; x_wconf 90' lang='lat' dir='ltr'><strong>quorum</strong></span> 
     </span>
    </p>
   </div>
   <div class='ocr_carea' id='block_1_34' title="bbox 608 3410 2181 3482">
    <p class='ocr_par' dir='ltr' id='par_1_34' title="bbox 608 3410 2181 3482">
     <span class='ocr_line' id='line_1_34' title="bbox 608 3410 2181 3482; baseline 0.003 -19"><span class='ocrx_word' id='word_1_268' title='bbox 608 3422 732 3464; x_wconf 87' lang='lat' dir='ltr'><strong>sunt</strong></span> <span class='ocrx_word' id='word_1_269' title='bbox 764 3410 920 3465; x_wconf 91' lang='lat' dir='ltr'><strong>iidem</strong></span> <span class='ocrx_word' id='word_1_270' title='bbox 976 3426 1173 3475; x_wconf 87' lang='lat' dir='ltr'><strong>mores,</strong></span> <span class='ocrx_word' id='word_1_271' title='bbox 1220 3421 1274 3466; x_wconf 90' lang='lat' dir='ltr'><strong>et</strong></span> <span class='ocrx_word' id='word_1_272' title='bbox 1315 3425 1409 3466; x_wconf 90' lang='lat' dir='ltr'><strong>eos</strong></span> <span class='ocrx_word' id='word_1_273' title='bbox 1439 3410 1731 3465; x_wconf 87' lang='lat' dir='ltr'><strong>damnare?</strong></span> <span class='ocrx_word' id='word_1_274' title='bbox 1774 3411 1902 3466; x_wconf 83' lang='lat' dir='ltr'><strong>Nam</strong></span> <span class='ocrx_word' id='word_1_275' title='bbox 1931 3414 2181 3482; x_wconf 91' lang='lat' dir='ltr'><strong>quoniam</strong></span> 
     </span>
    </p>
   </div>
   <div class='ocr_carea' id='block_1_35' title="bbox 614 3501 2182 3572">
    <p class='ocr_par' dir='ltr' id='par_1_35' title="bbox 614 3501 2182 3572">
     <span class='ocr_line' id='line_1_35' title="bbox 614 3501 2182 3572; baseline 0.003 -19"><span class='ocrx_word' id='word_1_276' title='bbox 614 3501 754 3555; x_wconf 89' lang='lat' dir='ltr'><strong>Deus</strong></span> <span class='ocrx_word' id='word_1_277' title='bbox 782 3501 967 3555; x_wconf 85' lang='lat' dir='ltr'><strong>indidit</strong></span> <span class='ocrx_word' id='word_1_278' title='bbox 994 3501 1435 3572; x_wconf 80' lang='lat' dir='ltr'><strong>nobisjudicium,</strong></span> <span class='ocrx_word' id='word_1_279' title='bbox 1462 3502 1600 3571; x_wconf 92' lang='lat' dir='ltr'><strong>quod</strong></span> <span class='ocrx_word' id='word_1_280' title='bbox 1621 3502 1927 3557; x_wconf 88' lang='lat' dir='ltr'><strong>labefactari</strong></span> <span class='ocrx_word' id='word_1_281' title='bbox 1956 3514 2008 3558; x_wconf 92' lang='lat' dir='ltr'><strong>ct</strong></span> <span class='ocrx_word' id='word_1_282' title='bbox 2031 3521 2182 3557; x_wconf 89' lang='lat' dir='ltr'><strong>num-</strong></span> 
     </span>
    </p>
   </div>
   <div class='ocr_carea' id='block_1_36' title="bbox 611 3593 2181 3662">
    <p class='ocr_par' dir='ltr' id='par_1_36' title="bbox 611 3593 2181 3662">
     <span class='ocr_line' id='line_1_36' title="bbox 611 3593 2181 3662; baseline 0.005 -21"><span class='ocrx_word' id='word_1_283' title='bbox 611 3606 767 3660; x_wconf 88' lang='lat' dir='ltr'><strong>quam</strong></span> <span class='ocrx_word' id='word_1_284' title='bbox 808 3594 1077 3660; x_wconf 85' lang='lat' dir='ltr'><strong>corrumpi</strong></span> <span class='ocrx_word' id='word_1_285' title='bbox 1110 3603 1305 3661; x_wconf 83' lang='lat' dir='ltr'><strong>potest,</strong></span> <span class='ocrx_word' id='word_1_286' title='bbox 1339 3593 1543 3647; x_wconf 88' lang='lat' dir='ltr'><strong>etiamsi</strong></span> <span class='ocrx_word' id='word_1_287' title='bbox 1587 3593 1810 3662; x_wconf 82' lang='lat' dir='ltr'><strong>ingressi</strong></span> <span class='ocrx_word' id='word_1_288' title='bbox 1845 3596 2095 3648; x_wconf 83' lang='lat' dir='ltr'><strong>fuerimus</strong></span> <span class='ocrx_word' id='word_1_289' title='bbox 2128 3596 2181 3649; x_wconf 88' lang='lat' dir='ltr'><strong>in</strong></span> 
     </span>
    </p>
   </div>
   <div class='ocr_carea' id='block_1_37' title="bbox 620 3682 2185 3756">
    <p class='ocr_par' dir='ltr' id='par_1_37' title="bbox 620 3682 2185 3756">
     <span class='ocr_line' id='line_1_37' title="bbox 620 3682 2185 3756; baseline 0.003 -22"><span class='ocrx_word' id='word_1_290' title='bbox 620 3682 791 3751; x_wconf 71' lang='lat' dir='ltr'><strong>ipsum</strong></span> <span class='ocrx_word' id='word_1_291' title='bbox 843 3683 956 3736; x_wconf 80' lang='lat' dir='ltr'><strong>vitii</strong></span> <span class='ocrx_word' id='word_1_292' title='bbox 1012 3682 1326 3752; x_wconf 86' lang='lat' dir='ltr'><strong>profundum</strong></span> <span class='ocrx_word' id='word_1_293' title='bbox 1362 3701 1374 3734; x_wconf 89' lang='lat'><strong>:</strong></span> <span class='ocrx_word' id='word_1_294' title='bbox 1408 3683 1524 3738; x_wconf 88' lang='lat' dir='ltr'><strong>ideo</strong></span> <span class='ocrx_word' id='word_1_295' title='bbox 1565 3694 1618 3738; x_wconf 88' lang='lat' dir='ltr'><strong>et</strong></span> <span class='ocrx_word' id='word_1_296' title='bbox 1666 3686 1762 3753; x_wconf 88' lang='lat' dir='ltr'><strong>ipsi</strong></span> <span class='ocrx_word' id='word_1_297' title='bbox 1812 3686 1932 3739; x_wconf 89' lang='lat' dir='ltr'><strong>mali</strong></span> <span class='ocrx_word' id='word_1_298' title='bbox 1984 3689 2185 3756; x_wconf 87' lang='lat' dir='ltr'><strong>seipsos</strong></span> 
     </span>
    </p>
   </div>
   <div class='ocr_carea' id='block_1_38' title="bbox 613 3773 2186 3846">
    <p class='ocr_par' dir='ltr' id='par_1_38' title="bbox 613 3773 2186 3846">
     <span class='ocr_line' id='line_1_38' title="bbox 613 3773 2186 3846; baseline 0.005 -19"><span class='ocrx_word' id='word_1_299' title='bbox 613 3773 1001 3839; x_wconf 87' lang='lat' dir='ltr'><strong>condemnant;</strong></span> <span class='ocrx_word' id='word_1_300' title='bbox 1032 3786 1085 3829; x_wconf 92' lang='lat' dir='ltr'><strong>et</strong></span> <span class='ocrx_word' id='word_1_301' title='bbox 1128 3777 1170 3829; x_wconf 90' lang='lat' dir='ltr'><strong>si</strong></span> <span class='ocrx_word' id='word_1_302' title='bbox 1201 3776 1462 3845; x_wconf 79' lang='lat' dir='ltr'><strong>quiSpiam</strong></span> <span class='ocrx_word' id='word_1_303' title='bbox 1492 3791 1586 3831; x_wconf 88' lang='lat' dir='ltr'><strong>eos</strong></span> <span class='ocrx_word' id='word_1_304' title='bbox 1616 3776 1663 3830; x_wconf 87' lang='lat' dir='ltr'><strong>id</strong></span> <span class='ocrx_word' id='word_1_305' title='bbox 1697 3778 1839 3846; x_wconf 88' lang='lat' dir='ltr'><strong>quod</strong></span> <span class='ocrx_word' id='word_1_306' title='bbox 1880 3789 2003 3833; x_wconf 91' lang='lat' dir='ltr'><strong>sunt</strong></span> <span class='ocrx_word' id='word_1_307' title='bbox 2033 3796 2186 3835; x_wconf 87' lang='lat' dir='ltr'><strong>voea-</strong></span> 
     </span>
    </p>
   </div>
   <div class='ocr_carea' id='block_1_39' title="bbox 616 3865 2189 3936">
    <p class='ocr_par' dir='ltr' id='par_1_39' title="bbox 616 3865 2189 3936">
     <span class='ocr_line' id='line_1_39' title="bbox 616 3865 2189 3936; baseline 0.006 -20"><span class='ocrx_word' id='word_1_308' title='bbox 616 3865 769 3930; x_wconf 84' lang='lat' dir='ltr'><strong>verit,</strong></span> <span class='ocrx_word' id='word_1_309' title='bbox 804 3881 897 3919; x_wconf 90' lang='lat' dir='ltr'><strong>eos</strong></span> <span class='ocrx_word' id='word_1_310' title='bbox 929 3866 1108 3935; x_wconf 90' lang='lat' dir='ltr'><strong>pudet,</strong></span> <span class='ocrx_word' id='word_1_311' title='bbox 1160 3882 1300 3936; x_wconf 72' lang='lat' dir='ltr'><strong>irgre</strong></span> <span class='ocrx_word' id='word_1_312' title='bbox 1345 3866 1537 3933; x_wconf 87' lang='lat' dir='ltr'><strong>ferunt,</strong></span> <span class='ocrx_word' id='word_1_313' title='bbox 1569 3877 1623 3922; x_wconf 88' lang='lat' dir='ltr'><strong>et</strong></span> <span class='ocrx_word' id='word_1_314' title='bbox 1677 3886 1787 3923; x_wconf 84' lang='lat' dir='ltr'><strong>rem</strong></span> <span class='ocrx_word' id='word_1_315' title='bbox 1840 3885 1955 3925; x_wconf 88' lang='lat' dir='ltr'><strong>eam</strong></span> <span class='ocrx_word' id='word_1_316' title='bbox 2010 3870 2189 3926; x_wconf 89' lang='lat' dir='ltr'><strong>dicunt</strong></span> 
     </span>
    </p>
   </div>
   <div class='ocr_carea' id='block_1_40' title="bbox 614 3958 2188 4026">
    <p class='ocr_par' dir='ltr' id='par_1_40' title="bbox 614 3958 2188 4026">
     <span class='ocr_line' id='line_1_40' title="bbox 614 3958 2188 4026; baseline 0.006 -16"><span class='ocrx_word' id='word_1_317' title='bbox 614 3972 736 4011; x_wconf 81' lang='lat' dir='ltr'><strong>esse</strong></span> <span class='ocrx_word' id='word_1_318' title='bbox 779 3958 1182 4011; x_wconf 82' lang='lat' dir='ltr'><strong>contumeliam.</strong></span> <span class='ocrx_word' id='word_1_319' title='bbox 1232 3959 1324 4020; x_wconf 86' lang='lat' dir='ltr'><strong>Ita,</strong></span> <span class='ocrx_word' id='word_1_320' title='bbox 1380 3959 1423 4013; x_wconf 88' lang='lat' dir='ltr'><strong>si</strong></span> <span class='ocrx_word' id='word_1_321' title='bbox 1475 3974 1579 4014; x_wconf 91' lang='lat' dir='ltr'><strong>non</strong></span> <span class='ocrx_word' id='word_1_322' title='bbox 1623 3958 1793 4026; x_wconf 80' lang='lat' dir='ltr'><strong>factis,</strong></span> <span class='ocrx_word' id='word_1_323' title='bbox 1829 3964 2003 4016; x_wconf 82' lang='lat' dir='ltr'><strong>verbis</strong></span> <span class='ocrx_word' id='word_1_324' title='bbox 2044 3975 2188 4019; x_wconf 88' lang='lat' dir='ltr'><strong>certe</strong></span> 
     </span>
    </p>
   </div>
   <div class='ocr_carea' id='block_1_41' title="bbox 615 4050 2187 4123">
    <p class='ocr_par' dir='ltr' id='par_1_41' title="bbox 615 4050 2187 4123">
     <span class='ocr_line' id='line_1_41' title="bbox 615 4050 2187 4123; baseline 0.006 -22"><span class='ocrx_word' id='word_1_325' title='bbox 615 4050 967 4105; x_wconf 81' lang='lat' dir='ltr'><strong>condemnant</strong></span> <span class='ocrx_word' id='word_1_326' title='bbox 997 4067 1114 4119; x_wconf 71' lang='lat' dir='ltr'><strong>qurc</strong></span> <span class='ocrx_word' id='word_1_327' title='bbox 1146 4051 1341 4107; x_wconf 86' lang='lat' dir='ltr'><strong>faciunt</strong></span> <span class='ocrx_word' id='word_1_328' title='bbox 1372 4068 1464 4123; x_wconf 90' lang='lat' dir='ltr'><strong>per</strong></span> <span class='ocrx_word' id='word_1_329' title='bbox 1490 4054 1892 4119; x_wconf 83' lang='lat' dir='ltr'><strong>conscientiam,</strong></span> <span class='ocrx_word' id='word_1_330' title='bbox 1925 4056 2029 4109; x_wconf 90' lang='lat' dir='ltr'><strong>imo</strong></span> <span class='ocrx_word' id='word_1_331' title='bbox 2061 4072 2187 4111; x_wconf 89' lang='lat' dir='ltr'><strong>vero</strong></span> 
     </span>
    </p>
   </div>
   <div class='ocr_carea' id='block_1_42' title="bbox 618 4142 2189 4202">
    <p class='ocr_par' dir='ltr' id='par_1_42' title="bbox 618 4142 2189 4202">
     <span class='ocr_line' id='line_1_42' title="bbox 618 4142 2189 4202; baseline 0.004 -8"><span class='ocrx_word' id='word_1_332' title='bbox 618 4142 777 4194; x_wconf 88' lang='lat' dir='ltr'><strong>etiam</strong></span> <span class='ocrx_word' id='word_1_333' title='bbox 810 4143 983 4195; x_wconf 87' lang='lat' dir='ltr'><strong>factis.</strong></span> <span class='ocrx_word' id='word_1_334' title='bbox 1030 4142 1162 4197; x_wconf 83' lang='lat' dir='ltr'><strong>Cum</strong></span> <span class='ocrx_word' id='word_1_335' title='bbox 1194 4146 1334 4197; x_wconf 88' lang='lat' dir='ltr'><strong>enim</strong></span> <span class='ocrx_word' id='word_1_336' title='bbox 1367 4144 1665 4199; x_wconf 82' lang='lat' dir='ltr'><strong>clanculum</strong></span> <span class='ocrx_word' id='word_1_337' title='bbox 1698 4155 1749 4201; x_wconf 92' lang='lat' dir='ltr'><strong>et</strong></span> <span class='ocrx_word' id='word_1_338' title='bbox 1785 4146 1833 4200; x_wconf 92' lang='lat' dir='ltr'><strong>in</strong></span> <span class='ocrx_word' id='word_1_339' title='bbox 1874 4149 2082 4202; x_wconf 82' lang='lat' dir='ltr'><strong>occulto</strong></span> <span class='ocrx_word' id='word_1_340' title='bbox 2111 4147 2189 4201; x_wconf 28' lang='lat' dir='ltr'><strong>fat</strong></span> 
     </span>
    </p>
   </div>
   <div class='ocr_carea' id='block_1_43' title="bbox 620 4234 2188 4308">
    <p class='ocr_par' dir='ltr' id='par_1_43' title="bbox 620 4234 2188 4308">
     <span class='ocr_line' id='line_1_43' title="bbox 620 4234 2188 4308; baseline 0.004 -23"><span class='ocrx_word' id='word_1_341' title='bbox 620 4234 790 4298; x_wconf 87' lang='lat' dir='ltr'><strong>ciunt,</strong></span> <span class='ocrx_word' id='word_1_342' title='bbox 821 4234 1099 4289; x_wconf 68' lang='lat' dir='ltr'><strong>sententiie</strong></span> <span class='ocrx_word' id='word_1_343' title='bbox 1118 4250 1271 4303; x_wconf 88' lang='lat' dir='ltr'><strong>quam</strong></span> <span class='ocrx_word' id='word_1_344' title='bbox 1295 4236 1359 4289; x_wconf 88' lang='lat' dir='ltr'><strong>de</strong></span> <span class='ocrx_word' id='word_1_345' title='bbox 1386 4252 1440 4290; x_wconf 91' lang='lat' dir='ltr'><strong>re</strong></span> <span class='ocrx_word' id='word_1_346' title='bbox 1473 4236 1671 4289; x_wconf 87' lang='lat' dir='ltr'><strong>habent</strong></span> <span class='ocrx_word' id='word_1_347' title='bbox 1698 4237 1984 4291; x_wconf 75' lang='lat' dir='ltr'><strong>maximum</strong></span> <span class='ocrx_word' id='word_1_348' title='bbox 2008 4238 2188 4308; x_wconf 81' lang='lat' dir='ltr'><strong>profe-</strong></span> 
     </span>
    </p>
   </div>
   <div class='ocr_carea' id='block_1_44' title="bbox 620 4325 2191 4395">
    <p class='ocr_par' dir='ltr' id='par_1_44' title="bbox 620 4325 2191 4395">
     <span class='ocr_line' id='line_1_44' title="bbox 620 4325 2191 4395; baseline 0.004 -16"><span class='ocrx_word' id='word_1_349' title='bbox 620 4335 745 4379; x_wconf 88' lang='lat' dir='ltr'><strong>runt</strong></span> <span class='ocrx_word' id='word_1_350' title='bbox 766 4325 1041 4380; x_wconf 90' lang='lat' dir='ltr'><strong>indicium.</strong></span> <span class='ocrx_word' id='word_1_351' title='bbox 1073 4326 1266 4380; x_wconf 77' lang='lat' dir='ltr'><strong>Vitium</strong></span> <span class='ocrx_word' id='word_1_352' title='bbox 1299 4329 1439 4381; x_wconf 87' lang='lat' dir='ltr'><strong>enim</strong></span> <span class='ocrx_word' id='word_1_353' title='bbox 1472 4337 1554 4382; x_wconf 82' lang='lat' dir='ltr'><strong>est</strong></span> <span class='ocrx_word' id='word_1_354' title='bbox 1583 4327 1715 4381; x_wconf 89' lang='lat' dir='ltr'><strong>adeo</strong></span> <span class='ocrx_word' id='word_1_355' title='bbox 1742 4330 2103 4395; x_wconf 83' lang='lat' dir='ltr'><strong>manifestum,</strong></span> <span class='ocrx_word' id='word_1_356' title='bbox 2134 4342 2191 4386; x_wconf 88' lang='lat' dir='ltr'><strong>ut</strong></span> 
     </span>
    </p>
   </div>
   <div class='ocr_carea' id='block_1_45' title="bbox 618 4416 2193 4490">
    <p class='ocr_par' dir='ltr' id='par_1_45' title="bbox 618 4416 2193 4490">
     <span class='ocr_line' id='line_1_45' title="bbox 618 4416 2193 4490; baseline 0.003 -21"><span class='ocrx_word' id='word_1_357' title='bbox 618 4430 803 4471; x_wconf 90' lang='lat' dir='ltr'><strong>omnes</strong></span> <span class='ocrx_word' id='word_1_358' title='bbox 833 4416 947 4486; x_wconf 89' lang='lat' dir='ltr'><strong>ejus</strong></span> <span class='ocrx_word' id='word_1_359' title='bbox 977 4417 1083 4469; x_wconf 91' lang='lat' dir='ltr'><strong>sint</strong></span> <span class='ocrx_word' id='word_1_360' title='bbox 1109 4426 1464 4481; x_wconf 74' lang='lat' dir='ltr'><strong>accusatores,</strong></span> <span class='ocrx_word' id='word_1_361' title='bbox 1496 4418 1652 4473; x_wconf 89' lang='lat' dir='ltr'><strong>etiam</strong></span> <span class='ocrx_word' id='word_1_362' title='bbox 1677 4420 1707 4472; x_wconf 91' lang='lat' dir='ltr'><strong>ii</strong></span> <span class='ocrx_word' id='word_1_363' title='bbox 1730 4420 1818 4490; x_wconf 88' lang='lat' dir='ltr'><strong>qui</strong></span> <span class='ocrx_word' id='word_1_364' title='bbox 1848 4420 2015 4489; x_wconf 88' lang='lat' dir='ltr'><strong>ipsmn</strong></span> <span class='ocrx_word' id='word_1_365' title='bbox 2041 4436 2193 4474; x_wconf 87' lang='lat' dir='ltr'><strong>usur-</strong></span> 
     </span>
    </p>
   </div>
   <div class='ocr_carea' id='block_1_46' title="bbox 622 4510 2191 4575">
    <p class='ocr_par' dir='ltr' id='par_1_46' title="bbox 622 4510 2191 4575">
     <span class='ocr_line' id='line_1_46' title="bbox 622 4510 2191 4575; baseline 0.006 -16"><span class='ocrx_word' id='word_1_366' title='bbox 622 4516 782 4575; x_wconf 87' lang='lat' dir='ltr'><strong>pant:</strong></span> <span class='ocrx_word' id='word_1_367' title='bbox 815 4516 954 4561; x_wconf 88' lang='lat' dir='ltr'><strong>tanta</strong></span> <span class='ocrx_word' id='word_1_368' title='bbox 982 4515 1158 4562; x_wconf 89' lang='lat' dir='ltr'><strong>autem</strong></span> <span class='ocrx_word' id='word_1_369' title='bbox 1205 4522 1292 4562; x_wconf 90' lang='lat' dir='ltr'><strong>res</strong></span> <span class='ocrx_word' id='word_1_370' title='bbox 1321 4518 1403 4562; x_wconf 89' lang='lat' dir='ltr'><strong>est</strong></span> <span class='ocrx_word' id='word_1_371' title='bbox 1433 4510 1620 4573; x_wconf 88' lang='lat' dir='ltr'><strong>virtus,</strong></span> <span class='ocrx_word' id='word_1_372' title='bbox 1665 4519 1720 4564; x_wconf 93' lang='lat' dir='ltr'><strong>ut</strong></span> <span class='ocrx_word' id='word_1_373' title='bbox 1760 4511 1810 4564; x_wconf 91' lang='lat' dir='ltr'><strong>in</strong></span> <span class='ocrx_word' id='word_1_374' title='bbox 1841 4512 2191 4569; x_wconf 84' lang='lat' dir='ltr'><strong>admiratione</strong></span> 
     </span>
    </p>
   </div>
   <div class='ocr_carea' id='block_1_47' title="bbox 624 4599 2194 4670">
    <p class='ocr_par' dir='ltr' id='par_1_47' title="bbox 624 4599 2194 4670">
     <span class='ocr_line' id='line_1_47' title="bbox 624 4599 2194 4670; baseline 0.009 -21"><span class='ocrx_word' id='word_1_375' title='bbox 624 4599 875 4652; x_wconf 89' lang='lat' dir='ltr'><strong>habeatur</strong></span> <span class='ocrx_word' id='word_1_376' title='bbox 894 4600 1051 4653; x_wconf 89' lang='lat' dir='ltr'><strong>etiam</strong></span> <span class='ocrx_word' id='word_1_377' title='bbox 1078 4599 1145 4653; x_wconf 92' lang='lat' dir='ltr'><strong>ab</strong></span> <span class='ocrx_word' id='word_1_378' title='bbox 1169 4599 1293 4664; x_wconf 86' lang='lat' dir='ltr'><strong>illis,</strong></span> <span class='ocrx_word' id='word_1_379' title='bbox 1322 4601 1409 4670; x_wconf 91' lang='lat' dir='ltr'><strong>qui</strong></span> <span class='ocrx_word' id='word_1_380' title='bbox 1433 4616 1549 4656; x_wconf 90' lang='lat' dir='ltr'><strong>eam</strong></span> <span class='ocrx_word' id='word_1_381' title='bbox 1573 4618 1676 4657; x_wconf 91' lang='lat' dir='ltr'><strong>non</strong></span> <span class='ocrx_word' id='word_1_382' title='bbox 1700 4605 2037 4659; x_wconf 68' lang='lat' dir='ltr'><strong>cumulantur.</strong></span> <span class='ocrx_word' id='word_1_383' title='bbox 2064 4607 2194 4664; x_wconf 75' lang='lat' dir='ltr'><strong>Nan;</strong></span> 
     </span>
    </p>
   </div>
   <div class='ocr_carea' id='block_1_48' title="bbox 622 4688 2187 4773">
    <p class='ocr_par' dir='ltr' id='par_1_48' title="bbox 622 4688 2187 4773">
     <span class='ocr_line' id='line_1_48' title="bbox 622 4688 2187 4773; baseline 0.005 -30"><span class='ocrx_word' id='word_1_384' title='bbox 622 4698 675 4743; x_wconf 88' lang='lat' dir='ltr'><strong>et</strong></span> <span class='ocrx_word' id='word_1_385' title='bbox 698 4697 957 4743; x_wconf 82' lang='lat' dir='ltr'><strong>scortator</strong></span> <span class='ocrx_word' id='word_1_386' title='bbox 990 4688 1223 4773; x_wconf 85' lang='lat' dir='ltr'><strong>laudabit</strong></span> <span class='ocrx_word' id='word_1_387' title='bbox 1251 4693 1652 4760; x_wconf 88' lang='lat' dir='ltr'><strong>temperantiam</strong></span> <span class='ocrx_word' id='word_1_388' title='bbox 1691 4704 1743 4747; x_wconf 90' lang='lat' dir='ltr'><strong>et</strong></span> <span class='ocrx_word' id='word_1_389' title='bbox 1785 4697 2187 4764; x_wconf 88' lang='lat' dir='ltr'><strong>continent&#39;am,</strong></span> 
     </span>
    </p>
   </div>
   <div class='ocr_carea' id='block_1_49' title="bbox 622 4782 2191 4853">
    <p class='ocr_par' dir='ltr' id='par_1_49' title="bbox 622 4782 2191 4853">
     <span class='ocr_line' id='line_1_49' title="bbox 622 4782 2191 4853; baseline 0.006 -18"><span class='ocrx_word' id='word_1_390' title='bbox 622 4792 675 4835; x_wconf 87' lang='lat' dir='ltr'><strong>et</strong></span> <span class='ocrx_word' id='word_1_391' title='bbox 696 4797 886 4836; x_wconf 84' lang='lat' dir='ltr'><strong>avarus</strong></span> <span class='ocrx_word' id='word_1_392' title='bbox 911 4782 1288 4838; x_wconf 88' lang='lat' dir='ltr'><strong>condemnabit</strong></span> <span class='ocrx_word' id='word_1_393' title='bbox 1314 4783 1662 4853; x_wconf 87' lang='lat' dir='ltr'><strong>injustitiam;</strong></span> <span class='ocrx_word' id='word_1_394' title='bbox 1706 4796 1757 4840; x_wconf 92' lang='lat' dir='ltr'><strong>et</strong></span> <span class='ocrx_word' id='word_1_395' title='bbox 1788 4787 2073 4844; x_wconf 89' lang='lat' dir='ltr'><strong>iracundus</strong></span> <span class='ocrx_word' id='word_1_396' title='bbox 2100 4792 2191 4845; x_wconf 92' lang='lat' dir='ltr'><strong>ad-</strong></span> 
     </span>
    </p>
   </div>
   <div class='ocr_carea' id='block_1_50' title="bbox 624 4873 2196 4945">
    <p class='ocr_par' dir='ltr' id='par_1_50' title="bbox 624 4873 2196 4945">
     <span class='ocr_line' id='line_1_50' title="bbox 624 4873 2196 4945; baseline 0.006 -18"><span class='ocrx_word' id='word_1_397' title='bbox 624 4873 900 4928; x_wconf 89' lang='lat' dir='ltr'><strong>mirabitur</strong></span> <span class='ocrx_word' id='word_1_398' title='bbox 947 4874 1277 4943; x_wconf 89' lang='lat' dir='ltr'><strong>patientiam,</strong></span> <span class='ocrx_word' id='word_1_399' title='bbox 1322 4884 1375 4929; x_wconf 88' lang='lat' dir='ltr'><strong>et</strong></span> <span class='ocrx_word' id='word_1_400' title='bbox 1420 4876 1740 4945; x_wconf 80' lang='lat' dir='ltr'><strong>vituperabit</strong></span> <span class='ocrx_word' id='word_1_401' title='bbox 1787 4879 2069 4934; x_wconf 76' lang='lat' dir='ltr'><strong>simultatis</strong></span> <span class='ocrx_word' id='word_1_402' title='bbox 2124 4884 2196 4937; x_wconf 55' lang='lat' dir='ltr'><strong>vi-</strong></span> 
     </span>
    </p>
   </div>
   <div class='ocr_carea' id='block_1_51' title="bbox 623 4965 2187 5041">
    <p class='ocr_par' dir='ltr' id='par_1_51' title="bbox 623 4965 2187 5041">
     <span class='ocr_line' id='line_1_51' title="bbox 623 4965 2187 5041; baseline 0.006 -25"><span class='ocrx_word' id='word_1_403' title='bbox 623 4973 774 5029; x_wconf 75' lang='lat' dir='ltr'><strong>tuum,</strong></span> <span class='ocrx_word' id='word_1_404' title='bbox 821 4975 874 5020; x_wconf 92' lang='lat' dir='ltr'><strong>et</strong></span> <span class='ocrx_word' id='word_1_405' title='bbox 904 4965 1132 5020; x_wconf 89' lang='lat' dir='ltr'><strong>lascivus</strong></span> <span class='ocrx_word' id='word_1_406' title='bbox 1177 4966 1467 5020; x_wconf 85' lang='lat' dir='ltr'><strong>lasciviam.</strong></span> <span class='ocrx_word' id='word_1_407' title='bbox 1501 4968 1775 5032; x_wconf 78' lang='lat' dir='ltr'><strong>Quomodo</strong></span> <span class='ocrx_word' id='word_1_408' title='bbox 1816 4983 1961 5039; x_wconf 81' lang='lat' dir='ltr'><strong>ergo.</strong></span> <span class='ocrx_word' id='word_1_409' title='bbox 1999 4970 2187 5041; x_wconf 88' lang='lat' dir='ltr'><strong>inquit,</strong></span> 
     </span>
    </p>
   </div>
   <div class='ocr_carea' id='block_1_52' title="bbox 628 5054 2193 5122">
    <p class='ocr_par' dir='ltr' id='par_1_52' title="bbox 628 5054 2193 5122">
     <span class='ocr_line' id='line_1_52' title="bbox 628 5054 2193 5122; baseline 0.009 -17"><span class='ocrx_word' id='word_1_410' title='bbox 628 5054 741 5107; x_wconf 81' lang='lat' dir='ltr'><strong>inec</strong></span> <span class='ocrx_word' id='word_1_411' title='bbox 786 5054 1045 5122; x_wconf 86' lang='lat' dir='ltr'><strong>usurpat?</strong></span> <span class='ocrx_word' id='word_1_412' title='bbox 1076 5055 1151 5109; x_wconf 77' lang='lat' dir='ltr'><strong>Ex</strong></span> <span class='ocrx_word' id='word_1_413' title='bbox 1198 5058 1361 5110; x_wconf 91' lang='lat' dir='ltr'><strong>multa</strong></span> <span class='ocrx_word' id='word_1_414' title='bbox 1411 5057 1673 5122; x_wconf 89' lang='lat' dir='ltr'><strong>socordia,</strong></span> <span class='ocrx_word' id='word_1_415' title='bbox 1706 5073 1825 5112; x_wconf 91' lang='lat' dir='ltr'><strong>cum</strong></span> <span class='ocrx_word' id='word_1_416' title='bbox 1870 5070 2043 5115; x_wconf 88' lang='lat' dir='ltr'><strong>tamen</strong></span> <span class='ocrx_word' id='word_1_417' title='bbox 2090 5080 2193 5119; x_wconf 93' lang='lat' dir='ltr'><strong>non</strong></span> 
     </span>
    </p>
   </div>
   <div class='ocr_carea' id='block_1_53' title="bbox 624 5146 2194 5223">
    <p class='ocr_par' dir='ltr' id='par_1_53' title="bbox 624 5146 2194 5223">
     <span class='ocr_line' id='line_1_53' title="bbox 624 5146 2194 5223; baseline 0.009 -27"><span class='ocrx_word' id='word_1_418' title='bbox 624 5160 742 5199; x_wconf 82' lang='lat' dir='ltr'><strong>esse</strong></span> <span class='ocrx_word' id='word_1_419' title='bbox 769 5146 960 5199; x_wconf 90' lang='lat' dir='ltr'><strong>bonum</strong></span> <span class='ocrx_word' id='word_1_420' title='bbox 986 5146 1305 5214; x_wconf 84' lang='lat' dir='ltr'><strong>judicaverit</strong></span> <span class='ocrx_word' id='word_1_421' title='bbox 1338 5166 1351 5200; x_wconf 90' lang='lat'><strong>:</strong></span> <span class='ocrx_word' id='word_1_422' title='bbox 1381 5147 1576 5217; x_wconf 88' lang='lat' dir='ltr'><strong>alioqui</strong></span> <span class='ocrx_word' id='word_1_423' title='bbox 1601 5164 1721 5203; x_wconf 80' lang='lat' dir='ltr'><strong>eum</strong></span> <span class='ocrx_word' id='word_1_424' title='bbox 1748 5150 1824 5203; x_wconf 90' lang='lat' dir='ltr'><strong>rei</strong></span> <span class='ocrx_word' id='word_1_425' title='bbox 1851 5168 1951 5205; x_wconf 90' lang='lat' dir='ltr'><strong>non</strong></span> <span class='ocrx_word' id='word_1_426' title='bbox 1982 5154 2194 5223; x_wconf 85' lang='lat' dir='ltr'><strong>puduis-</strong></span> 
     </span>
    </p>
   </div>
   <div class='ocr_carea' id='block_1_54' title="bbox 625 5240 2170 5307">
    <p class='ocr_par' dir='ltr' id='par_1_54' title="bbox 625 5240 2170 5307">
     <span class='ocr_line' id='line_1_54' title="bbox 625 5240 2170 5307; baseline 0.009 -19"><span class='ocrx_word' id='word_1_427' title='bbox 625 5247 725 5295; x_wconf 82' lang='lat' dir='ltr'><strong>set,</strong></span> <span class='ocrx_word' id='word_1_428' title='bbox 759 5251 929 5303; x_wconf 82' lang='lat' dir='ltr'><strong>neque</strong></span> <span class='ocrx_word' id='word_1_429' title='bbox 957 5247 1203 5307; x_wconf 82' lang='lat' dir='ltr'><strong>negasset.</strong></span> <span class='ocrx_word' id='word_1_430' title='bbox 1230 5240 1334 5294; x_wconf 90' lang='lat' dir='ltr'><strong>alio</strong></span> <span class='ocrx_word' id='word_1_431' title='bbox 1361 5250 1661 5295; x_wconf 89' lang='lat' dir='ltr'><strong>accusante.</strong></span> <span class='ocrx_word' id='word_1_432' title='bbox 1695 5241 1841 5297; x_wconf 80' lang='lat' dir='ltr'><strong>Multi</strong></span> <span class='ocrx_word' id='word_1_433' title='bbox 1868 5244 2027 5298; x_wconf 87' lang='lat' dir='ltr'><strong>etiam</strong></span> <span class='ocrx_word' id='word_1_434' title='bbox 2063 5263 2170 5302; x_wconf 77' lang='lat' dir='ltr'><strong>ora:</strong></span> 
     </span>
    </p>
   </div>
   <div class='ocr_carea' id='block_1_55' title="bbox 624 5310 2190 5399">
    <p class='ocr_par' dir='ltr' id='par_1_55' title="bbox 624 5310 2190 5399">
     <span class='ocr_line' id='line_1_55' title="bbox 624 5310 2190 5399; baseline 0.01 -20"><span class='ocrx_word' id='word_1_435' title='bbox 624 5328 885 5396; x_wconf 76' lang='lat' dir='ltr'><strong>occupati,</strong></span> <span class='ocrx_word' id='word_1_436' title='bbox 919 5342 1040 5383; x_wconf 90' lang='lat' dir='ltr'><strong>eum</strong></span> <span class='ocrx_word' id='word_1_437' title='bbox 1069 5330 1301 5386; x_wconf 88' lang='lat' dir='ltr'><strong>dedecus</strong></span> <span class='ocrx_word' id='word_1_438' title='bbox 1327 5347 1433 5386; x_wconf 93' lang='lat' dir='ltr'><strong>non</strong></span> <span class='ocrx_word' id='word_1_439' title='bbox 1477 5331 1695 5399; x_wconf 89' lang='lat' dir='ltr'><strong>ferrent,</strong></span> <span class='ocrx_word' id='word_1_440' title='bbox 1730 5347 1789 5389; x_wconf 89' lang='lat' dir='ltr'><strong>se</strong></span> <span class='ocrx_word' id='word_1_441' title='bbox 1814 5310 2143 5392; x_wconf 79' lang='lat' dir='ltr'><strong>suffocarunt</strong></span> <span class='ocrx_word' id='word_1_442' title='bbox 2179 5361 2190 5394; x_wconf 92' lang='lat'>:</span> 
     </span>
    </p>
   </div>
   <div class='ocr_carea' id='block_1_56' title="bbox 623 5424 2194 5489">
    <p class='ocr_par' dir='ltr' id='par_1_56' title="bbox 623 5424 2194 5489">
     <span class='ocr_line' id='line_1_56' title="bbox 623 5424 2194 5489; baseline 0.006 -9"><span class='ocrx_word' id='word_1_443' title='bbox 623 5435 825 5481; x_wconf 84' lang='lat' dir='ltr'><strong>tantum</strong></span> <span class='ocrx_word' id='word_1_444' title='bbox 850 5424 1001 5479; x_wconf 91' lang='lat' dir='ltr'><strong>nobis</strong></span> <span class='ocrx_word' id='word_1_445' title='bbox 1028 5424 1164 5479; x_wconf 92' lang='lat' dir='ltr'><strong>inest</strong></span> <span class='ocrx_word' id='word_1_446' title='bbox 1196 5426 1404 5482; x_wconf 80' lang='lat' dir='ltr'><strong>honesti</strong></span> <span class='ocrx_word' id='word_1_447' title='bbox 1431 5436 1484 5481; x_wconf 91' lang='lat' dir='ltr'><strong>et</strong></span> <span class='ocrx_word' id='word_1_448' title='bbox 1508 5427 1687 5483; x_wconf 89' lang='lat' dir='ltr'><strong>decori</strong></span> <span class='ocrx_word' id='word_1_449' title='bbox 1712 5430 2093 5487; x_wconf 89' lang='lat' dir='ltr'><strong>testimonimn.</strong></span> <span class='ocrx_word' id='word_1_450' title='bbox 2121 5434 2194 5489; x_wconf 86' lang='lat' dir='ltr'><strong>lta</strong></span> 
     </span>
    </p>
   </div>
   <div class='ocr_carea' id='block_1_57' title="bbox 620 5516 2195 5593">
    <p class='ocr_par' dir='ltr' id='par_1_57' title="bbox 620 5516 2195 5593">
     <span class='ocr_line' id='line_1_57' title="bbox 620 5516 2195 5593; baseline 0.008 -24"><span class='ocrx_word' id='word_1_451' title='bbox 620 5535 735 5588; x_wconf 72' lang='lat' dir='ltr'><strong>quae</strong></span> <span class='ocrx_word' id='word_1_452' title='bbox 773 5519 906 5573; x_wconf 90' lang='lat' dir='ltr'><strong>bona</strong></span> <span class='ocrx_word' id='word_1_453' title='bbox 938 5526 1080 5583; x_wconf 88' lang='lat' dir='ltr'><strong>sunt,</strong></span> <span class='ocrx_word' id='word_1_454' title='bbox 1113 5516 1229 5587; x_wconf 86' lang='lat' dir='ltr'><strong>ipso</strong></span> <span class='ocrx_word' id='word_1_455' title='bbox 1258 5518 1371 5574; x_wconf 89' lang='lat' dir='ltr'><strong>sole</strong></span> <span class='ocrx_word' id='word_1_456' title='bbox 1413 5520 1794 5589; x_wconf 76' lang='lat' dir='ltr'><strong>Splendidiora,</strong></span> <span class='ocrx_word' id='word_1_457' title='bbox 1841 5532 1895 5577; x_wconf 91' lang='lat' dir='ltr'><strong>et</strong></span> <span class='ocrx_word' id='word_1_458' title='bbox 1921 5538 2041 5593; x_wconf 67' lang='lat' dir='ltr'><strong>quae</strong></span> <span class='ocrx_word' id='word_1_459' title='bbox 2071 5537 2195 5582; x_wconf 92' lang='lat' dir='ltr'><strong>sunt</strong></span> 
     </span>
    </p>
   </div>
   <div class='ocr_carea' id='block_1_58' title="bbox 618 5610 1762 5673">
    <p class='ocr_par' dir='ltr' id='par_1_58' title="bbox 618 5610 1762 5673">
     <span class='ocr_line' id='line_1_58' title="bbox 618 5610 1762 5673; baseline 0 -6"><span class='ocrx_word' id='word_1_460' title='bbox 618 5614 694 5667; x_wconf 73' lang='lat' dir='ltr'><strong>eis</strong></span> <span class='ocrx_word' id='word_1_461' title='bbox 722 5610 1009 5673; x_wconf 88' lang='lat' dir='ltr'><strong>contraria,</strong></span> <span class='ocrx_word' id='word_1_462' title='bbox 1034 5621 1158 5664; x_wconf 84' lang='lat' dir='ltr'><strong>sunt</strong></span> <span class='ocrx_word' id='word_1_463' title='bbox 1184 5610 1420 5667; x_wconf 90' lang='lat' dir='ltr'><strong>omnium</strong></span> <span class='ocrx_word' id='word_1_464' title='bbox 1451 5610 1762 5667; x_wconf 78' lang='lat' dir='ltr'><strong>fcedissima.</strong></span> 
     </span>
    </p>
   </div>
   <div class='ocr_carea' id='block_1_59' title="bbox 685 5703 2186 5778">
    <p class='ocr_par' dir='ltr' id='par_1_59' title="bbox 685 5703 2186 5778">
     <span class='ocr_line' id='line_1_59' title="bbox 685 5703 2186 5778; baseline 0.006 -23"><span class='ocrx_word' id='word_1_465' title='bbox 685 5706 737 5756; x_wconf 69' lang='lat'><strong>2.</strong></span> <span class='ocrx_word' id='word_1_466' title='bbox 754 5703 995 5774; x_wconf 78' lang='lat' dir='ltr'><strong>Hospites</strong></span> <span class='ocrx_word' id='word_1_467' title='bbox 1012 5711 1067 5759; x_wconf 90' lang='lat' dir='ltr'><strong>et</strong></span> <span class='ocrx_word' id='word_1_468' title='bbox 1085 5704 1348 5773; x_wconf 78' lang='lat' dir='ltr'><strong>peregrini</strong></span> <span class='ocrx_word' id='word_1_469' title='bbox 1364 5713 1511 5757; x_wconf 89' lang='lat' dir='ltr'><strong>erant</strong></span> <span class='ocrx_word' id='word_1_470' title='bbox 1526 5706 1708 5759; x_wconf 90' lang='lat' dir='ltr'><strong>sancti.</strong></span> <span class='ocrx_word' id='word_1_471' title='bbox 1731 5704 2009 5772; x_wconf 89' lang='lat' dir='ltr'><strong>Quomodo</strong></span> <span class='ocrx_word' id='word_1_472' title='bbox 2021 5717 2073 5761; x_wconf 90' lang='lat' dir='ltr'><strong>et</strong></span> <span class='ocrx_word' id='word_1_473' title='bbox 2085 5725 2186 5778; x_wconf 88' lang='lat' dir='ltr'><strong>qua</strong></span> 
     </span>
    </p>
   </div>
   <div class='ocr_carea' id='block_1_60' title="bbox 614 5795 2187 5869">
    <p class='ocr_par' dir='ltr' id='par_1_60' title="bbox 614 5795 2187 5869">
     <span class='ocr_line' id='line_1_60' title="bbox 614 5795 2187 5869; baseline 0.004 -18"><span class='ocrx_word' id='word_1_474' title='bbox 614 5798 856 5851; x_wconf 69' lang='lat' dir='ltr'><strong>ratione?</strong></span> <span class='ocrx_word' id='word_1_475' title='bbox 885 5796 970 5851; x_wconf 90' lang='lat' dir='ltr'><strong>ubi</strong></span> <span class='ocrx_word' id='word_1_476' title='bbox 998 5798 1280 5853; x_wconf 84' lang='lat' dir='ltr'><strong>conﬁtetur</strong></span> <span class='ocrx_word' id='word_1_477' title='bbox 1312 5795 1575 5852; x_wconf 79' lang='lat' dir='ltr'><strong>Abraham</strong></span> <span class='ocrx_word' id='word_1_478' title='bbox 1617 5813 1674 5855; x_wconf 88' lang='lat' dir='ltr'><strong>se</strong></span> <span class='ocrx_word' id='word_1_479' title='bbox 1709 5814 1824 5856; x_wconf 87' lang='lat' dir='ltr'><strong>esse</strong></span> <span class='ocrx_word' id='word_1_480' title='bbox 1854 5799 2112 5869; x_wconf 86' lang='lat' dir='ltr'><strong>hospitem</strong></span> <span class='ocrx_word' id='word_1_481' title='bbox 2132 5811 2187 5858; x_wconf 88' lang='lat' dir='ltr'><strong>et</strong></span> 
     </span>
    </p>
   </div>
   <div class='ocr_carea' id='block_1_61' title="bbox 1312 346 3083 446">
    <p class='ocr_par' dir='ltr' id='par_1_61' title="bbox 1312 346 3083 446">
     <span class='ocr_line' id='line_1_61' title="bbox 1312 346 3083 446; baseline -0.027 1"><span class='ocrx_word' id='word_1_482' title='bbox 1312 394 1367 446; x_wconf 85' lang='lat' dir='ltr'><strong>S.</strong></span> <span class='ocrx_word' id='word_1_483' title='bbox 1404 382 1676 445; x_wconf 65' lang='lat' dir='ltr'><strong>JOANNIS</strong></span> <span class='ocrx_word' id='word_1_484' title='bbox 1710 370 2171 436; x_wconf 56' lang='lat' dir='ltr'><strong>Clllh’SOSTthl</strong></span> <span class='ocrx_word' id='word_1_485' title='bbox 2209 363 2517 423; x_wconf 66' lang='grc' dir='ltr'><strong>Αιιιιιιιιει».</strong></span> <span class='ocrx_word' id='word_1_486' title='bbox 2558 346 3083 413; x_wconf 71' lang='lat' dir='ltr'><strong>CONSTANTINOP.</strong></span> 
     </span>
    </p>
   </div>
   <div class='ocr_carea' id='block_1_62' title="bbox 3748 329 3860 387">
    <p class='ocr_par' dir='ltr' id='par_1_62' title="bbox 3748 329 3860 387">
     <span class='ocr_line' id='line_1_62' title="bbox 3748 329 3860 387; baseline -0.018 -1"><span class='ocrx_word' id='word_1_487' title='bbox 3748 329 3860 387; x_wconf 68' lang='grc' dir='ltr'><strong>ιω</strong></span> 
     </span>
    </p>
   </div>
   <div class='ocr_carea' id='block_1_63' title="bbox 2286 432 3875 535">
    <p class='ocr_par' dir='ltr' id='par_1_63' title="bbox 2286 432 3875 535">
     <span class='ocr_line' id='line_1_63' title="bbox 2286 432 3875 535; baseline -0.023 -19"><span class='ocrx_word' id='word_1_488' title='bbox 2286 456 2657 535; x_wconf 77' lang='lat' dir='ltr'><strong>peregrinum?</strong></span> <span class='ocrx_word' id='word_1_489' title='bbox 2680 452 2925 507; x_wconf 79' lang='lat' dir='ltr'><strong>Fortasse</strong></span> <span class='ocrx_word' id='word_1_490' title='bbox 2952 443 3165 515; x_wconf 89' lang='lat' dir='ltr'><strong>quidem</strong></span> <span class='ocrx_word' id='word_1_491' title='bbox 3188 440 3300 509; x_wconf 86' lang='lat' dir='ltr'><strong>ipse</strong></span> <span class='ocrx_word' id='word_1_492' title='bbox 3327 447 3536 506; x_wconf 87' lang='lat' dir='ltr'><strong>quoque</strong></span> <span class='ocrx_word' id='word_1_493' title='bbox 3550 440 3633 488; x_wconf 81' lang='lat' dir='ltr'><strong>est</strong></span> <span class='ocrx_word' id='word_1_494' title='bbox 3656 432 3875 485; x_wconf 69' lang='lat' dir='ltr'><strong>confes-</strong></span> 
     </span>
    </p>
   </div>
   <div class='ocr_carea' id='block_1_64' title="bbox 2282 521 3877 625">
    <p class='ocr_par' dir='ltr' id='par_1_64' title="bbox 2282 521 3877 625">
     <span class='ocr_line' id='line_1_64' title="bbox 2282 521 3877 625; baseline -0.024 -12"><span class='ocrx_word' id='word_1_495' title='bbox 2282 521 2614 625; x_wconf 44' lang='lat' dir='ltr'><strong>sus;&#39;palam</strong></span> <span class='ocrx_word' id='word_1_496' title='bbox 2646 546 2697 603; x_wconf 91' lang='lat' dir='ltr'><strong>id</strong></span> <span class='ocrx_word' id='word_1_497' title='bbox 2747 541 3025 600; x_wconf 79' lang='lat' dir='ltr'><strong>confessus</strong></span> <span class='ocrx_word' id='word_1_498' title='bbox 3069 545 3150 591; x_wconf 88' lang='lat' dir='ltr'><strong>est</strong></span> <span class='ocrx_word' id='word_1_499' title='bbox 3178 542 3350 587; x_wconf 89' lang='lat' dir='ltr'><strong>autem</strong></span> <span class='ocrx_word' id='word_1_500' title='bbox 3376 527 3556 592; x_wconf 80' lang='lat' dir='ltr'><strong>David,</strong></span> <span class='ocrx_word' id='word_1_501' title='bbox 3609 534 3664 578; x_wconf 93' lang='lat' dir='ltr'><strong>ut</strong></span> <span class='ocrx_word' id='word_1_502' title='bbox 3692 521 3877 593; x_wconf 72' lang='lat' dir='ltr'><strong>quivis</strong></span> 
     </span>
    </p>
   </div>
   <div class='ocr_carea' id='block_1_65' title="bbox 2282 619 3875 707">
    <p class='ocr_par' dir='ltr' id='par_1_65' title="bbox 2282 619 3875 707">
     <span class='ocr_line' id='line_1_65' title="bbox 2282 619 3875 707; baseline -0.026 -1"><span class='ocrx_word' id='word_1_503' title='bbox 2282 650 2428 707; x_wconf 87' lang='lat' dir='ltr'><strong>novit</strong></span> <span class='ocrx_word' id='word_1_504' title='bbox 2447 619 2472 700; x_wconf 24' lang='grc' dir='ltr'><strong>τε</strong></span> <span class='ocrx_word' id='word_1_505' title='bbox 2505 643 2625 699; x_wconf 90' lang='lat' dir='ltr'><strong>audi</strong></span> <span class='ocrx_word' id='word_1_506' title='bbox 2649 640 2799 693; x_wconf 85' lang='lat' dir='ltr'><strong>illum</strong></span> <span class='ocrx_word' id='word_1_507' title='bbox 2829 634 3093 689; x_wconf 86' lang='lat' dir='ltr'><strong>dicentem</strong></span> <span class='ocrx_word' id='word_1_508' title='bbox 3126 644 3139 680; x_wconf 72' lang='grc' dir='ltr'>ε</span> <span class='ocrx_word' id='word_1_509' title='bbox 3167 622 3420 693; x_wconf 76' lang='lat' dir='ltr'><strong>Quoniam</strong></span> <span class='ocrx_word' id='word_1_510' title='bbox 3444 619 3640 672; x_wconf 75' lang='lat' dir='ltr'><strong>advena</strong></span> <span class='ocrx_word' id='word_1_511' title='bbox 3667 630 3783 669; x_wconf 79' lang='lat' dir='ltr'><strong>sunt</strong></span> <span class='ocrx_word' id='word_1_512' title='bbox 3820 623 3875 667; x_wconf 76' lang='lat' dir='ltr'><strong>et</strong></span> 
     </span>
    </p>
   </div>
   <div class='ocr_carea' id='block_1_66' title="bbox 2279 704 3871 815">
    <p class='ocr_par' dir='ltr' id='par_1_66' title="bbox 2279 704 3871 815">
     <span class='ocr_line' id='line_1_66' title="bbox 2279 704 3871 815; baseline -0.026 -16"><span class='ocrx_word' id='word_1_513' title='bbox 2279 704 2594 815; x_wconf 72' lang='lat' dir='ltr'><strong>peregrinus,</strong></span> <span class='ocrx_word' id='word_1_514' title='bbox 2621 734 2749 788; x_wconf 81' lang='lat' dir='ltr'><strong>sicut</strong></span> <span class='ocrx_word' id='word_1_515' title='bbox 2773 740 2944 782; x_wconf 75' lang='lat' dir='ltr'><strong>omnes</strong></span> <span class='ocrx_word' id='word_1_516' title='bbox 2972 731 3139 793; x_wconf 76' lang='lat' dir='ltr'><strong>patres</strong></span> <span class='ocrx_word' id='word_1_517' title='bbox 3179 717 3272 770; x_wconf 82' lang='lat' dir='ltr'><strong>ntei</strong></span> <span class='ocrx_word' id='word_1_518' title='bbox 3296 712 3413 787; x_wconf 73' lang='lat' dir='ltr'><strong>(Ps.</strong></span> <span class='ocrx_word' id='word_1_519' title='bbox 3457 709 3547 813; x_wconf 56' lang='grc' dir='ltr'><strong>ξε.</strong></span> <span class='ocrx_word' id='word_1_520' title='bbox 3579 709 3694 809; x_wconf 66' lang='lat' dir='ltr'><strong>l5).</strong></span> <span class='ocrx_word' id='word_1_521' title='bbox 3728 704 3871 760; x_wconf 78' lang='lat' dir='ltr'><strong>Nam</strong></span> 
     </span>
    </p>
   </div>
   <div class='ocr_carea' id='block_1_67' title="bbox 2276 799 3869 905">
    <p class='ocr_par' dir='ltr' id='par_1_67' title="bbox 2276 799 3869 905">
     <span class='ocr_line' id='line_1_67' title="bbox 2276 799 3869 905; baseline -0.026 -15"><span class='ocrx_word' id='word_1_522' title='bbox 2276 799 2367 905; x_wconf 68' lang='lat' dir='ltr'><strong>qui</strong></span> <span class='ocrx_word' id='word_1_523' title='bbox 2390 799 2697 887; x_wconf 74' lang='lat' dir='ltr'><strong>habitabant</strong></span> <span class='ocrx_word' id='word_1_524' title='bbox 2716 822 2768 876; x_wconf 92' lang='lat' dir='ltr'><strong>iu</strong></span> <span class='ocrx_word' id='word_1_525' title='bbox 2789 810 3165 874; x_wconf 87' lang='lat' dir='ltr'><strong>tabernaculis,</strong></span> <span class='ocrx_word' id='word_1_526' title='bbox 3188 806 3277 879; x_wconf 87' lang='lat' dir='ltr'><strong>qui</strong></span> <span class='ocrx_word' id='word_1_527' title='bbox 3298 801 3519 877; x_wconf 90' lang='lat' dir='ltr'><strong>pecunia</strong></span> <span class='ocrx_word' id='word_1_528' title='bbox 3537 799 3697 855; x_wconf 89' lang='lat' dir='ltr'><strong>etiam</strong></span> <span class='ocrx_word' id='word_1_529' title='bbox 3715 810 3869 852; x_wconf 66' lang='lat' dir='ltr'><strong>em</strong></span> 
     </span>
    </p>
   </div>
   <div class='ocr_carea' id='block_1_68' title="bbox 2279 893 3873 992">
    <p class='ocr_par' dir='ltr' id='par_1_68' title="bbox 2279 893 3873 992">
     <span class='ocr_line' id='line_1_68' title="bbox 2279 893 3873 992; baseline -0.026 -9"><span class='ocrx_word' id='word_1_530' title='bbox 2279 893 2405 983; x_wconf 76' lang='lat' dir='ltr'><strong>bant</strong></span> <span class='ocrx_word' id='word_1_531' title='bbox 2429 919 2695 992; x_wconf 91' lang='lat' dir='ltr'><strong>sepulcra,</strong></span> <span class='ocrx_word' id='word_1_532' title='bbox 2723 910 2961 981; x_wconf 90' lang='lat' dir='ltr'><strong>hospites</strong></span> <span class='ocrx_word' id='word_1_533' title='bbox 3001 905 3181 973; x_wconf 90' lang='lat' dir='ltr'><strong>utique</strong></span> <span class='ocrx_word' id='word_1_534' title='bbox 3216 908 3271 955; x_wconf 89' lang='lat' dir='ltr'><strong>et</strong></span> <span class='ocrx_word' id='word_1_535' title='bbox 3300 893 3563 967; x_wconf 81' lang='lat' dir='ltr'><strong>peregrini</strong></span> <span class='ocrx_word' id='word_1_536' title='bbox 3588 898 3768 992; x_wconf 52' lang='lat' dir='ltr'><strong>praut,</strong></span> <span class='ocrx_word' id='word_1_537' title='bbox 3809 896 3873 942; x_wconf 87' lang='lat' dir='ltr'><strong>ut</strong></span> 
     </span>
    </p>
   </div>
   <div class='ocr_carea' id='block_1_69' title="bbox 2276 952 3869 1093">
    <p class='ocr_par' dir='ltr' id='par_1_69' title="bbox 2276 952 3869 1093">
     <span class='ocr_line' id='line_1_69' title="bbox 2279 952 3458 992; baseline -0.031 -9"><span class='ocrx_word' id='word_1_538' title='bbox 2429 952 2630 992; x_wconf 62' lang='grc' dir='ltr'><strong>δυγιιιυι</strong></span> <span class='ocrx_word' id='word_1_539' title='bbox 2644 952 2695 981; x_wconf 61' lang='grc'><strong>11,</strong></span> <span class='ocrx_word' id='word_1_540' title='bbox 2724 952 2961 981; x_wconf 57' lang='grc' dir='ltr'><strong>νει-111·υῂ</strong></span> <span class='ocrx_word' id='word_1_541' title='bbox 3003 952 3177 973; x_wconf 52' lang='grc' dir='ltr'><strong>ν--ςιπν</strong></span> <span class='ocrx_word' id='word_1_542' title='bbox 3227 952 3239 955; x_wconf 60' lang='grc'>,</span> <span class='ocrx_word' id='word_1_543' title='bbox 3303 952 3316 967; x_wconf 70' lang='grc' dir='ltr'><strong>Ι</strong></span> <span class='ocrx_word' id='word_1_544' title='bbox 3430 952 3458 966; x_wconf 64' lang='grc' dir='ltr'>ν</span> 
     </span>
     <span class='ocr_line' id='line_1_70' title="bbox 2276 952 3869 1093; baseline -0.028 -16"><span class='ocrx_word' id='word_1_545' title='bbox 2276 1021 2366 1093; x_wconf 87' lang='lat' dir='ltr'><strong>qui</strong></span> <span class='ocrx_word' id='word_1_546' title='bbox 2412 1031 2480 1073; x_wconf 90' lang='lat' dir='ltr'><strong>ne</strong></span> <span class='ocrx_word' id='word_1_547' title='bbox 2521 1011 2781 1067; x_wconf 89' lang='lat' dir='ltr'><strong>baberent</strong></span> <span class='ocrx_word' id='word_1_548' title='bbox 2806 1000 3021 1072; x_wconf 89' lang='lat' dir='ltr'><strong>quidem</strong></span> <span class='ocrx_word' id='word_1_549' title='bbox 3068 993 3154 1051; x_wconf 88' lang='lat' dir='ltr'><strong>ubi</strong></span> <span class='ocrx_word' id='word_1_550' title='bbox 3198 1004 3325 1046; x_wconf 88' lang='lat' dir='ltr'><strong>suos</strong></span> <span class='ocrx_word' id='word_1_551' title='bbox 3364 952 3672 1057; x_wconf 71' lang='lat' dir='ltr'><strong>sepelireitt.</strong></span> <span class='ocrx_word' id='word_1_552' title='bbox 3721 979 3869 1049; x_wconf 85' lang='lat' dir='ltr'><strong>Quid</strong></span> 
     </span>
     <span class='ocr_line' id='line_1_71' title="bbox 3084 1071 3831 1093; baseline -0.023 15"><span class='ocrx_word' id='word_1_553' title='bbox 3084 1086 3095 1093; x_wconf 83' lang='lat'><em>‘</em></span> <span class='ocrx_word' id='word_1_554' title='bbox 3220 1083 3232 1093; x_wconf 88' lang='lat'>&#39;</span> <span class='ocrx_word' id='word_1_555' title='bbox 3354 1088 3364 1093; x_wconf 84' lang='lat'><strong><em>-</em></strong></span> <span class='ocrx_word' id='word_1_556' title='bbox 3447 1086 3459 1093; x_wconf 87' lang='lat'><em>-</em></span> <span class='ocrx_word' id='word_1_557' title='bbox 3538 1091 3548 1093; x_wconf 41' lang='grc' dir='ltr'>μ</span> <span class='ocrx_word' id='word_1_558' title='bbox 3598 1074 3609 1093; x_wconf 67' lang='lat'><strong>9</strong></span> <span class='ocrx_word' id='word_1_559' title='bbox 3633 1091 3643 1093; x_wconf 67' lang='lat'><strong><em>_</em></strong></span> <span class='ocrx_word' id='word_1_560' title='bbox 3683 1071 3831 1093; x_wconf 42' lang='lat' dir='ltr'><strong>nAI“</strong></span> 
     </span>
    </p>
   </div>
   <div class='ocr_carea' id='block_1_70' title="bbox 2277 1071 3867 1183">
    <p class='ocr_par' dir='ltr' id='par_1_70' title="bbox 2277 1071 3867 1183">
     <span class='ocr_line' id='line_1_72' title="bbox 2277 1071 3867 1183; baseline -0.03 -13"><span class='ocrx_word' id='word_1_561' title='bbox 2277 1071 2787 1183; x_wconf 61' lang='lat' dir='ltr'><strong>ergotdicebatttne</strong></span> <span class='ocrx_word' id='word_1_562' title='bbox 2830 1109 2889 1150; x_wconf 87' lang='lat' dir='ltr'><strong>se</strong></span> <span class='ocrx_word' id='word_1_563' title='bbox 2933 1103 3054 1144; x_wconf 91' lang='lat' dir='ltr'><strong>esse</strong></span> <span class='ocrx_word' id='word_1_564' title='bbox 3084 1083 3320 1155; x_wconf 79' lang='lat' dir='ltr'><strong>hoSpites</strong></span> <span class='ocrx_word' id='word_1_565' title='bbox 3352 1086 3555 1134; x_wconf 90' lang='lat' dir='ltr'><strong>tantum</strong></span> <span class='ocrx_word' id='word_1_566' title='bbox 3598 1074 3649 1129; x_wconf 91' lang='lat' dir='ltr'><strong>in</strong></span> <span class='ocrx_word' id='word_1_567' title='bbox 3678 1071 3867 1128; x_wconf 65' lang='lat' dir='ltr'><strong>Palas-</strong></span> 
     </span>
    </p>
   </div>
   <div class='ocr_carea' id='block_1_71' title="bbox 2277 1163 3868 1266">
    <p class='ocr_par' dir='ltr' id='par_1_71' title="bbox 2277 1163 3868 1266">
     <span class='ocr_line' id='line_1_73' title="bbox 2277 1163 3868 1266; baseline -0.029 -5"><span class='ocrx_word' id='word_1_568' title='bbox 2277 1163 2459 1262; x_wconf 50' lang='lat' dir='ltr'><strong>Quid?</strong></span> <span class='ocrx_word' id='word_1_569' title='bbox 2488 1197 2852 1266; x_wconf 87' lang='lat' dir='ltr'><strong>Nequaquam,</strong></span> <span class='ocrx_word' id='word_1_570' title='bbox 2882 1182 2975 1240; x_wconf 85' lang='lat' dir='ltr'><strong>sed</strong></span> <span class='ocrx_word' id='word_1_571' title='bbox 3005 1181 3057 1235; x_wconf 92' lang='lat' dir='ltr'><strong>iu</strong></span> <span class='ocrx_word' id='word_1_572' title='bbox 3090 1188 3199 1232; x_wconf 92' lang='lat' dir='ltr'><strong>toto</strong></span> <span class='ocrx_word' id='word_1_573' title='bbox 3224 1173 3392 1237; x_wconf 85' lang='lat' dir='ltr'><strong>orbe;</strong></span> <span class='ocrx_word' id='word_1_574' title='bbox 3436 1178 3490 1225; x_wconf 92' lang='lat' dir='ltr'><strong>et</strong></span> <span class='ocrx_word' id='word_1_575' title='bbox 3517 1165 3732 1223; x_wconf 90' lang='lat' dir='ltr'><strong>merito.</strong></span> <span class='ocrx_word' id='word_1_576' title='bbox 3761 1163 3868 1218; x_wconf 80' lang='lat' dir='ltr'><strong>Ni-</strong></span> 
     </span>
    </p>
   </div>
   <div class='ocr_carea' id='block_1_72' title="bbox 2276 1256 3869 1353">
    <p class='ocr_par' dir='ltr' id='par_1_72' title="bbox 2276 1256 3869 1353">
     <span class='ocr_line' id='line_1_74' title="bbox 2276 1256 3869 1353; baseline -0.035 0"><span class='ocrx_word' id='word_1_577' title='bbox 2276 1298 2352 1353; x_wconf 91' lang='lat' dir='ltr'><strong>hil</strong></span> <span class='ocrx_word' id='word_1_578' title='bbox 2372 1293 2515 1350; x_wconf 89' lang='lat' dir='ltr'><strong>enim</strong></span> <span class='ocrx_word' id='word_1_579' title='bbox 2541 1256 2598 1342; x_wconf 69' lang='lat' dir='ltr'><strong>ni</strong></span> <span class='ocrx_word' id='word_1_580' title='bbox 2622 1299 2686 1341; x_wconf 91' lang='lat' dir='ltr'><strong>eo</strong></span> <span class='ocrx_word' id='word_1_581' title='bbox 2713 1279 2962 1336; x_wconf 83' lang='lat' dir='ltr'><strong>videbant</strong></span> <span class='ocrx_word' id='word_1_582' title='bbox 2990 1284 3176 1328; x_wconf 88' lang='lat' dir='ltr'><strong>eorum</strong></span> <span class='ocrx_word' id='word_1_583' title='bbox 3198 1281 3316 1337; x_wconf 76' lang='lat' dir='ltr'><strong>qua:</strong></span> <span class='ocrx_word' id='word_1_584' title='bbox 3338 1262 3617 1324; x_wconf 84' lang='lat' dir='ltr'><strong>volebant,</strong></span> <span class='ocrx_word' id='word_1_585' title='bbox 3644 1256 3743 1312; x_wconf 86' lang='lat' dir='ltr'><strong>sed</strong></span> <span class='ocrx_word' id='word_1_586' title='bbox 3767 1271 3869 1311; x_wconf 68' lang='lat' dir='ltr'><strong>ex.</strong></span> 
     </span>
    </p>
   </div>
   <div class='ocr_carea' id='block_1_73' title="bbox 2278 1352 3866 1444">
    <p class='ocr_par' dir='ltr' id='par_1_73' title="bbox 2278 1352 3866 1444">
     <span class='ocr_line' id='line_1_75' title="bbox 2278 1352 3866 1444; baseline -0.028 0"><span class='ocrx_word' id='word_1_587' title='bbox 2278 1398 2427 1444; x_wconf 88' lang='lat' dir='ltr'><strong>terna</strong></span> <span class='ocrx_word' id='word_1_588' title='bbox 2460 1378 2637 1435; x_wconf 89' lang='lat' dir='ltr'><strong>omnia</strong></span> <span class='ocrx_word' id='word_1_589' title='bbox 2668 1385 2721 1431; x_wconf 90' lang='lat' dir='ltr'><strong>et</strong></span> <span class='ocrx_word' id='word_1_590' title='bbox 2749 1371 2942 1426; x_wconf 90' lang='lat' dir='ltr'><strong>aliena.</strong></span> <span class='ocrx_word' id='word_1_591' title='bbox 2978 1363 3080 1433; x_wconf 82' lang='lat' dir='ltr'><strong>Ipsi</strong></span> <span class='ocrx_word' id='word_1_592' title='bbox 3124 1359 3283 1431; x_wconf 77' lang='lat' dir='ltr'><strong>igitur</strong></span> <span class='ocrx_word' id='word_1_593' title='bbox 3309 1352 3560 1408; x_wconf 85' lang='lat' dir='ltr'><strong>volebant</strong></span> <span class='ocrx_word' id='word_1_594' title='bbox 3596 1361 3866 1404; x_wconf 79' lang='lat' dir='ltr'><strong>exercere</strong></span> 
     </span>
    </p>
   </div>
   <div class='ocr_carea' id='block_1_74' title="bbox 2280 1436 3866 1534">
    <p class='ocr_par' dir='ltr' id='par_1_74' title="bbox 2280 1436 3866 1534">
     <span class='ocr_line' id='line_1_76' title="bbox 2280 1436 3866 1534; baseline -0.028 -1"><span class='ocrx_word' id='word_1_595' title='bbox 2280 1479 2529 1533; x_wconf 90' lang='lat' dir='ltr'><strong>virtutem</strong></span> <span class='ocrx_word' id='word_1_596' title='bbox 2555 1487 2569 1534; x_wconf 86' lang='lat'><strong>;</strong></span> <span class='ocrx_word' id='word_1_597' title='bbox 2600 1467 2685 1522; x_wconf 91' lang='lat' dir='ltr'><strong>hic</strong></span> <span class='ocrx_word' id='word_1_598' title='bbox 2709 1471 2885 1519; x_wconf 89' lang='lat' dir='ltr'><strong>autem</strong></span> <span class='ocrx_word' id='word_1_599' title='bbox 2912 1451 3265 1513; x_wconf 85' lang='lat' dir='ltr'><strong>eratntultum</strong></span> <span class='ocrx_word' id='word_1_600' title='bbox 3293 1445 3500 1508; x_wconf 86' lang='lat' dir='ltr'><strong>vitium,</strong></span> <span class='ocrx_word' id='word_1_601' title='bbox 3532 1436 3747 1509; x_wconf 83' lang='lat' dir='ltr'><strong>etapud</strong></span> <span class='ocrx_word' id='word_1_602' title='bbox 3763 1450 3866 1492; x_wconf 81' lang='lat' dir='ltr'><strong>eos</strong></span> 
     </span>
    </p>
   </div>
   <div class='ocr_carea' id='block_1_75' title="bbox 2274 1531 3866 1628">
    <p class='ocr_par' dir='ltr' id='par_1_75' title="bbox 2274 1531 3866 1628">
     <span class='ocr_line' id='line_1_77' title="bbox 2274 1531 3866 1628; baseline -0.029 0"><span class='ocrx_word' id='word_1_603' title='bbox 2274 1578 2431 1628; x_wconf 91' lang='lat' dir='ltr'><strong>erant</strong></span> <span class='ocrx_word' id='word_1_604' title='bbox 2447 1582 2531 1621; x_wconf 89' lang='lat' dir='ltr'><strong>res</strong></span> <span class='ocrx_word' id='word_1_605' title='bbox 2548 1574 2735 1619; x_wconf 89' lang='lat' dir='ltr'><strong>omnes</strong></span> <span class='ocrx_word' id='word_1_606' title='bbox 2755 1563 2989 1611; x_wconf 72' lang='lat' dir='ltr'><strong>externa:</strong></span> <span class='ocrx_word' id='word_1_607' title='bbox 3015 1556 3071 1603; x_wconf 88' lang='lat' dir='ltr'><strong>et</strong></span> <span class='ocrx_word' id='word_1_608' title='bbox 3089 1545 3298 1598; x_wconf 70' lang='lat' dir='ltr'><strong>alienae.</strong></span> <span class='ocrx_word' id='word_1_609' title='bbox 3340 1536 3550 1593; x_wconf 78' lang='lat' dir='ltr'><strong>Nullum</strong></span> <span class='ocrx_word' id='word_1_610' title='bbox 3589 1531 3866 1587; x_wconf 88' lang='lat' dir='ltr'><strong>habebant</strong></span> 
     </span>
    </p>
   </div>
   <div class='ocr_carea' id='block_1_76' title="bbox 2272 1628 3864 1721">
    <p class='ocr_par' dir='ltr' id='par_1_76' title="bbox 2272 1628 3864 1721">
     <span class='ocr_line' id='line_1_78' title="bbox 2272 1628 3864 1721; baseline -0.03 -1"><span class='ocrx_word' id='word_1_611' title='bbox 2272 1663 2500 1720; x_wconf 88' lang='lat' dir='ltr'><strong>amicmn</strong></span> <span class='ocrx_word' id='word_1_612' title='bbox 2532 1697 2547 1721; x_wconf 93' lang='lat'><strong>,</strong></span> <span class='ocrx_word' id='word_1_613' title='bbox 2592 1650 2793 1708; x_wconf 88' lang='lat' dir='ltr'><strong>nullum</strong></span> <span class='ocrx_word' id='word_1_614' title='bbox 2834 1635 3231 1699; x_wconf 78' lang='lat' dir='ltr'><strong>necessitudine</strong></span> <span class='ocrx_word' id='word_1_615' title='bbox 3278 1628 3621 1699; x_wconf 73' lang='lat' dir='ltr'><strong>coniunctum</strong></span> <span class='ocrx_word' id='word_1_616' title='bbox 3657 1632 3864 1693; x_wconf 69' lang='lat' dir='ltr'><strong>praeter</strong></span> 
     </span>
    </p>
   </div>
   <div class='ocr_carea' id='block_1_77' title="bbox 2284 1717 3865 1825">
    <p class='ocr_par' dir='ltr' id='par_1_77' title="bbox 2284 1717 3865 1825">
     <span class='ocr_line' id='line_1_79' title="bbox 2284 1717 3865 1825; baseline -0.029 -15"><span class='ocrx_word' id='word_1_617' title='bbox 2284 1717 2499 1825; x_wconf 75' lang='lat' dir='ltr'><strong>paucos.</strong></span> <span class='ocrx_word' id='word_1_618' title='bbox 2521 1717 2799 1815; x_wconf 90' lang='lat' dir='ltr'><strong>Quomodo</strong></span> <span class='ocrx_word' id='word_1_619' title='bbox 2845 1745 3018 1790; x_wconf 91' lang='lat' dir='ltr'><strong>autem</strong></span> <span class='ocrx_word' id='word_1_620' title='bbox 3051 1734 3201 1784; x_wconf 86' lang='lat' dir='ltr'><strong>erant</strong></span> <span class='ocrx_word' id='word_1_621' title='bbox 3221 1718 3492 1793; x_wconf 72' lang='lat' dir='ltr'><strong>hospites?</strong></span> <span class='ocrx_word' id='word_1_622' title='bbox 3520 1717 3865 1825; x_wconf 50' lang='lat' dir='ltr'><strong>Eorum‘qua:</strong></span> 
     </span>
    </p>
   </div>
   <div class='ocr_carea' id='block_1_78' title="bbox 2278 1804 3864 1903">
    <p class='ocr_par' dir='ltr' id='par_1_78' title="bbox 2278 1804 3864 1903">
     <span class='ocr_line' id='line_1_80' title="bbox 2278 1804 3864 1903; baseline -0.028 -1"><span class='ocrx_word' id='word_1_623' title='bbox 2278 1804 2365 1903; x_wconf 69' lang='lat' dir='ltr'><strong>hic</strong></span> <span class='ocrx_word' id='word_1_624' title='bbox 2404 1804 2761 1898; x_wconf 51' lang='lat' dir='ltr'><strong>suut~uullam</strong></span> <span class='ocrx_word' id='word_1_625' title='bbox 2786 1826 3040 1899; x_wconf 86' lang='lat' dir='ltr'><strong>gerebant</strong></span> <span class='ocrx_word' id='word_1_626' title='bbox 3066 1833 3283 1880; x_wconf 85' lang='lat' dir='ltr'><strong>curam;</strong></span> <span class='ocrx_word' id='word_1_627' title='bbox 3317 1812 3475 1882; x_wconf 88' lang='lat' dir='ltr'><strong>idque</strong></span> <span class='ocrx_word' id='word_1_628' title='bbox 3500 1804 3864 1863; x_wconf 86' lang='lat' dir='ltr'><strong>ostendebant</strong></span> 
     </span>
    </p>
   </div>
   <div class='ocr_carea' id='block_1_79' title="bbox 2282 1897 3865 1994">
    <p class='ocr_par' dir='ltr' id='par_1_79' title="bbox 2282 1897 3865 1994">
     <span class='ocr_line' id='line_1_81' title="bbox 2282 1897 3865 1994; baseline -0.03 0"><span class='ocrx_word' id='word_1_629' title='bbox 2403 1932 2596 1994; x_wconf 82' lang='lat' dir='ltr'><strong>verbis,</strong></span> <span class='ocrx_word' id='word_1_630' title='bbox 2610 1924 2703 1981; x_wconf 88' lang='lat' dir='ltr'><strong>sed</strong></span> <span class='ocrx_word' id='word_1_631' title='bbox 2723 1897 3035 1987; x_wconf 79' lang='lat' dir='ltr'><strong>rebusipsis.</strong></span> <span class='ocrx_word' id='word_1_632' title='bbox 3053 1904 3367 1980; x_wconf 78' lang='lat' dir='ltr'><strong>Quomodo?</strong></span> <span class='ocrx_word' id='word_1_633' title='bbox 3386 1900 3673 1958; x_wconf 79' lang='lat' dir='ltr'><strong>DixitDcus</strong></span> <span class='ocrx_word' id='word_1_634' title='bbox 3693 1897 3865 1994; x_wconf 79' lang='lat' dir='ltr'><strong>Abra-</strong></span> 
     </span>
    </p>
   </div>
   <div class='ocr_carea' id='block_1_80' title="bbox 2278 1988 3861 2092">
    <p class='ocr_par' dir='ltr' id='par_1_80' title="bbox 2278 1988 3861 2092">
     <span class='ocr_line' id='line_1_82' title="bbox 2278 1988 3861 2092; baseline -0.027 -6"><span class='ocrx_word' id='word_1_635' title='bbox 2278 2031 2456 2092; x_wconf 90' lang='lat' dir='ltr'><strong>hamo,</strong></span> <span class='ocrx_word' id='word_1_636' title='bbox 2491 2021 2703 2079; x_wconf 84' lang='lat' dir='ltr'><strong>Dimitte</strong></span> <span class='ocrx_word' id='word_1_637' title='bbox 2740 2029 2857 2070; x_wconf 85' lang='lat' dir='ltr'><strong>eam</strong></span> <span class='ocrx_word' id='word_1_638' title='bbox 2901 2024 3018 2080; x_wconf 70' lang='lat' dir='ltr'><strong>qua:</strong></span> <span class='ocrx_word' id='word_1_639' title='bbox 3052 2004 3260 2061; x_wconf 81' lang='lat' dir='ltr'><strong>videtur</strong></span> <span class='ocrx_word' id='word_1_640' title='bbox 3287 1997 3531 2069; x_wconf 87' lang='lat' dir='ltr'><strong>patriam,</strong></span> <span class='ocrx_word' id='word_1_641' title='bbox 3562 2002 3615 2047; x_wconf 91' lang='lat' dir='ltr'><strong>et</strong></span> <span class='ocrx_word' id='word_1_642' title='bbox 3638 1988 3760 2044; x_wconf 89' lang='lat' dir='ltr'><strong>veni</strong></span> <span class='ocrx_word' id='word_1_643' title='bbox 3789 1988 3861 2043; x_wconf 89' lang='lat' dir='ltr'><strong>ad</strong></span> 
     </span>
    </p>
   </div>
   <div class='ocr_carea' id='block_1_81' title="bbox 2272 2086 3860 2183">
    <p class='ocr_par' dir='ltr' id='par_1_81' title="bbox 2272 2086 3860 2183">
     <span class='ocr_line' id='line_1_83' title="bbox 2272 2086 3860 2183; baseline -0.027 -6"><span class='ocrx_word' id='word_1_644' title='bbox 2272 2086 2497 2177; x_wconf 76' lang='lat' dir='ltr'><strong>alienam</strong></span> <span class='ocrx_word' id='word_1_645' title='bbox 2521 2112 2671 2183; x_wconf 79' lang='lat' dir='ltr'><strong>(Gen.</strong></span> <span class='ocrx_word' id='word_1_646' title='bbox 2712 2107 2794 2163; x_wconf 66' lang='lat' dir='ltr'><strong>l9.</strong></span> <span class='ocrx_word' id='word_1_647' title='bbox 2823 2105 2909 2173; x_wconf 84' lang='lat' dir='ltr'><strong>l);</strong></span> <span class='ocrx_word' id='word_1_648' title='bbox 2936 2107 3259 2163; x_wconf 90' lang='lat' dir='ltr'><strong>suorumque</strong></span> <span class='ocrx_word' id='word_1_649' title='bbox 3290 2086 3704 2145; x_wconf 88' lang='lat' dir='ltr'><strong>domesticorum</strong></span> <span class='ocrx_word' id='word_1_650' title='bbox 3746 2096 3860 2134; x_wconf 91' lang='lat' dir='ltr'><strong>non</strong></span> 
     </span>
    </p>
   </div>
   <div class='ocr_carea' id='block_1_82' title="bbox 2270 2171 3857 2272">
    <p class='ocr_par' dir='ltr' id='par_1_82' title="bbox 2270 2171 3857 2272">
     <span class='ocr_line' id='line_1_84' title="bbox 2270 2171 3857 2272; baseline -0.028 -2"><span class='ocrx_word' id='word_1_651' title='bbox 2270 2222 2354 2270; x_wconf 86' lang='lat' dir='ltr'><strong>est</strong></span> <span class='ocrx_word' id='word_1_652' title='bbox 2376 2171 2560 2266; x_wconf 74' lang='lat' dir='ltr'><strong>amore</strong></span> <span class='ocrx_word' id='word_1_653' title='bbox 2587 2171 2891 2272; x_wconf 85' lang='lat' dir='ltr'><strong>impeditus,</strong></span> <span class='ocrx_word' id='word_1_654' title='bbox 2922 2190 3015 2247; x_wconf 87' lang='lat' dir='ltr'><strong>sed</strong></span> <span class='ocrx_word' id='word_1_655' title='bbox 3040 2203 3106 2243; x_wconf 91' lang='lat' dir='ltr'><strong>eo</strong></span> <span class='ocrx_word' id='word_1_656' title='bbox 3123 2185 3315 2240; x_wconf 84' lang='lat' dir='ltr'><strong>affectu</strong></span> <span class='ocrx_word' id='word_1_657' title='bbox 3337 2196 3453 2236; x_wconf 90' lang='lat' dir='ltr'><strong>eam</strong></span> <span class='ocrx_word' id='word_1_658' title='bbox 3484 2174 3689 2231; x_wconf 87' lang='lat' dir='ltr'><strong>dimisit</strong></span> <span class='ocrx_word' id='word_1_659' title='bbox 3709 2180 3771 2227; x_wconf 89' lang='lat' dir='ltr'><strong>ut</strong></span> <span class='ocrx_word' id='word_1_660' title='bbox 3808 2171 3857 2225; x_wconf 85' lang='lat' dir='ltr'><strong>si</strong></span> 
     </span>
    </p>
   </div>
   <div class='ocr_carea' id='block_1_83' title="bbox 2270 2263 3860 2363">
    <p class='ocr_par' dir='ltr' id='par_1_83' title="bbox 2270 2263 3860 2363">
     <span class='ocr_line' id='line_1_85' title="bbox 2270 2263 3860 2363; baseline -0.031 0"><span class='ocrx_word' id='word_1_661' title='bbox 2270 2314 2415 2363; x_wconf 86' lang='lat' dir='ltr'><strong>esset</strong></span> <span class='ocrx_word' id='word_1_662' title='bbox 2443 2263 2761 2357; x_wconf 66' lang='lat' dir='ltr'><strong>dimissurus</strong></span> <span class='ocrx_word' id='word_1_663' title='bbox 2787 2288 3039 2342; x_wconf 90' lang='lat' dir='ltr'><strong>alienam.</strong></span> <span class='ocrx_word' id='word_1_664' title='bbox 3068 2278 3207 2334; x_wconf 80' lang='lat' dir='ltr'><strong>Dixit</strong></span> <span class='ocrx_word' id='word_1_665' title='bbox 3242 2274 3313 2340; x_wconf 91' lang='lat' dir='ltr'><strong>ei,</strong></span> <span class='ocrx_word' id='word_1_666' title='bbox 3358 2269 3503 2327; x_wconf 72' lang='lat' dir='ltr'><strong>Oﬂ‘er</strong></span> <span class='ocrx_word' id='word_1_667' title='bbox 3532 2266 3659 2321; x_wconf 88' lang='lat' dir='ltr'><strong>mihi</strong></span> <span class='ocrx_word' id='word_1_668' title='bbox 3688 2263 3860 2318; x_wconf 80' lang='lat' dir='ltr'><strong>tilium</strong></span> 
     </span>
    </p>
   </div>
   <div class='ocr_carea' id='block_1_84' title="bbox 2272 2366 3860 2468">
    <p class='ocr_par' dir='ltr' id='par_1_84' title="bbox 2272 2366 3860 2468">
     <span class='ocr_line' id='line_1_86' title="bbox 2272 2366 3860 2468; baseline -0.023 -17"><span class='ocrx_word' id='word_1_669' title='bbox 2272 2395 2423 2468; x_wconf 81' lang='lat' dir='ltr'><strong>(Gen.</strong></span> <span class='ocrx_word' id='word_1_670' title='bbox 2453 2396 2542 2448; x_wconf 64' lang='lat'><strong>9.2.</strong></span> <span class='ocrx_word' id='word_1_671' title='bbox 2569 2393 2666 2463; x_wconf 71' lang='lat'><strong>2);</strong></span> <span class='ocrx_word' id='word_1_672' title='bbox 2709 2399 2762 2447; x_wconf 92' lang='lat' dir='ltr'><strong>et</strong></span> <span class='ocrx_word' id='word_1_673' title='bbox 2792 2403 2910 2444; x_wconf 92' lang='lat' dir='ltr'><strong>eum</strong></span> <span class='ocrx_word' id='word_1_674' title='bbox 2971 2380 3193 2455; x_wconf 87' lang='lat' dir='ltr'><strong>perinde</strong></span> <span class='ocrx_word' id='word_1_675' title='bbox 3222 2376 3412 2432; x_wconf 91' lang='lat' dir='ltr'><strong>obtulit</strong></span> <span class='ocrx_word' id='word_1_676' title='bbox 3452 2381 3611 2441; x_wconf 87' lang='lat' dir='ltr'><strong>atque</strong></span> <span class='ocrx_word' id='word_1_677' title='bbox 3651 2366 3695 2422; x_wconf 90' lang='lat' dir='ltr'><strong>si</strong></span> <span class='ocrx_word' id='word_1_678' title='bbox 3746 2378 3860 2418; x_wconf 93' lang='lat' dir='ltr'><strong>non</strong></span> 
     </span>
    </p>
   </div>
   <div class='ocr_carea' id='block_1_85' title="bbox 2271 2456 3858 2547">
    <p class='ocr_par' dir='ltr' id='par_1_85' title="bbox 2271 2456 3858 2547">
     <span class='ocr_line' id='line_1_87' title="bbox 2271 2456 3858 2547; baseline -0.023 -3"><span class='ocrx_word' id='word_1_679' title='bbox 2271 2456 2494 2543; x_wconf 73' lang='lat' dir='ltr'><strong>haberet</strong></span> <span class='ocrx_word' id='word_1_680' title='bbox 2540 2456 2727 2547; x_wconf 80' lang='lat' dir='ltr'><strong>tilium,</strong></span> <span class='ocrx_word' id='word_1_681' title='bbox 2761 2490 2815 2535; x_wconf 90' lang='lat' dir='ltr'><strong>et</strong></span> <span class='ocrx_word' id='word_1_682' title='bbox 2841 2493 2902 2533; x_wconf 85' lang='lat' dir='ltr'><strong>ac</strong></span> <span class='ocrx_word' id='word_1_683' title='bbox 2930 2476 2973 2530; x_wconf 89' lang='lat' dir='ltr'><strong>si</strong></span> <span class='ocrx_word' id='word_1_684' title='bbox 2996 2482 3181 2530; x_wconf 86' lang='lat' dir='ltr'><strong>natura</strong></span> <span class='ocrx_word' id='word_1_685' title='bbox 3214 2485 3319 2524; x_wconf 91' lang='lat' dir='ltr'><strong>non</strong></span> <span class='ocrx_word' id='word_1_686' title='bbox 3350 2464 3750 2523; x_wconf 60' lang='lat' dir='ltr'><strong>ittdutusEsset,</strong></span> <span class='ocrx_word' id='word_1_687' title='bbox 3783 2456 3858 2509; x_wconf 84' lang='lat' dir='ltr'><strong>ita</strong></span> 
     </span>
    </p>
   </div>
   <div class='ocr_carea' id='block_1_86' title="bbox 2272 2553 3861 2643">
    <p class='ocr_par' dir='ltr' id='par_1_86' title="bbox 2272 2553 3861 2643">
     <span class='ocr_line' id='line_1_88' title="bbox 2272 2553 3861 2643; baseline -0.02 -10"><span class='ocrx_word' id='word_1_688' title='bbox 2272 2580 2481 2635; x_wconf 90' lang='lat' dir='ltr'><strong>obtulit.</strong></span> <span class='ocrx_word' id='word_1_689' title='bbox 2514 2573 2826 2632; x_wconf 82' lang='lat' dir='ltr'><strong>Possidebat</strong></span> <span class='ocrx_word' id='word_1_690' title='bbox 2855 2568 3108 2643; x_wconf 89' lang='lat' dir='ltr'><strong>pecunias</strong></span> <span class='ocrx_word' id='word_1_691' title='bbox 3150 2574 3459 2619; x_wconf 87' lang='lat' dir='ltr'><strong>communes</strong></span> <span class='ocrx_word' id='word_1_692' title='bbox 3489 2553 3737 2611; x_wconf 86' lang='lat' dir='ltr'><strong>omnibus</strong></span> <span class='ocrx_word' id='word_1_693' title='bbox 3762 2563 3861 2602; x_wconf 80' lang='lat' dir='ltr'><strong>ae-</strong></span> 
     </span>
    </p>
   </div>
   <div class='ocr_carea' id='block_1_87' title="bbox 2272 2640 3862 2735">
    <p class='ocr_par' dir='ltr' id='par_1_87' title="bbox 2272 2640 3862 2735">
     <span class='ocr_line' id='line_1_89' title="bbox 2272 2640 3862 2735; baseline -0.024 -6"><span class='ocrx_word' id='word_1_694' title='bbox 2272 2671 2602 2735; x_wconf 85' lang='lat' dir='ltr'><strong>cedentibus,</strong></span> <span class='ocrx_word' id='word_1_695' title='bbox 2626 2678 2672 2722; x_wconf 92' lang='lat' dir='ltr'><strong>et</strong></span> <span class='ocrx_word' id='word_1_696' title='bbox 2700 2681 2809 2720; x_wconf 89' lang='lat' dir='ltr'><strong>rem</strong></span> <span class='ocrx_word' id='word_1_697' title='bbox 2841 2661 2985 2717; x_wconf 88' lang='lat' dir='ltr'><strong>nihili</strong></span> <span class='ocrx_word' id='word_1_698' title='bbox 3009 2655 3343 2714; x_wconf 76' lang='lat' dir='ltr'><strong>existimabat</strong></span> <span class='ocrx_word' id='word_1_699' title='bbox 3373 2650 3612 2721; x_wconf 25' lang='lat' dir='ltr'><strong>:lprimas</strong></span> <span class='ocrx_word' id='word_1_700' title='bbox 3633 2640 3862 2697; x_wconf 89' lang='lat' dir='ltr'><strong>cedebat</strong></span> 
     </span>
    </p>
   </div>
   <div class='ocr_carea' id='block_1_88' title="bbox 2274 2734 3863 2831">
    <p class='ocr_par' dir='ltr' id='par_1_88' title="bbox 2274 2734 3863 2831">
     <span class='ocr_line' id='line_1_90' title="bbox 2274 2734 3863 2831; baseline -0.025 -11"><span class='ocrx_word' id='word_1_701' title='bbox 2274 2767 2410 2829; x_wconf 83' lang='lat' dir='ltr'><strong>aliis,</strong></span> <span class='ocrx_word' id='word_1_702' title='bbox 2466 2765 2516 2817; x_wconf 92' lang='lat' dir='ltr'><strong>in</strong></span> <span class='ocrx_word' id='word_1_703' title='bbox 2570 2757 2804 2831; x_wconf 87' lang='lat' dir='ltr'><strong>pericula</strong></span> <span class='ocrx_word' id='word_1_704' title='bbox 2860 2769 2917 2808; x_wconf 89' lang='lat' dir='ltr'><strong>se</strong></span> <span class='ocrx_word' id='word_1_705' title='bbox 2946 2754 3115 2822; x_wconf 91' lang='lat' dir='ltr'><strong>ipsum</strong></span> <span class='ocrx_word' id='word_1_706' title='bbox 3161 2742 3498 2813; x_wconf 84' lang='lat' dir='ltr'><strong>e0njicicbat,</strong></span> <span class='ocrx_word' id='word_1_707' title='bbox 3557 2734 3863 2807; x_wconf 82' lang='lat' dir='ltr'><strong>patiebatur</strong></span> 
     </span>
    </p>
   </div>
   <div class='ocr_carea' id='block_1_89' title="bbox 2286 2823 3864 2912">
    <p class='ocr_par' dir='ltr' id='par_1_89' title="bbox 2286 2823 3864 2912">
     <span class='ocr_line' id='line_1_91' title="bbox 2286 2823 3864 2912; baseline -0.024 -1"><span class='ocrx_word' id='word_1_708' title='bbox 2286 2857 2421 2912; x_wconf 89' lang='lat' dir='ltr'><strong>mala</strong></span> <span class='ocrx_word' id='word_1_709' title='bbox 2449 2856 2721 2909; x_wconf 88' lang='lat' dir='ltr'><strong>immmera</strong></span> <span class='ocrx_word' id='word_1_710' title='bbox 2744 2860 2877 2900; x_wconf 81' lang='lat' dir='ltr'><strong>:uon</strong></span> <span class='ocrx_word' id='word_1_711' title='bbox 2901 2838 3197 2897; x_wconf 74' lang='lat' dir='ltr'><strong>mdilicnbat</strong></span> <span class='ocrx_word' id='word_1_712' title='bbox 3216 2835 3404 2888; x_wconf 87' lang='lat' dir='ltr'><strong>domos</strong></span> <span class='ocrx_word' id='word_1_713' title='bbox 3432 2823 3864 2898; x_wconf 75' lang='lat' dir='ltr'><strong>splendidas,ne—</strong></span> 
     </span>
    </p>
   </div>
   <div class='ocr_carea' id='block_1_90' title="bbox 2274 2913 3862 3020">
    <p class='ocr_par' dir='ltr' id='par_1_90' title="bbox 2274 2913 3862 3020">
     <span class='ocr_line' id='line_1_92' title="bbox 2274 2913 3862 3020; baseline -0.028 -13"><span class='ocrx_word' id='word_1_714' title='bbox 2274 2965 2381 3020; x_wconf 80' lang='lat' dir='ltr'><strong>que</strong></span> <span class='ocrx_word' id='word_1_715' title='bbox 2410 2943 2708 3013; x_wconf 74' lang='lat' dir='ltr'><strong>indulgebat</strong></span> <span class='ocrx_word' id='word_1_716' title='bbox 2734 2936 2955 2999; x_wconf 80' lang='lat' dir='ltr'><strong>deliciis,</strong></span> <span class='ocrx_word' id='word_1_717' title='bbox 2984 2944 3153 3000; x_wconf 90' lang='lat' dir='ltr'><strong>neque</strong></span> <span class='ocrx_word' id='word_1_718' title='bbox 3178 2939 3357 2980; x_wconf 85' lang='lat' dir='ltr'><strong>curam</strong></span> <span class='ocrx_word' id='word_1_719' title='bbox 3379 2917 3595 3000; x_wconf 65' lang='lat' dir='ltr'><strong>gerebat</strong></span> <span class='ocrx_word' id='word_1_720' title='bbox 3631 2913 3862 2967; x_wconf 87' lang='lat' dir='ltr'><strong>vestium</strong></span> 
     </span>
    </p>
   </div>
   <div class='ocr_carea' id='block_1_91' title="bbox 2277 3003 3863 3109">
    <p class='ocr_par' dir='ltr' id='par_1_91' title="bbox 2277 3003 3863 3109">
     <span class='ocr_line' id='line_1_93' title="bbox 2277 3003 3863 3109; baseline -0.026 -13"><span class='ocrx_word' id='word_1_721' title='bbox 2277 3054 2451 3109; x_wconf 91' lang='lat' dir='ltr'><strong>neque</strong></span> <span class='ocrx_word' id='word_1_722' title='bbox 2468 3036 2690 3091; x_wconf 84' lang='lat' dir='ltr'><strong>aliarum</strong></span> <span class='ocrx_word' id='word_1_723' title='bbox 2714 3027 3044 3085; x_wconf 72' lang='lat' dir='ltr'><strong>szecularium</strong></span> <span class='ocrx_word' id='word_1_724' title='bbox 3067 3018 3285 3074; x_wconf 84' lang='lat' dir='ltr'><strong>rerum?</strong></span> <span class='ocrx_word' id='word_1_725' title='bbox 3312 3015 3413 3097; x_wconf 78' lang='lat' dir='ltr'><strong>Sed</strong></span> <span class='ocrx_word' id='word_1_726' title='bbox 3433 3010 3609 3065; x_wconf 88' lang='lat' dir='ltr'><strong>omnia</strong></span> <span class='ocrx_word' id='word_1_727' title='bbox 3640 3003 3863 3075; x_wconf 82' lang='lat' dir='ltr'><strong>gerebat</strong></span> 
     </span>
    </p>
   </div>
   <div class='ocr_carea' id='block_1_92' title="bbox 2278 3096 3866 3202">
    <p class='ocr_par' dir='ltr' id='par_1_92' title="bbox 2278 3096 3866 3202">
     <span class='ocr_line' id='line_1_94' title="bbox 2278 3096 3866 3202; baseline -0.025 -16"><span class='ocrx_word' id='word_1_728' title='bbox 2278 3148 2395 3202; x_wconf 63' lang='lat' dir='ltr'><strong>qur.</strong></span> <span class='ocrx_word' id='word_1_729' title='bbox 2416 3129 2683 3200; x_wconf 87' lang='lat' dir='ltr'><strong>pertinent</strong></span> <span class='ocrx_word' id='word_1_730' title='bbox 2699 3122 2761 3175; x_wconf 91' lang='lat' dir='ltr'><strong>ad</strong></span> <span class='ocrx_word' id='word_1_731' title='bbox 2782 3136 2894 3174; x_wconf 90' lang='lat' dir='ltr'><strong>eam</strong></span> <span class='ocrx_word' id='word_1_732' title='bbox 2911 3134 3027 3187; x_wconf 79' lang='lat' dir='ltr'><strong>qure</strong></span> <span class='ocrx_word' id='word_1_733' title='bbox 3047 3114 3155 3168; x_wconf 75' lang='lat' dir='ltr'><strong>illic</strong></span> <span class='ocrx_word' id='word_1_734' title='bbox 3175 3121 3277 3175; x_wconf 81' lang='lat' dir='ltr'><strong>est,</strong></span> <span class='ocrx_word' id='word_1_735' title='bbox 3296 3096 3589 3161; x_wconf 86' lang='lat' dir='ltr'><strong>civitatem.</strong></span> <span class='ocrx_word' id='word_1_736' title='bbox 3613 3096 3866 3163; x_wconf 63' lang='lat' dir='ltr'><strong>llostiita-</strong></span> 
     </span>
    </p>
   </div>
   <div class='ocr_carea' id='block_1_93' title="bbox 2278 3188 3865 3280">
    <p class='ocr_par' dir='ltr' id='par_1_93' title="bbox 2278 3188 3865 3280">
     <span class='ocr_line' id='line_1_95' title="bbox 2278 3188 3865 3280; baseline -0.026 0"><span class='ocrx_word' id='word_1_737' title='bbox 2278 3188 2476 3280; x_wconf 41' lang='lat' dir='ltr'><strong>litate-tn</strong></span> <span class='ocrx_word' id='word_1_738' title='bbox 2513 3215 2809 3276; x_wconf 74' lang='lat' dir='ltr'><strong>exercebat,</strong></span> <span class='ocrx_word' id='word_1_739' title='bbox 2828 3207 3161 3265; x_wconf 86' lang='lat' dir='ltr'><strong>dilectionem</strong></span> <span class='ocrx_word' id='word_1_740' title='bbox 3193 3202 3244 3255; x_wconf 91' lang='lat' dir='ltr'><strong>in</strong></span> <span class='ocrx_word' id='word_1_741' title='bbox 3282 3199 3521 3260; x_wconf 86' lang='lat' dir='ltr'><strong>fratrem,</strong></span> <span class='ocrx_word' id='word_1_742' title='bbox 3553 3188 3865 3246; x_wconf 82' lang='lat' dir='ltr'><strong>miscricor-</strong></span> 
     </span>
    </p>
   </div>
   <div class='ocr_carea' id='block_1_94' title="bbox 2277 3278 3866 3382">
    <p class='ocr_par' dir='ltr' id='par_1_94' title="bbox 2277 3278 3866 3382">
     <span class='ocr_line' id='line_1_96' title="bbox 2277 3278 3866 3382; baseline -0.025 -11"><span class='ocrx_word' id='word_1_743' title='bbox 2277 3318 2439 3379; x_wconf 88' lang='lat' dir='ltr'><strong>diam,</strong></span> <span class='ocrx_word' id='word_1_744' title='bbox 2472 3309 2799 3382; x_wconf 69' lang='lat' dir='ltr'><strong>patientiam,</strong></span> <span class='ocrx_word' id='word_1_745' title='bbox 2852 3298 3086 3370; x_wconf 76' lang='lat' dir='ltr'><strong>pecunia:</strong></span> <span class='ocrx_word' id='word_1_746' title='bbox 3144 3290 3543 3360; x_wconf 69' lang='lat' dir='ltr'><strong>di-spicicntiam</strong></span> <span class='ocrx_word' id='word_1_747' title='bbox 3598 3292 3646 3334; x_wconf 76' lang='lat' dir='ltr'><strong>et</strong></span> <span class='ocrx_word' id='word_1_748' title='bbox 3679 3278 3866 3349; x_wconf 68' lang='lat' dir='ltr'><strong>gloria:</strong></span> 
     </span>
    </p>
   </div>
   <div class='ocr_carea' id='block_1_95' title="bbox 2281 3373 3867 3477">
    <p class='ocr_par' dir='ltr' id='par_1_95' title="bbox 2281 3373 3867 3477">
     <span class='ocr_line' id='line_1_97' title="bbox 2281 3373 3867 3477; baseline -0.024 -18"><span class='ocrx_word' id='word_1_749' title='bbox 2281 3373 2555 3477; x_wconf 66' lang='lat' dir='ltr'><strong>pra-sentis</strong></span> <span class='ocrx_word' id='word_1_750' title='bbox 2583 3410 2636 3454; x_wconf 86' lang='lat' dir='ltr'><strong>et</strong></span> <span class='ocrx_word' id='word_1_751' title='bbox 2663 3399 2884 3451; x_wconf 87' lang='lat' dir='ltr'><strong>aliorum</strong></span> <span class='ocrx_word' id='word_1_752' title='bbox 2910 3383 3345 3445; x_wconf 86' lang='lat' dir='ltr'><strong>omnium.Filius</strong></span> <span class='ocrx_word' id='word_1_753' title='bbox 3370 3388 3579 3448; x_wconf 88' lang='lat' dir='ltr'><strong>quoque</strong></span> <span class='ocrx_word' id='word_1_754' title='bbox 3608 3373 3719 3441; x_wconf 77' lang='lat' dir='ltr'><strong>ejus</strong></span> <span class='ocrx_word' id='word_1_755' title='bbox 3746 3377 3867 3424; x_wconf 77' lang='lat' dir='ltr'><strong>erat</strong></span> 
     </span>
    </p>
   </div>
   <div class='ocr_carea' id='block_1_96' title="bbox 2282 3459 3869 3567">
    <p class='ocr_par' dir='ltr' id='par_1_96' title="bbox 2282 3459 3869 3567">
     <span class='ocr_line' id='line_1_98' title="bbox 2282 3459 3869 3567; baseline -0.027 -14"><span class='ocrx_word' id='word_1_756' title='bbox 2282 3459 2583 3567; x_wconf 78' lang='lat' dir='ltr'><strong>lmjusmodi</strong></span> <span class='ocrx_word' id='word_1_757' title='bbox 2608 3510 2619 3543; x_wconf 74' lang='grc' dir='ltr'>ε</span> <span class='ocrx_word' id='word_1_758' title='bbox 2649 3502 2767 3543; x_wconf 89' lang='lat' dir='ltr'><strong>cum</strong></span> <span class='ocrx_word' id='word_1_759' title='bbox 2796 3485 3102 3553; x_wconf 78' lang='lat' dir='ltr'><strong>agitaretur,</strong></span> <span class='ocrx_word' id='word_1_760' title='bbox 3124 3474 3264 3530; x_wconf 86' lang='lat' dir='ltr'><strong>bello</strong></span> <span class='ocrx_word' id='word_1_761' title='bbox 3306 3472 3670 3539; x_wconf 87' lang='lat' dir='ltr'><strong>impcteretur,</strong></span> <span class='ocrx_word' id='word_1_762' title='bbox 3711 3459 3869 3514; x_wconf 80' lang='lat' dir='ltr'><strong>cede-</strong></span> 
     </span>
    </p>
   </div>
   <div class='ocr_carea' id='block_1_97' title="bbox 2283 3550 3869 3647">
    <p class='ocr_par' dir='ltr' id='par_1_97' title="bbox 2283 3550 3869 3647">
     <span class='ocr_line' id='line_1_99' title="bbox 2283 3550 3869 3647; baseline -0.029 0"><span class='ocrx_word' id='word_1_763' title='bbox 2283 3550 2369 3647; x_wconf 71' lang='lat' dir='ltr'><strong>bai</strong></span> <span class='ocrx_word' id='word_1_764' title='bbox 2395 3588 2641 3644; x_wconf 88' lang='lat' dir='ltr'><strong>ctlocmn</strong></span> <span class='ocrx_word' id='word_1_765' title='bbox 2668 3550 2850 3641; x_wconf 68' lang='lat' dir='ltr'><strong>dabat,</strong></span> <span class='ocrx_word' id='word_1_766' title='bbox 2876 3583 2928 3627; x_wconf 91' lang='lat' dir='ltr'><strong>ut</strong></span> <span class='ocrx_word' id='word_1_767' title='bbox 2973 3571 3061 3641; x_wconf 88' lang='lat' dir='ltr'><strong>qui</strong></span> <span class='ocrx_word' id='word_1_768' title='bbox 3104 3573 3247 3620; x_wconf 78' lang='lat' dir='ltr'><strong>esset</strong></span> <span class='ocrx_word' id='word_1_769' title='bbox 3298 3562 3349 3615; x_wconf 91' lang='lat' dir='ltr'><strong>in</strong></span> <span class='ocrx_word' id='word_1_770' title='bbox 3387 3559 3594 3612; x_wconf 90' lang='lat' dir='ltr'><strong>aliena:</strong></span> <span class='ocrx_word' id='word_1_771' title='bbox 3628 3550 3869 3620; x_wconf 88' lang='lat' dir='ltr'><strong>hospites</strong></span> 
     </span>
    </p>
   </div>
   <div class='ocr_carea' id='block_1_98' title="bbox 2283 3647 3867 3741">
    <p class='ocr_par' dir='ltr' id='par_1_98' title="bbox 2283 3647 3867 3741">
     <span class='ocr_line' id='line_1_100' title="bbox 2283 3647 3867 3741; baseline -0.028 -1"><span class='ocrx_word' id='word_1_772' title='bbox 2283 3686 2423 3741; x_wconf 83' lang='lat' dir='ltr'><strong>enim</strong></span> <span class='ocrx_word' id='word_1_773' title='bbox 2485 3677 2660 3732; x_wconf 89' lang='lat' dir='ltr'><strong>omnia</strong></span> <span class='ocrx_word' id='word_1_774' title='bbox 2727 3671 3013 3741; x_wconf 74' lang='lat' dir='ltr'><strong>patiuntur,</strong></span> <span class='ocrx_word' id='word_1_775' title='bbox 3058 3659 3215 3715; x_wconf 79' lang='lat' dir='ltr'><strong>voluti</strong></span> <span class='ocrx_word' id='word_1_776' title='bbox 3247 3654 3339 3726; x_wconf 85' lang='lat' dir='ltr'><strong>qui</strong></span> <span class='ocrx_word' id='word_1_777' title='bbox 3383 3668 3487 3706; x_wconf 90' lang='lat' dir='ltr'><strong>non</strong></span> <span class='ocrx_word' id='word_1_778' title='bbox 3528 3650 3634 3704; x_wconf 90' lang='lat' dir='ltr'><strong>sint</strong></span> <span class='ocrx_word' id='word_1_779' title='bbox 3662 3647 3713 3701; x_wconf 89' lang='lat' dir='ltr'><strong>in</strong></span> <span class='ocrx_word' id='word_1_780' title='bbox 3766 3660 3867 3714; x_wconf 83' lang='lat' dir='ltr'><strong>pa-</strong></span> 
     </span>
    </p>
   </div>
   <div class='ocr_carea' id='block_1_99' title="bbox 2287 3734 3870 3831">
    <p class='ocr_par' dir='ltr' id='par_1_99' title="bbox 2287 3734 3870 3831">
     <span class='ocr_line' id='line_1_101' title="bbox 2287 3734 3870 3831; baseline -0.028 0"><span class='ocrx_word' id='word_1_781' title='bbox 2287 3779 2404 3831; x_wconf 90' lang='lat' dir='ltr'><strong>tria.</strong></span> <span class='ocrx_word' id='word_1_782' title='bbox 2466 3774 2529 3826; x_wconf 73' lang='lat' dir='ltr'><strong>[it</strong></span> <span class='ocrx_word' id='word_1_783' title='bbox 2582 3782 2700 3823; x_wconf 80' lang='lat' dir='ltr'><strong>eum</strong></span> <span class='ocrx_word' id='word_1_784' title='bbox 2754 3759 3055 3816; x_wconf 76' lang='lat' dir='ltr'><strong>auferretur</strong></span> <span class='ocrx_word' id='word_1_785' title='bbox 3108 3764 3259 3813; x_wconf 78' lang='lat' dir='ltr'><strong>uxor,</strong></span> <span class='ocrx_word' id='word_1_786' title='bbox 3307 3746 3405 3799; x_wconf 86' lang='lat' dir='ltr'><strong>hoc</strong></span> <span class='ocrx_word' id='word_1_787' title='bbox 3458 3753 3668 3812; x_wconf 87' lang='lat' dir='ltr'><strong>quoque</strong></span> <span class='ocrx_word' id='word_1_788' title='bbox 3718 3734 3870 3790; x_wconf 84' lang='lat' dir='ltr'><strong>fere-</strong></span> 
     </span>
    </p>
   </div>
   <div class='ocr_carea' id='block_1_100' title="bbox 2287 3837 3871 3935">
    <p class='ocr_par' dir='ltr' id='par_1_100' title="bbox 2287 3837 3871 3935">
     <span class='ocr_line' id='line_1_102' title="bbox 2287 3837 3871 3935; baseline -0.031 -7"><span class='ocrx_word' id='word_1_789' title='bbox 2287 3874 2376 3927; x_wconf 90' lang='lat' dir='ltr'><strong>bat</strong></span> <span class='ocrx_word' id='word_1_790' title='bbox 2410 3878 2672 3935; x_wconf 87' lang='lat' dir='ltr'><strong>tamquam</strong></span> <span class='ocrx_word' id='word_1_791' title='bbox 2701 3853 3007 3928; x_wconf 85' lang='lat' dir='ltr'><strong>pcregrinus</strong></span> <span class='ocrx_word' id='word_1_792' title='bbox 3042 3867 3053 3901; x_wconf 90' lang='lat'><strong>:</strong></span> <span class='ocrx_word' id='word_1_793' title='bbox 3084 3859 3201 3914; x_wconf 77' lang='lat' dir='ltr'><strong>qua:</strong></span> <span class='ocrx_word' id='word_1_794' title='bbox 3244 3852 3472 3908; x_wconf 85' lang='lat' dir='ltr'><strong>snperna</strong></span> <span class='ocrx_word' id='word_1_795' title='bbox 3521 3841 3697 3887; x_wconf 89' lang='lat' dir='ltr'><strong>autem</strong></span> <span class='ocrx_word' id='word_1_796' title='bbox 3737 3837 3871 3882; x_wconf 86' lang='lat' dir='ltr'><strong>sunt</strong></span> 
     </span>
    </p>
   </div>
   <div class='ocr_carea' id='block_1_101' title="bbox 2286 3929 3871 4020">
    <p class='ocr_par' dir='ltr' id='par_1_101' title="bbox 2286 3929 3871 4020">
     <span class='ocr_line' id='line_1_103' title="bbox 2286 3929 3871 4020; baseline -0.028 0"><span class='ocrx_word' id='word_1_797' title='bbox 2286 3963 2506 4020; x_wconf 87' lang='lat' dir='ltr'><strong>curabat</strong></span> <span class='ocrx_word' id='word_1_798' title='bbox 2537 3952 2735 4017; x_wconf 88' lang='lat' dir='ltr'><strong>omnia,</strong></span> <span class='ocrx_word' id='word_1_799' title='bbox 2782 3942 3100 4003; x_wconf 87' lang='lat' dir='ltr'><strong>modestiam</strong></span> <span class='ocrx_word' id='word_1_800' title='bbox 3143 3933 3457 3993; x_wconf 62' lang='lat' dir='ltr'><strong>ostendens,</strong></span> <span class='ocrx_word' id='word_1_801' title='bbox 3505 3929 3871 3981; x_wconf 86' lang='lat' dir='ltr'><strong>honestatem-</strong></span> 
     </span>
    </p>
   </div>
   <div class='ocr_carea' id='block_1_102' title="bbox 2286 4020 3871 4126">
    <p class='ocr_par' dir='ltr' id='par_1_102' title="bbox 2286 4020 3871 4126">
     <span class='ocr_line' id='line_1_104' title="bbox 2286 4020 3871 4126; baseline -0.028 -15"><span class='ocrx_word' id='word_1_802' title='bbox 2286 4073 2389 4126; x_wconf 83' lang='lat' dir='ltr'><strong>que</strong></span> <span class='ocrx_word' id='word_1_803' title='bbox 2436 4059 2490 4106; x_wconf 88' lang='lat' dir='ltr'><strong>et</strong></span> <span class='ocrx_word' id='word_1_804' title='bbox 2535 4040 2898 4101; x_wconf 88' lang='lat' dir='ltr'><strong>onmimodam</strong></span> <span class='ocrx_word' id='word_1_805' title='bbox 2945 4027 3377 4101; x_wconf 89' lang='lat' dir='ltr'><strong>temperantiam.</strong></span> <span class='ocrx_word' id='word_1_806' title='bbox 3424 4020 3556 4076; x_wconf 86' lang='lat' dir='ltr'><strong>Nam</strong></span> <span class='ocrx_word' id='word_1_807' title='bbox 3587 4025 3871 4086; x_wconf 82' lang='lat' dir='ltr'><strong>postquam</strong></span> 
     </span>
    </p>
   </div>
   <div class='ocr_carea' id='block_1_103' title="bbox 2292 4107 3872 4219">
    <p class='ocr_par' dir='ltr' id='par_1_103' title="bbox 2292 4107 3872 4219">
     <span class='ocr_line' id='line_1_105' title="bbox 2292 4107 3872 4219; baseline -0.028 -16"><span class='ocrx_word' id='word_1_808' title='bbox 2292 4107 2796 4219; x_wconf 66' lang='lat' dir='ltr'><strong>procreavitftlimu,</strong></span> <span class='ocrx_word' id='word_1_809' title='bbox 2822 4145 2925 4186; x_wconf 90' lang='lat' dir='ltr'><strong>non</strong></span> <span class='ocrx_word' id='word_1_810' title='bbox 2956 4123 3141 4179; x_wconf 89' lang='lat' dir='ltr'><strong>habuit</strong></span> <span class='ocrx_word' id='word_1_811' title='bbox 3164 4118 3391 4187; x_wconf 91' lang='lat' dir='ltr'><strong>amplius</strong></span> <span class='ocrx_word' id='word_1_812' title='bbox 3422 4107 3872 4167; x_wconf 89' lang='lat' dir='ltr'><strong>consuetudinem</strong></span> 
     </span>
    </p>
   </div>
   <div class='ocr_carea' id='block_1_104' title="bbox 2290 4200 3875 4295">
    <p class='ocr_par' dir='ltr' id='par_1_104' title="bbox 2290 4200 3875 4295">
     <span class='ocr_line' id='line_1_106' title="bbox 2290 4200 3875 4295; baseline -0.028 0"><span class='ocrx_word' id='word_1_813' title='bbox 2290 4200 2410 4295; x_wconf 53' lang='lat' dir='ltr'><strong>cum</strong></span> <span class='ocrx_word' id='word_1_814' title='bbox 2440 4248 2604 4290; x_wconf 77' lang='lat' dir='ltr'><strong>uxore</strong></span> <span class='ocrx_word' id='word_1_815' title='bbox 2626 4248 2639 4282; x_wconf 84' lang='lat'>:</span> <span class='ocrx_word' id='word_1_816' title='bbox 2665 4239 2715 4283; x_wconf 90' lang='lat' dir='ltr'><strong>et</strong></span> <span class='ocrx_word' id='word_1_817' title='bbox 2738 4241 2855 4279; x_wconf 89' lang='lat' dir='ltr'><strong>cum</strong></span> <span class='ocrx_word' id='word_1_818' title='bbox 2875 4216 3220 4292; x_wconf 63' lang='lat' dir='ltr'><strong>prtetcriisset</strong></span> <span class='ocrx_word' id='word_1_819' title='bbox 3240 4211 3388 4279; x_wconf 82' lang='lat' dir='ltr'><strong>vigor</strong></span> <span class='ocrx_word' id='word_1_820' title='bbox 3407 4200 3719 4275; x_wconf 69' lang='lat' dir='ltr'><strong>iuventutis,</strong></span> <span class='ocrx_word' id='word_1_821' title='bbox 3744 4207 3875 4252; x_wconf 84' lang='lat' dir='ltr'><strong>tunc</strong></span> 
     </span>
    </p>
   </div>
   <div class='ocr_carea' id='block_1_105' title="bbox 2293 4289 3879 4389">
    <p class='ocr_par' dir='ltr' id='par_1_105' title="bbox 2293 4289 3879 4389">
     <span class='ocr_line' id='line_1_107' title="bbox 2293 4289 3879 4389; baseline -0.031 0"><span class='ocrx_word' id='word_1_822' title='bbox 2293 4347 2408 4389; x_wconf 88' lang='lat' dir='ltr'><strong>eam</strong></span> <span class='ocrx_word' id='word_1_823' title='bbox 2430 4328 2597 4389; x_wconf 78' lang='lat' dir='ltr'><strong>duxit,</strong></span> <span class='ocrx_word' id='word_1_824' title='bbox 2616 4317 2901 4377; x_wconf 86' lang='lat' dir='ltr'><strong>ostendens</strong></span> <span class='ocrx_word' id='word_1_825' title='bbox 2917 4327 2973 4366; x_wconf 89' lang='lat' dir='ltr'><strong>se</strong></span> <span class='ocrx_word' id='word_1_826' title='bbox 2994 4324 3099 4364; x_wconf 92' lang='lat' dir='ltr'><strong>non</strong></span> <span class='ocrx_word' id='word_1_827' title='bbox 3129 4306 3229 4359; x_wconf 93' lang='lat' dir='ltr'><strong>hoc</strong></span> <span class='ocrx_word' id='word_1_828' title='bbox 3256 4302 3429 4355; x_wconf 87' lang='lat' dir='ltr'><strong>facere</strong></span> <span class='ocrx_word' id='word_1_829' title='bbox 3460 4302 3671 4366; x_wconf 87' lang='lat' dir='ltr'><strong>propter</strong></span> <span class='ocrx_word' id='word_1_830' title='bbox 3701 4289 3879 4344; x_wconf 86' lang='lat' dir='ltr'><strong>libidi-</strong></span> 
     </span>
    </p>
   </div>
   <div class='ocr_carea' id='block_1_106' title="bbox 2296 4379 3879 4487">
    <p class='ocr_par' dir='ltr' id='par_1_106' title="bbox 2296 4379 3879 4487">
     <span class='ocr_line' id='line_1_108' title="bbox 2296 4379 3879 4487; baseline -0.029 -9"><span class='ocrx_word' id='word_1_831' title='bbox 2296 4438 2441 4487; x_wconf 89' lang='lat' dir='ltr'><strong>nem,</strong></span> <span class='ocrx_word' id='word_1_832' title='bbox 2458 4418 2551 4473; x_wconf 90' lang='lat' dir='ltr'><strong>sed</strong></span> <span class='ocrx_word' id='word_1_833' title='bbox 2573 4424 2629 4469; x_wconf 93' lang='lat' dir='ltr'><strong>ut</strong></span> <span class='ocrx_word' id='word_1_834' title='bbox 2658 4410 2749 4467; x_wconf 90' lang='lat' dir='ltr'><strong>Dei</strong></span> <span class='ocrx_word' id='word_1_835' title='bbox 2772 4399 3109 4479; x_wconf 87' lang='lat' dir='ltr'><strong>promissioni</strong></span> <span class='ocrx_word' id='word_1_836' title='bbox 3125 4387 3507 4456; x_wconf 87' lang='lat' dir='ltr'><strong>scrvirct.Quid</strong></span> <span class='ocrx_word' id='word_1_837' title='bbox 3535 4397 3662 4439; x_wconf 83' lang='lat' dir='ltr'><strong>vero</strong></span> <span class='ocrx_word' id='word_1_838' title='bbox 3673 4379 3879 4437; x_wconf 79' lang='lat' dir='ltr'><strong>Jacob?</strong></span> 
     </span>
    </p>
   </div>
   <div class='ocr_carea' id='block_1_107' title="bbox 2295 4474 3880 4580">
    <p class='ocr_par' dir='ltr' id='par_1_107' title="bbox 2295 4474 3880 4580">
     <span class='ocr_line' id='line_1_109' title="bbox 2295 4474 3880 4580; baseline -0.03 -7"><span class='ocrx_word' id='word_1_839' title='bbox 2295 4474 2471 4572; x_wconf 78' lang='lat' dir='ltr'><strong>annon</strong></span> <span class='ocrx_word' id='word_1_840' title='bbox 2515 4506 2783 4580; x_wconf 80' lang='lat' dir='ltr'><strong>quaerebat</strong></span> <span class='ocrx_word' id='word_1_841' title='bbox 2837 4497 3006 4553; x_wconf 88' lang='lat' dir='ltr'><strong>solum</strong></span> <span class='ocrx_word' id='word_1_842' title='bbox 3034 4503 3223 4562; x_wconf 86' lang='lat' dir='ltr'><strong>panem</strong></span> <span class='ocrx_word' id='word_1_843' title='bbox 3247 4496 3301 4540; x_wconf 91' lang='lat' dir='ltr'><strong>et</strong></span> <span class='ocrx_word' id='word_1_844' title='bbox 3321 4494 3543 4543; x_wconf 89' lang='lat' dir='ltr'><strong>vestem,</strong></span> <span class='ocrx_word' id='word_1_845' title='bbox 3572 4491 3689 4546; x_wconf 77' lang='lat' dir='ltr'><strong>qu:e</strong></span> <span class='ocrx_word' id='word_1_846' title='bbox 3722 4474 3880 4543; x_wconf 82' lang='lat' dir='ltr'><strong>plane</strong></span> 
     </span>
    </p>
   </div>
   <div class='ocr_carea' id='block_1_108' title="bbox 2298 4568 3881 4671">
    <p class='ocr_par' dir='ltr' id='par_1_108' title="bbox 2298 4568 3881 4671">
     <span class='ocr_line' id='line_1_110' title="bbox 2298 4568 3881 4671; baseline -0.03 -6"><span class='ocrx_word' id='word_1_847' title='bbox 2448 4568 2714 4671; x_wconf 74' lang='lat' dir='ltr'><strong>hospitum</strong></span> <span class='ocrx_word' id='word_1_848' title='bbox 2745 4586 3005 4647; x_wconf 88' lang='lat' dir='ltr'><strong>desideria</strong></span> <span class='ocrx_word' id='word_1_849' title='bbox 3032 4582 3122 4653; x_wconf 88' lang='lat' dir='ltr'><strong>qui</strong></span> <span class='ocrx_word' id='word_1_850' title='bbox 3149 4578 3213 4634; x_wconf 89' lang='lat' dir='ltr'><strong>ad</strong></span> <span class='ocrx_word' id='word_1_851' title='bbox 3232 4586 3521 4632; x_wconf 63' lang='lat' dir='ltr'><strong>estremam</strong></span> <span class='ocrx_word' id='word_1_852' title='bbox 3550 4568 3881 4623; x_wconf 82' lang='lat' dir='ltr'><strong>devenerunt</strong></span> 
     </span>
    </p>
   </div>
   <div class='ocr_carea' id='block_1_109' title="bbox 2299 4658 3880 4771">
    <p class='ocr_par' dir='ltr' id='par_1_109' title="bbox 2299 4658 3880 4771">
     <span class='ocr_line' id='line_1_111' title="bbox 2299 4658 3880 4771; baseline -0.031 -16"><span class='ocrx_word' id='word_1_853' title='bbox 2299 4658 2701 4771; x_wconf 72' lang='lat' dir='ltr'><strong>patipertaietn?</strong></span> <span class='ocrx_word' id='word_1_854' title='bbox 2743 4695 2917 4738; x_wconf 88' lang='lat' dir='ltr'><strong>annon</strong></span> <span class='ocrx_word' id='word_1_855' title='bbox 2960 4675 3143 4739; x_wconf 88' lang='lat' dir='ltr'><strong>pulsus</strong></span> <span class='ocrx_word' id='word_1_856' title='bbox 3174 4679 3227 4725; x_wconf 91' lang='lat' dir='ltr'><strong>et</strong></span> <span class='ocrx_word' id='word_1_857' title='bbox 3242 4668 3471 4737; x_wconf 84' lang='lat' dir='ltr'><strong>agitatus</strong></span> <span class='ocrx_word' id='word_1_858' title='bbox 3491 4658 3711 4715; x_wconf 88' lang='lat' dir='ltr'><strong>cedebat</strong></span> <span class='ocrx_word' id='word_1_859' title='bbox 3740 4665 3880 4708; x_wconf 77' lang='lat' dir='ltr'><strong>tam-</strong></span> 
     </span>
    </p>
   </div>
   <div class='ocr_carea' id='block_1_110' title="bbox 2296 4751 3863 4860">
    <p class='ocr_par' dir='ltr' id='par_1_110' title="bbox 2296 4751 3863 4860">
     <span class='ocr_line' id='line_1_112' title="bbox 2296 4751 3863 4860; baseline -0.029 -17"><span class='ocrx_word' id='word_1_860' title='bbox 2296 4751 2453 4860; x_wconf 69' lang='lat' dir='ltr'><strong>quam</strong></span> <span class='ocrx_word' id='word_1_861' title='bbox 2483 4771 2716 4851; x_wconf 83' lang='lat' dir='ltr'><strong>hospes?</strong></span> <span class='ocrx_word' id='word_1_862' title='bbox 2740 4789 2915 4831; x_wconf 90' lang='lat' dir='ltr'><strong>annon</strong></span> <span class='ocrx_word' id='word_1_863' title='bbox 2942 4779 3055 4826; x_wconf 91' lang='lat' dir='ltr'><strong>erat</strong></span> <span class='ocrx_word' id='word_1_864' title='bbox 3084 4758 3475 4821; x_wconf 83' lang='lat' dir='ltr'><strong>mercenarius?</strong></span> <span class='ocrx_word' id='word_1_865' title='bbox 3501 4768 3677 4809; x_wconf 90' lang='lat' dir='ltr'><strong>annon</strong></span> <span class='ocrx_word' id='word_1_866' title='bbox 3708 4751 3863 4804; x_wconf 88' lang='lat' dir='ltr'><strong>innu-</strong></span> 
     </span>
    </p>
   </div>
   <div class='ocr_carea' id='block_1_111' title="bbox 2299 4843 3875 4940">
    <p class='ocr_par' dir='ltr' id='par_1_111' title="bbox 2299 4843 3875 4940">
     <span class='ocr_line' id='line_1_113' title="bbox 2299 4843 3875 4940; baseline -0.026 -5"><span class='ocrx_word' id='word_1_867' title='bbox 2299 4843 2572 4935; x_wconf 73' lang='lat' dir='ltr'><strong>merabilia</strong></span> <span class='ocrx_word' id='word_1_868' title='bbox 2600 4872 2792 4940; x_wconf 87' lang='lat' dir='ltr'><strong>ubique</strong></span> <span class='ocrx_word' id='word_1_869' title='bbox 2831 4862 3126 4934; x_wconf 86' lang='lat' dir='ltr'><strong>patiebatur</strong></span> <span class='ocrx_word' id='word_1_870' title='bbox 3147 4854 3306 4919; x_wconf 90' lang='lat' dir='ltr'><strong>mala,</strong></span> <span class='ocrx_word' id='word_1_871' title='bbox 3339 4852 3532 4917; x_wconf 85' lang='lat' dir='ltr'><strong>ubique</strong></span> <span class='ocrx_word' id='word_1_872' title='bbox 3552 4843 3875 4899; x_wconf 80' lang='lat' dir='ltr'><strong>circumiens</strong></span> 
     </span>
    </p>
   </div>
   <div class='ocr_carea' id='block_1_112' title="bbox 2300 4936 3887 5039">
    <p class='ocr_par' dir='ltr' id='par_1_112' title="bbox 2300 4936 3887 5039">
     <span class='ocr_line' id='line_1_114' title="bbox 2300 4936 3887 5039; baseline -0.025 -14"><span class='ocrx_word' id='word_1_873' title='bbox 2300 4982 2564 5039; x_wconf 88' lang='lat' dir='ltr'><strong>tamquam</strong></span> <span class='ocrx_word' id='word_1_874' title='bbox 2588 4936 2782 5032; x_wconf 82' lang='lat' dir='ltr'><strong>hospes</strong></span> <span class='ocrx_word' id='word_1_875' title='bbox 2797 4956 2956 5012; x_wconf 63' lang='lat' dir='ltr'><strong>‘fllu&#39;c</strong></span> <span class='ocrx_word' id='word_1_876' title='bbox 2973 4961 3146 5006; x_wconf 87' lang='lat' dir='ltr'><strong>autem</strong></span> <span class='ocrx_word' id='word_1_877' title='bbox 3169 4946 3444 5017; x_wconf 83' lang='lat' dir='ltr'><strong>patientes,</strong></span> <span class='ocrx_word' id='word_1_878' title='bbox 3467 4936 3887 4993; x_wconf 86' lang='lat' dir='ltr'><strong>ostendebantse</strong></span> 
     </span>
    </p>
   </div>
   <div class='ocr_carea' id='block_1_113' title="bbox 2302 5024 3869 5129">
    <p class='ocr_par' dir='ltr' id='par_1_113' title="bbox 2302 5024 3869 5129">
     <span class='ocr_line' id='line_1_115' title="bbox 2302 5024 3869 5129; baseline -0.027 -11"><span class='ocrx_word' id='word_1_879' title='bbox 2302 5024 2459 5118; x_wconf 79' lang='lat' dir='ltr'><strong>aliam</strong></span> <span class='ocrx_word' id='word_1_880' title='bbox 2500 5024 2740 5129; x_wconf 63' lang='lat' dir='ltr'><strong>quaerere</strong></span> <span class='ocrx_word' id='word_1_881' title='bbox 2783 5050 3025 5121; x_wconf 89' lang='lat' dir='ltr'><strong>patriam.</strong></span> <span class='ocrx_word' id='word_1_882' title='bbox 3076 5043 3253 5105; x_wconf 76' lang='lat' dir='ltr'><strong>Paprr,</strong></span> <span class='ocrx_word' id='word_1_883' title='bbox 3292 5043 3487 5104; x_wconf 88' lang='lat' dir='ltr'><strong>quanta</strong></span> <span class='ocrx_word' id='word_1_884' title='bbox 3533 5024 3869 5082; x_wconf 78' lang='lat' dir='ltr'><strong>differentia!</strong></span> 
     </span>
    </p>
   </div>
   <div class='ocr_carea' id='block_1_114' title="bbox 2305 5117 3878 5223">
    <p class='ocr_par' dir='ltr' id='par_1_114' title="bbox 2305 5117 3878 5223">
     <span class='ocr_line' id='line_1_116' title="bbox 2305 5117 3878 5223; baseline -0.026 -12"><span class='ocrx_word' id='word_1_885' title='bbox 2305 5155 2378 5211; x_wconf 89' lang='lat' dir='ltr'><strong>illi</strong></span> <span class='ocrx_word' id='word_1_886' title='bbox 2407 5117 2618 5223; x_wconf 82' lang='lat' dir='ltr'><strong>quidem</strong></span> <span class='ocrx_word' id='word_1_887' title='bbox 2647 5117 2883 5217; x_wconf 87' lang='lat' dir='ltr'><strong>quotidie</strong></span> <span class='ocrx_word' id='word_1_888' title='bbox 2930 5133 3309 5207; x_wconf 88' lang='lat' dir='ltr'><strong>parturicbant,</strong></span> <span class='ocrx_word' id='word_1_889' title='bbox 3342 5126 3581 5179; x_wconf 83' lang='lat' dir='ltr'><strong>volentes</strong></span> <span class='ocrx_word' id='word_1_890' title='bbox 3610 5120 3735 5174; x_wconf 91' lang='lat' dir='ltr'><strong>hinc</strong></span> <span class='ocrx_word' id='word_1_891' title='bbox 3769 5117 3878 5171; x_wconf 84' lang='lat' dir='ltr'><strong>dis-</strong></span> 
     </span>
    </p>
   </div>
   <div class='ocr_carea' id='block_1_115' title="bbox 2304 5218 3878 5309">
    <p class='ocr_par' dir='ltr' id='par_1_115' title="bbox 2304 5218 3878 5309">
     <span class='ocr_line' id='line_1_117' title="bbox 2304 5218 3878 5309; baseline -0.026 -8"><span class='ocrx_word' id='word_1_892' title='bbox 2304 5218 2535 5309; x_wconf 75' lang='lat' dir='ltr'><strong>cedere,</strong></span> <span class='ocrx_word' id='word_1_893' title='bbox 2589 5249 2643 5294; x_wconf 89' lang='lat' dir='ltr'><strong>et</strong></span> <span class='ocrx_word' id='word_1_894' title='bbox 2691 5235 2866 5291; x_wconf 89' lang='lat' dir='ltr'><strong>redire</strong></span> <span class='ocrx_word' id='word_1_895' title='bbox 2923 5230 2988 5281; x_wconf 87' lang='lat' dir='ltr'><strong>ad</strong></span> <span class='ocrx_word' id='word_1_896' title='bbox 3043 5240 3193 5280; x_wconf 89' lang='lat' dir='ltr'><strong>suam</strong></span> <span class='ocrx_word' id='word_1_897' title='bbox 3246 5218 3518 5290; x_wconf 88' lang='lat' dir='ltr'><strong>patriam:</strong></span> <span class='ocrx_word' id='word_1_898' title='bbox 3553 5228 3650 5265; x_wconf 91' lang='lat' dir='ltr'><strong>nos</strong></span> <span class='ocrx_word' id='word_1_899' title='bbox 3700 5218 3878 5263; x_wconf 88' lang='lat' dir='ltr'><strong>autem</strong></span> 
     </span>
    </p>
   </div>
   <div class='ocr_carea' id='block_1_116' title="bbox 2307 5310 3879 5399">
    <p class='ocr_par' dir='ltr' id='par_1_116' title="bbox 2307 5310 3879 5399">
     <span class='ocr_line' id='line_1_118' title="bbox 2307 5310 3879 5399; baseline -0.025 -6"><span class='ocrx_word' id='word_1_900' title='bbox 2307 5348 2513 5399; x_wconf 85' lang='lat' dir='ltr'><strong>contra,</strong></span> <span class='ocrx_word' id='word_1_901' title='bbox 2548 5334 2590 5387; x_wconf 87' lang='lat' dir='ltr'><strong>si</strong></span> <span class='ocrx_word' id='word_1_902' title='bbox 2619 5330 2777 5386; x_wconf 86' lang='lat' dir='ltr'><strong>febris</strong></span> <span class='ocrx_word' id='word_1_903' title='bbox 2800 5325 3035 5388; x_wconf 78' lang='lat' dir='ltr'><strong>it‘ruerit,</strong></span> <span class='ocrx_word' id='word_1_904' title='bbox 3060 5318 3303 5374; x_wconf 88' lang='lat' dir='ltr'><strong>oumibus</strong></span> <span class='ocrx_word' id='word_1_905' title='bbox 3330 5310 3583 5367; x_wconf 85' lang='lat' dir='ltr'><strong>dimissis.</strong></span> <span class='ocrx_word' id='word_1_906' title='bbox 3610 5316 3879 5374; x_wconf 84' lang='lat' dir='ltr'><strong>tamquam</strong></span> 
     </span>
    </p>
   </div>
   <div class='ocr_carea' id='block_1_117' title="bbox 2311 5401 3880 5502">
    <p class='ocr_par' dir='ltr' id='par_1_117' title="bbox 2311 5401 3880 5502">
     <span class='ocr_line' id='line_1_119' title="bbox 2311 5401 3880 5502; baseline -0.022 -16"><span class='ocrx_word' id='word_1_907' title='bbox 2311 5428 2518 5502; x_wconf 86' lang='lat' dir='ltr'><strong>parvuli</strong></span> <span class='ocrx_word' id='word_1_908' title='bbox 2547 5424 2777 5481; x_wconf 82' lang='lat' dir='ltr'><strong>infantes</strong></span> <span class='ocrx_word' id='word_1_909' title='bbox 2806 5414 3123 5490; x_wconf 86' lang='lat' dir='ltr'><strong>plorahuudi</strong></span> <span class='ocrx_word' id='word_1_910' title='bbox 3164 5419 3386 5465; x_wconf 91' lang='lat' dir='ltr'><strong>mortem</strong></span> <span class='ocrx_word' id='word_1_911' title='bbox 3417 5401 3839 5474; x_wconf 86' lang='lat' dir='ltr'><strong>pertimescimus</strong></span> <span class='ocrx_word' id='word_1_912' title='bbox 3867 5414 3880 5451; x_wconf 91' lang='lat'><strong>:</strong></span> 
     </span>
    </p>
   </div>
   <div class='ocr_carea' id='block_1_118' title="bbox 2309 5497 3886 5579">
    <p class='ocr_par' dir='ltr' id='par_1_118' title="bbox 2309 5497 3886 5579">
     <span class='ocr_line' id='line_1_120' title="bbox 2309 5497 3886 5579; baseline -0.024 0"><span class='ocrx_word' id='word_1_913' title='bbox 2309 5497 2360 5579; x_wconf 71' lang='lat' dir='ltr'><strong>et</strong></span> <span class='ocrx_word' id='word_1_914' title='bbox 2391 5518 2581 5576; x_wconf 90' lang='lat' dir='ltr'><strong>merito</strong></span> <span class='ocrx_word' id='word_1_915' title='bbox 2608 5515 2761 5571; x_wconf 93' lang='lat' dir='ltr'><strong>uobis</strong></span> <span class='ocrx_word' id='word_1_916' title='bbox 2810 5512 2909 5564; x_wconf 89' lang='lat' dir='ltr'><strong>hoc</strong></span> <span class='ocrx_word' id='word_1_917' title='bbox 2936 5505 3144 5561; x_wconf 88' lang='lat' dir='ltr'><strong>accidit.</strong></span> <span class='ocrx_word' id='word_1_918' title='bbox 3172 5501 3301 5556; x_wconf 85' lang='lat' dir='ltr'><strong>Nam</strong></span> <span class='ocrx_word' id='word_1_919' title='bbox 3334 5497 3584 5568; x_wconf 87' lang='lat' dir='ltr'><strong>quoniam</strong></span> <span class='ocrx_word' id='word_1_920' title='bbox 3617 5505 3723 5546; x_wconf 89' lang='lat' dir='ltr'><strong>non</strong></span> <span class='ocrx_word' id='word_1_921' title='bbox 3752 5498 3886 5543; x_wconf 88' lang='lat' dir='ltr'><strong>tam-</strong></span> 
     </span>
    </p>
   </div>
   <div class='ocr_carea' id='block_1_119' title="bbox 2308 5582 3885 5687">
    <p class='ocr_par' dir='ltr' id='par_1_119' title="bbox 2308 5582 3885 5687">
     <span class='ocr_line' id='line_1_121' title="bbox 2308 5582 3885 5687; baseline -0.02 -21"><span class='ocrx_word' id='word_1_922' title='bbox 2308 5629 2467 5687; x_wconf 82' lang='lat' dir='ltr'><strong>quam</strong></span> <span class='ocrx_word' id='word_1_923' title='bbox 2496 5610 2735 5678; x_wconf 79' lang='lat' dir='ltr'><strong>hoSpites</strong></span> <span class='ocrx_word' id='word_1_924' title='bbox 2769 5604 2855 5659; x_wconf 91' lang='lat' dir='ltr'><strong>hic</strong></span> <span class='ocrx_word' id='word_1_925' title='bbox 2882 5600 3142 5669; x_wconf 81' lang='lat' dir='ltr'><strong>degimus,</strong></span> <span class='ocrx_word' id='word_1_926' title='bbox 3170 5604 3225 5649; x_wconf 90' lang='lat' dir='ltr'><strong>et</strong></span> <span class='ocrx_word' id='word_1_927' title='bbox 3254 5607 3357 5646; x_wconf 89' lang='lat' dir='ltr'><strong>non</strong></span> <span class='ocrx_word' id='word_1_928' title='bbox 3394 5598 3663 5655; x_wconf 86' lang='lat' dir='ltr'><strong>tamquam</strong></span> <span class='ocrx_word' id='word_1_929' title='bbox 3696 5582 3762 5637; x_wconf 88' lang='lat' dir='ltr'><strong>ad</strong></span> <span class='ocrx_word' id='word_1_930' title='bbox 3795 5597 3885 5651; x_wconf 84' lang='lat' dir='ltr'><strong>pa-</strong></span> 
     </span>
    </p>
   </div>
   <div class='ocr_carea' id='block_1_120' title="bbox 2314 5673 3883 5761">
    <p class='ocr_par' dir='ltr' id='par_1_120' title="bbox 2314 5673 3883 5761">
     <span class='ocr_line' id='line_1_122' title="bbox 2314 5673 3883 5761; baseline -0.023 -1"><span class='ocrx_word' id='word_1_931' title='bbox 2314 5673 2480 5760; x_wconf 71' lang='lat' dir='ltr'><strong>uiam.</strong></span> <span class='ocrx_word' id='word_1_932' title='bbox 2492 5701 2820 5761; x_wconf 83' lang='lat' dir='ltr'><strong>festinamus,</strong></span> <span class='ocrx_word' id='word_1_933' title='bbox 2845 5692 2937 5749; x_wconf 90' lang='lat' dir='ltr'><strong>sed</strong></span> <span class='ocrx_word' id='word_1_934' title='bbox 2958 5700 3221 5758; x_wconf 89' lang='lat' dir='ltr'><strong>tamquam</strong></span> <span class='ocrx_word' id='word_1_935' title='bbox 3240 5692 3427 5740; x_wconf 87' lang='lat' dir='ltr'><strong>euntes</strong></span> <span class='ocrx_word' id='word_1_936' title='bbox 3447 5676 3511 5731; x_wconf 88' lang='lat' dir='ltr'><strong>ad</strong></span> <span class='ocrx_word' id='word_1_937' title='bbox 3533 5673 3850 5744; x_wconf 89' lang='lat' dir='ltr'><strong>supplicium</strong></span> <span class='ocrx_word' id='word_1_938' title='bbox 3872 5691 3883 5725; x_wconf 90' lang='lat'><strong><em>:</em></strong></span> 
     </span>
    </p>
   </div>
   <div class='ocr_carea' id='block_1_121' title="bbox 2316 5764 3885 5870">
    <p class='ocr_par' dir='ltr' id='par_1_121' title="bbox 2316 5764 3885 5870">
     <span class='ocr_line' id='line_1_123' title="bbox 2316 5764 3885 5870; baseline -0.019 -21"><span class='ocrx_word' id='word_1_939' title='bbox 2316 5807 2594 5870; x_wconf 79' lang='lat' dir='ltr'><strong>propterea</strong></span> <span class='ocrx_word' id='word_1_940' title='bbox 2624 5789 2886 5851; x_wconf 87' lang='lat' dir='ltr'><strong>dolemus,</strong></span> <span class='ocrx_word' id='word_1_941' title='bbox 2920 5780 3059 5854; x_wconf 90' lang='lat' dir='ltr'><strong>quod</strong></span> <span class='ocrx_word' id='word_1_942' title='bbox 3093 5776 3252 5834; x_wconf 88' lang='lat' dir='ltr'><strong>rebus</strong></span> <span class='ocrx_word' id='word_1_943' title='bbox 3291 5789 3396 5829; x_wconf 92' lang='lat' dir='ltr'><strong>non</strong></span> <span class='ocrx_word' id='word_1_944' title='bbox 3434 5778 3489 5825; x_wconf 92' lang='lat' dir='ltr'><strong>ut</strong></span> <span class='ocrx_word' id='word_1_945' title='bbox 3533 5765 3769 5836; x_wconf 88' lang='lat' dir='ltr'><strong>oportuit</strong></span> <span class='ocrx_word' id='word_1_946' title='bbox 3811 5764 3885 5820; x_wconf 89' lang='lat' dir='ltr'><strong>usi</strong></span> 
     </span>
    </p>
   </div>
  </div>
