4068 6408
170 393 253 452 lli!)
921 388 988 445 IN
1027 384 1245 443 EPIST.
1287 383 1379 439 AD
1421 374 1784 437 "sunmus.

166 512 333 561 sanus,
378 499 474 552 sed
524 494 797 550 ordinem
842 492 1135 548 evertimus
1174 496 1504 558 :propterea
1546 486 1760 553 ﬂetuus,

166 606 271 645 t‘ttttl
308 590 547 661 gaudere
597 594 930 656 oporteret;
966 584 1248 654 propterea
1293 583 1578 636 horremus
1624 582 1766 636 sicut

170 683 449 747 homicidae,
498 682 654 736 sicut
688 678 1007 749 przcdonum
1047 676 1238 743 duces,
1287 673 1512 731 sistendi
1532 672 1759 743 judicio,

169 787 213 832 et
245 789 603 848 quaecumque
633 773 891 829 fecerunt
926 768 1123 825 animis
1144 766 1477 839 reputantes.
1507 774 1761 837 propter-

170 882 219 921 ra
266 867 450 920 timent
495 873 554 920 et
610 861 1067 919 contremiscunt.
1116 859 1196 915 Illi
1266 874 1397 915 vero
1445 874 1575 940 non_
1608 867 1765 915 erant

174 956 438 1027 ejusmodi,
472 954 575 1011 sed
618 953 957 1009 festinabant
989 970 1002 1007 :
1037 951 1235 1007 Paulus
1273 959 1455 1006 autem
1484 950 1644 1005 etiam
1683 950 1766 1004 in-

169 1050 380 1120 gemuit:
402 1048 529 1103 audi
563 1048 729 1103 illum
756 1048 1047 1113 dicentem,
1084 1044 1146 1099 Et
1177 1060 1267 1099 nos
1286 1044 1373 1115 qui
1393 1060 1571 1099 sumus
1593 1045 1643 1097 in
1671 1044 1764 1099 hoc

170 1138 499 1205 tabernaculo,
552 1138 948 1209 ingentisct'mtts
984 1136 1183 1207 gravati
1223 1134 1301 1205 (2.
1332 1134 1448 1190 Cor.
1482 1134 1535 1191 5.
1574 1136 1629 1207 4)
1661 1136 1761 1205 (τι).

169 1232 293 1287 Talis
314 1242 431 1287 erat
458 1231 775 1301 Abraham,
806 1240 862 1284 et
890 1228 982 1299 qui
1022 1242 1144 1282 cum
1164 1226 1257 1281 illo
1281 1236 1436 1281 erant
1460 1245 1473 1280 :
1501 1226 1762 1297 hospites,

170 1324 341 1394 inquit,
390 1330 552 1377 erant
585 1321 761 1375 totius
793 1319 941 1375 orbis
982 1328 1162 1381 terrae.
1215 1327 1270 1373 et
1308 1318 1623 1388 quaerebant
1670 1333 1767 1389 pa-

170 1420 328 1472 lriam.
354 1417 630 1485 Quasnam
661 1423 843 1471 autem
873 1428 938 1470 ea
978 1413 1101 1470 est?
1143 1427 1210 1468 an
1255 1428 1316 1469 ea
1348 1427 1508 1484 quam
1540 1413 1763 1470 dimise-

170 1508 312 1563 mnt?
359 1507 730 1579 Nequaquam
763 1523 775 1559 :
804 1504 932 1576 quid
985 1504 1132 1559 enim
1177 1503 1427 1559 obstabat
1480 1506 1767 1574 quominus

173 1602 399 1656 redirent
426 1602 473 1655 si
517 1599 757 1664 vellent,
803 1608 857 1653 et
886 1607 1070 1652 essent
1098 1597 1278 1653 cives?
1304 1596 1398 1652 sed
1443 1596 1590 1653 illam
1621 1613 1770 1669 qua:-

171 1694 342 1749 rchant
370 1708 495 1765 quae
538 1700 632 1747 est
662 1690 715 1747 in
759 1690 927 1745 cmlis.
960 1689 1035 1744 ha
1067 1688 1426 1759 properabant
1452 1690 1577 1745 hinc
1612 1705 1770 1747 exce-

171 1786 306 1851 dere,
336 1797 391 1841 et
416 1785 499 1840 sic
530 1786 655 1839 Deo
687 1782 1004 1854 placebant:
1036 1780 1266 1851 ideoque
1287 1795 1393 1836 non
1418 1783 1772 1839 erubescebat

174 1876 332 1931 vocari
360 1889 555 1932 eorum
603 1874 776 1929 Deus.
823 1872 1003 1942 Papae,
1045 1882 1241 1943 quanta
1288 1872 1561 1944 dignitas!
1612 1888 1767 1930 acce-

174 1976 306 2035 ptum
332 1968 409 2022 illi
438 1966 549 2022 fuit
594 1974 663 2020 ut
692 1972 981 2021 vocaretur
1022 1978 1209 2020 eorum
1238 1963 1400 2021 Deus.
1428 1965 1562 2034 Quid
1597 1965 1774 2023 dicis?

174 2067 377 2113 vocatur
408 2057 562 2113 Deus
606 2064 770 2112 terra
800 2063 857 2112 et
894 2055 1034 2121 cteli,
1067 2064 1123 2111 et
1151 2065 1423 2126 tamquam
1454 2058 1633 2127 magni
1662 2058 1767 2114 ali-

174 2148 286 2218 quid
330 2148 563 2219 posuisti
596 2145 748 2221 quod
787 2162 894 2203 non
935 2145 1219 2201 erubescat
1265 2160 1452 2201 eorum
1497 2144 1642 2202 Deus
1666 2160 1764 2201 vo-

172 2241 593 2315 tariiﬂagnum
645 2249 704 2295 et
744 2254 932 2296 revera
976 2254 1227 2310 magnum
1258 2238 1496 2304 esthoc,
1538 2247 1595 2294 et
1623 2237 1768 2293 indi-

175 2337 299 2389 cium
339 2336 528 2391 multa:
570 2332 949 2390 beatitudinis.
990 2332 1309 2399 Quomodo?
1351 2331 1505 2401 Quod
1550 2340 1765 2386 vocatur

176 2425 370 2493 quidem
406 2426 555 2481 Deus
578 2425 703 2480 caali
734 2434 788 2479 et
828 2433 1012 2489 teme,
1044 2423 1186 2477 sicut
1214 2431 1269 2477 et
1293 2425 1554 2493 gentium,
1587 2432 1769 2492 quate-

180 2531 268 2572 nus
295 2533 353 2572 ea
381 2518 602 2574 creavit
633 2524 690 2573 et
719 2525 804 2571 est
831 2515 1165 2582 fabricatus;
1197 2514 1411 2570 illorum
1444 2524 1624 2570 autem
1657 2529 1769 2569 san-

178 2618 371 2663 ctorum
404 2626 517 2665 non
554 2611 657 2676 ita,
707 2607 801 2664 sed
844 2608 980 2663 sicut
1010 2607 1203 2678 aliquis
1227 2620 1515 2678 germanus
1543 2607 1772 2661 amicus.

183 2702 427 2771 l~.'xemplo
458 2702 623 2757 vobis
650 2700 756 2756 hoc
786 2699 1009 2756 reddam
1039 2698 1400 2770 perspicuum.
1429 2698 1580 2754 Sicut
1624 2698 1677 2753 in
1711 2698 1773 2752 iis

180 2792 257 2860 qui
287 2801 409 2847 sunt
438 2793 493 2847 in
541 2792 761 2862 magnis
785 2791 1014 2857 aedibus,
1052 2790 1267 2861 quando
1293 2790 1456 2861 aliqui
1496 2806 1563 2846 ex
1592 2791 1657 2846 iis
1683 2792 1775 2861 qui

184 2896 404 2952 pressum
430 2884 664 2941 familia:
688 2892 813 2939 sunt
840 2884 891 2939 in
924 2898 1115 2954 magna
1140 2883 1562 2951 existimatione,
1593 2884 1775 2939 omnia

183 2976 584 3042 administrant,
613 2985 668 3031 et
692 2974 833 3046 apud
860 2974 1110 3031 dominos
1142 2990 1393 3047 magnam
1418 2974 1619 3031 habent
1640 2974 1774 3031 ﬁdu-

184 3071 327 3133 riam,
355 3071 425 3125 ah
444 3072 590 3142 ipsis
620 3079 843 3126 vocatur
866 3068 1119 3124 dominus
1148 3085 1160 3123 :
1196 3077 1249 3125 et
1278 3069 1477 3125 multos
1505 3068 1777 3124 inveneris

184 3160 254 3214 sic
274 3162 560 3231 appellari.
586 3160 723 3229 Quid
744 3169 926 3216 autem
949 3159 1105 3215 dico?
1126 3160 1264 3215 sicut
1278 3159 1381 3216 dici
1406 3169 1615 3231 poterat
1640 3161 1778 3215 Deus

189 3268 282 3307 non
305 3256 579 3323 gentium,
606 3253 702 3309 sed
744 3253 911 3309 totius
954 3252 1103 3309 orbis
1139 3261 1318 3322 terrae,
1364 3253 1434 3308 ita
1478 3254 1639 3310 etiam
1668 3252 1775 3309 dici

190 3358 380 3413 potem
410 3348 561 3404 Deus
592 3345 886 3402 Abraham.
917 3344 1027 3402 Sed
1058 3346 1281 3402 nescitis
1310 3356 1509 3418 quanta
1551 3348 1623 3402 sit
1662 3346 1779 3403 huic

191 3435 425 3506 dignitas,
452 3439 719 3512 quoniam
751 3452 854 3493 nec
881 3453 999 3493 eam
1049 3438 1408 3508 assequimur.
1452 3437 1604 3495 Sicut
1632 3437 1777 3494 cnim

195 3527 321 3583 Deus
347 3546 488 3586 nunc
519 3530 721 3586 dicitur
748 3528 1004 3585 Dominus
1036 3527 1460 3585 Christianorum
1509 3529 1774 3599 omnium,

194 3632 241 3677 et
263 3632 432 3681 tamen
460 3625 573 3683 hoc
608 3640 801 3680 nomen
832 3635 1069 3681 nostram
1097 3636 1315 3697 superat
1344 3595 1659 3698 dignitatem
1691 3630 1774 3685 :si

196 3724 356 3771 autem
382 3727 615 3774 vocatus
644 3715 805 3773 fuerit
848 3717 1007 3772 unius
1048 3716 1212 3785 Deus,
1244 3718 1421 3787 cogita
1462 3726 1663 3790 quanta
1706 3719 1779 3775 sit

198 3808 518 3877 magnitudo.
566 3808 713 3864 Deus
753 3808 899 3865 orbis
944 3818 1104 3865 terra:
1135 3825 1242 3865 non
1287 3810 1561 3867 erubescit
1599 3812 1783 3869 vocari

200 3899 343 3954 trium
379 3901 562 3968 Deus;
590 3910 646 3957 et
684 3901 877 3957 merito
909 3918 923 3956 :
956 3918 1063 3957 non
1106 3904 1249 3958 enim
1287 3904 1435 3961 orbis
1477 3913 1653 3971 terrae,
1683 3905 1779 3961 sed

203 3990 664 4050 innumerabilium
697 3993 963 4064 ejusmodi
994 3994 1167 4051 instar
1202 4006 1326 4052 sunt
1366 3998 1561 4053 sancti.
1595 3998 1783 4054 Melior

204 4092 267 4135 est
290 4086 425 4140 enim
448 4102 589 4141 unus
618 4084 814 4157 faciens
839 4087 1147 4141 voluntatem
1182 4086 1411 4157 Domini,
1441 4106 1594 4160 quant
1621 4090 1786 4147 decies

204 4173 327 4228 mille
364 4176 531 4247 iniqui
577 4174 769 4246 (Eccli.
804 4175 893 4232 l6.
927 4175 1008 4248 5).
1036 4175 1407 4246 Quodautem
1447 4180 1655 4252 seipsos
1702 4183 1782 4239 sic

206 4277 454 4324 vorarent.
478 4267 722 4339 hospites
750 4276 842 4335 est,
860 4268 1229 4341 perspicuum.
1278 4269 1385 4327 Sed
1435 4282 1575 4340 esto,
1611 4273 1697 4331 isti
1729 4291 1789 4334 se

208 4355 277 4409 sic
299 4359 567 4415 vocabant
591 4359 834 4431 hospites
858 4370 1081 4433 propter
1111 4362 1344 4419 alienam
1388 4374 1628 4439 terram;
1662 4370 1789 4440 quid

211 4462 323 4505 vero
348 4453 542 4520 David,
572 4468 750 4509 annon
779 4462 896 4511 erat
941 4470 1035 4511 rex
1080 4464 1137 4512 et
1166 4456 1477 4529 propheta?
1519 4476 1700 4518 annon
1734 4466 1789 4520 in

212 4555 293 4598 sua
314 4546 548 4619 degebat
566 4547 787 4619 patria?
829 4562 931 4603 cur
967 4563 1097 4619 ergo
1126 4549 1258 4605 dicit
1291 4572 1304 4607 :
1336 4550 1542 4624 Hospes
1566 4562 1612 4610 et
1642 4572 1789 4626 pere-

215 4635 372 4705 grisss
418 4655 515 4711 ego
554 4656 666 4694 sum
698 4636 874 4707 (Ptol.
901 4639 990 4697 58.
1022 4639 1154 4711 l3)?
1176 4641 1455 4710 Quomodo
1492 4660 1553 4703 es
1593 4647 1791 4719 hospes

215 4736 260 4782 et
280 4731 630 4803 peregrinus?
662 4730 809 4787 Sicut
830 4747 1025 4801 omnes,
1052 4731 1249 4803 inquit,
1282 4745 1452 4805 patres
1480 4739 1598 4794 mei.
1625 4738 1791 4796 Vides

216 4823 340 4887 quod
367 4822 448 4878 illi
487 4836 703 4893 quoque
745 4830 902 4878 erant
945 4822 1230 4894 hospites?
1270 4824 1561 4898 Habemus,
1593 4831 1787 4904 inquit,

217 4915 457 4977 patriam,
474 4906 571 4970 Sed
607 4924 710 4972 non
740 4923 862 4965 eam
884 4927 1006 4984 qua:
1027 4928 1154 4970 vere
1181 4923 1266 4969 est
1291 4918 1486 4985 patria.
1510 4919 1792 4990 Quomodo

209 5002 365 5089 autem
394 5012 460 5055 es
485 5008 542 5055 tu
568 4999 807 5074 hospes?
828 5004 1033 5063 Terra.
1063 5008 1207 5082 Ergo
1233 5014 1309 5072 illi
1342 5030 1557 5089 quoque
1584 5030 1742 5078 teme
1768 5040 1783 5080 :

212 5090 259 5135 ut
272 5088 417 5176 enim
450 5089 548 5155 illi,
571 5092 651 5148 sic
676 5092 797 5162 iste,
826 5104 884 5152 et
912 5100 1149 5157 vtclssim
1182 5103 1280 5176 (li).

268 5173 313 5231 5.
354 5176 541 5235 Simus
566 5194 697 5252 ergo
726 5197 826 5240 nos
847 5200 1061 5258 quoque
1089 5173 1521 5267 nunc—hospites,
1546 5214 1614 5257 ne
1642 5216 1775 5259 eru-

391 5267 540 5326 Deus
560 5272 740 5329 vocari
763 5286 948 5334 noster
975 5278 1142 5337 Deus.
1176 5258 1461 5344 Pudor-est
1488 5258 1630 5347 enim
1656 5292 1778 5364 ipsi,

206 5361 400 5457 quando
444 5374 668 5422 vocatur
710 5368 975 5426 malorum
1016 5372 1197 5444 Deus,
1238 5387 1294 5434 et
1339 5361 1775 5457 verecundatur,

205 5452 323 5549 siem
348 5452 713 5549 glorificatur,
767 5460 983 5531 quando
1013 5463 1278 5523 bonorum
1306 5478 1360 5526 et
1388 5473 1681 5544 proborum
1725 5452 1780 5536 et

207 5545 439 5627 virtutem
477 5545 797 5606 colentium.
844 5549 901 5609 Si
943 5555 1087 5610 enim
1121 5572 1220 5614 nos
1247 5574 1565 5623 recusamus
1593 5572 1775 5627 vocari

200 5624 383 5691 domini
408 5642 673 5696 malorum
701 5655 982 5701 servorum
1004 5686 1020 5716 ,
1052 5657 1109 5704 et
1137 5663 1233 5707 eos
1251 5650 1605 5729 dimittimus;
1648 5624 1703 5719 ct

242 5734 305 5794 (α)
330 5734 420 5787 Hic
444 5738 612 5804 incipit
633 5739 833 5791 homilia
854 5742 980 5806 apud
1004 5744 1225 5798 Colbert.

243 5808 310 5872 κί’)
329 5814 433 5868 Huc
453 5819 641 5876 desiuit
664 5824 861 5879 humilia
884 5829 1120 5896 vigesima
1137 5838 1309 5897 quarta
1334 5832 1383 5885 iu
1407 5834 1542 5885 Colb.

1822 374 1976 431 CAP.
2022 372 2116 429 XI.
2161 371 2390 428 HOMIL.
2434 370 2631 429 XXIV.

3363 372 3466 427 I70

1874 486 1993 558 quis
2019 482 2282 541 accedens
2323 479 2561 549 dixerit,
2590 478 2689 536 Hic
2715 476 2799 535 vel
2835 477 2929 534 ille
2966 476 3109 533 mala
3153 476 3283 532 facit
3312 477 3475 532 innu-

1877 577 2180 643 merabilia,
2205 573 2464 647 numquid
2493 582 2579 631 est
2598 585 2789 629 servus
2817 570 2978 626 tuus?
3004 569 3185 625 statim
3217 567 3474 636 dicimus,

1872 670 2257 742 Nequaquam;
2283 668 2543 739 probrum
2573 663 2953 743 propulsantes
2979 679 2993 715 :
3021 670 3107 717 est
3140 660 3289 717 enim
3315 674 3477 717 servo

1872 763 1939 818 ad
1967 761 2247 818 dominum
2270 755 2533 814 habitudo
2554 766 2609 811 et
2636 754 2853 821 relatio,
2880 764 2939 810 et
2965 752 3258 824 ignominia
3290 751 3478 807 abillo

1871 855 1940 909 ad
1969 852 2113 908 hunc
2140 851 2374 916 transit:
2425 849 2595 904 multo
2625 846 2794 918 magis
2835 845 2996 902 Deus.
3046 844 3155 901 Sed
3197 843 3274 900 illi
3319 854 3479 901 erant

1874 947 2011 1003 adeo
2036 943 2281 1018 pnnclari
2306 985 2320 1010 ,
2364 952 2421 999 et
2446 952 2590 998 tanta
2620 941 2766 1013 pleni
2798 939 2991 995 ﬁducia
3020 980 3035 1005 ,
3069 946 3128 993 ut
3158 953 3265 995 non
3296 938 3476 995 solum

1881 1054 1988 1095 non
2016 1037 2362 1095 erubesceret
2388 1035 2456 1091 ub
2492 1031 2598 1089 illis
2635 1032 2815 1089 vocari
2842 1073 2857 1099 ,
2889 1030 2985 1088 sed
3012 1031 3175 1087 etiam
3207 1029 3278 1087 de
3304 1045 3365 1087 se
3389 1030 3478 1087 di-

1868 1142 2050 1197 ceret,
2083 1128 2197 1203 Ego
2222 1146 2336 1185 sum
2366 1128 2501 1182 Deus
2530 1126 2789 1181 Abraham
2810 1167 2824 1192 ,
2858 1123 3000 1179 Deus
3041 1122 3229 1192 Isaac,
3258 1133 3308 1179 et
3336 1122 3476 1180 Deus

1871 1223 2035 1280 Iacob
2063 1220 2264 1295 (Exod.
2289 1222 2343 1277 5.
2374 1218 2452 1289 6).
2478 1219 2660 1275 Simus
2690 1232 2821 1289 ergo
2847 1230 2948 1271 nos
2970 1229 3186 1287 quoque
3208 1257 3223 1283 ,
3252 1230 3287 1271 ο
3325 1215 3466 1271 dile-

1870 1321 1941 1375 cti
1966 1362 1981 1386 ,
2014 1319 2258 1389 hospites
2282 1358 2298 1384 ,
2331 1330 2400 1372 ne
2447 1314 2614 1371 Deum
2646 1312 2813 1368 nostri
2853 1310 3088 1381 pudeat,
3124 1326 3192 1365 ne
3236 1308 3471 1381 pudeat.

1873 1413 2112 1482 inquam,
2144 1420 2199 1465 et
2230 1422 2329 1463 nos
2360 1405 2535 1462 tradat
2561 1405 2844 1476 gehennae.
2886 1402 3047 1459 Tales
3080 1411 3235 1457 erant
3273 1401 3348 1456 illi
3374 1403 3469 1473 qui

1869 1502 2153 1568 dicebant,
2178 1497 2416 1565 Domine,
2448 1512 2615 1551 nonne
2632 1498 2685 1550 in
2706 1494 2909 1549 nomine
2933 1504 3017 1547 tuo
3036 1493 3473 1563 prophetavimus,

1870 1604 1918 1648 et
1943 1594 1996 1647 in
2015 1592 2217 1647 nomine
2236 1600 2322 1645 tuo
2352 1588 2542 1644 multas
2563 1589 2769 1642 uirtutes
2789 1587 3000 1658 fecimus
3021 1584 3238 1655 (Matth.
3265 1586 3318 1639 7.
3341 1584 3474 1655 22)?

1876 1687 1982 1741 Sed
2015 1684 2136 1741 vide
2160 1683 2286 1755 qttid
2322 1682 2431 1738 illis
2456 1680 2599 1737 dicat
2620 1678 2873 1737 Christus
2905 1695 2920 1737 ;
2958 1676 3143 1732 Nescio
3170 1694 3257 1731 eos
3283 1692 3301 1732 :
3328 1675 3474 1747 quod

1868 1776 2087 1847 quidem
2132 1773 2361 1831 fecerint
2401 1772 2666 1830 malorum
2696 1783 2978 1827 servorum
3020 1767 3221 1824 domini
3262 1768 3331 1823 ad
3377 1782 3475 1823 eos

1868 1869 2298 1936 accurrentium,
2329 1866 2585 1938 probrum
2615 1862 2857 1920 volentes
2893 1862 3243 1934 propulsare.
3280 1860 3472 1916 Nescio

1870 1980 1957 2019 eos
1972 2005 1987 2032 ,
2016 1964 2206 2035 inquit.
2228 1959 2510 2031 Quomodo
2530 1973 2662 2031 ergo
2683 1958 2841 2031 punis
2861 1972 2997 2029 quos
3022 1958 3234 2012 nescis?
3255 1955 3471 2024 Nescio,

1878 2058 2037 2113 uliter
2060 2055 2171 2113 dixi
2198 2074 2211 2111 :
2244 2055 2345 2112 hoc
2370 2062 2479 2121 est,
2504 2067 2602 2109 vos
2628 2067 2767 2124 nego
2791 2061 2846 2108 et
2874 2066 3088 2107 recuso.
3114 2050 3222 2107 Sed
3244 2051 3388 2107 absit
3412 2059 3472 2105 ut

1874 2164 1975 2205 nos
1998 2148 2280 2205 audiamus
2317 2147 2470 2202 hanc
2496 2159 2684 2201 vocem
2713 2144 2999 2201 exitiosam
3019 2152 3076 2199 et
3106 2141 3467 2215 tremendam.

1868 2242 2003 2300 Nam
2030 2243 2109 2308 si,
2151 2241 2242 2312 qui
2268 2238 2543 2296 dazmoues
2583 2237 2869 2309 ejiciebant
2909 2249 2962 2293 et
3006 2236 3312 2308 prephetias
3340 2250 3471 2307 pro-

1873 2331 2135 2399 terebant,
2169 2330 2420 2403 abnegati
2462 2339 2626 2396 sunt,
2654 2329 2907 2399 quoniam
2941 2328 3103 2383 vitam
3145 2342 3251 2382 non
3303 2328 3472 2385 habe-

1877 2436 2005 2488 bant
2035 2431 2219 2487 verbis
2270 2428 2684 2486 convenientem
2712 2468 2726 2492 ,
2759 2435 2961 2497 quanto
3007 2427 3177 2497 magis
3231 2424 3373 2480 nos?
3407 2425 3472 2481 Et

1876 2521 2171 2594 quomodo,
2206 2520 2403 2591 inquit,
2437 2519 2551 2575 lieri
2581 2526 2756 2589 potest
2788 2527 2845 2573 ut
2875 2515 2965 2587 qni
2991 2515 3302 2587 prophetias
3328 2514 3483 2571 exhi-

1876 2612 2109 2670 buerunt
2135 2655 2150 2679 ,
2180 2621 2235 2667 et
2263 2611 2415 2683 signa
2452 2609 2698 2667 iecerunt
2717 2649 2732 2677 ,
2777 2618 2834 2665 et
2865 2608 3135 2665 dzemouia
3160 2610 3441 2678 ejecerunt
3464 2650 3479 2672 .

1875 2705 1984 2761 sint
2013 2704 2235 2775 negati?
2266 2704 2363 2759 Est
2391 2700 2686 2760 verisimile
2710 2716 2805 2757 eos
2828 2710 3013 2772 postea
3047 2699 3211 2755 fuisse
3238 2707 3477 2754 mutatus

1874 2806 1931 2853 et
1959 2797 2200 2853 evasisse
2229 2795 2442 2851 malos:
2474 2793 2617 2849 unde
2647 2808 2748 2850 nec
2797 2793 2945 2863 prior
2976 2792 3145 2847 virtus
3172 2792 3281 2847 illis
3320 2789 3480 2862 quid-

1875 2904 2035 2959 quam
2077 2888 2296 2959 proruit.
2338 2887 2452 2943 Non
2481 2886 2655 2943 solum
2707 2886 2852 2942 enim
2878 2885 3347 2955 exordia-oportet
3389 2884 3485 2939 ha.

1876 2980 2007 3036 bere
2036 2980 2294 3051 prmclara
2320 3022 2335 3048 ,
2372 2979 2471 3037 sed
2501 2978 2662 3036 linem
2704 2979 2866 3035 etiam
2897 2978 3317 3050 prmclariorem.
3350 2978 3484 3036 Nam

1875 3071 1963 3128 dic
1990 3073 2144 3139 mihi,
2167 3088 2348 3129 annon
2377 3084 2562 3130 orator
2585 3081 2766 3144 stupet
2785 3087 2847 3129 ea
2878 3072 3056 3129 facere
3079 3073 3338 3144 praeclara
3362 3088 3486 3146 qua:

1878 3174 2003 3218 sunt
2030 3163 2084 3219 in
2114 3164 2221 3221 line
2245 3165 2526 3229 orationis,
2562 3174 2619 3219 ut
2646 3179 2768 3218 cum
2806 3164 2992 3234 plausu
3017 3163 3275 3219 recedat?
3303 3180 3487 3223 nonne

1877 3255 1971 3327 qui
1998 3257 2185 3313 urbem
2213 3254 2559 3313 administrat
2587 3297 2602 3325 ,
2632 3255 2700 3312 de
2731 3256 3020 3327 splendido
3048 3256 3485 3313 administratio-

1874 3347 1961 3404 nis
1989 3349 2135 3404 exitu
2164 3364 2348 3405 curam
2376 3348 2559 3421 gerit?
2590 3348 2806 3405 Athleta
2847 3350 2893 3403 si
2922 3364 3031 3404 non
3061 3349 3359 3406 certamina
3391 3363 3485 3406 os-

1876 3438 2063 3496 tendat
2104 3439 2451 3511 prmelariora
2476 3482 2492 3507 ,
2538 3450 2592 3496 et
2620 3439 2687 3495 ad
2720 3440 2882 3497 tinem
2930 3455 3104 3513 usque
3134 3442 3353 3510 vincat,
3389 3442 3435 3499 si
3464 3485 3480 3509 ,
3517 3512 3521 3521 ν

1874 3532 2127 3588 omnibus
2148 3532 2305 3588 victis
2327 3574 2343 3598 ,
2376 3531 2537 3587 fuerit
2563 3533 2733 3587 victus
2762 3534 2831 3587 ab
2856 3533 3066 3599 ultimo,
3088 3548 3269 3590 annon
3297 3535 3482 3591 omnia

1874 3634 2001 3680 sunt
2021 3624 2072 3681 ei
2097 3625 2300 3680 inutilia
2325 3625 2349 3679 ?
2371 3623 2701 3696 gubernator
2719 3625 2764 3679 si
2792 3632 2963 3680 totum
2994 3641 3145 3682 mare
3171 3626 3488 3684 transmise-

1877 3716 1967 3781 rit,
2001 3730 2141 3772 nave
2169 3716 2222 3770 in
2258 3726 2413 3786 portu
2443 3715 2634 3784 fracta,
2659 3731 2837 3772 nonne
2868 3725 3035 3773 totum
3067 3718 3304 3788 priorem
3336 3718 3488 3776 labo-
3525 3743 3531 3762 ι

1882 3826 1996 3867 rem
2026 3808 2245 3866 amisit?
2288 3809 2423 3879 Quid
2453 3824 2583 3865 vero
2614 3809 2895 3866 medicus?
2921 3811 2966 3866 si
2996 3820 3199 3883 aegroto
3224 3826 3255 3867 a
3284 3812 3478 3870 morbo

1875 3902 2138 3972 liberato,
2169 3918 2292 3959 cum
2320 3919 2443 3960 eum
2497 3904 2728 3975 perfecte
2752 3903 2821 3959 sit
2852 3904 3175 3960 liberaturus
3202 3946 3217 3972 ,
3251 3914 3380 3963 tunc
3401 3907 3485 3963 in-

1878 3996 2091 4052 teritum
2126 3996 2329 4077 'aﬂ'erat
2348 4039 2363 4065 ,
2394 4011 2570 4052 annon
2621 4006 2789 4053 totum
2819 3997 3090 4068 perdidit?
3131 3999 3207 4055 Ita
3236 3999 3400 4056 etiam
3430 4001 3484 4057 in

1875 4088 2076 4144 virtute
2099 4131 2114 4157 ,
2159 4088 2483 4160 quicumque
2512 4106 2618 4144 non
2651 4089 2804 4146 initio
2846 4100 3264 4161 consequentem
3314 4091 3478 4149 linem

1876 4180 2248 4251 imposuerunt
2294 4194 2795 4254 consonantemque
2821 4193 2877 4239 et
2897 4192 3307 4255 congruentem,
3327 4185 3490 4256 plane

1877 4274 2167 4345 perierunt.
2218 4274 2377 4331 Tales
2402 4285 2527 4330 sunt
2555 4275 2646 4347 qui
2675 4276 2743 4332 ab
2765 4276 2892 4346 ipsis
2918 4275 3133 4346 quidem
3178 4278 3489 4335 carceribus

1879 4366 2125 4438 prteclari
2149 4367 2473 4440 superbiqne
2493 4379 2547 4425 et
2566 4368 2689 4425 elati
2711 4366 3071 4438 prosilierunt,
3100 4378 3285 4439 postea
3302 4380 3487 4426 autem

1876 4458 2123 4515 dissoluti
2149 4458 2430 4531 ignavique
2457 4468 2511 4515 et
2539 4459 2746 4515 remissi
2776 4461 3023 4515 ruerunt:
3057 4460 3408 4532 quamobrem
3434 4471 3491 4520 et

1879 4551 2104 4623 praemio
2128 4561 2253 4607 sunt
2277 4551 2491 4623 privati,
2519 4562 2571 4607 et
2597 4566 2627 4606 a
2658 4550 2883 4607 Domino
2914 4567 3019 4606 non
3073 4562 3198 4608 sunt
3225 4552 3411 4623 agniti.

1955 4642 2144 4699 Contra
2166 4660 2347 4699 avaros
2375 4655 2421 4698 et
2441 4645 2669 4716 pecuniis
2693 4643 2928 4715 cupidos.
2953 4672 3025 4685 —
3055 4643 3181 4700 llmc
3208 4644 3491 4704 audiamus

1890 4737 1979 4807 qui
2007 4751 2190 4792 amore
2209 4735 2347 4806 capti
2377 4750 2563 4791 sumus
2593 4735 2865 4805 pecunim;
2894 4750 2958 4790 ea
2988 4746 3071 4791 est
3090 4736 3232 4793 enim
3254 4738 3489 4794 maxima

1885 4827 2141 4899 injustitia
2166 4845 2179 4881 :
2202 4825 2342 4882 Nam
2370 4828 2521 4883 mdia:
2542 4828 2767 4883 omnium
2790 4828 3040 4883 malorum
3064 4838 3136 4884 est
3165 4844 3311 4884 amor
3336 4844 3492 4899 pecu.

1887 4920 1988 4975 uia:
2017 4918 2094 4992 (l.
2114 4918 2245 4974 Tim.
2270 4920 2325 4976 6.
2352 4919 2464 4992 10).
2494 4920 2791 4977 Audiamus
2806 4921 2899 4992 qui
2920 4935 3053 4992 quas
3079 4920 3377 4979 habeamus
3407 4920 3491 4978 fa-

1882 5015 2110 5072 cultates
2134 5058 2148 5085 ,
2195 5015 2487 5088 ampliores
2523 5015 2768 5072 volumus
2793 5015 3051 5083 el‘llcere;
3084 5016 3388 5085 audiamus,
3436 5027 3493 5075 et

1884 5108 2099 5165 tandem
2136 5123 2416 5167 cessemus
2443 5125 2473 5165 a
2513 5108 2666 5181 plura
2709 5109 2945 5167 habendi
2970 5109 3297 5182 cupiditate,
3329 5127 3401 5169 ne
3427 5127 3492 5170 ea

1896 5216 2017 5272 quae
2041 5200 2116 5257 illi
2142 5201 2441 5259 audiamus.
2470 5201 2623 5259 Nunc
2648 5202 2765 5259 haec
2792 5201 3075 5260 audiamus
3100 5212 3156 5260 et
3178 5218 3491 5270 caveamus.

1896 5322 1965 5361 ne
1994 5316 2121 5362 tunc
2160 5304 2444 5362 audiamus
2470 5323 2484 5360 :
2512 5318 2658 5361 nunc
2698 5319 2822 5361 cum
2853 5304 3047 5361 timore
3074 5303 3359 5363 audiamus
3384 5346 3403 5376 ,
3431 5320 3504 5363 ne

1898 5411 2025 5454 tunc
2056 5412 2121 5453 ea
2167 5396 2449 5453 audiamus
2494 5410 2617 5452 cum
2658 5396 2962 5469 supplicio:
2998 5395 3256 5453 Discedite
3297 5415 3332 5453 α
3378 5412 3501 5467 me,

1895 5505 2170 5561 numquam
2224 5490 2343 5545 novi
2385 5506 2474 5545 vos
2513 5490 2731 5560 (Matth.
2759 5490 2811 5545 7.
2841 5489 2935 5561 23)
2959 5531 2976 5556 ,
3018 5504 3088 5544 ne
3118 5498 3250 5546 tunc
3280 5490 3503 5562 quidem

1898 5581 2107 5651 quando
2134 5580 2445 5653 prophetias
2466 5581 2804 5638 exhibehatis
2826 5625 2840 5649 ,
2865 5591 2921 5639 et
2948 5580 3228 5639 daemones
3257 5586 3499 5655 expelle-

1896 5674 2054 5729 hatis.
2105 5674 2415 5732 Verisimile
2458 5685 2543 5731 est
2570 5692 2691 5732 eunt
2743 5676 2833 5732 hic
2858 5675 3063 5747 aliquid
3094 5692 3309 5749 quoque
3352 5679 3502 5735 aliud

1893 5767 2273 5836 subindicare,
2307 5784 2503 5839 nempe
2534 5768 2678 5841 quod
2714 5780 2839 5827 tunc
2866 5769 3029 5825 ctiam
3058 5770 3304 5841 improbe
3331 5773 3498 5829 vitam

1894 5862 2187 5919 ducebant:
2210 5862 2362 5922 initio
2385 5872 2565 5922 autem
2589 5866 2749 5922 etiam
2781 5880 2875 5934 per
2900 5862 3149 5936 indignos
3177 5865 3501 5936 operabatur
