  <div class='ocr_page' id='page_1' title='image "/cluster/home/n/w/nwhite01/storage/ocr_20150623/63/uva.x030486929/179.png"; bbox 0 0 4068 6406; ppageno 0'>
   <div class='ocr_carea' id='block_1_1' title="bbox 579 452 2149 525">
    <p class='ocr_par' dir='ltr' id='par_1_1' title="bbox 579 452 2149 525">
     <span class='ocr_line' id='line_1_1' title="bbox 579 452 2149 525; baseline -0.001 -16"><span class='ocrx_word' id='word_1_1' title='bbox 579 456 768 525; x_wconf 85' lang='lat' dir='ltr'><strong>gratia.</strong></span> <span class='ocrx_word' id='word_1_2' title='bbox 796 453 925 510; x_wconf 78' lang='lat' dir='ltr'><strong>Nam</strong></span> <span class='ocrx_word' id='word_1_3' title='bbox 950 453 996 509; x_wconf 89' lang='lat' dir='ltr'><strong>si</strong></span> <span class='ocrx_word' id='word_1_4' title='bbox 1025 462 1243 524; x_wconf 80' lang='lat' dir='ltr'><strong>operata</strong></span> <span class='ocrx_word' id='word_1_5' title='bbox 1269 464 1351 508; x_wconf 85' lang='lat' dir='ltr'><strong>est</strong></span> <span class='ocrx_word' id='word_1_6' title='bbox 1372 470 1466 523; x_wconf 87' lang='lat' dir='ltr'><strong>per</strong></span> <span class='ocrx_word' id='word_1_7' title='bbox 1492 454 1708 507; x_wconf 76' lang='lat' dir='ltr'><strong>Balaam</strong></span> <span class='ocrx_word' id='word_1_8' title='bbox 1736 493 1751 517; x_wconf 91' lang='lat'><strong>,</strong></span> <span class='ocrx_word' id='word_1_9' title='bbox 1782 455 1950 509; x_wconf 90' lang='lat' dir='ltr'><strong>tnttlto</strong></span> <span class='ocrx_word' id='word_1_10' title='bbox 1981 452 2149 524; x_wconf 85' lang='lat' dir='ltr'><strong>magis</strong></span> 
     </span>
    </p>
   </div>
   <div class='ocr_carea' id='block_1_2' title="bbox 579 543 2144 620">
    <p class='ocr_par' dir='ltr' id='par_1_2' title="bbox 579 543 2144 620">
     <span class='ocr_line' id='line_1_2' title="bbox 579 543 2144 620; baseline -0.001 -17"><span class='ocrx_word' id='word_1_11' title='bbox 579 564 675 619; x_wconf 89' lang='lat' dir='ltr'><strong>per</strong></span> <span class='ocrx_word' id='word_1_12' title='bbox 711 548 953 620; x_wconf 89' lang='lat' dir='ltr'><strong>indignos</strong></span> <span class='ocrx_word' id='word_1_13' title='bbox 980 589 995 616; x_wconf 87' lang='lat'><strong>,</strong></span> <span class='ocrx_word' id='word_1_14' title='bbox 1028 557 1245 619; x_wconf 96' lang='lat' dir='ltr'><strong>propter</strong></span> <span class='ocrx_word' id='word_1_15' title='bbox 1272 560 1368 602; x_wconf 87' lang='lat' dir='ltr'><strong>eos</strong></span> <span class='ocrx_word' id='word_1_16' title='bbox 1405 547 1494 617; x_wconf 91' lang='lat' dir='ltr'><strong>qui</strong></span> <span class='ocrx_word' id='word_1_17' title='bbox 1525 554 1681 601; x_wconf 88' lang='lat' dir='ltr'><strong>crant</strong></span> <span class='ocrx_word' id='word_1_18' title='bbox 1709 543 2052 601; x_wconf 79' lang='lat' dir='ltr'><strong>lucrifacturi.</strong></span> <span class='ocrx_word' id='word_1_19' title='bbox 2085 544 2144 601; x_wconf 98' lang='lat' dir='ltr'><strong>Si</strong></span> 
     </span>
    </p>
   </div>
   <div class='ocr_carea' id='block_1_3' title="bbox 576 636 2144 710">
    <p class='ocr_par' dir='ltr' id='par_1_3' title="bbox 576 636 2144 710">
     <span class='ocr_line' id='line_1_3' title="bbox 576 636 2144 710; baseline 0.001 -20"><span class='ocrx_word' id='word_1_20' title='bbox 576 650 755 694; x_wconf 85' lang='lat' dir='ltr'><strong>antem</strong></span> <span class='ocrx_word' id='word_1_21' title='bbox 781 649 835 695; x_wconf 90' lang='lat' dir='ltr'><strong>et</strong></span> <span class='ocrx_word' id='word_1_22' title='bbox 866 639 1013 710; x_wconf 86' lang='lat' dir='ltr'><strong>signa</strong></span> <span class='ocrx_word' id='word_1_23' title='bbox 1041 647 1094 693; x_wconf 92' lang='lat' dir='ltr'><strong>et</strong></span> <span class='ocrx_word' id='word_1_24' title='bbox 1119 638 1355 709; x_wconf 85' lang='lat' dir='ltr'><strong>prodigia</strong></span> <span class='ocrx_word' id='word_1_25' title='bbox 1396 651 1500 692; x_wconf 92' lang='lat' dir='ltr'><strong>non</strong></span> <span class='ocrx_word' id='word_1_26' title='bbox 1534 646 1818 707; x_wconf 80' lang='lat' dir='ltr'><strong>patuerunt</strong></span> <span class='ocrx_word' id='word_1_27' title='bbox 1846 636 2075 692; x_wconf 88' lang='lat' dir='ltr'><strong>liberare</strong></span> <span class='ocrx_word' id='word_1_28' title='bbox 2114 653 2144 691; x_wconf 91' lang='lat' dir='ltr'><strong>a</strong></span> 
     </span>
    </p>
   </div>
   <div class='ocr_carea' id='block_1_4' title="bbox 575 725 2147 800">
    <p class='ocr_par' dir='ltr' id='par_1_4' title="bbox 575 725 2147 800">
     <span class='ocr_line' id='line_1_4' title="bbox 575 725 2147 800; baseline -0.001 -15"><span class='ocrx_word' id='word_1_29' title='bbox 575 730 872 800; x_wconf 86' lang='lat' dir='ltr'><strong>supplicio:</strong></span> <span class='ocrx_word' id='word_1_30' title='bbox 901 728 1069 784; x_wconf 90' lang='lat' dir='ltr'><strong>multo</strong></span> <span class='ocrx_word' id='word_1_31' title='bbox 1095 728 1282 797; x_wconf 90' lang='lat' dir='ltr'><strong>magis,</strong></span> <span class='ocrx_word' id='word_1_32' title='bbox 1312 728 1521 783; x_wconf 87' lang='lat' dir='ltr'><strong>etiamsi</strong></span> <span class='ocrx_word' id='word_1_33' title='bbox 1546 730 1669 797; x_wconf 84' lang='lat' dir='ltr'><strong>quis</strong></span> <span class='ocrx_word' id='word_1_34' title='bbox 1696 727 1768 782; x_wconf 88' lang='lat' dir='ltr'><strong>sit</strong></span> <span class='ocrx_word' id='word_1_35' title='bbox 1808 727 1860 781; x_wconf 93' lang='lat' dir='ltr'><strong>in</strong></span> <span class='ocrx_word' id='word_1_36' title='bbox 1890 725 2147 798; x_wconf 86' lang='lat' dir='ltr'><strong>dignitate</strong></span> 
     </span>
    </p>
   </div>
   <div class='ocr_carea' id='block_1_5' title="bbox 576 819 2143 889">
    <p class='ocr_par' dir='ltr' id='par_1_5' title="bbox 576 819 2143 889">
     <span class='ocr_line' id='line_1_5' title="bbox 576 819 2143 889; baseline 0 -13"><span class='ocrx_word' id='word_1_37' title='bbox 576 820 927 887; x_wconf 85' lang='lat' dir='ltr'><strong>sacerdotali,</strong></span> <span class='ocrx_word' id='word_1_38' title='bbox 957 821 1165 875; x_wconf 88' lang='lat' dir='ltr'><strong>etiamsi</strong></span> <span class='ocrx_word' id='word_1_39' title='bbox 1192 819 1257 874; x_wconf 92' lang='lat' dir='ltr'><strong>ad</strong></span> <span class='ocrx_word' id='word_1_40' title='bbox 1288 835 1553 874; x_wconf 92' lang='lat' dir='ltr'><strong>summum</strong></span> <span class='ocrx_word' id='word_1_41' title='bbox 1582 819 1841 874; x_wconf 84' lang='lat' dir='ltr'><strong>honorem</strong></span> <span class='ocrx_word' id='word_1_42' title='bbox 1883 835 2143 889; x_wconf 85' lang='lat' dir='ltr'><strong>pervene-</strong></span> 
     </span>
    </p>
   </div>
   <div class='ocr_carea' id='block_1_6' title="bbox 576 913 2147 983">
    <p class='ocr_par' dir='ltr' id='par_1_6' title="bbox 576 913 2147 983">
     <span class='ocr_line' id='line_1_6' title="bbox 576 913 2147 983; baseline 0.001 -18"><span class='ocrx_word' id='word_1_43' title='bbox 576 914 681 977; x_wconf 87' lang='lat' dir='ltr'><strong>rit,</strong></span> <span class='ocrx_word' id='word_1_44' title='bbox 712 914 919 968; x_wconf 89' lang='lat' dir='ltr'><strong>etiamsi</strong></span> <span class='ocrx_word' id='word_1_45' title='bbox 951 913 1015 967; x_wconf 91' lang='lat' dir='ltr'><strong>ad</strong></span> <span class='ocrx_word' id='word_1_46' title='bbox 1062 929 1314 968; x_wconf 90' lang='lat' dir='ltr'><strong>manuum</strong></span> <span class='ocrx_word' id='word_1_47' title='bbox 1369 913 1763 982; x_wconf 87' lang='lat' dir='ltr'><strong>impositionem</strong></span> <span class='ocrx_word' id='word_1_48' title='bbox 1811 924 2027 983; x_wconf 79' lang='lat' dir='ltr'><strong>operata</strong></span> <span class='ocrx_word' id='word_1_49' title='bbox 2075 914 2147 968; x_wconf 89' lang='lat' dir='ltr'><strong>sit</strong></span> 
     </span>
    </p>
   </div>
   <div class='ocr_carea' id='block_1_7' title="bbox 571 1004 2123 1084">
    <p class='ocr_par' dir='ltr' id='par_1_7' title="bbox 571 1004 2123 1084">
     <span class='ocr_line' id='line_1_7' title="bbox 571 1004 2123 1084; baseline 0.002 -27"><span class='ocrx_word' id='word_1_50' title='bbox 571 1005 734 1070; x_wconf 80' lang='lat' dir='ltr'><strong>gratia</strong></span> <span class='ocrx_word' id='word_1_51' title='bbox 759 1045 773 1069; x_wconf 88' lang='lat'><strong>,</strong></span> <span class='ocrx_word' id='word_1_52' title='bbox 811 1014 867 1060; x_wconf 91' lang='lat' dir='ltr'><strong>et</strong></span> <span class='ocrx_word' id='word_1_53' title='bbox 891 1004 956 1059; x_wconf 90' lang='lat' dir='ltr'><strong>ad</strong></span> <span class='ocrx_word' id='word_1_54' title='bbox 987 1005 1088 1059; x_wconf 88' lang='lat' dir='ltr'><strong>alia</strong></span> <span class='ocrx_word' id='word_1_55' title='bbox 1125 1005 1299 1059; x_wconf 85' lang='lat' dir='ltr'><strong>omnia</strong></span> <span class='ocrx_word' id='word_1_56' title='bbox 1340 1012 1555 1074; x_wconf 85' lang='lat' dir='ltr'><strong>propter</strong></span> <span class='ocrx_word' id='word_1_57' title='bbox 1581 1018 1678 1059; x_wconf 90' lang='lat' dir='ltr'><strong>eos</strong></span> <span class='ocrx_word' id='word_1_58' title='bbox 1712 1004 1800 1084; x_wconf 89' lang='lat' dir='ltr'><strong>qui</strong></span> <span class='ocrx_word' id='word_1_59' title='bbox 1826 1013 1984 1075; x_wconf 90' lang='lat' dir='ltr'><strong>egent</strong></span> <span class='ocrx_word' id='word_1_60' title='bbox 2023 1004 2123 1060; x_wconf 82' lang='lat' dir='ltr'><strong>de-</strong></span> 
     </span>
    </p>
   </div>
   <div class='ocr_carea' id='block_1_8' title="bbox 571 1096 2141 1169">
    <p class='ocr_par' dir='ltr' id='par_1_8' title="bbox 571 1096 2141 1169">
     <span class='ocr_line' id='line_1_8' title="bbox 571 1096 2141 1169; baseline 0.001 -19"><span class='ocrx_word' id='word_1_61' title='bbox 571 1098 810 1153; x_wconf 73' lang='lat' dir='ltr'><strong>fensione</strong></span> <span class='ocrx_word' id='word_1_62' title='bbox 852 1106 907 1153; x_wconf 89' lang='lat' dir='ltr'><strong>et</strong></span> <span class='ocrx_word' id='word_1_63' title='bbox 956 1098 1252 1169; x_wconf 90' lang='lat' dir='ltr'><strong>patrocinio</strong></span> <span class='ocrx_word' id='word_1_64' title='bbox 1276 1138 1291 1162; x_wconf 90' lang='lat'><strong>,</strong></span> <span class='ocrx_word' id='word_1_65' title='bbox 1336 1098 1449 1167; x_wconf 90' lang='lat' dir='ltr'><strong>ipse</strong></span> <span class='ocrx_word' id='word_1_66' title='bbox 1478 1112 1688 1169; x_wconf 91' lang='lat' dir='ltr'><strong>quoque</strong></span> <span class='ocrx_word' id='word_1_67' title='bbox 1713 1096 1890 1152; x_wconf 81' lang='lat' dir='ltr'><strong>audiet</strong></span> <span class='ocrx_word' id='word_1_68' title='bbox 1926 1116 1939 1151; x_wconf 90' lang='lat'>:</span> <span class='ocrx_word' id='word_1_69' title='bbox 1972 1096 2141 1152; x_wconf 82' lang='lat' dir='ltr'><strong>Num-</strong></span> 
     </span>
    </p>
   </div>
   <div class='ocr_carea' id='block_1_9' title="bbox 568 1187 2137 1259">
    <p class='ocr_par' dir='ltr' id='par_1_9' title="bbox 568 1187 2137 1259">
     <span class='ocr_line' id='line_1_9' title="bbox 568 1187 2137 1259; baseline 0.001 -17"><span class='ocrx_word' id='word_1_70' title='bbox 568 1204 725 1257; x_wconf 93' lang='lat' dir='ltr'><strong>quam</strong></span> <span class='ocrx_word' id='word_1_71' title='bbox 755 1198 807 1244; x_wconf 94' lang='lat' dir='ltr'><strong>te</strong></span> <span class='ocrx_word' id='word_1_72' title='bbox 836 1190 978 1255; x_wconf 83' lang='lat' dir='ltr'><strong>novi,</strong></span> <span class='ocrx_word' id='word_1_73' title='bbox 1005 1204 1075 1244; x_wconf 90' lang='lat' dir='ltr'><strong>ne</strong></span> <span class='ocrx_word' id='word_1_74' title='bbox 1102 1197 1225 1243; x_wconf 90' lang='lat' dir='ltr'><strong>tunc</strong></span> <span class='ocrx_word' id='word_1_75' title='bbox 1253 1189 1492 1259; x_wconf 83' lang='lat' dir='ltr'><strong>quidem,</strong></span> <span class='ocrx_word' id='word_1_76' title='bbox 1518 1187 1732 1258; x_wconf 91' lang='lat' dir='ltr'><strong>quando</strong></span> <span class='ocrx_word' id='word_1_77' title='bbox 1755 1187 1806 1242; x_wconf 91' lang='lat' dir='ltr'><strong>in</strong></span> <span class='ocrx_word' id='word_1_78' title='bbox 1835 1198 1887 1244; x_wconf 88' lang='lat' dir='ltr'><strong>te</strong></span> <span class='ocrx_word' id='word_1_79' title='bbox 1918 1198 2137 1258; x_wconf 79' lang='lat' dir='ltr'><strong>operata</strong></span> 
     </span>
    </p>
   </div>
   <div class='ocr_carea' id='block_1_10' title="bbox 568 1268 2140 1349">
    <p class='ocr_par' dir='ltr' id='par_1_10' title="bbox 568 1268 2140 1349">
     <span class='ocr_line' id='line_1_10' title="bbox 568 1268 2140 1349; baseline 0 -16"><span class='ocrx_word' id='word_1_80' title='bbox 568 1288 651 1333; x_wconf 88' lang='lat' dir='ltr'><strong>est</strong></span> <span class='ocrx_word' id='word_1_81' title='bbox 677 1279 867 1348; x_wconf 80' lang='lat' dir='ltr'><strong>gratia.</strong></span> <span class='ocrx_word' id='word_1_82' title='bbox 900 1278 1077 1349; x_wconf 57' lang='lat' dir='ltr'><strong>Papa,</strong></span> <span class='ocrx_word' id='word_1_83' title='bbox 1103 1288 1296 1349; x_wconf 83' lang='lat' dir='ltr'><strong>quanta</strong></span> <span class='ocrx_word' id='word_1_84' title='bbox 1329 1287 1411 1333; x_wconf 90' lang='lat' dir='ltr'><strong>est</strong></span> <span class='ocrx_word' id='word_1_85' title='bbox 1438 1277 1546 1333; x_wconf 85' lang='lat' dir='ltr'><strong>illic</strong></span> <span class='ocrx_word' id='word_1_86' title='bbox 1572 1278 1694 1332; x_wconf 74' lang='lat' dir='ltr'><strong>vita:</strong></span> <span class='ocrx_word' id='word_1_87' title='bbox 1721 1268 1933 1333; x_wconf 76' lang='lat' dir='ltr'><strong>munda:</strong></span> <span class='ocrx_word' id='word_1_88' title='bbox 1960 1280 2140 1349; x_wconf 83' lang='lat' dir='ltr'><strong>inqui-</strong></span> 
     </span>
    </p>
   </div>
   <div class='ocr_carea' id='block_1_11' title="bbox 568 1366 2137 1442">
    <p class='ocr_par' dir='ltr' id='par_1_11' title="bbox 568 1366 2137 1442">
     <span class='ocr_line' id='line_1_11' title="bbox 568 1366 2137 1442; baseline 0.001 -18"><span class='ocrx_word' id='word_1_89' title='bbox 568 1371 728 1424; x_wconf 84' lang='lat' dir='ltr'><strong>sitio!</strong></span> <span class='ocrx_word' id='word_1_90' title='bbox 759 1369 1029 1441; x_wconf 89' lang='lat' dir='ltr'><strong>quomodo</strong></span> <span class='ocrx_word' id='word_1_91' title='bbox 1059 1370 1169 1439; x_wconf 90' lang='lat' dir='ltr'><strong>ipsa</strong></span> <span class='ocrx_word' id='word_1_92' title='bbox 1194 1384 1289 1439; x_wconf 91' lang='lat' dir='ltr'><strong>per</strong></span> <span class='ocrx_word' id='word_1_93' title='bbox 1316 1383 1374 1423; x_wconf 89' lang='lat' dir='ltr'><strong>se</strong></span> <span class='ocrx_word' id='word_1_94' title='bbox 1404 1366 1599 1424; x_wconf 76' lang='lat' dir='ltr'><strong>sufﬁcit</strong></span> <span class='ocrx_word' id='word_1_95' title='bbox 1626 1368 1692 1423; x_wconf 91' lang='lat' dir='ltr'><strong>ad</strong></span> <span class='ocrx_word' id='word_1_96' title='bbox 1718 1384 1814 1424; x_wconf 90' lang='lat' dir='ltr'><strong>nos</strong></span> <span class='ocrx_word' id='word_1_97' title='bbox 1841 1370 1893 1424; x_wconf 93' lang='lat' dir='ltr'><strong>in</strong></span> <span class='ocrx_word' id='word_1_98' title='bbox 1918 1385 2137 1442; x_wconf 89' lang='lat' dir='ltr'><strong>regnum</strong></span> 
     </span>
    </p>
   </div>
   <div class='ocr_carea' id='block_1_12' title="bbox 567 1461 2137 1539">
    <p class='ocr_par' dir='ltr' id='par_1_12' title="bbox 567 1461 2137 1539">
     <span class='ocr_line' id='line_1_12' title="bbox 567 1461 2137 1539; baseline 0.001 -24"><span class='ocrx_word' id='word_1_99' title='bbox 567 1462 947 1517; x_wconf 77' lang='lat' dir='ltr'><strong>adducendas?</strong></span> <span class='ocrx_word' id='word_1_100' title='bbox 992 1462 1035 1516; x_wconf 95' lang='lat' dir='ltr'><strong>si</strong></span> <span class='ocrx_word' id='word_1_101' title='bbox 1076 1462 1213 1515; x_wconf 85' lang='lat' dir='ltr'><strong>absit</strong></span> <span class='ocrx_word' id='word_1_102' title='bbox 1240 1472 1419 1517; x_wconf 88' lang='lat' dir='ltr'><strong>autem</strong></span> <span class='ocrx_word' id='word_1_103' title='bbox 1445 1502 1461 1528; x_wconf 89' lang='lat'><strong>,</strong></span> <span class='ocrx_word' id='word_1_104' title='bbox 1490 1461 1661 1515; x_wconf 83' lang='lat' dir='ltr'><strong>virum</strong></span> <span class='ocrx_word' id='word_1_105' title='bbox 1679 1461 1861 1539; x_wconf 79' lang='lat' dir='ltr'><strong>prodit</strong></span> <span class='ocrx_word' id='word_1_106' title='bbox 1885 1503 1898 1525; x_wconf 91' lang='lat'><strong>,</strong></span> <span class='ocrx_word' id='word_1_107' title='bbox 1930 1463 2137 1517; x_wconf 89' lang='lat' dir='ltr'><strong>etiamsi</strong></span> 
     </span>
    </p>
   </div>
   <div class='ocr_carea' id='block_1_13' title="bbox 569 1550 2137 1623">
    <p class='ocr_par' dir='ltr' id='par_1_13' title="bbox 569 1550 2137 1623">
     <span class='ocr_line' id='line_1_13' title="bbox 569 1550 2137 1623; baseline 0.002 -18"><span class='ocrx_word' id='word_1_108' title='bbox 569 1554 733 1623; x_wconf 82' lang='lat' dir='ltr'><strong>possit</strong></span> <span class='ocrx_word' id='word_1_109' title='bbox 759 1551 1048 1608; x_wconf 89' lang='lat' dir='ltr'><strong>ostendere</strong></span> <span class='ocrx_word' id='word_1_110' title='bbox 1078 1552 1222 1607; x_wconf 90' lang='lat' dir='ltr'><strong>mille</strong></span> <span class='ocrx_word' id='word_1_111' title='bbox 1248 1552 1396 1623; x_wconf 88' lang='lat' dir='ltr'><strong>signa</strong></span> <span class='ocrx_word' id='word_1_112' title='bbox 1426 1559 1480 1606; x_wconf 91' lang='lat' dir='ltr'><strong>et</strong></span> <span class='ocrx_word' id='word_1_113' title='bbox 1522 1552 1783 1622; x_wconf 86' lang='lat' dir='ltr'><strong>prodigia.</strong></span> <span class='ocrx_word' id='word_1_114' title='bbox 1826 1550 1967 1607; x_wconf 83' lang='lat' dir='ltr'><strong>Nihil</strong></span> <span class='ocrx_word' id='word_1_115' title='bbox 1994 1552 2137 1608; x_wconf 90' lang='lat' dir='ltr'><strong>enim</strong></span> 
     </span>
    </p>
   </div>
   <div class='ocr_carea' id='block_1_14' title="bbox 567 1641 2137 1713">
    <p class='ocr_par' dir='ltr' id='par_1_14' title="bbox 567 1641 2137 1713">
     <span class='ocr_line' id='line_1_14' title="bbox 567 1641 2137 1713; baseline 0 -14"><span class='ocrx_word' id='word_1_116' title='bbox 567 1645 731 1699; x_wconf 85' lang='lat' dir='ltr'><strong>Deum</strong></span> <span class='ocrx_word' id='word_1_117' title='bbox 766 1652 907 1697; x_wconf 85' lang='lat' dir='ltr'><strong>tanta</strong></span> <span class='ocrx_word' id='word_1_118' title='bbox 935 1641 1103 1698; x_wconf 88' lang='lat' dir='ltr'><strong>allicit</strong></span> <span class='ocrx_word' id='word_1_119' title='bbox 1133 1642 1337 1704; x_wconf 66' lang='lat' dir='ltr'><strong>laetitia.</strong></span> <span class='ocrx_word' id='word_1_120' title='bbox 1367 1651 1561 1713; x_wconf 88' lang='lat' dir='ltr'><strong>quanta</strong></span> <span class='ocrx_word' id='word_1_121' title='bbox 1590 1643 1711 1698; x_wconf 78' lang='lat' dir='ltr'><strong>vita:</strong></span> <span class='ocrx_word' id='word_1_122' title='bbox 1753 1644 1890 1699; x_wconf 87' lang='lat' dir='ltr'><strong>bona</strong></span> <span class='ocrx_word' id='word_1_123' title='bbox 1922 1645 2137 1699; x_wconf 88' lang='lat' dir='ltr'><strong>institu-</strong></span> 
     </span>
    </p>
   </div>
   <div class='ocr_carea' id='block_1_15' title="bbox 565 1734 2135 1808">
    <p class='ocr_par' dir='ltr' id='par_1_15' title="bbox 565 1734 2135 1808">
     <span class='ocr_line' id='line_1_15' title="bbox 565 1734 2135 1808; baseline 0.003 -17"><span class='ocrx_word' id='word_1_124' title='bbox 565 1737 661 1791; x_wconf 88' lang='lat' dir='ltr'><strong>tio.</strong></span> <span class='ocrx_word' id='word_1_125' title='bbox 692 1736 753 1792; x_wconf 86' lang='lat' dir='ltr'><strong>Si</strong></span> <span class='ocrx_word' id='word_1_126' title='bbox 778 1736 989 1807; x_wconf 86' lang='lat' dir='ltr'><strong>diligitis</strong></span> <span class='ocrx_word' id='word_1_127' title='bbox 1018 1750 1125 1799; x_wconf 88' lang='lat' dir='ltr'><strong>me,</strong></span> <span class='ocrx_word' id='word_1_128' title='bbox 1160 1734 1369 1806; x_wconf 90' lang='lat' dir='ltr'><strong>inquit,</strong></span> <span class='ocrx_word' id='word_1_129' title='bbox 1401 1750 1505 1791; x_wconf 92' lang='lat' dir='ltr'><strong>non</strong></span> <span class='ocrx_word' id='word_1_130' title='bbox 1536 1736 1705 1800; x_wconf 89' lang='lat' dir='ltr'><strong>dixit,</strong></span> <span class='ocrx_word' id='word_1_131' title='bbox 1743 1736 1903 1808; x_wconf 89' lang='lat' dir='ltr'><strong>Signa</strong></span> <span class='ocrx_word' id='word_1_132' title='bbox 1934 1736 2091 1796; x_wconf 82' lang='lat' dir='ltr'><strong>facite</strong></span> <span class='ocrx_word' id='word_1_133' title='bbox 2118 1780 2135 1807; x_wconf 88' lang='lat'><strong>,</strong></span> 
     </span>
    </p>
   </div>
   <div class='ocr_carea' id='block_1_16' title="bbox 564 1825 2138 1899">
    <p class='ocr_par' dir='ltr' id='par_1_16' title="bbox 564 1825 2138 1899">
     <span class='ocr_line' id='line_1_16' title="bbox 564 1825 2138 1899; baseline 0.004 -19"><span class='ocrx_word' id='word_1_134' title='bbox 564 1827 661 1883; x_wconf 81' lang='lat' dir='ltr'><strong>sed</strong></span> <span class='ocrx_word' id='word_1_135' title='bbox 693 1826 855 1897; x_wconf 83' lang='lat' dir='ltr'><strong>quid?</strong></span> <span class='ocrx_word' id='word_1_136' title='bbox 901 1826 1143 1880; x_wconf 86' lang='lat' dir='ltr'><strong>mandata</strong></span> <span class='ocrx_word' id='word_1_137' title='bbox 1190 1842 1301 1880; x_wconf 84' lang='lat' dir='ltr'><strong>mea</strong></span> <span class='ocrx_word' id='word_1_138' title='bbox 1346 1835 1539 1881; x_wconf 77' lang='lat' dir='ltr'><strong>servate</strong></span> <span class='ocrx_word' id='word_1_139' title='bbox 1583 1825 1759 1899; x_wconf 83' lang='lat' dir='ltr'><strong>(Joan.</strong></span> <span class='ocrx_word' id='word_1_140' title='bbox 1792 1829 1880 1884; x_wconf 63' lang='grc'><strong>11.</strong></span> <span class='ocrx_word' id='word_1_141' title='bbox 1923 1830 2035 1898; x_wconf 81' lang='grc'>15).</span> <span class='ocrx_word' id='word_1_142' title='bbox 2069 1830 2138 1886; x_wconf 80' lang='lat' dir='ltr'><strong>Et</strong></span> 
     </span>
    </p>
   </div>
   <div class='ocr_carea' id='block_1_17' title="bbox 562 1916 2137 1991">
    <p class='ocr_par' dir='ltr' id='par_1_17' title="bbox 562 1916 2137 1991">
     <span class='ocr_line' id='line_1_17' title="bbox 562 1916 2137 1991; baseline 0.001 -17"><span class='ocrx_word' id='word_1_143' title='bbox 562 1932 785 1975; x_wconf 92' lang='lat' dir='ltr'><strong>rursus:</strong></span> <span class='ocrx_word' id='word_1_144' title='bbox 819 1918 1021 1972; x_wconf 90' lang='lat' dir='ltr'><strong>Amicos</strong></span> <span class='ocrx_word' id='word_1_145' title='bbox 1046 1932 1131 1970; x_wconf 81' lang='lat' dir='ltr'><strong>sos</strong></span> <span class='ocrx_word' id='word_1_146' title='bbox 1157 1916 1271 1971; x_wconf 89' lang='lat' dir='ltr'><strong>dico</strong></span> <span class='ocrx_word' id='word_1_147' title='bbox 1294 1958 1311 1983; x_wconf 94' lang='lat'><strong>,</strong></span> <span class='ocrx_word' id='word_1_148' title='bbox 1356 1932 1460 1971; x_wconf 90' lang='lat' dir='ltr'><strong>non</strong></span> <span class='ocrx_word' id='word_1_149' title='bbox 1491 1919 1705 1987; x_wconf 80' lang='lat' dir='ltr'><strong>quando</strong></span> <span class='ocrx_word' id='word_1_150' title='bbox 1730 1920 1993 1975; x_wconf 73' lang='lat' dir='ltr'><strong>dzemonia</strong></span> <span class='ocrx_word' id='word_1_151' title='bbox 2022 1921 2137 1991; x_wconf 79' lang='lat' dir='ltr'><strong>eje-</strong></span> 
     </span>
    </p>
   </div>
   <div class='ocr_carea' id='block_1_18' title="bbox 560 2006 2132 2081">
    <p class='ocr_par' dir='ltr' id='par_1_18' title="bbox 560 2006 2132 2081">
     <span class='ocr_line' id='line_1_18' title="bbox 560 2006 2132 2081; baseline 0.001 -16"><span class='ocrx_word' id='word_1_152' title='bbox 560 2010 739 2065; x_wconf 87' lang='lat' dir='ltr'><strong>ceritis</strong></span> <span class='ocrx_word' id='word_1_153' title='bbox 757 2049 772 2072; x_wconf 88' lang='lat'><strong>,</strong></span> <span class='ocrx_word' id='word_1_154' title='bbox 803 2007 898 2063; x_wconf 85' lang='lat' dir='ltr'><strong>sed</strong></span> <span class='ocrx_word' id='word_1_155' title='bbox 921 2048 936 2071; x_wconf 88' lang='lat'><strong>,</strong></span> <span class='ocrx_word' id='word_1_156' title='bbox 966 2008 1012 2063; x_wconf 88' lang='lat' dir='ltr'><strong>si</strong></span> <span class='ocrx_word' id='word_1_157' title='bbox 1037 2022 1289 2063; x_wconf 79' lang='lat' dir='ltr'><strong>sermones</strong></span> <span class='ocrx_word' id='word_1_158' title='bbox 1314 2023 1448 2062; x_wconf 84' lang='lat' dir='ltr'><strong>meos</strong></span> <span class='ocrx_word' id='word_1_159' title='bbox 1483 2010 1793 2063; x_wconf 64' lang='lat' dir='ltr'><strong>curaveritis</strong></span> <span class='ocrx_word' id='word_1_160' title='bbox 1823 2006 2016 2081; x_wconf 80' lang='lat' dir='ltr'><strong>(Joan.</strong></span> <span class='ocrx_word' id='word_1_161' title='bbox 2044 2013 2132 2069; x_wconf 80' lang='grc'>15.</span> 
     </span>
    </p>
   </div>
   <div class='ocr_carea' id='block_1_19' title="bbox 563 2097 2131 2171">
    <p class='ocr_par' dir='ltr' id='par_1_19' title="bbox 563 2097 2131 2171">
     <span class='ocr_line' id='line_1_19' title="bbox 563 2097 2131 2171; baseline 0.003 -17"><span class='ocrx_word' id='word_1_162' title='bbox 563 2098 797 2171; x_wconf 87' lang='grc' dir='ltr'>1ο.15).</span> <span class='ocrx_word' id='word_1_163' title='bbox 841 2098 973 2153; x_wconf 81' lang='lat' dir='ltr'><strong>Nam</strong></span> <span class='ocrx_word' id='word_1_164' title='bbox 1024 2098 1113 2153; x_wconf 91' lang='lat' dir='ltr'><strong>illa</strong></span> <span class='ocrx_word' id='word_1_165' title='bbox 1140 2097 1354 2168; x_wconf 84' lang='lat' dir='ltr'><strong>quidem</strong></span> <span class='ocrx_word' id='word_1_166' title='bbox 1383 2107 1505 2153; x_wconf 90' lang='lat' dir='ltr'><strong>sunt</strong></span> <span class='ocrx_word' id='word_1_167' title='bbox 1533 2098 1658 2154; x_wconf 83' lang='lat' dir='ltr'><strong>doni</strong></span> <span class='ocrx_word' id='word_1_168' title='bbox 1704 2100 1829 2165; x_wconf 88' lang='lat' dir='ltr'><strong>Dei;</strong></span> <span class='ocrx_word' id='word_1_169' title='bbox 1884 2100 1998 2157; x_wconf 65' lang='lat' dir='ltr'><strong>haec</strong></span> <span class='ocrx_word' id='word_1_170' title='bbox 2042 2118 2131 2158; x_wconf 77' lang='lat' dir='ltr'><strong>au-</strong></span> 
     </span>
    </p>
   </div>
   <div class='ocr_carea' id='block_1_20' title="bbox 561 2187 2136 2259">
    <p class='ocr_par' dir='ltr' id='par_1_20' title="bbox 561 2187 2136 2259">
     <span class='ocr_line' id='line_1_20' title="bbox 561 2187 2136 2259; baseline 0.001 -13"><span class='ocrx_word' id='word_1_171' title='bbox 561 2201 669 2246; x_wconf 90' lang='lat' dir='ltr'><strong>tem</strong></span> <span class='ocrx_word' id='word_1_172' title='bbox 700 2198 820 2259; x_wconf 85' lang='lat' dir='ltr'><strong>post</strong></span> <span class='ocrx_word' id='word_1_173' title='bbox 846 2188 1045 2244; x_wconf 89' lang='lat' dir='ltr'><strong>donum</strong></span> <span class='ocrx_word' id='word_1_174' title='bbox 1080 2187 1172 2244; x_wconf 92' lang='lat' dir='ltr'><strong>Dei</strong></span> <span class='ocrx_word' id='word_1_175' title='bbox 1210 2198 1334 2243; x_wconf 86' lang='lat' dir='ltr'><strong>sunt</strong></span> <span class='ocrx_word' id='word_1_176' title='bbox 1360 2189 1521 2243; x_wconf 87' lang='lat' dir='ltr'><strong>etiam</strong></span> <span class='ocrx_word' id='word_1_177' title='bbox 1547 2190 1713 2244; x_wconf 87' lang='lat' dir='ltr'><strong>nostri</strong></span> <span class='ocrx_word' id='word_1_178' title='bbox 1741 2190 1900 2245; x_wconf 90' lang='lat' dir='ltr'><strong>studii</strong></span> <span class='ocrx_word' id='word_1_179' title='bbox 1931 2202 1987 2249; x_wconf 88' lang='lat' dir='ltr'><strong>et</strong></span> <span class='ocrx_word' id='word_1_180' title='bbox 2014 2192 2136 2248; x_wconf 88' lang='lat' dir='ltr'><strong>dili-</strong></span> 
     </span>
    </p>
   </div>
   <div class='ocr_carea' id='block_1_21' title="bbox 558 2264 2134 2353">
    <p class='ocr_par' dir='ltr' id='par_1_21' title="bbox 558 2264 2134 2353">
     <span class='ocr_line' id='line_1_21' title="bbox 558 2264 2134 2353; baseline 0.001 -16"><span class='ocrx_word' id='word_1_181' title='bbox 558 2282 776 2353; x_wconf 69' lang='lat' dir='ltr'><strong>gentim.</strong></span> <span class='ocrx_word' id='word_1_182' title='bbox 805 2264 1128 2335; x_wconf 80' lang='lat' dir='ltr'><strong>Studeamus</strong></span> <span class='ocrx_word' id='word_1_183' title='bbox 1155 2293 1277 2334; x_wconf 87' lang='lat' dir='ltr'><strong>esse</strong></span> <span class='ocrx_word' id='word_1_184' title='bbox 1310 2278 1465 2334; x_wconf 80' lang='lat' dir='ltr'><strong>amici</strong></span> <span class='ocrx_word' id='word_1_185' title='bbox 1499 2280 1623 2345; x_wconf 89' lang='lat' dir='ltr'><strong>Dei,</strong></span> <span class='ocrx_word' id='word_1_186' title='bbox 1648 2292 1701 2335; x_wconf 88' lang='lat' dir='ltr'><strong>et</strong></span> <span class='ocrx_word' id='word_1_187' title='bbox 1726 2294 1792 2335; x_wconf 87' lang='lat' dir='ltr'><strong>ne</strong></span> <span class='ocrx_word' id='word_1_188' title='bbox 1826 2297 2134 2340; x_wconf 82' lang='lat' dir='ltr'><strong>maneamus</strong></span> 
     </span>
    </p>
   </div>
   <div class='ocr_carea' id='block_1_22' title="bbox 562 2378 2127 2451">
    <p class='ocr_par' dir='ltr' id='par_1_22' title="bbox 562 2378 2127 2451">
     <span class='ocr_line' id='line_1_22' title="bbox 562 2378 2127 2451; baseline 0 -14"><span class='ocrx_word' id='word_1_189' title='bbox 562 2379 785 2438; x_wconf 91' lang='lat' dir='ltr'><strong>inimici.</strong></span> <span class='ocrx_word' id='word_1_190' title='bbox 821 2380 945 2437; x_wconf 69' lang='lat' dir='ltr'><strong>[lare</strong></span> <span class='ocrx_word' id='word_1_191' title='bbox 968 2395 1182 2451; x_wconf 85' lang='lat' dir='ltr'><strong>semper</strong></span> <span class='ocrx_word' id='word_1_192' title='bbox 1203 2379 1451 2445; x_wconf 87' lang='lat' dir='ltr'><strong>dicimus,</strong></span> <span class='ocrx_word' id='word_1_193' title='bbox 1480 2378 1670 2433; x_wconf 89' lang='lat' dir='ltr'><strong>horum</strong></span> <span class='ocrx_word' id='word_1_194' title='bbox 1698 2392 1912 2450; x_wconf 88' lang='lat' dir='ltr'><strong>semper</strong></span> <span class='ocrx_word' id='word_1_195' title='bbox 1940 2379 2127 2436; x_wconf 80' lang='lat' dir='ltr'><strong>admo-</strong></span> 
     </span>
    </p>
   </div>
   <div class='ocr_carea' id='block_1_23' title="bbox 556 2469 2128 2543">
    <p class='ocr_par' dir='ltr' id='par_1_23' title="bbox 556 2469 2128 2543">
     <span class='ocr_line' id='line_1_23' title="bbox 556 2469 2128 2543; baseline -0.002 -14"><span class='ocrx_word' id='word_1_196' title='bbox 556 2489 748 2531; x_wconf 87' lang='lat' dir='ltr'><strong>nemus</strong></span> <span class='ocrx_word' id='word_1_197' title='bbox 776 2482 833 2529; x_wconf 90' lang='lat' dir='ltr'><strong>et</strong></span> <span class='ocrx_word' id='word_1_198' title='bbox 872 2472 1118 2543; x_wconf 83' lang='lat' dir='ltr'><strong>nosipsos</strong></span> <span class='ocrx_word' id='word_1_199' title='bbox 1141 2480 1196 2527; x_wconf 91' lang='lat' dir='ltr'><strong>et</strong></span> <span class='ocrx_word' id='word_1_200' title='bbox 1236 2487 1367 2536; x_wconf 81' lang='lat' dir='ltr'><strong>vos;</strong></span> <span class='ocrx_word' id='word_1_201' title='bbox 1393 2469 1487 2526; x_wconf 81' lang='lat' dir='ltr'><strong>sed</strong></span> <span class='ocrx_word' id='word_1_202' title='bbox 1537 2471 1669 2526; x_wconf 81' lang='lat' dir='ltr'><strong>nihil</strong></span> <span class='ocrx_word' id='word_1_203' title='bbox 1701 2472 1929 2540; x_wconf 87' lang='lat' dir='ltr'><strong>amplius</strong></span> <span class='ocrx_word' id='word_1_204' title='bbox 1959 2472 2128 2528; x_wconf 84' lang='lat' dir='ltr'><strong>el&#39;lict-</strong></span> 
     </span>
    </p>
   </div>
   <div class='ocr_carea' id='block_1_24' title="bbox 555 2562 2131 2633">
    <p class='ocr_par' dir='ltr' id='par_1_24' title="bbox 555 2562 2131 2633">
     <span class='ocr_line' id='line_1_24' title="bbox 555 2562 2131 2633; baseline -0.001 -12"><span class='ocrx_word' id='word_1_205' title='bbox 555 2583 675 2622; x_wconf 89' lang='lat' dir='ltr'><strong>mus</strong></span> <span class='ocrx_word' id='word_1_206' title='bbox 694 2607 711 2631; x_wconf 86' lang='lat'><em>.</em></span> <span class='ocrx_word' id='word_1_207' title='bbox 733 2574 790 2621; x_wconf 92' lang='lat' dir='ltr'><strong>et</strong></span> <span class='ocrx_word' id='word_1_208' title='bbox 835 2564 956 2620; x_wconf 91' lang='lat' dir='ltr'><strong>ideo</strong></span> <span class='ocrx_word' id='word_1_209' title='bbox 985 2565 1170 2620; x_wconf 87' lang='lat' dir='ltr'><strong>timeo.</strong></span> <span class='ocrx_word' id='word_1_210' title='bbox 1201 2563 1269 2619; x_wconf 80' lang='lat' dir='ltr'><strong>Et</strong></span> <span class='ocrx_word' id='word_1_211' title='bbox 1298 2562 1491 2619; x_wconf 89' lang='lat' dir='ltr'><strong>vellem</strong></span> <span class='ocrx_word' id='word_1_212' title='bbox 1520 2562 1735 2633; x_wconf 86' lang='lat' dir='ltr'><strong>quidem</strong></span> <span class='ocrx_word' id='word_1_213' title='bbox 1783 2563 1997 2621; x_wconf 82' lang='lat' dir='ltr'><strong>siluisse</strong></span> <span class='ocrx_word' id='word_1_214' title='bbox 2016 2605 2033 2628; x_wconf 86' lang='lat'><strong>.</strong></span> <span class='ocrx_word' id='word_1_215' title='bbox 2066 2579 2131 2620; x_wconf 89' lang='lat' dir='ltr'><strong>ne</strong></span> 
     </span>
    </p>
   </div>
   <div class='ocr_carea' id='block_1_25' title="bbox 557 2654 2131 2728">
    <p class='ocr_par' dir='ltr' id='par_1_25' title="bbox 557 2654 2131 2728">
     <span class='ocr_line' id='line_1_25' title="bbox 557 2654 2131 2728; baseline 0.001 -17"><span class='ocrx_word' id='word_1_216' title='bbox 557 2659 705 2714; x_wconf 79' lang='lat' dir='ltr'><strong>vobis</strong></span> <span class='ocrx_word' id='word_1_217' title='bbox 734 2672 957 2728; x_wconf 79' lang='lat' dir='ltr'><strong>augeam</strong></span> <span class='ocrx_word' id='word_1_218' title='bbox 1003 2656 1295 2727; x_wconf 89' lang='lat' dir='ltr'><strong>perieulum</strong></span> <span class='ocrx_word' id='word_1_219' title='bbox 1320 2672 1333 2707; x_wconf 89' lang='lat'><strong>:</strong></span> <span class='ocrx_word' id='word_1_220' title='bbox 1363 2670 1486 2710; x_wconf 90' lang='lat' dir='ltr'><strong>nam</strong></span> <span class='ocrx_word' id='word_1_221' title='bbox 1517 2669 1661 2726; x_wconf 72' lang='lat' dir='ltr'><strong>stupe</strong></span> <span class='ocrx_word' id='word_1_222' title='bbox 1689 2654 1993 2711; x_wconf 90' lang='lat' dir='ltr'><strong>audientem</strong></span> <span class='ocrx_word' id='word_1_223' title='bbox 2027 2673 2131 2712; x_wconf 85' lang='lat' dir='ltr'><strong>nec</strong></span> 
     </span>
    </p>
   </div>
   <div class='ocr_carea' id='block_1_26' title="bbox 1267 339 3049 409">
    <p class='ocr_par' dir='ltr' id='par_1_26' title="bbox 1267 339 3049 409">
     <span class='ocr_line' id='line_1_26' title="bbox 1267 339 3049 409; baseline -0.007 -1"><span class='ocrx_word' id='word_1_224' title='bbox 1267 351 1323 408; x_wconf 75' lang='grc' dir='ltr'>Β.</span> <span class='ocrx_word' id='word_1_225' title='bbox 1361 348 1635 409; x_wconf 65' lang='grc' dir='ltr'><strong>«ΙΟᾹΝΝΙΞ</strong></span> <span class='ocrx_word' id='word_1_226' title='bbox 1669 341 2136 406; x_wconf 68' lang='grc' dir='ltr'><strong>εηῐιγειιοδτοδιι</strong></span> <span class='ocrx_word' id='word_1_227' title='bbox 2173 340 2482 398; x_wconf 77' lang='lat' dir='ltr'><strong>ARCiilEP.</strong></span> <span class='ocrx_word' id='word_1_228' title='bbox 2522 339 3049 399; x_wconf 71' lang='lat' dir='ltr'><strong>CONSTANTINOP.</strong></span> 
     </span>
    </p>
   </div>
   <div class='ocr_carea' id='block_1_27' title="bbox 3711 338 3824 398">
    <p class='ocr_par' dir='ltr' id='par_1_27' title="bbox 3711 338 3824 398">
     <span class='ocr_line' id='line_1_27' title="bbox 3711 338 3824 398; baseline 0.018 -1"><span class='ocrx_word' id='word_1_229' title='bbox 3711 338 3824 398; x_wconf 68' lang='grc'><strong>172</strong></span> 
     </span>
    </p>
   </div>
   <div class='ocr_carea' id='block_1_28' title="bbox 2245 448 3841 522">
    <p class='ocr_par' dir='ltr' id='par_1_28' title="bbox 2245 448 3841 522">
     <span class='ocr_line' id='line_1_28' title="bbox 2245 448 3841 522; baseline 0 -17"><span class='ocrx_word' id='word_1_230' title='bbox 2245 450 2348 507; x_wconf 88' lang='lat' dir='ltr'><strong>hoc</strong></span> <span class='ocrx_word' id='word_1_231' title='bbox 2374 465 2557 507; x_wconf 88' lang='lat' dir='ltr'><strong>mense</strong></span> <span class='ocrx_word' id='word_1_232' title='bbox 2583 465 2953 522; x_wconf 83' lang='lat' dir='ltr'><strong>expugnemus</strong></span> <span class='ocrx_word' id='word_1_233' title='bbox 2982 448 3324 505; x_wconf 87' lang='lat' dir='ltr'><strong>maledictum</strong></span> <span class='ocrx_word' id='word_1_234' title='bbox 3351 492 3368 518; x_wconf 89' lang='lat'><strong>,</strong></span> <span class='ocrx_word' id='word_1_235' title='bbox 3399 454 3794 509; x_wconf 79' lang='lat' dir='ltr'><strong>contumeliam</strong></span> <span class='ocrx_word' id='word_1_236' title='bbox 3824 495 3841 518; x_wconf 87' lang='lat'><strong>,</strong></span> 
     </span>
    </p>
   </div>
   <div class='ocr_carea' id='block_1_29' title="bbox 2243 540 3839 613">
    <p class='ocr_par' dir='ltr' id='par_1_29' title="bbox 2243 540 3839 613">
     <span class='ocr_line' id='line_1_29' title="bbox 2243 540 3839 613; baseline 0.001 -16"><span class='ocrx_word' id='word_1_237' title='bbox 2243 541 2378 597; x_wconf 86' lang='lat' dir='ltr'><strong>iram</strong></span> <span class='ocrx_word' id='word_1_238' title='bbox 2410 543 2657 613; x_wconf 84' lang='lat' dir='ltr'><strong>injustam</strong></span> <span class='ocrx_word' id='word_1_239' title='bbox 2682 582 2697 605; x_wconf 91' lang='lat'><strong>,</strong></span> <span class='ocrx_word' id='word_1_240' title='bbox 2725 551 2779 596; x_wconf 93' lang='lat' dir='ltr'><strong>et</strong></span> <span class='ocrx_word' id='word_1_241' title='bbox 2807 540 2963 596; x_wconf 90' lang='lat' dir='ltr'><strong>nobis</strong></span> <span class='ocrx_word' id='word_1_242' title='bbox 2990 541 3330 611; x_wconf 86' lang='lat' dir='ltr'><strong>imponamus</strong></span> <span class='ocrx_word' id='word_1_243' title='bbox 3359 541 3531 613; x_wconf 88' lang='lat' dir='ltr'><strong>legem</strong></span> <span class='ocrx_word' id='word_1_244' title='bbox 3553 585 3568 608; x_wconf 89' lang='lat'><strong>,</strong></span> <span class='ocrx_word' id='word_1_245' title='bbox 3597 554 3653 598; x_wconf 91' lang='lat' dir='ltr'><strong>et</strong></span> <span class='ocrx_word' id='word_1_246' title='bbox 3678 544 3839 599; x_wconf 85' lang='lat' dir='ltr'><strong>dica-</strong></span> 
     </span>
    </p>
   </div>
   <div class='ocr_carea' id='block_1_30' title="bbox 2243 632 3843 700">
    <p class='ocr_par' dir='ltr' id='par_1_30' title="bbox 2243 632 3843 700">
     <span class='ocr_line' id='line_1_30' title="bbox 2243 632 3843 700; baseline 0.003 -11"><span class='ocrx_word' id='word_1_247' title='bbox 2243 650 2396 700; x_wconf 84' lang='lat' dir='ltr'><strong>mus,</strong></span> <span class='ocrx_word' id='word_1_248' title='bbox 2428 634 2597 691; x_wconf 90' lang='lat' dir='ltr'><strong>llodie</strong></span> <span class='ocrx_word' id='word_1_249' title='bbox 2646 634 2748 689; x_wconf 92' lang='lat' dir='ltr'><strong>hoc</strong></span> <span class='ocrx_word' id='word_1_250' title='bbox 2775 643 2921 689; x_wconf 87' lang='lat' dir='ltr'><strong>recte</strong></span> <span class='ocrx_word' id='word_1_251' title='bbox 2958 632 3218 690; x_wconf 83' lang='lat' dir='ltr'><strong>iaciemus</strong></span> <span class='ocrx_word' id='word_1_252' title='bbox 3265 652 3279 689; x_wconf 90' lang='lat'><strong>:</strong></span> <span class='ocrx_word' id='word_1_253' title='bbox 3322 643 3376 690; x_wconf 84' lang='lat' dir='ltr'><strong>et</strong></span> <span class='ocrx_word' id='word_1_254' title='bbox 3414 638 3465 691; x_wconf 93' lang='lat' dir='ltr'><strong>in</strong></span> <span class='ocrx_word' id='word_1_255' title='bbox 3506 636 3613 690; x_wconf 92' lang='lat' dir='ltr'><strong>alio</strong></span> <span class='ocrx_word' id='word_1_256' title='bbox 3642 652 3843 695; x_wconf 80' lang='lat' dir='ltr'><strong>menso</strong></span> 
     </span>
    </p>
   </div>
   <div class='ocr_carea' id='block_1_31' title="bbox 2242 726 3837 798">
    <p class='ocr_par' dir='ltr' id='par_1_31' title="bbox 2242 726 3837 798">
     <span class='ocr_line' id='line_1_31' title="bbox 2242 726 3837 798; baseline 0.001 -17"><span class='ocrx_word' id='word_1_257' title='bbox 2242 741 2343 782; x_wconf 88' lang='lat' dir='ltr'><strong>nos</strong></span> <span class='ocrx_word' id='word_1_258' title='bbox 2364 729 2507 798; x_wconf 85' lang='lat' dir='ltr'><strong>ipsos</strong></span> <span class='ocrx_word' id='word_1_259' title='bbox 2536 727 2826 782; x_wconf 88' lang='lat' dir='ltr'><strong>doceamus</strong></span> <span class='ocrx_word' id='word_1_260' title='bbox 2854 726 3168 795; x_wconf 86' lang='lat' dir='ltr'><strong>patientiam</strong></span> <span class='ocrx_word' id='word_1_261' title='bbox 3194 766 3210 792; x_wconf 93' lang='lat'><strong>,</strong></span> <span class='ocrx_word' id='word_1_262' title='bbox 3238 734 3296 781; x_wconf 91' lang='lat' dir='ltr'><strong>et</strong></span> <span class='ocrx_word' id='word_1_263' title='bbox 3323 727 3375 780; x_wconf 93' lang='lat' dir='ltr'><strong>in</strong></span> <span class='ocrx_word' id='word_1_264' title='bbox 3400 726 3509 781; x_wconf 83' lang='lat' dir='ltr'><strong>alio</strong></span> <span class='ocrx_word' id='word_1_265' title='bbox 3530 728 3692 782; x_wconf 87' lang='lat' dir='ltr'><strong>aliam</strong></span> <span class='ocrx_word' id='word_1_266' title='bbox 3717 730 3837 783; x_wconf 67' lang='lat' dir='ltr'><strong>viro</strong></span> 
     </span>
    </p>
   </div>
   <div class='ocr_carea' id='block_1_32' title="bbox 2242 818 3837 889">
    <p class='ocr_par' dir='ltr' id='par_1_32' title="bbox 2242 818 3837 889">
     <span class='ocr_line' id='line_1_32' title="bbox 2242 818 3837 889; baseline 0 -14"><span class='ocrx_word' id='word_1_267' title='bbox 2242 829 2408 875; x_wconf 88' lang='lat' dir='ltr'><strong>tutem</strong></span> <span class='ocrx_word' id='word_1_268' title='bbox 2435 861 2452 887; x_wconf 94' lang='lat'><strong>,</strong></span> <span class='ocrx_word' id='word_1_269' title='bbox 2494 829 2548 874; x_wconf 90' lang='lat' dir='ltr'><strong>et</strong></span> <span class='ocrx_word' id='word_1_270' title='bbox 2572 834 2694 875; x_wconf 90' lang='lat' dir='ltr'><strong>cmn</strong></span> <span class='ocrx_word' id='word_1_271' title='bbox 2721 819 2788 873; x_wconf 93' lang='lat' dir='ltr'><strong>ad</strong></span> <span class='ocrx_word' id='word_1_272' title='bbox 2813 818 2969 889; x_wconf 81' lang='lat' dir='ltr'><strong>hujus</strong></span> <span class='ocrx_word' id='word_1_273' title='bbox 2997 819 3210 875; x_wconf 83' lang='lat' dir='ltr'><strong>virtutis</strong></span> <span class='ocrx_word' id='word_1_274' title='bbox 3242 822 3643 889; x_wconf 80' lang='lat' dir='ltr'><strong>pervenerimus</strong></span> <span class='ocrx_word' id='word_1_275' title='bbox 3674 822 3837 875; x_wconf 85' lang='lat' dir='ltr'><strong>habi-</strong></span> 
     </span>
    </p>
   </div>
   <div class='ocr_carea' id='block_1_33' title="bbox 2241 910 3839 982">
    <p class='ocr_par' dir='ltr' id='par_1_33' title="bbox 2241 910 3839 982">
     <span class='ocr_line' id='line_1_33' title="bbox 2241 910 3839 982; baseline 0.001 -16"><span class='ocrx_word' id='word_1_276' title='bbox 2241 920 2352 966; x_wconf 88' lang='lat' dir='ltr'><strong>tum</strong></span> <span class='ocrx_word' id='word_1_277' title='bbox 2377 954 2394 978; x_wconf 93' lang='lat'><strong>,</strong></span> <span class='ocrx_word' id='word_1_278' title='bbox 2438 911 2716 967; x_wconf 75' lang='lat' dir='ltr'><strong>veniamus</strong></span> <span class='ocrx_word' id='word_1_279' title='bbox 2735 910 2802 965; x_wconf 90' lang='lat' dir='ltr'><strong>ad</strong></span> <span class='ocrx_word' id='word_1_280' title='bbox 2833 911 3009 976; x_wconf 89' lang='lat' dir='ltr'><strong>aliam,</strong></span> <span class='ocrx_word' id='word_1_281' title='bbox 3040 910 3176 965; x_wconf 90' lang='lat' dir='ltr'><strong>sicut</strong></span> <span class='ocrx_word' id='word_1_282' title='bbox 3211 910 3264 965; x_wconf 92' lang='lat' dir='ltr'><strong>in</strong></span> <span class='ocrx_word' id='word_1_283' title='bbox 3290 910 3589 982; x_wconf 86' lang='lat' dir='ltr'><strong>disciplinis</strong></span> <span class='ocrx_word' id='word_1_284' title='bbox 3618 927 3682 967; x_wconf 84' lang='lat' dir='ltr'><strong>ea</strong></span> <span class='ocrx_word' id='word_1_285' title='bbox 3707 929 3839 981; x_wconf 75' lang='lat' dir='ltr'><strong>qua:</strong></span> 
     </span>
    </p>
   </div>
   <div class='ocr_carea' id='block_1_34' title="bbox 2242 1001 3840 1073">
    <p class='ocr_par' dir='ltr' id='par_1_34' title="bbox 2242 1001 3840 1073">
     <span class='ocr_line' id='line_1_34' title="bbox 2242 1001 3840 1073; baseline -0.001 -14"><span class='ocrx_word' id='word_1_286' title='bbox 2242 1012 2369 1060; x_wconf 74' lang='lat' dir='ltr'><strong>sunt</strong></span> <span class='ocrx_word' id='word_1_287' title='bbox 2398 1003 2659 1073; x_wconf 85' lang='lat' dir='ltr'><strong>acquisita</strong></span> <span class='ocrx_word' id='word_1_288' title='bbox 2689 1011 2967 1058; x_wconf 81' lang='lat' dir='ltr'><strong>servantes</strong></span> <span class='ocrx_word' id='word_1_289' title='bbox 2991 1042 3007 1065; x_wconf 89' lang='lat'><strong>,</strong></span> <span class='ocrx_word' id='word_1_290' title='bbox 3049 1011 3105 1056; x_wconf 90' lang='lat' dir='ltr'><strong>et</strong></span> <span class='ocrx_word' id='word_1_291' title='bbox 3142 1001 3244 1056; x_wconf 83' lang='lat' dir='ltr'><strong>alia</strong></span> <span class='ocrx_word' id='word_1_292' title='bbox 3293 1013 3650 1059; x_wconf 84' lang='lat' dir='ltr'><strong>assumentes.</strong></span> <span class='ocrx_word' id='word_1_293' title='bbox 3700 1003 3840 1059; x_wconf 78' lang='lat' dir='ltr'><strong>Past</strong></span> 
     </span>
    </p>
   </div>
   <div class='ocr_carea' id='block_1_35' title="bbox 2241 1093 3835 1167">
    <p class='ocr_par' dir='ltr' id='par_1_35' title="bbox 2241 1093 3835 1167">
     <span class='ocr_line' id='line_1_35' title="bbox 2241 1093 3835 1167; baseline -0.001 -16"><span class='ocrx_word' id='word_1_294' title='bbox 2241 1096 2387 1151; x_wconf 85' lang='lat' dir='ltr'><strong>illam</strong></span> <span class='ocrx_word' id='word_1_295' title='bbox 2417 1095 2695 1150; x_wconf 81' lang='lat' dir='ltr'><strong>veniamus</strong></span> <span class='ocrx_word' id='word_1_296' title='bbox 2736 1093 2805 1148; x_wconf 86' lang='lat' dir='ltr'><strong>ad</strong></span> <span class='ocrx_word' id='word_1_297' title='bbox 2848 1101 3216 1162; x_wconf 87' lang='lat' dir='ltr'><strong>contemptum</strong></span> <span class='ocrx_word' id='word_1_298' title='bbox 3260 1096 3548 1165; x_wconf 64' lang='lat' dir='ltr'><strong>pecunias:</strong></span> <span class='ocrx_word' id='word_1_299' title='bbox 3592 1095 3835 1167; x_wconf 88' lang='lat' dir='ltr'><strong>primum</strong></span> 
     </span>
    </p>
   </div>
   <div class='ocr_carea' id='block_1_36' title="bbox 2240 1184 3841 1257">
    <p class='ocr_par' dir='ltr' id='par_1_36' title="bbox 2240 1184 3841 1257">
     <span class='ocr_line' id='line_1_36' title="bbox 2240 1184 3841 1257; baseline 0.001 -15"><span class='ocrx_word' id='word_1_300' title='bbox 2240 1202 2429 1242; x_wconf 90' lang='lat' dir='ltr'><strong>manus</strong></span> <span class='ocrx_word' id='word_1_301' title='bbox 2471 1186 2843 1243; x_wconf 85' lang='lat' dir='ltr'><strong>contineamus</strong></span> <span class='ocrx_word' id='word_1_302' title='bbox 2896 1185 2965 1239; x_wconf 90' lang='lat' dir='ltr'><strong>ab</strong></span> <span class='ocrx_word' id='word_1_303' title='bbox 3016 1184 3241 1241; x_wconf 87' lang='lat' dir='ltr'><strong>avaritia</strong></span> <span class='ocrx_word' id='word_1_304' title='bbox 3289 1194 3345 1241; x_wconf 94' lang='lat' dir='ltr'><strong>ct</strong></span> <span class='ocrx_word' id='word_1_305' title='bbox 3392 1186 3543 1257; x_wconf 87' lang='lat' dir='ltr'><strong>plura</strong></span> <span class='ocrx_word' id='word_1_306' title='bbox 3593 1186 3841 1243; x_wconf 89' lang='lat' dir='ltr'><strong>habendi</strong></span> 
     </span>
    </p>
   </div>
   <div class='ocr_carea' id='block_1_37' title="bbox 2244 1276 3838 1350">
    <p class='ocr_par' dir='ltr' id='par_1_37' title="bbox 2244 1276 3838 1350">
     <span class='ocr_line' id='line_1_37' title="bbox 2244 1276 3838 1350; baseline 0.001 -15"><span class='ocrx_word' id='word_1_307' title='bbox 2244 1278 2557 1350; x_wconf 86' lang='lat' dir='ltr'><strong>cupiditate,</strong></span> <span class='ocrx_word' id='word_1_308' title='bbox 2586 1287 2642 1333; x_wconf 90' lang='lat' dir='ltr'><strong>et</strong></span> <span class='ocrx_word' id='word_1_309' title='bbox 2670 1286 2797 1332; x_wconf 91' lang='lat' dir='ltr'><strong>tunc</strong></span> <span class='ocrx_word' id='word_1_310' title='bbox 2826 1276 3082 1332; x_wconf 84' lang='lat' dir='ltr'><strong>lacianms</strong></span> <span class='ocrx_word' id='word_1_311' title='bbox 3110 1277 3506 1350; x_wconf 80' lang='lat' dir='ltr'><strong>eleemosynam</strong></span> <span class='ocrx_word' id='word_1_312' title='bbox 3532 1298 3546 1333; x_wconf 90' lang='lat'>:</span> <span class='ocrx_word' id='word_1_313' title='bbox 3577 1296 3683 1335; x_wconf 89' lang='lat' dir='ltr'><strong>non</strong></span> <span class='ocrx_word' id='word_1_314' title='bbox 3710 1295 3838 1335; x_wconf 57' lang='lat' dir='ltr'><strong>om-</strong></span> 
     </span>
    </p>
   </div>
   <div class='ocr_carea' id='block_1_38' title="bbox 2240 1366 3835 1441">
    <p class='ocr_par' dir='ltr' id='par_1_38' title="bbox 2240 1366 3835 1441">
     <span class='ocr_line' id='line_1_38' title="bbox 2240 1366 3835 1441; baseline 0 -16"><span class='ocrx_word' id='word_1_315' title='bbox 2240 1370 2327 1425; x_wconf 87' lang='lat' dir='ltr'><strong>nia</strong></span> <span class='ocrx_word' id='word_1_316' title='bbox 2360 1381 2563 1425; x_wconf 90' lang='lat' dir='ltr'><strong>temere</strong></span> <span class='ocrx_word' id='word_1_317' title='bbox 2588 1366 3003 1435; x_wconf 81' lang='lat' dir='ltr'><strong>confundamus,</strong></span> <span class='ocrx_word' id='word_1_318' title='bbox 3036 1366 3223 1423; x_wconf 91' lang='lat' dir='ltr'><strong>iisdem</strong></span> <span class='ocrx_word' id='word_1_319' title='bbox 3253 1369 3500 1425; x_wconf 84' lang='lat' dir='ltr'><strong>manibus</strong></span> <span class='ocrx_word' id='word_1_320' title='bbox 3527 1379 3581 1425; x_wconf 92' lang='lat' dir='ltr'><strong>et</strong></span> <span class='ocrx_word' id='word_1_321' title='bbox 3612 1373 3835 1441; x_wconf 82' lang='lat' dir='ltr'><strong>rapien-</strong></span> 
     </span>
    </p>
   </div>
   <div class='ocr_carea' id='block_1_39' title="bbox 2242 1459 3837 1529">
    <p class='ocr_par' dir='ltr' id='par_1_39' title="bbox 2242 1459 3837 1529">
     <span class='ocr_line' id='line_1_39' title="bbox 2242 1459 3837 1529; baseline 0.001 -14"><span class='ocrx_word' id='word_1_322' title='bbox 2242 1471 2323 1517; x_wconf 88' lang='lat' dir='ltr'><strong>tes</strong></span> <span class='ocrx_word' id='word_1_323' title='bbox 2348 1469 2403 1516; x_wconf 94' lang='lat' dir='ltr'><strong>et</strong></span> <span class='ocrx_word' id='word_1_324' title='bbox 2431 1459 2623 1516; x_wconf 88' lang='lat' dir='ltr'><strong>dantes</strong></span> <span class='ocrx_word' id='word_1_325' title='bbox 2651 1460 3051 1529; x_wconf 87' lang='lat' dir='ltr'><strong>eleemosynam</strong></span> <span class='ocrx_word' id='word_1_326' title='bbox 3078 1476 3091 1511; x_wconf 91' lang='lat'><strong>:</strong></span> <span class='ocrx_word' id='word_1_327' title='bbox 3126 1469 3307 1529; x_wconf 84' lang='lat' dir='ltr'><strong>postea</strong></span> <span class='ocrx_word' id='word_1_328' title='bbox 3352 1460 3420 1515; x_wconf 93' lang='lat' dir='ltr'><strong>ad</strong></span> <span class='ocrx_word' id='word_1_329' title='bbox 3467 1462 3623 1518; x_wconf 82' lang='lat' dir='ltr'><strong>aliam</strong></span> <span class='ocrx_word' id='word_1_330' title='bbox 3655 1463 3837 1516; x_wconf 81' lang='lat' dir='ltr'><strong>virtu-</strong></span> 
     </span>
    </p>
   </div>
   <div class='ocr_carea' id='block_1_40' title="bbox 2244 1548 3836 1623">
    <p class='ocr_par' dir='ltr' id='par_1_40' title="bbox 2244 1548 3836 1623">
     <span class='ocr_line' id='line_1_40' title="bbox 2244 1548 3836 1623; baseline 0.003 -18"><span class='ocrx_word' id='word_1_331' title='bbox 2244 1562 2349 1607; x_wconf 89' lang='lat' dir='ltr'><strong>tem</strong></span> <span class='ocrx_word' id='word_1_332' title='bbox 2373 1594 2388 1617; x_wconf 88' lang='lat'><strong>,</strong></span> <span class='ocrx_word' id='word_1_333' title='bbox 2418 1560 2473 1607; x_wconf 93' lang='lat' dir='ltr'><strong>et</strong></span> <span class='ocrx_word' id='word_1_334' title='bbox 2500 1550 2571 1606; x_wconf 87' lang='lat' dir='ltr'><strong>ab</strong></span> <span class='ocrx_word' id='word_1_335' title='bbox 2602 1550 2690 1606; x_wconf 92' lang='lat' dir='ltr'><strong>illa</strong></span> <span class='ocrx_word' id='word_1_336' title='bbox 2718 1548 2783 1604; x_wconf 91' lang='lat' dir='ltr'><strong>ad</strong></span> <span class='ocrx_word' id='word_1_337' title='bbox 2809 1550 2989 1604; x_wconf 89' lang='lat' dir='ltr'><strong>aliam.</strong></span> <span class='ocrx_word' id='word_1_338' title='bbox 3027 1548 3312 1619; x_wconf 82' lang='lat' dir='ltr'><strong>Turpitudo</strong></span> <span class='ocrx_word' id='word_1_339' title='bbox 3358 1562 3406 1606; x_wconf 89' lang='lat' dir='ltr'><strong>et</strong></span> <span class='ocrx_word' id='word_1_340' title='bbox 3452 1554 3836 1623; x_wconf 71' lang='lat' dir='ltr'><strong>stultiloquium</strong></span> 
     </span>
    </p>
   </div>
   <div class='ocr_carea' id='block_1_41' title="bbox 2242 1642 3831 1718">
    <p class='ocr_par' dir='ltr' id='par_1_41' title="bbox 2242 1642 3831 1718">
     <span class='ocr_line' id='line_1_41' title="bbox 2242 1642 3831 1718; baseline 0.002 -20"><span class='ocrx_word' id='word_1_341' title='bbox 2242 1654 2289 1698; x_wconf 89' lang='lat' dir='ltr'><strong>et</strong></span> <span class='ocrx_word' id='word_1_342' title='bbox 2327 1643 2611 1699; x_wconf 78' lang='lat' dir='ltr'><strong>scurrilitas</strong></span> <span class='ocrx_word' id='word_1_343' title='bbox 2642 1659 2704 1698; x_wconf 85' lang='lat' dir='ltr'><strong>ne</strong></span> <span class='ocrx_word' id='word_1_344' title='bbox 2746 1642 3036 1696; x_wconf 76' lang='lat' dir='ltr'><strong>nominetur</strong></span> <span class='ocrx_word' id='word_1_345' title='bbox 3062 1642 3269 1713; x_wconf 81' lang='lat' dir='ltr'><strong>quidem</strong></span> <span class='ocrx_word' id='word_1_346' title='bbox 3306 1645 3446 1713; x_wconf 86' lang='lat' dir='ltr'><strong>apud</strong></span> <span class='ocrx_word' id='word_1_347' title='bbox 3482 1662 3569 1700; x_wconf 79' lang='lat' dir='ltr'><strong>vos</strong></span> <span class='ocrx_word' id='word_1_348' title='bbox 3605 1645 3831 1718; x_wconf 76' lang='lat' dir='ltr'><strong>(Ephes.</strong></span> 
     </span>
    </p>
   </div>
   <div class='ocr_carea' id='block_1_42' title="bbox 2242 1719 3839 1806">
    <p class='ocr_par' dir='ltr' id='par_1_42' title="bbox 2242 1719 3839 1806">
     <span class='ocr_line' id='line_1_42' title="bbox 2242 1719 3839 1806; baseline 0.003 -16"><span class='ocrx_word' id='word_1_349' title='bbox 2242 1734 2296 1790; x_wconf 85' lang='lat'><strong>5.</strong></span> <span class='ocrx_word' id='word_1_350' title='bbox 2357 1733 2437 1803; x_wconf 73' lang='grc' dir='ltr'><strong>ι).</strong></span> <span class='ocrx_word' id='word_1_351' title='bbox 2497 1732 2622 1787; x_wconf 64' lang='lat' dir='ltr'><strong>llaec</strong></span> <span class='ocrx_word' id='word_1_352' title='bbox 2664 1732 2873 1788; x_wconf 90' lang='lat' dir='ltr'><strong>interim</strong></span> <span class='ocrx_word' id='word_1_353' title='bbox 2910 1741 3058 1787; x_wconf 89' lang='lat' dir='ltr'><strong>recte</strong></span> <span class='ocrx_word' id='word_1_354' title='bbox 3106 1748 3379 1804; x_wconf 84' lang='lat' dir='ltr'><strong>geramus.</strong></span> <span class='ocrx_word' id='word_1_355' title='bbox 3428 1719 3545 1790; x_wconf 79' lang='lat' dir='ltr'><strong>Noit</strong></span> <span class='ocrx_word' id='word_1_356' title='bbox 3577 1752 3712 1806; x_wconf 83' lang='lat' dir='ltr'><strong>opus</strong></span> <span class='ocrx_word' id='word_1_357' title='bbox 3748 1749 3839 1794; x_wconf 79' lang='lat' dir='ltr'><strong>est</strong></span> 
     </span>
    </p>
   </div>
   <div class='ocr_carea' id='block_1_43' title="bbox 2242 1822 3838 1893">
    <p class='ocr_par' dir='ltr' id='par_1_43' title="bbox 2242 1822 3838 1893">
     <span class='ocr_line' id='line_1_43' title="bbox 2242 1822 3838 1893; baseline 0.006 -15"><span class='ocrx_word' id='word_1_358' title='bbox 2242 1832 2456 1893; x_wconf 89' lang='lat' dir='ltr'><strong>sumptu</strong></span> <span class='ocrx_word' id='word_1_359' title='bbox 2477 1864 2493 1888; x_wconf 83' lang='lat'><strong>,</strong></span> <span class='ocrx_word' id='word_1_360' title='bbox 2537 1836 2642 1877; x_wconf 90' lang='lat' dir='ltr'><strong>non</strong></span> <span class='ocrx_word' id='word_1_361' title='bbox 2684 1822 2902 1890; x_wconf 88' lang='lat' dir='ltr'><strong>labore,</strong></span> <span class='ocrx_word' id='word_1_362' title='bbox 2933 1837 3039 1879; x_wconf 93' lang='lat' dir='ltr'><strong>non</strong></span> <span class='ocrx_word' id='word_1_363' title='bbox 3069 1822 3305 1881; x_wconf 86' lang='lat' dir='ltr'><strong>sudore:</strong></span> <span class='ocrx_word' id='word_1_364' title='bbox 3334 1824 3530 1881; x_wconf 85' lang='lat' dir='ltr'><strong>sul&#39;lieit</strong></span> <span class='ocrx_word' id='word_1_365' title='bbox 3562 1828 3737 1893; x_wconf 83' lang='lat' dir='ltr'><strong>velle,</strong></span> <span class='ocrx_word' id='word_1_366' title='bbox 3778 1840 3838 1888; x_wconf 81' lang='lat' dir='ltr'><strong>et</strong></span> 
     </span>
    </p>
   </div>
   <div class='ocr_carea' id='block_1_44' title="bbox 2243 1914 3834 1989">
    <p class='ocr_par' dir='ltr' id='par_1_44' title="bbox 2243 1914 3834 1989">
     <span class='ocr_line' id='line_1_44' title="bbox 2243 1914 3834 1989; baseline 0.004 -17"><span class='ocrx_word' id='word_1_367' title='bbox 2243 1914 2491 1974; x_wconf 83' lang='lat' dir='ltr'><strong>conlecta</strong></span> <span class='ocrx_word' id='word_1_368' title='bbox 2520 1923 2647 1970; x_wconf 91' lang='lat' dir='ltr'><strong>sunt</strong></span> <span class='ocrx_word' id='word_1_369' title='bbox 2668 1916 2865 1971; x_wconf 87' lang='lat' dir='ltr'><strong>omnia.</strong></span> <span class='ocrx_word' id='word_1_370' title='bbox 2896 1915 3011 1971; x_wconf 80' lang='lat' dir='ltr'><strong>Non</strong></span> <span class='ocrx_word' id='word_1_371' title='bbox 3035 1927 3114 1973; x_wconf 88' lang='lat' dir='ltr'><strong>est</strong></span> <span class='ocrx_word' id='word_1_372' title='bbox 3143 1932 3279 1987; x_wconf 90' lang='lat' dir='ltr'><strong>opus</strong></span> <span class='ocrx_word' id='word_1_373' title='bbox 3307 1934 3552 1989; x_wconf 86' lang='lat' dir='ltr'><strong>magnam</strong></span> <span class='ocrx_word' id='word_1_374' title='bbox 3576 1920 3714 1977; x_wconf 76' lang='lat' dir='ltr'><strong>riam</strong></span> <span class='ocrx_word' id='word_1_375' title='bbox 3743 1924 3834 1979; x_wconf 80' lang='lat' dir='ltr'><strong>in-</strong></span> 
     </span>
    </p>
   </div>
   <div class='ocr_carea' id='block_1_45' title="bbox 2242 2006 3837 2079">
    <p class='ocr_par' dir='ltr' id='par_1_45' title="bbox 2242 2006 3837 2079">
     <span class='ocr_line' id='line_1_45' title="bbox 2242 2006 3837 2079; baseline 0.003 -17"><span class='ocrx_word' id='word_1_376' title='bbox 2242 2006 2413 2079; x_wconf 89' lang='lat' dir='ltr'><strong>gredi,</strong></span> <span class='ocrx_word' id='word_1_377' title='bbox 2445 2021 2616 2076; x_wconf 88' lang='lat' dir='ltr'><strong>neque</strong></span> <span class='ocrx_word' id='word_1_378' title='bbox 2644 2007 2958 2062; x_wconf 86' lang='lat' dir='ltr'><strong>immensum</strong></span> <span class='ocrx_word' id='word_1_379' title='bbox 3007 2022 3154 2079; x_wconf 76' lang='lat' dir='ltr'><strong>mare</strong></span> <span class='ocrx_word' id='word_1_380' title='bbox 3182 2011 3561 2079; x_wconf 84' lang='lat' dir='ltr'><strong>transmittere,</strong></span> <span class='ocrx_word' id='word_1_381' title='bbox 3593 2013 3688 2069; x_wconf 88' lang='lat' dir='ltr'><strong>sed</strong></span> <span class='ocrx_word' id='word_1_382' title='bbox 3717 2027 3837 2068; x_wconf 80' lang='lat' dir='ltr'><strong>stu-</strong></span> 
     </span>
    </p>
   </div>
   <div class='ocr_carea' id='block_1_46' title="bbox 2237 2087 3823 2175">
    <p class='ocr_par' dir='ltr' id='par_1_46' title="bbox 2237 2087 3823 2175">
     <span class='ocr_line' id='line_1_46' title="bbox 2237 2087 3823 2175; baseline 0.008 -25"><span class='ocrx_word' id='word_1_383' title='bbox 2237 2099 2378 2152; x_wconf 85' lang='lat' dir='ltr'><strong>dium</strong></span> <span class='ocrx_word' id='word_1_384' title='bbox 2415 2098 2670 2155; x_wconf 88' lang='lat' dir='ltr'><strong>adhihere</strong></span> <span class='ocrx_word' id='word_1_385' title='bbox 2704 2110 2758 2156; x_wconf 92' lang='lat' dir='ltr'><strong>et</strong></span> <span class='ocrx_word' id='word_1_386' title='bbox 2792 2116 2911 2159; x_wconf 91' lang='lat' dir='ltr'><strong>csse</strong></span> <span class='ocrx_word' id='word_1_387' title='bbox 2951 2115 3194 2175; x_wconf 91' lang='lat' dir='ltr'><strong>prompto</strong></span> <span class='ocrx_word' id='word_1_388' title='bbox 3222 2117 3275 2161; x_wconf 89' lang='lat' dir='ltr'><strong>et</strong></span> <span class='ocrx_word' id='word_1_389' title='bbox 3301 2087 3468 2161; x_wconf 57' lang='lat' dir='ltr'><strong>alacri</strong></span> <span class='ocrx_word' id='word_1_390' title='bbox 3512 2108 3693 2161; x_wconf 86' lang='lat' dir='ltr'><strong>animo</strong></span> <span class='ocrx_word' id='word_1_391' title='bbox 3715 2147 3731 2171; x_wconf 90' lang='lat'><strong>,</strong></span> <span class='ocrx_word' id='word_1_392' title='bbox 3762 2115 3823 2162; x_wconf 90' lang='lat' dir='ltr'><strong>et</strong></span> 
     </span>
    </p>
   </div>
   <div class='ocr_carea' id='block_1_47' title="bbox 2240 2188 3823 2268">
    <p class='ocr_par' dir='ltr' id='par_1_47' title="bbox 2240 2188 3823 2268">
     <span class='ocr_line' id='line_1_47' title="bbox 2240 2188 3823 2268; baseline 0.007 -27"><span class='ocrx_word' id='word_1_393' title='bbox 2240 2188 2428 2258; x_wconf 75' lang='lat' dir='ltr'><strong>lingua:</strong></span> <span class='ocrx_word' id='word_1_394' title='bbox 2458 2188 2664 2245; x_wconf 77' lang='lat' dir='ltr'><strong>frenum</strong></span> <span class='ocrx_word' id='word_1_395' title='bbox 2684 2193 2955 2263; x_wconf 88' lang='lat' dir='ltr'><strong>imponere</strong></span> <span class='ocrx_word' id='word_1_396' title='bbox 2979 2205 3162 2251; x_wconf 87' lang='lat' dir='ltr'><strong>contra</strong></span> <span class='ocrx_word' id='word_1_397' title='bbox 3186 2198 3512 2268; x_wconf 81' lang='lat' dir='ltr'><strong>importnitas</strong></span> <span class='ocrx_word' id='word_1_398' title='bbox 3538 2208 3823 2253; x_wconf 87' lang='lat' dir='ltr'><strong>contume-</strong></span> 
     </span>
    </p>
   </div>
   <div class='ocr_carea' id='block_1_48' title="bbox 2238 2276 3819 2358">
    <p class='ocr_par' dir='ltr' id='par_1_48' title="bbox 2238 2276 3819 2358">
     <span class='ocr_line' id='line_1_48' title="bbox 2238 2276 3819 2358; baseline 0.007 -27"><span class='ocrx_word' id='word_1_399' title='bbox 2238 2278 2354 2332; x_wconf 86' lang='lat' dir='ltr'><strong>lias.</strong></span> <span class='ocrx_word' id='word_1_400' title='bbox 2389 2276 2530 2343; x_wconf 86' lang='lat' dir='ltr'><strong>iras,</strong></span> <span class='ocrx_word' id='word_1_401' title='bbox 2568 2280 2803 2351; x_wconf 85' lang='lat' dir='ltr'><strong>impuras</strong></span> <span class='ocrx_word' id='word_1_402' title='bbox 2842 2283 3125 2349; x_wconf 86' lang='lat' dir='ltr'><strong>libidines,</strong></span> <span class='ocrx_word' id='word_1_403' title='bbox 3152 2286 3408 2352; x_wconf 86' lang='lat' dir='ltr'><strong>delicias,</strong></span> <span class='ocrx_word' id='word_1_404' title='bbox 3433 2300 3689 2358; x_wconf 81' lang='lat' dir='ltr'><strong>sumptus</strong></span> <span class='ocrx_word' id='word_1_405' title='bbox 3731 2287 3819 2342; x_wconf 87' lang='lat' dir='ltr'><strong>ni-</strong></span> 
     </span>
    </p>
   </div>
   <div class='ocr_carea' id='block_1_49' title="bbox 2238 2372 3819 2449">
    <p class='ocr_par' dir='ltr' id='par_1_49' title="bbox 2238 2372 3819 2449">
     <span class='ocr_line' id='line_1_49' title="bbox 2238 2372 3819 2449; baseline 0.006 -26"><span class='ocrx_word' id='word_1_406' title='bbox 2238 2372 2409 2436; x_wconf 88' lang='lat' dir='ltr'><strong>mios,</strong></span> <span class='ocrx_word' id='word_1_407' title='bbox 2461 2374 2702 2442; x_wconf 71' lang='lat' dir='ltr'><strong>pecunia:</strong></span> <span class='ocrx_word' id='word_1_408' title='bbox 2742 2376 3062 2446; x_wconf 85' lang='lat' dir='ltr'><strong>cupiditates</strong></span> <span class='ocrx_word' id='word_1_409' title='bbox 3086 2420 3100 2445; x_wconf 93' lang='lat'><strong>,</strong></span> <span class='ocrx_word' id='word_1_410' title='bbox 3136 2378 3364 2449; x_wconf 88' lang='lat' dir='ltr'><strong>perjuria</strong></span> <span class='ocrx_word' id='word_1_411' title='bbox 3415 2390 3471 2435; x_wconf 92' lang='lat' dir='ltr'><strong>et</strong></span> <span class='ocrx_word' id='word_1_412' title='bbox 3512 2380 3819 2449; x_wconf 77' lang='lat' dir='ltr'><strong>iuramenta</strong></span> 
     </span>
    </p>
   </div>
   <div class='ocr_carea' id='block_1_50' title="bbox 2236 2461 3819 2536">
    <p class='ocr_par' dir='ltr' id='par_1_50' title="bbox 2236 2461 3819 2536">
     <span class='ocr_line' id='line_1_50' title="bbox 2236 2461 3819 2536; baseline 0.008 -23"><span class='ocrx_word' id='word_1_413' title='bbox 2236 2461 2447 2515; x_wconf 85' lang='lat' dir='ltr'><strong>assidua</strong></span> <span class='ocrx_word' id='word_1_414' title='bbox 2478 2478 2506 2516; x_wconf 89' lang='lat' dir='ltr'><strong>a</strong></span> <span class='ocrx_word' id='word_1_415' title='bbox 2540 2474 2715 2519; x_wconf 82' lang='lat' dir='ltr'><strong>nostra</strong></span> <span class='ocrx_word' id='word_1_416' title='bbox 2740 2468 3082 2536; x_wconf 85' lang='lat' dir='ltr'><strong>expellamus</strong></span> <span class='ocrx_word' id='word_1_417' title='bbox 3108 2470 3309 2525; x_wconf 88' lang='lat' dir='ltr'><strong>anima.</strong></span> <span class='ocrx_word' id='word_1_418' title='bbox 3342 2469 3399 2526; x_wconf 91' lang='lat' dir='ltr'><strong>Si</strong></span> <span class='ocrx_word' id='word_1_419' title='bbox 3429 2486 3527 2525; x_wconf 83' lang='lat' dir='ltr'><strong>nos</strong></span> <span class='ocrx_word' id='word_1_420' title='bbox 3551 2472 3630 2527; x_wconf 89' lang='lat' dir='ltr'><strong>sic</strong></span> <span class='ocrx_word' id='word_1_421' title='bbox 3667 2471 3819 2526; x_wconf 74' lang='lat' dir='ltr'><strong>cola—</strong></span> 
     </span>
    </p>
   </div>
   <div class='ocr_carea' id='block_1_51' title="bbox 2237 2554 3819 2627">
    <p class='ocr_par' dir='ltr' id='par_1_51' title="bbox 2237 2554 3819 2627">
     <span class='ocr_line' id='line_1_51' title="bbox 2237 2554 3819 2627; baseline 0.008 -23"><span class='ocrx_word' id='word_1_422' title='bbox 2237 2566 2388 2619; x_wconf 88' lang='lat' dir='ltr'><strong>mus,</strong></span> <span class='ocrx_word' id='word_1_423' title='bbox 2420 2554 2601 2625; x_wconf 89' lang='lat' dir='ltr'><strong>spinas</strong></span> <span class='ocrx_word' id='word_1_424' title='bbox 2637 2570 2758 2625; x_wconf 80' lang='lat' dir='ltr'><strong>qua:</strong></span> <span class='ocrx_word' id='word_1_425' title='bbox 2801 2557 2947 2626; x_wconf 90' lang='lat' dir='ltr'><strong>prius</strong></span> <span class='ocrx_word' id='word_1_426' title='bbox 2974 2569 3129 2614; x_wconf 87' lang='lat' dir='ltr'><strong>erant</strong></span> <span class='ocrx_word' id='word_1_427' title='bbox 3171 2560 3463 2617; x_wconf 82' lang='lat' dir='ltr'><strong>evellentes</strong></span> <span class='ocrx_word' id='word_1_428' title='bbox 3487 2604 3503 2627; x_wconf 88' lang='lat'><strong>,</strong></span> <span class='ocrx_word' id='word_1_429' title='bbox 3533 2572 3589 2617; x_wconf 92' lang='lat' dir='ltr'><strong>et</strong></span> <span class='ocrx_word' id='word_1_430' title='bbox 3630 2575 3819 2616; x_wconf 87' lang='lat' dir='ltr'><strong>semen</strong></span> 
     </span>
    </p>
   </div>
   <div class='ocr_carea' id='block_1_52' title="bbox 2237 2632 3821 2721">
    <p class='ocr_par' dir='ltr' id='par_1_52' title="bbox 2237 2632 3821 2721">
     <span class='ocr_line' id='line_1_52' title="bbox 2237 2632 3821 2721; baseline 0.006 -24"><span class='ocrx_word' id='word_1_431' title='bbox 2237 2644 2452 2699; x_wconf 75' lang='lat' dir='ltr'><strong>easieste</strong></span> <span class='ocrx_word' id='word_1_432' title='bbox 2483 2644 2804 2715; x_wconf 78' lang='lat' dir='ltr'><strong>injicientes,</strong></span> <span class='ocrx_word' id='word_1_433' title='bbox 2834 2632 3133 2719; x_wconf 70' lang='lat' dir='ltr'><strong>poterimus</strong></span> <span class='ocrx_word' id='word_1_434' title='bbox 3160 2652 3296 2706; x_wconf 88' lang='lat' dir='ltr'><strong>bona</strong></span> <span class='ocrx_word' id='word_1_435' title='bbox 3330 2653 3593 2721; x_wconf 89' lang='lat' dir='ltr'><strong>promissa</strong></span> <span class='ocrx_word' id='word_1_436' title='bbox 3623 2666 3821 2707; x_wconf 72' lang='lat' dir='ltr'><strong>conse-</strong></span> 
     </span>
    </p>
   </div>
   <div class='ocr_carea' id='block_1_53' title="bbox 558 2739 3824 2821">
    <p class='ocr_par' dir='ltr' id='par_1_53' title="bbox 558 2739 3824 2821">
     <span class='ocr_line' id='line_1_53' title="bbox 558 2739 3824 2821; baseline 0.002 -16"><span class='ocrx_word' id='word_1_437' title='bbox 558 2753 636 2807; x_wconf 87' lang='lat' dir='ltr'><strong>sic</strong></span> <span class='ocrx_word' id='word_1_438' title='bbox 664 2750 876 2821; x_wconf 85' lang='lat' dir='ltr'><strong>quidem</strong></span> <span class='ocrx_word' id='word_1_439' title='bbox 908 2749 1083 2805; x_wconf 81' lang='lat' dir='ltr'><strong>facere</strong></span> <span class='ocrx_word' id='word_1_440' title='bbox 1104 2790 1120 2814; x_wconf 87' lang='lat'><strong>,</strong></span> <span class='ocrx_word' id='word_1_441' title='bbox 1164 2752 1268 2803; x_wconf 90' lang='lat' dir='ltr'><strong>hoc</strong></span> <span class='ocrx_word' id='word_1_442' title='bbox 1293 2758 1375 2803; x_wconf 82' lang='lat' dir='ltr'><strong>est</strong></span> <span class='ocrx_word' id='word_1_443' title='bbox 1424 2747 1704 2802; x_wconf 92' lang='lat' dir='ltr'><strong>Dominum</strong></span> <span class='ocrx_word' id='word_1_444' title='bbox 1738 2748 1951 2805; x_wconf 85' lang='lat' dir='ltr'><strong>irritare</strong></span> <span class='ocrx_word' id='word_1_445' title='bbox 1980 2765 1993 2802; x_wconf 91' lang='lat'>:</span> <span class='ocrx_word' id='word_1_446' title='bbox 2037 2750 2131 2803; x_wconf 85' lang='lat' dir='ltr'><strong>sed</strong></span> <span class='ocrx_word' id='word_1_447' title='bbox 2229 2739 2342 2809; x_wconf 87' lang='lat' dir='ltr'><strong>qui.</strong></span> <span class='ocrx_word' id='word_1_448' title='bbox 2392 2739 2589 2797; x_wconf 72' lang='lat' dir='ltr'><strong>Veniet</strong></span> <span class='ocrx_word' id='word_1_449' title='bbox 2612 2743 2756 2799; x_wconf 89' lang='lat' dir='ltr'><strong>enim</strong></span> <span class='ocrx_word' id='word_1_450' title='bbox 2795 2745 3027 2817; x_wconf 66' lang='lat' dir='ltr'><strong>agricola</strong></span> <span class='ocrx_word' id='word_1_451' title='bbox 3053 2788 3071 2812; x_wconf 69' lang='grc' dir='ltr'><strong>ο</strong></span> <span class='ocrx_word' id='word_1_452' title='bbox 3101 2757 3155 2802; x_wconf 77' lang='grc' dir='ltr'><strong>οι</strong></span> <span class='ocrx_word' id='word_1_453' title='bbox 3200 2764 3296 2803; x_wconf 76' lang='lat' dir='ltr'><strong>nos</strong></span> <span class='ocrx_word' id='word_1_454' title='bbox 3341 2762 3565 2820; x_wconf 68' lang='lat' dir='ltr'><strong>reponet</strong></span> <span class='ocrx_word' id='word_1_455' title='bbox 3612 2752 3667 2806; x_wconf 80' lang='lat' dir='ltr'><strong>in</strong></span> <span class='ocrx_word' id='word_1_456' title='bbox 3694 2752 3824 2807; x_wconf 77' lang='lat' dir='ltr'><strong>hor-</strong></span> 
     </span>
    </p>
   </div>
   <div class='ocr_carea' id='block_1_54' title="bbox 559 2836 2129 2911">
    <p class='ocr_par' dir='ltr' id='par_1_54' title="bbox 559 2836 2129 2911">
     <span class='ocr_line' id='line_1_54' title="bbox 559 2836 2129 2911; baseline -0.003 -16"><span class='ocrx_word' id='word_1_457' title='bbox 559 2842 672 2909; x_wconf 82' lang='lat' dir='ltr'><strong>ipse</strong></span> <span class='ocrx_word' id='word_1_458' title='bbox 699 2855 910 2911; x_wconf 90' lang='lat' dir='ltr'><strong>quoque</strong></span> <span class='ocrx_word' id='word_1_459' title='bbox 944 2839 1107 2895; x_wconf 87' lang='lat' dir='ltr'><strong>timeo</strong></span> <span class='ocrx_word' id='word_1_460' title='bbox 1143 2837 1287 2893; x_wconf 87' lang='lat' dir='ltr'><strong>aliud</strong></span> <span class='ocrx_word' id='word_1_461' title='bbox 1331 2836 1623 2907; x_wconf 90' lang='lat' dir='ltr'><strong>periculum</strong></span> <span class='ocrx_word' id='word_1_462' title='bbox 1653 2838 1853 2893; x_wconf 88' lang='lat' dir='ltr'><strong>silentii</strong></span> <span class='ocrx_word' id='word_1_463' title='bbox 1875 2879 1889 2902; x_wconf 83' lang='lat'><strong>,</strong></span> <span class='ocrx_word' id='word_1_464' title='bbox 1920 2839 1964 2893; x_wconf 87' lang='lat' dir='ltr'><strong>si</strong></span> <span class='ocrx_word' id='word_1_465' title='bbox 2000 2839 2129 2893; x_wconf 59' lang='lat' dir='ltr'><strong>laci.</strong></span> 
     </span>
    </p>
   </div>
   <div class='ocr_carea' id='block_1_55' title="bbox 564 2929 2130 2995">
    <p class='ocr_par' dir='ltr' id='par_1_55' title="bbox 564 2929 2130 2995">
     <span class='ocr_line' id='line_1_55' title="bbox 564 2929 2130 2995; baseline 0 -10"><span class='ocrx_word' id='word_1_466' title='bbox 564 2941 713 2985; x_wconf 90' lang='lat' dir='ltr'><strong>turns</strong></span> <span class='ocrx_word' id='word_1_467' title='bbox 740 2932 839 2984; x_wconf 86' lang='lat' dir='ltr'><strong>sim</strong></span> <span class='ocrx_word' id='word_1_468' title='bbox 866 2972 881 2995; x_wconf 86' lang='lat'><strong>,</strong></span> <span class='ocrx_word' id='word_1_469' title='bbox 909 2944 1031 2984; x_wconf 91' lang='lat' dir='ltr'><strong>cum</strong></span> <span class='ocrx_word' id='word_1_470' title='bbox 1060 2929 1209 2985; x_wconf 79' lang='lat' dir='ltr'><strong>verbi</strong></span> <span class='ocrx_word' id='word_1_471' title='bbox 1238 2929 1591 2984; x_wconf 87' lang='lat' dir='ltr'><strong>ministerium</strong></span> <span class='ocrx_word' id='word_1_472' title='bbox 1621 2931 1686 2984; x_wconf 90' lang='lat' dir='ltr'><strong>sit</strong></span> <span class='ocrx_word' id='word_1_473' title='bbox 1718 2931 1847 2985; x_wconf 90' lang='lat' dir='ltr'><strong>mihi</strong></span> <span class='ocrx_word' id='word_1_474' title='bbox 1877 2931 2130 2993; x_wconf 81' lang='lat' dir='ltr'><strong>commis-</strong></span> 
     </span>
    </p>
   </div>
   <div class='ocr_carea' id='block_1_56' title="bbox 562 3020 2135 3091">
    <p class='ocr_par' dir='ltr' id='par_1_56' title="bbox 562 3020 2135 3091">
     <span class='ocr_line' id='line_1_56' title="bbox 562 3020 2135 3091; baseline 0.001 -17"><span class='ocrx_word' id='word_1_475' title='bbox 562 3037 704 3076; x_wconf 86' lang='lat' dir='ltr'><strong>sum.</strong></span> <span class='ocrx_word' id='word_1_476' title='bbox 738 3021 874 3089; x_wconf 86' lang='lat' dir='ltr'><strong>Quid</strong></span> <span class='ocrx_word' id='word_1_477' title='bbox 902 3036 1030 3091; x_wconf 92' lang='lat' dir='ltr'><strong>ergo</strong></span> <span class='ocrx_word' id='word_1_478' title='bbox 1060 3020 1315 3076; x_wconf 81' lang='lat' dir='ltr'><strong>iaciemus</strong></span> <span class='ocrx_word' id='word_1_479' title='bbox 1343 3029 1399 3073; x_wconf 93' lang='lat' dir='ltr'><strong>ut</strong></span> <span class='ocrx_word' id='word_1_480' title='bbox 1423 3020 1553 3074; x_wconf 82' lang='lat' dir='ltr'><strong>salvi</strong></span> <span class='ocrx_word' id='word_1_481' title='bbox 1577 3020 1783 3073; x_wconf 87' lang='lat' dir='ltr'><strong>simus?</strong></span> <span class='ocrx_word' id='word_1_482' title='bbox 1813 3020 2135 3090; x_wconf 84' lang='lat' dir='ltr'><strong>incipiamus</strong></span> 
     </span>
    </p>
   </div>
   <div class='ocr_carea' id='block_1_57' title="bbox 562 3110 2135 3182">
    <p class='ocr_par' dir='ltr' id='par_1_57' title="bbox 562 3110 2135 3182">
     <span class='ocr_line' id='line_1_57' title="bbox 562 3110 2135 3182; baseline -0.001 -14"><span class='ocrx_word' id='word_1_483' title='bbox 562 3130 626 3168; x_wconf 82' lang='lat' dir='ltr'><strong>ex</strong></span> <span class='ocrx_word' id='word_1_484' title='bbox 683 3116 876 3168; x_wconf 89' lang='lat' dir='ltr'><strong>virtute</strong></span> <span class='ocrx_word' id='word_1_485' title='bbox 920 3114 1133 3179; x_wconf 82' lang='lat' dir='ltr'><strong>vivere,</strong></span> <span class='ocrx_word' id='word_1_486' title='bbox 1163 3110 1289 3166; x_wconf 87' lang='lat' dir='ltr'><strong>dum</strong></span> <span class='ocrx_word' id='word_1_487' title='bbox 1335 3120 1545 3182; x_wconf 87' lang='lat' dir='ltr'><strong>tempus</strong></span> <span class='ocrx_word' id='word_1_488' title='bbox 1588 3110 2135 3168; x_wconf 78' lang='lat' dir='ltr'><strong>habemuszvirtutes</strong></span> 
     </span>
    </p>
   </div>
   <div class='ocr_carea' id='block_1_58' title="bbox 564 3201 2137 3274">
    <p class='ocr_par' dir='ltr' id='par_1_58' title="bbox 564 3201 2137 3274">
     <span class='ocr_line' id='line_1_58' title="bbox 564 3201 2137 3274; baseline 0.002 -16"><span class='ocrx_word' id='word_1_489' title='bbox 564 3204 719 3258; x_wconf 85' lang='lat' dir='ltr'><strong>nobis</strong></span> <span class='ocrx_word' id='word_1_490' title='bbox 740 3203 1153 3265; x_wconf 75' lang='lat' dir='ltr'><strong>distribuamus,</strong></span> <span class='ocrx_word' id='word_1_491' title='bbox 1176 3201 1317 3256; x_wconf 88' lang='lat' dir='ltr'><strong>sicut</strong></span> <span class='ocrx_word' id='word_1_492' title='bbox 1350 3202 1731 3271; x_wconf 84' lang='lat' dir='ltr'><strong>agriculturam</strong></span> <span class='ocrx_word' id='word_1_493' title='bbox 1758 3203 2008 3274; x_wconf 77' lang='lat' dir='ltr'><strong>agricola:</strong></span> <span class='ocrx_word' id='word_1_494' title='bbox 2033 3220 2047 3260; x_wconf 90' lang='lat'><strong>:</strong></span> <span class='ocrx_word' id='word_1_495' title='bbox 2084 3204 2137 3261; x_wconf 86' lang='lat' dir='ltr'><strong>iu</strong></span> 
     </span>
    </p>
   </div>
   <div class='ocr_carea' id='block_1_59' title="bbox 2246 2835 3824 2910">
    <p class='ocr_par' dir='ltr' id='par_1_59' title="bbox 2246 2835 3824 2910">
     <span class='ocr_line' id='line_1_59' title="bbox 2246 2835 3824 2910; baseline 0.008 -25"><span class='ocrx_word' id='word_1_496' title='bbox 2246 2845 2420 2895; x_wconf 84' lang='lat' dir='ltr'><strong>reum,</strong></span> <span class='ocrx_word' id='word_1_497' title='bbox 2448 2842 2503 2889; x_wconf 92' lang='lat' dir='ltr'><strong>et</strong></span> <span class='ocrx_word' id='word_1_498' title='bbox 2528 2835 2665 2889; x_wconf 87' lang='lat' dir='ltr'><strong>bona</strong></span> <span class='ocrx_word' id='word_1_499' title='bbox 2695 2836 2873 2891; x_wconf 90' lang='lat' dir='ltr'><strong>omnia</strong></span> <span class='ocrx_word' id='word_1_500' title='bbox 2900 2851 3327 2910; x_wconf 88' lang='lat' dir='ltr'><strong>consequemur:</strong></span> <span class='ocrx_word' id='word_1_501' title='bbox 3352 2857 3471 2910; x_wconf 74' lang='lat' dir='ltr'><strong>qua:</strong></span> <span class='ocrx_word' id='word_1_502' title='bbox 3491 2840 3647 2897; x_wconf 82' lang='lat' dir='ltr'><strong>detur</strong></span> <span class='ocrx_word' id='word_1_503' title='bbox 3669 2843 3824 2898; x_wconf 85' lang='lat' dir='ltr'><strong>nobis</strong></span> 
     </span>
    </p>
   </div>
   <div class='ocr_carea' id='block_1_60' title="bbox 2248 2925 3824 3004">
    <p class='ocr_par' dir='ltr' id='par_1_60' title="bbox 2248 2925 3824 3004">
     <span class='ocr_line' id='line_1_60' title="bbox 2248 2925 3824 3004; baseline 0.008 -27"><span class='ocrx_word' id='word_1_504' title='bbox 2248 2925 2493 2979; x_wconf 88' lang='lat' dir='ltr'><strong>omnibus</strong></span> <span class='ocrx_word' id='word_1_505' title='bbox 2520 2926 2767 2983; x_wconf 89' lang='lat' dir='ltr'><strong>obtinere</strong></span> <span class='ocrx_word' id='word_1_506' title='bbox 2790 2968 2807 2995; x_wconf 98' lang='lat'><strong>,</strong></span> <span class='ocrx_word' id='word_1_507' title='bbox 2836 2930 3007 2998; x_wconf 87' lang='lat' dir='ltr'><strong>gratia</strong></span> <span class='ocrx_word' id='word_1_508' title='bbox 3038 2943 3091 2985; x_wconf 82' lang='lat' dir='ltr'><strong>et</strong></span> <span class='ocrx_word' id='word_1_509' title='bbox 3124 2932 3450 3004; x_wconf 89' lang='lat' dir='ltr'><strong>benignitate</strong></span> <span class='ocrx_word' id='word_1_510' title='bbox 3477 2934 3685 2989; x_wconf 89' lang='lat' dir='ltr'><strong>Domini</strong></span> <span class='ocrx_word' id='word_1_511' title='bbox 3719 2952 3824 2991; x_wconf 87' lang='lat' dir='ltr'><strong>no-</strong></span> 
     </span>
    </p>
   </div>
   <div class='ocr_carea' id='block_1_61' title="bbox 2248 3015 3917 3091">
    <p class='ocr_par' dir='ltr' id='par_1_61' title="bbox 2248 3015 3917 3091">
     <span class='ocr_line' id='line_1_61' title="bbox 2248 3015 3917 3091; baseline 0.008 -22"><span class='ocrx_word' id='word_1_512' title='bbox 2248 3015 2344 3069; x_wconf 87' lang='lat' dir='ltr'><strong>stri</strong></span> <span class='ocrx_word' id='word_1_513' title='bbox 2375 3016 2500 3072; x_wconf 83' lang='lat' dir='ltr'><strong>Jesu</strong></span> <span class='ocrx_word' id='word_1_514' title='bbox 2528 3017 2771 3085; x_wconf 89' lang='lat' dir='ltr'><strong>Christi,</strong></span> <span class='ocrx_word' id='word_1_515' title='bbox 2826 3034 2946 3075; x_wconf 92' lang='lat' dir='ltr'><strong>cum</strong></span> <span class='ocrx_word' id='word_1_516' title='bbox 2993 3037 3099 3091; x_wconf 91' lang='lat' dir='ltr'><strong>quo</strong></span> <span class='ocrx_word' id='word_1_517' title='bbox 3131 3022 3275 3079; x_wconf 84' lang='lat' dir='ltr'><strong>Patri</strong></span> <span class='ocrx_word' id='word_1_518' title='bbox 3320 3040 3423 3080; x_wconf 90' lang='lat' dir='ltr'><strong>una</strong></span> <span class='ocrx_word' id='word_1_519' title='bbox 3462 3042 3584 3081; x_wconf 90' lang='lat' dir='ltr'><strong>cum</strong></span> <span class='ocrx_word' id='word_1_520' title='bbox 3635 3038 3823 3083; x_wconf 87' lang='lat' dir='ltr'><strong>sancto</strong></span> <span class='ocrx_word' id='word_1_521' title='bbox 3908 3016 3917 3023; x_wconf 46' lang='grc'><em>“</em></span> 
     </span>
    </p>
   </div>
   <div class='ocr_carea' id='block_1_62' title="bbox 2247 3105 3826 3186">
    <p class='ocr_par' dir='ltr' id='par_1_62' title="bbox 2247 3105 3826 3186">
     <span class='ocr_line' id='line_1_62' title="bbox 2247 3105 3826 3186; baseline 0.008 -25"><span class='ocrx_word' id='word_1_522' title='bbox 2247 3105 2447 3175; x_wconf 82' lang='lat' dir='ltr'><strong>Spiritu</strong></span> <span class='ocrx_word' id='word_1_523' title='bbox 2473 3108 2643 3178; x_wconf 88' lang='lat' dir='ltr'><strong>gloria</strong></span> <span class='ocrx_word' id='word_1_524' title='bbox 2670 3152 2684 3176; x_wconf 87' lang='lat'><strong>,</strong></span> <span class='ocrx_word' id='word_1_525' title='bbox 2717 3111 2997 3182; x_wconf 85' lang='lat' dir='ltr'><strong>imperium</strong></span> <span class='ocrx_word' id='word_1_526' title='bbox 3024 3154 3039 3177; x_wconf 88' lang='lat'><strong>,</strong></span> <span class='ocrx_word' id='word_1_527' title='bbox 3088 3113 3259 3169; x_wconf 89' lang='lat' dir='ltr'><strong>honor</strong></span> <span class='ocrx_word' id='word_1_528' title='bbox 3287 3126 3339 3171; x_wconf 92' lang='lat' dir='ltr'><strong>et</strong></span> <span class='ocrx_word' id='word_1_529' title='bbox 3367 3116 3610 3172; x_wconf 90' lang='lat' dir='ltr'><strong>adoratio</strong></span> <span class='ocrx_word' id='word_1_530' title='bbox 3628 3159 3644 3186; x_wconf 87' lang='lat'><strong>,</strong></span> <span class='ocrx_word' id='word_1_531' title='bbox 3679 3134 3826 3175; x_wconf 87' lang='lat' dir='ltr'><strong>nunc</strong></span> 
     </span>
    </p>
   </div>
   <div class='ocr_carea' id='block_1_63' title="bbox 2247 3201 3537 3267">
    <p class='ocr_par' dir='ltr' id='par_1_63' title="bbox 2247 3201 3537 3267">
     <span class='ocr_line' id='line_1_63' title="bbox 2247 3201 3537 3267; baseline 0.008 -14"><span class='ocrx_word' id='word_1_532' title='bbox 2247 3208 2300 3253; x_wconf 89' lang='lat' dir='ltr'><strong>et</strong></span> <span class='ocrx_word' id='word_1_533' title='bbox 2328 3214 2561 3267; x_wconf 83' lang='lat' dir='ltr'><strong>semper,</strong></span> <span class='ocrx_word' id='word_1_534' title='bbox 2588 3210 2643 3256; x_wconf 91' lang='lat' dir='ltr'><strong>et</strong></span> <span class='ocrx_word' id='word_1_535' title='bbox 2669 3201 2720 3255; x_wconf 90' lang='lat' dir='ltr'><strong>in</strong></span> <span class='ocrx_word' id='word_1_536' title='bbox 2751 3203 2946 3258; x_wconf 62' lang='lat' dir='ltr'><strong>saecula</strong></span> <span class='ocrx_word' id='word_1_537' title='bbox 2977 3205 3314 3262; x_wconf 75' lang='lat' dir='ltr'><strong>Stecuiorum.</strong></span> <span class='ocrx_word' id='word_1_538' title='bbox 3344 3210 3537 3265; x_wconf 81' lang='lat' dir='ltr'><strong>Amen.</strong></span> 
     </span>
    </p>
   </div>
   <div class='ocr_carea' id='block_1_64' title="bbox 567 3359 3801 3390">
    <p class='ocr_par' dir='ltr' id='par_1_64' title="bbox 567 3359 3801 3390">
     <span class='ocr_line' id='line_1_64' title="bbox 567 3359 3801 3390; baseline 0.001 -19"><span class='ocrx_word' id='word_1_539' title='bbox 567 3359 3801 3390; x_wconf 52' lang='grc' dir='ltr'>Ἦ</span> 
     </span>
    </p>
   </div>
   <div class='ocr_carea' id='block_1_65' title="bbox 1952 3437 2545 3503">
    <p class='ocr_par' dir='ltr' id='par_1_65' title="bbox 1952 3437 2545 3503">
     <span class='ocr_line' id='line_1_65' title="bbox 1952 3437 2545 3503; baseline 0.007 -3"><span class='ocrx_word' id='word_1_540' title='bbox 1952 3437 2300 3501; x_wconf 79' lang='lat' dir='ltr'><strong>HOMILIA</strong></span> <span class='ocrx_word' id='word_1_541' title='bbox 2341 3439 2545 3503; x_wconf 82' lang='lat' dir='ltr'><strong>XXV.</strong></span> 
     </span>
    </p>
   </div>
   <div class='ocr_carea' id='block_1_66' title="bbox 562 3557 2138 3629">
    <p class='ocr_par' dir='ltr' id='par_1_66' title="bbox 562 3557 2138 3629">
     <span class='ocr_line' id='line_1_66' title="bbox 562 3557 2138 3629; baseline 0 -16"><span class='ocrx_word' id='word_1_542' title='bbox 562 3558 688 3613; x_wconf 75' lang='lat' dir='ltr'><strong>Car.</strong></span> <span class='ocrx_word' id='word_1_543' title='bbox 722 3558 804 3613; x_wconf 92' lang='grc'><strong>11.</strong></span> <span class='ocrx_word' id='word_1_544' title='bbox 843 3558 929 3613; x_wconf 86' lang='grc'>17.</span> <span class='ocrx_word' id='word_1_545' title='bbox 967 3557 1096 3611; x_wconf 78' lang='lat' dir='ltr'><strong>Fide</strong></span> <span class='ocrx_word' id='word_1_546' title='bbox 1126 3559 1316 3614; x_wconf 75' lang='lat' dir='ltr'><strong>obtulit</strong></span> <span class='ocrx_word' id='word_1_547' title='bbox 1342 3561 1596 3614; x_wconf 80' lang='lat' dir='ltr'><strong>Abraham</strong></span> <span class='ocrx_word' id='word_1_548' title='bbox 1618 3560 1800 3629; x_wconf 83' lang='lat' dir='ltr'><strong>Isaac,</strong></span> <span class='ocrx_word' id='word_1_549' title='bbox 1831 3577 1943 3614; x_wconf 88' lang='lat' dir='ltr'><strong>cum</strong></span> <span class='ocrx_word' id='word_1_550' title='bbox 1974 3570 2138 3616; x_wconf 85' lang='lat' dir='ltr'><strong>tenta-</strong></span> 
     </span>
    </p>
   </div>
   <div class='ocr_carea' id='block_1_67' title="bbox 630 3650 2139 3722">
    <p class='ocr_par' dir='ltr' id='par_1_67' title="bbox 630 3650 2139 3722">
     <span class='ocr_line' id='line_1_67' title="bbox 630 3650 2139 3722; baseline 0.003 -21"><span class='ocrx_word' id='word_1_551' title='bbox 630 3658 789 3714; x_wconf 81' lang='lat' dir='ltr'><strong>retur,</strong></span> <span class='ocrx_word' id='word_1_552' title='bbox 808 3658 855 3704; x_wconf 84' lang='lat' dir='ltr'><strong>ct</strong></span> <span class='ocrx_word' id='word_1_553' title='bbox 876 3650 1187 3720; x_wconf 78' lang='lat' dir='ltr'><strong>unigenitum</strong></span> <span class='ocrx_word' id='word_1_554' title='bbox 1203 3652 1367 3719; x_wconf 78' lang='lat' dir='ltr'><strong>ﬁlium</strong></span> <span class='ocrx_word' id='word_1_555' title='bbox 1383 3650 1643 3719; x_wconf 67' lang='lat' dir='ltr'><strong>oﬂ&#39;erebat,</strong></span> <span class='ocrx_word' id='word_1_556' title='bbox 1662 3653 1713 3705; x_wconf 90' lang='lat' dir='ltr'><strong>in</strong></span> <span class='ocrx_word' id='word_1_557' title='bbox 1732 3668 1832 3722; x_wconf 84' lang='lat' dir='ltr'><strong>quo</strong></span> <span class='ocrx_word' id='word_1_558' title='bbox 1846 3662 2139 3722; x_wconf 81' lang='lat' dir='ltr'><strong>susceperat</strong></span> 
     </span>
    </p>
   </div>
   <div class='ocr_carea' id='block_1_68' title="bbox 631 3741 2142 3811">
    <p class='ocr_par' dir='ltr' id='par_1_68' title="bbox 631 3741 2142 3811">
     <span class='ocr_line' id='line_1_68' title="bbox 631 3741 2142 3811; baseline 0.003 -19"><span class='ocrx_word' id='word_1_559' title='bbox 631 3741 1042 3809; x_wconf 83' lang='lat' dir='ltr'><strong>repromissiones</strong></span> <span class='ocrx_word' id='word_1_560' title='bbox 1062 3756 1080 3795; x_wconf 90' lang='lat'><strong><em>:</em></strong></span> <span class='ocrx_word' id='word_1_561' title='bbox 1098 3742 1183 3798; x_wconf 87' lang='grc'>18.</span> <span class='ocrx_word' id='word_1_562' title='bbox 1203 3742 1272 3795; x_wconf 91' lang='lat' dir='ltr'><strong>ad</strong></span> <span class='ocrx_word' id='word_1_563' title='bbox 1286 3759 1429 3807; x_wconf 85' lang='lat' dir='ltr'><strong>quem</strong></span> <span class='ocrx_word' id='word_1_564' title='bbox 1440 3743 1627 3797; x_wconf 82' lang='lat' dir='ltr'><strong>dictum</strong></span> <span class='ocrx_word' id='word_1_565' title='bbox 1643 3755 1726 3798; x_wconf 74' lang='lat' dir='ltr'><strong>est</strong></span> <span class='ocrx_word' id='word_1_566' title='bbox 1737 3787 1751 3811; x_wconf 92' lang='lat'><strong>,</strong></span> <span class='ocrx_word' id='word_1_567' title='bbox 1767 3746 1817 3798; x_wconf 90' lang='lat' dir='ltr'><strong>in</strong></span> <span class='ocrx_word' id='word_1_568' title='bbox 1832 3743 1981 3799; x_wconf 86' lang='lat' dir='ltr'><strong>Isaac</strong></span> <span class='ocrx_word' id='word_1_569' title='bbox 1995 3760 2142 3799; x_wconf 79' lang='lat' dir='ltr'><strong>voca-</strong></span> 
     </span>
    </p>
   </div>
   <div class='ocr_carea' id='block_1_69' title="bbox 634 3831 2140 3904">
    <p class='ocr_par' dir='ltr' id='par_1_69' title="bbox 634 3831 2140 3904">
     <span class='ocr_line' id='line_1_69' title="bbox 634 3831 2140 3904; baseline 0.004 -21"><span class='ocrx_word' id='word_1_570' title='bbox 634 3831 767 3883; x_wconf 86' lang='lat' dir='ltr'><strong>bitur</strong></span> <span class='ocrx_word' id='word_1_571' title='bbox 779 3831 869 3884; x_wconf 88' lang='lat' dir='ltr'><strong>tibi</strong></span> <span class='ocrx_word' id='word_1_572' title='bbox 883 3848 1047 3885; x_wconf 81' lang='lat' dir='ltr'><strong>semen</strong></span> <span class='ocrx_word' id='word_1_573' title='bbox 1065 3846 1085 3885; x_wconf 89' lang='lat'><strong><em>:</em></strong></span> <span class='ocrx_word' id='word_1_574' title='bbox 1101 3832 1185 3888; x_wconf 68' lang='lat'><strong>19.</strong></span> <span class='ocrx_word' id='word_1_575' title='bbox 1204 3832 1453 3887; x_wconf 86' lang='lat' dir='ltr'><strong>arbitrans</strong></span> <span class='ocrx_word' id='word_1_576' title='bbox 1468 3834 1603 3904; x_wconf 85' lang='lat' dir='ltr'><strong>quod</strong></span> <span class='ocrx_word' id='word_1_577' title='bbox 1613 3844 1659 3888; x_wconf 89' lang='lat' dir='ltr'><strong>et</strong></span> <span class='ocrx_word' id='word_1_578' title='bbox 1672 3850 1702 3885; x_wconf 88' lang='lat' dir='ltr'><strong>a</strong></span> <span class='ocrx_word' id='word_1_579' title='bbox 1718 3835 1922 3889; x_wconf 76' lang='lat' dir='ltr'><strong>mortuis</strong></span> <span class='ocrx_word' id='word_1_580' title='bbox 1936 3835 2140 3889; x_wconf 81' lang='lat' dir='ltr'><strong>suscita-</strong></span> 
     </span>
    </p>
   </div>
   <div class='ocr_carea' id='block_1_70' title="bbox 633 3915 2139 3995">
    <p class='ocr_par' dir='ltr' id='par_1_70' title="bbox 633 3915 2139 3995">
     <span class='ocr_line' id='line_1_70' title="bbox 633 3915 2139 3995; baseline 0.004 -20"><span class='ocrx_word' id='word_1_581' title='bbox 633 3939 688 3976; x_wconf 87' lang='lat' dir='ltr'><strong>re</strong></span> <span class='ocrx_word' id='word_1_582' title='bbox 702 3932 873 3992; x_wconf 77' lang='lat' dir='ltr'><strong>potens</strong></span> <span class='ocrx_word' id='word_1_583' title='bbox 892 3934 962 3977; x_wconf 85' lang='lat' dir='ltr'><strong>est</strong></span> <span class='ocrx_word' id='word_1_584' title='bbox 983 3924 1119 3979; x_wconf 82' lang='lat' dir='ltr'><strong>Deus</strong></span> <span class='ocrx_word' id='word_1_585' title='bbox 1141 3940 1161 3977; x_wconf 89' lang='lat'><strong><em>:</em></strong></span> <span class='ocrx_word' id='word_1_586' title='bbox 1180 3925 1313 3980; x_wconf 69' lang='lat' dir='ltr'><strong>unde</strong></span> <span class='ocrx_word' id='word_1_587' title='bbox 1326 3942 1439 3979; x_wconf 86' lang='lat' dir='ltr'><strong>eum</strong></span> <span class='ocrx_word' id='word_1_588' title='bbox 1468 3935 1515 3980; x_wconf 84' lang='lat' dir='ltr'><strong>et</strong></span> <span class='ocrx_word' id='word_1_589' title='bbox 1538 3926 1591 3979; x_wconf 86' lang='lat' dir='ltr'><strong>in</strong></span> <span class='ocrx_word' id='word_1_590' title='bbox 1611 3926 1902 3995; x_wconf 81' lang='lat' dir='ltr'><strong>parabolam</strong></span> <span class='ocrx_word' id='word_1_591' title='bbox 1924 3915 2139 3994; x_wconf 70' lang='lat' dir='ltr'><strong>accepit.</strong></span> 
     </span>
    </p>
   </div>
   <div class='ocr_carea' id='block_1_71' title="bbox 637 4014 2137 4087">
    <p class='ocr_par' dir='ltr' id='par_1_71' title="bbox 637 4014 2137 4087">
     <span class='ocr_line' id='line_1_71' title="bbox 637 4014 2137 4087; baseline 0.003 -19"><span class='ocrx_word' id='word_1_592' title='bbox 637 4015 691 4068; x_wconf 92' lang='grc'><strong>1.</strong></span> <span class='ocrx_word' id='word_1_593' title='bbox 719 4014 797 4085; x_wconf 86' lang='lat' dir='ltr'><strong>(a)</strong></span> <span class='ocrx_word' id='word_1_594' title='bbox 824 4014 1026 4071; x_wconf 78' lang='lat' dir='ltr'><strong>Revera</strong></span> <span class='ocrx_word' id='word_1_595' title='bbox 1048 4030 1235 4087; x_wconf 84' lang='lat' dir='ltr'><strong>magna</strong></span> <span class='ocrx_word' id='word_1_596' title='bbox 1268 4030 1357 4071; x_wconf 87' lang='lat' dir='ltr'><strong>res</strong></span> <span class='ocrx_word' id='word_1_597' title='bbox 1382 4024 1471 4072; x_wconf 89' lang='lat' dir='ltr'><strong>est</strong></span> <span class='ocrx_word' id='word_1_598' title='bbox 1501 4015 1633 4072; x_wconf 90' lang='lat' dir='ltr'><strong>lides</strong></span> <span class='ocrx_word' id='word_1_599' title='bbox 1654 4017 1902 4076; x_wconf 78' lang='lat' dir='ltr'><strong>Abrahze.</strong></span> <span class='ocrx_word' id='word_1_600' title='bbox 1930 4015 2062 4073; x_wconf 82' lang='lat' dir='ltr'><strong>Nam</strong></span> <span class='ocrx_word' id='word_1_601' title='bbox 2086 4018 2137 4073; x_wconf 93' lang='lat' dir='ltr'><strong>iu</strong></span> 
     </span>
    </p>
   </div>
   <div class='ocr_carea' id='block_1_72' title="bbox 568 4105 2136 4179">
    <p class='ocr_par' dir='ltr' id='par_1_72' title="bbox 568 4105 2136 4179">
     <span class='ocr_line' id='line_1_72' title="bbox 568 4105 2136 4179; baseline 0 -18"><span class='ocrx_word' id='word_1_602' title='bbox 568 4106 736 4161; x_wconf 70' lang='lat' dir='ltr'><strong>Abole</strong></span> <span class='ocrx_word' id='word_1_603' title='bbox 762 4116 817 4161; x_wconf 89' lang='lat' dir='ltr'><strong>et</strong></span> <span class='ocrx_word' id='word_1_604' title='bbox 841 4105 951 4161; x_wconf 81' lang='lat' dir='ltr'><strong>Noe</strong></span> <span class='ocrx_word' id='word_1_605' title='bbox 980 4114 1035 4161; x_wconf 89' lang='lat' dir='ltr'><strong>et</strong></span> <span class='ocrx_word' id='word_1_606' title='bbox 1061 4106 1241 4162; x_wconf 81' lang='lat' dir='ltr'><strong>Enocb</strong></span> <span class='ocrx_word' id='word_1_607' title='bbox 1262 4107 1497 4161; x_wconf 91' lang='lat' dir='ltr'><strong>solarum</strong></span> <span class='ocrx_word' id='word_1_608' title='bbox 1520 4108 1782 4163; x_wconf 86' lang='lat' dir='ltr'><strong>rationum</strong></span> <span class='ocrx_word' id='word_1_609' title='bbox 1803 4117 1918 4164; x_wconf 90' lang='lat' dir='ltr'><strong>erat</strong></span> <span class='ocrx_word' id='word_1_610' title='bbox 1942 4122 2136 4179; x_wconf 86' lang='lat' dir='ltr'><strong>pugna,</strong></span> 
     </span>
    </p>
   </div>
   <div class='ocr_carea' id='block_1_73' title="bbox 568 4195 2136 4267">
    <p class='ocr_par' dir='ltr' id='par_1_73' title="bbox 568 4195 2136 4267">
     <span class='ocr_line' id='line_1_73' title="bbox 568 4195 2136 4267; baseline 0 -15"><span class='ocrx_word' id='word_1_611' title='bbox 568 4209 623 4252; x_wconf 89' lang='lat' dir='ltr'><strong>ct</strong></span> <span class='ocrx_word' id='word_1_612' title='bbox 677 4196 933 4251; x_wconf 88' lang='lat' dir='ltr'><strong>humanas</strong></span> <span class='ocrx_word' id='word_1_613' title='bbox 968 4195 1212 4253; x_wconf 81' lang='lat' dir='ltr'><strong>rationes</strong></span> <span class='ocrx_word' id='word_1_614' title='bbox 1268 4197 1547 4267; x_wconf 88' lang='lat' dir='ltr'><strong>oportebat</strong></span> <span class='ocrx_word' id='word_1_615' title='bbox 1595 4212 1849 4267; x_wconf 90' lang='lat' dir='ltr'><strong>superare</strong></span> <span class='ocrx_word' id='word_1_616' title='bbox 1884 4214 1900 4254; x_wconf 89' lang='lat'><strong>:</strong></span> <span class='ocrx_word' id='word_1_617' title='bbox 1929 4197 2013 4252; x_wconf 92' lang='lat' dir='ltr'><strong>hic</strong></span> <span class='ocrx_word' id='word_1_618' title='bbox 2041 4213 2136 4252; x_wconf 89' lang='lat' dir='ltr'><strong>au-</strong></span> 
     </span>
    </p>
   </div>
   <div class='ocr_carea' id='block_1_74' title="bbox 572 4288 2138 4358">
    <p class='ocr_par' dir='ltr' id='par_1_74' title="bbox 572 4288 2138 4358">
     <span class='ocr_line' id='line_1_74' title="bbox 572 4288 2138 4358; baseline 0 -15"><span class='ocrx_word' id='word_1_619' title='bbox 572 4300 677 4345; x_wconf 89' lang='lat' dir='ltr'><strong>tem</strong></span> <span class='ocrx_word' id='word_1_620' title='bbox 726 4302 832 4343; x_wconf 89' lang='lat' dir='ltr'><strong>non</strong></span> <span class='ocrx_word' id='word_1_621' title='bbox 885 4288 1059 4343; x_wconf 86' lang='lat' dir='ltr'><strong>solum</strong></span> <span class='ocrx_word' id='word_1_622' title='bbox 1114 4288 1396 4356; x_wconf 81' lang='lat' dir='ltr'><strong>Oportebat</strong></span> <span class='ocrx_word' id='word_1_623' title='bbox 1446 4303 1700 4358; x_wconf 87' lang='lat' dir='ltr'><strong>superare</strong></span> <span class='ocrx_word' id='word_1_624' title='bbox 1750 4288 2009 4344; x_wconf 88' lang='lat' dir='ltr'><strong>lmmanas</strong></span> <span class='ocrx_word' id='word_1_625' title='bbox 2057 4304 2138 4343; x_wconf 89' lang='lat' dir='ltr'><strong>ra-</strong></span> 
     </span>
    </p>
   </div>
   <div class='ocr_carea' id='block_1_75' title="bbox 572 4378 2139 4451">
    <p class='ocr_par' dir='ltr' id='par_1_75' title="bbox 572 4378 2139 4451">
     <span class='ocr_line' id='line_1_75' title="bbox 572 4378 2139 4451; baseline 0 -16"><span class='ocrx_word' id='word_1_626' title='bbox 572 4382 763 4444; x_wconf 85' lang='lat' dir='ltr'><strong>tiones.</strong></span> <span class='ocrx_word' id='word_1_627' title='bbox 791 4380 883 4435; x_wconf 89' lang='lat' dir='ltr'><strong>sed</strong></span> <span class='ocrx_word' id='word_1_628' title='bbox 908 4379 1065 4435; x_wconf 88' lang='lat' dir='ltr'><strong>etiam</strong></span> <span class='ocrx_word' id='word_1_629' title='bbox 1093 4380 1289 4451; x_wconf 86' lang='lat' dir='ltr'><strong>aliquid</strong></span> <span class='ocrx_word' id='word_1_630' title='bbox 1316 4379 1546 4449; x_wconf 88' lang='lat' dir='ltr'><strong>amplius</strong></span> <span class='ocrx_word' id='word_1_631' title='bbox 1565 4379 1878 4435; x_wconf 89' lang='lat' dir='ltr'><strong>ostendere:</strong></span> <span class='ocrx_word' id='word_1_632' title='bbox 1900 4395 2019 4435; x_wconf 88' lang='lat' dir='ltr'><strong>nam</strong></span> <span class='ocrx_word' id='word_1_633' title='bbox 2048 4378 2139 4435; x_wconf 85' lang='lat' dir='ltr'><strong>Dei</strong></span> 
     </span>
    </p>
   </div>
   <div class='ocr_carea' id='block_1_76' title="bbox 570 4469 2139 4541">
    <p class='ocr_par' dir='ltr' id='par_1_76' title="bbox 570 4469 2139 4541">
     <span class='ocr_line' id='line_1_76' title="bbox 570 4469 2139 4541; baseline -0.001 -16"><span class='ocrx_word' id='word_1_634' title='bbox 570 4473 708 4527; x_wconf 79' lang='lat' dir='ltr'><strong>dicta</strong></span> <span class='ocrx_word' id='word_1_635' title='bbox 737 4471 1047 4526; x_wconf 82' lang='lat' dir='ltr'><strong>videbantur</strong></span> <span class='ocrx_word' id='word_1_636' title='bbox 1072 4486 1303 4541; x_wconf 84' lang='lat' dir='ltr'><strong>pugnare</strong></span> <span class='ocrx_word' id='word_1_637' title='bbox 1331 4486 1451 4525; x_wconf 89' lang='lat' dir='ltr'><strong>cum</strong></span> <span class='ocrx_word' id='word_1_638' title='bbox 1476 4470 1631 4527; x_wconf 90' lang='lat' dir='ltr'><strong>dictis</strong></span> <span class='ocrx_word' id='word_1_639' title='bbox 1657 4469 1770 4537; x_wconf 88' lang='lat' dir='ltr'><strong>Dei,</strong></span> <span class='ocrx_word' id='word_1_640' title='bbox 1797 4480 1850 4525; x_wconf 94' lang='lat' dir='ltr'><strong>et</strong></span> <span class='ocrx_word' id='word_1_641' title='bbox 1878 4469 2010 4526; x_wconf 84' lang='lat' dir='ltr'><strong>lldes</strong></span> <span class='ocrx_word' id='word_1_642' title='bbox 2041 4481 2139 4540; x_wconf 84' lang='lat' dir='ltr'><strong>pu-</strong></span> 
     </span>
    </p>
   </div>
   <div class='ocr_carea' id='block_1_77' title="bbox 570 4560 2141 4633">
    <p class='ocr_par' dir='ltr' id='par_1_77' title="bbox 570 4560 2141 4633">
     <span class='ocr_line' id='line_1_77' title="bbox 570 4560 2141 4633; baseline 0 -19"><span class='ocrx_word' id='word_1_643' title='bbox 570 4562 764 4633; x_wconf 79' lang='lat' dir='ltr'><strong>gnabat</strong></span> <span class='ocrx_word' id='word_1_644' title='bbox 806 4576 927 4617; x_wconf 88' lang='lat' dir='ltr'><strong>cum</strong></span> <span class='ocrx_word' id='word_1_645' title='bbox 977 4560 1077 4615; x_wconf 88' lang='lat' dir='ltr'><strong>lide</strong></span> <span class='ocrx_word' id='word_1_646' title='bbox 1104 4600 1121 4626; x_wconf 91' lang='lat'><strong>,</strong></span> <span class='ocrx_word' id='word_1_647' title='bbox 1163 4572 1216 4615; x_wconf 89' lang='lat' dir='ltr'><strong>et</strong></span> <span class='ocrx_word' id='word_1_648' title='bbox 1260 4562 1431 4628; x_wconf 67' lang='lat' dir='ltr'><strong>jus-sio</strong></span> <span class='ocrx_word' id='word_1_649' title='bbox 1476 4577 1597 4616; x_wconf 91' lang='lat' dir='ltr'><strong>cum</strong></span> <span class='ocrx_word' id='word_1_650' title='bbox 1644 4561 1999 4632; x_wconf 79' lang='lat' dir='ltr'><strong>pruinissione</strong></span> <span class='ocrx_word' id='word_1_651' title='bbox 2035 4579 2047 4615; x_wconf 92' lang='lat'>:</span> <span class='ocrx_word' id='word_1_652' title='bbox 2082 4571 2141 4615; x_wconf 93' lang='lat' dir='ltr'><strong>ut</strong></span> 
     </span>
    </p>
   </div>
   <div class='ocr_carea' id='block_1_78' title="bbox 571 4648 2142 4723">
    <p class='ocr_par' dir='ltr' id='par_1_78' title="bbox 571 4648 2142 4723">
     <span class='ocr_line' id='line_1_78' title="bbox 571 4648 2142 4723; baseline 0.001 -18"><span class='ocrx_word' id='word_1_653' title='bbox 571 4653 716 4708; x_wconf 85' lang='lat' dir='ltr'><strong>verbi</strong></span> <span class='ocrx_word' id='word_1_654' title='bbox 739 4653 929 4723; x_wconf 87' lang='lat' dir='ltr'><strong>gratia,</strong></span> <span class='ocrx_word' id='word_1_655' title='bbox 957 4651 1088 4705; x_wconf 87' lang='lat' dir='ltr'><strong>dixit</strong></span> <span class='ocrx_word' id='word_1_656' title='bbox 1118 4669 1130 4704; x_wconf 93' lang='lat'>:</span> <span class='ocrx_word' id='word_1_657' title='bbox 1165 4648 1416 4723; x_wconf 78' lang='lat' dir='ltr'><strong>Egredere</strong></span> <span class='ocrx_word' id='word_1_658' title='bbox 1434 4652 1496 4705; x_wconf 88' lang='lat' dir='ltr'><strong>de</strong></span> <span class='ocrx_word' id='word_1_659' title='bbox 1525 4661 1659 4705; x_wconf 86' lang='lat' dir='ltr'><strong>terra</strong></span> <span class='ocrx_word' id='word_1_660' title='bbox 1686 4652 1809 4706; x_wconf 89' lang='lat' dir='ltr'><strong>etde</strong></span> <span class='ocrx_word' id='word_1_661' title='bbox 1836 4654 2142 4723; x_wconf 80' lang='lat' dir='ltr'><strong>cognatione</strong></span> 
     </span>
    </p>
   </div>
   <div class='ocr_carea' id='block_1_79' title="bbox 572 4740 2139 4813">
    <p class='ocr_par' dir='ltr' id='par_1_79' title="bbox 572 4740 2139 4813">
     <span class='ocr_line' id='line_1_79' title="bbox 572 4740 2139 4813; baseline 0.001 -14"><span class='ocrx_word' id='word_1_662' title='bbox 572 4756 679 4813; x_wconf 86' lang='lat' dir='ltr'><strong>tua,</strong></span> <span class='ocrx_word' id='word_1_663' title='bbox 704 4756 750 4798; x_wconf 89' lang='lat' dir='ltr'><strong>et</strong></span> <span class='ocrx_word' id='word_1_664' title='bbox 775 4743 905 4797; x_wconf 83' lang='lat' dir='ltr'><strong>dabo</strong></span> <span class='ocrx_word' id='word_1_665' title='bbox 936 4743 1021 4796; x_wconf 82' lang='lat' dir='ltr'><strong>tibi</strong></span> <span class='ocrx_word' id='word_1_666' title='bbox 1045 4752 1225 4796; x_wconf 84' lang='lat' dir='ltr'><strong>terram</strong></span> <span class='ocrx_word' id='word_1_667' title='bbox 1245 4742 1374 4796; x_wconf 86' lang='lat' dir='ltr'><strong>hunc</strong></span> <span class='ocrx_word' id='word_1_668' title='bbox 1400 4740 1554 4813; x_wconf 73' lang='lat' dir='ltr'><strong>(Ceu.</strong></span> <span class='ocrx_word' id='word_1_669' title='bbox 1592 4740 1678 4796; x_wconf 71' lang='lat'><strong>12.</strong></span> <span class='ocrx_word' id='word_1_670' title='bbox 1704 4744 1757 4812; x_wconf 84' lang='lat' dir='ltr'><strong>l)</strong></span> <span class='ocrx_word' id='word_1_671' title='bbox 1784 4758 1799 4808; x_wconf 85' lang='lat'><strong>;</strong></span> <span class='ocrx_word' id='word_1_672' title='bbox 1826 4752 1881 4799; x_wconf 91' lang='lat' dir='ltr'><strong>et</strong></span> <span class='ocrx_word' id='word_1_673' title='bbox 1907 4759 2013 4799; x_wconf 90' lang='lat' dir='ltr'><strong>non</strong></span> <span class='ocrx_word' id='word_1_674' title='bbox 2042 4744 2139 4801; x_wconf 84' lang='lat' dir='ltr'><strong>de-</strong></span> 
     </span>
    </p>
   </div>
   <div class='ocr_carea' id='block_1_80' title="bbox 572 4835 2136 4906">
    <p class='ocr_par' dir='ltr' id='par_1_80' title="bbox 572 4835 2136 4906">
     <span class='ocr_line' id='line_1_80' title="bbox 572 4835 2136 4906; baseline -0.001 -12"><span class='ocrx_word' id='word_1_675' title='bbox 572 4839 651 4894; x_wconf 89' lang='lat' dir='ltr'><strong>dit</strong></span> <span class='ocrx_word' id='word_1_676' title='bbox 676 4839 726 4894; x_wconf 91' lang='lat' dir='ltr'><strong>ci</strong></span> <span class='ocrx_word' id='word_1_677' title='bbox 768 4838 1115 4892; x_wconf 79' lang='lat' dir='ltr'><strong>hereditatem</strong></span> <span class='ocrx_word' id='word_1_678' title='bbox 1147 4836 1197 4889; x_wconf 93' lang='lat' dir='ltr'><strong>in</strong></span> <span class='ocrx_word' id='word_1_679' title='bbox 1234 4850 1296 4890; x_wconf 90' lang='lat' dir='ltr'><strong>ea</strong></span> <span class='ocrx_word' id='word_1_680' title='bbox 1320 4878 1337 4900; x_wconf 89' lang='lat'><strong>,</strong></span> <span class='ocrx_word' id='word_1_681' title='bbox 1387 4852 1451 4889; x_wconf 76' lang='lat' dir='ltr'><strong>ne</strong></span> <span class='ocrx_word' id='word_1_682' title='bbox 1484 4850 1695 4905; x_wconf 88' lang='lat' dir='ltr'><strong>passum</strong></span> <span class='ocrx_word' id='word_1_683' title='bbox 1723 4835 1937 4906; x_wconf 84' lang='lat' dir='ltr'><strong>quidem</strong></span> <span class='ocrx_word' id='word_1_684' title='bbox 1967 4836 2136 4906; x_wconf 89' lang='lat' dir='ltr'><strong>pedis.</strong></span> 
     </span>
    </p>
   </div>
   <div class='ocr_carea' id='block_1_81' title="bbox 573 4925 2139 4997">
    <p class='ocr_par' dir='ltr' id='par_1_81' title="bbox 573 4925 2139 4997">
     <span class='ocr_line' id='line_1_81' title="bbox 573 4925 2139 4997; baseline -0.002 -14"><span class='ocrx_word' id='word_1_685' title='bbox 573 4929 735 4984; x_wconf 80' lang='lat' dir='ltr'><strong>Vides</strong></span> <span class='ocrx_word' id='word_1_686' title='bbox 759 4926 1031 4997; x_wconf 89' lang='lat' dir='ltr'><strong>quomodo</strong></span> <span class='ocrx_word' id='word_1_687' title='bbox 1057 4943 1177 4996; x_wconf 72' lang='lat' dir='ltr'><strong>qua:</strong></span> <span class='ocrx_word' id='word_1_688' title='bbox 1206 4925 1342 4979; x_wconf 81' lang='lat' dir='ltr'><strong>facta</strong></span> <span class='ocrx_word' id='word_1_689' title='bbox 1369 4936 1497 4979; x_wconf 86' lang='lat' dir='ltr'><strong>sunt</strong></span> <span class='ocrx_word' id='word_1_690' title='bbox 1528 4926 1829 4995; x_wconf 83' lang='lat' dir='ltr'><strong>pugnabant</strong></span> <span class='ocrx_word' id='word_1_691' title='bbox 1854 4941 1974 4980; x_wconf 91' lang='lat' dir='ltr'><strong>cum</strong></span> <span class='ocrx_word' id='word_1_692' title='bbox 2012 4942 2139 4996; x_wconf 84' lang='lat' dir='ltr'><strong>pro-</strong></span> 
     </span>
    </p>
   </div>
   <div class='ocr_carea' id='block_1_82' title="bbox 574 5014 2141 5079">
    <p class='ocr_par' dir='ltr' id='par_1_82' title="bbox 574 5014 2141 5079">
     <span class='ocr_line' id='line_1_82' title="bbox 574 5014 2141 5079; baseline -0.001 -5"><span class='ocrx_word' id='word_1_693' title='bbox 574 5019 870 5075; x_wconf 73' lang='lat' dir='ltr'><strong>missione?</strong></span> <span class='ocrx_word' id='word_1_694' title='bbox 902 5018 1103 5073; x_wconf 78' lang='lat' dir='ltr'><strong>Bursus</strong></span> <span class='ocrx_word' id='word_1_695' title='bbox 1131 5016 1258 5071; x_wconf 78' lang='lat' dir='ltr'><strong>dicit</strong></span> <span class='ocrx_word' id='word_1_696' title='bbox 1285 5057 1301 5079; x_wconf 87' lang='lat'><strong>,</strong></span> <span class='ocrx_word' id='word_1_697' title='bbox 1333 5014 1397 5070; x_wconf 85' lang='lat' dir='ltr'><strong>In</strong></span> <span class='ocrx_word' id='word_1_698' title='bbox 1422 5015 1570 5071; x_wconf 81' lang='lat' dir='ltr'><strong>Isaac</strong></span> <span class='ocrx_word' id='word_1_699' title='bbox 1589 5018 1845 5071; x_wconf 77' lang='lat' dir='ltr'><strong>vocabitur</strong></span> <span class='ocrx_word' id='word_1_700' title='bbox 1864 5017 1952 5071; x_wconf 84' lang='lat' dir='ltr'><strong>tibi</strong></span> <span class='ocrx_word' id='word_1_701' title='bbox 1976 5034 2141 5073; x_wconf 85' lang='lat' dir='ltr'><strong>semen</strong></span> 
     </span>
    </p>
   </div>
   <div class='ocr_carea' id='block_1_83' title="bbox 572 5106 2137 5185">
    <p class='ocr_par' dir='ltr' id='par_1_83' title="bbox 572 5106 2137 5185">
     <span class='ocr_line' id='line_1_83' title="bbox 572 5106 2137 5185; baseline -0.003 -16"><span class='ocrx_word' id='word_1_702' title='bbox 572 5114 737 5185; x_wconf 83' lang='lat' dir='ltr'><strong>(Gen.</strong></span> <span class='ocrx_word' id='word_1_703' title='bbox 756 5110 847 5164; x_wconf 75' lang='lat' dir='ltr'><strong>2i.</strong></span> <span class='ocrx_word' id='word_1_704' title='bbox 879 5109 997 5179; x_wconf 73' lang='grc'><strong>12),</strong></span> <span class='ocrx_word' id='word_1_705' title='bbox 1020 5116 1073 5163; x_wconf 90' lang='lat' dir='ltr'><strong>et</strong></span> <span class='ocrx_word' id='word_1_706' title='bbox 1098 5106 1360 5162; x_wconf 83' lang='lat' dir='ltr'><strong>credidit:</strong></span> <span class='ocrx_word' id='word_1_707' title='bbox 1389 5116 1443 5161; x_wconf 80' lang='lat' dir='ltr'><strong>et</strong></span> <span class='ocrx_word' id='word_1_708' title='bbox 1471 5121 1656 5162; x_wconf 88' lang='lat' dir='ltr'><strong>rursus</strong></span> <span class='ocrx_word' id='word_1_709' title='bbox 1680 5107 1851 5175; x_wconf 89' lang='lat' dir='ltr'><strong>dicit,</strong></span> <span class='ocrx_word' id='word_1_710' title='bbox 1884 5107 2137 5164; x_wconf 82' lang='lat' dir='ltr'><strong>Sacrilica</strong></span> 
     </span>
    </p>
   </div>
   <div class='ocr_carea' id='block_1_84' title="bbox 574 5197 2140 5268">
    <p class='ocr_par' dir='ltr' id='par_1_84' title="bbox 574 5197 2140 5268">
     <span class='ocr_line' id='line_1_84' title="bbox 574 5197 2140 5268; baseline -0.003 -11"><span class='ocrx_word' id='word_1_711' title='bbox 574 5202 703 5257; x_wconf 85' lang='lat' dir='ltr'><strong>mihi</strong></span> <span class='ocrx_word' id='word_1_712' title='bbox 746 5201 921 5265; x_wconf 87' lang='lat' dir='ltr'><strong>hunc,</strong></span> <span class='ocrx_word' id='word_1_713' title='bbox 947 5199 1033 5268; x_wconf 89' lang='lat' dir='ltr'><strong>qui</strong></span> <span class='ocrx_word' id='word_1_714' title='bbox 1074 5206 1188 5253; x_wconf 89' lang='lat' dir='ltr'><strong>erat</strong></span> <span class='ocrx_word' id='word_1_715' title='bbox 1235 5197 1552 5266; x_wconf 76' lang='lat' dir='ltr'><strong>impleturus</strong></span> <span class='ocrx_word' id='word_1_716' title='bbox 1596 5197 1904 5254; x_wconf 86' lang='lat' dir='ltr'><strong>universum</strong></span> <span class='ocrx_word' id='word_1_717' title='bbox 1954 5198 2140 5253; x_wconf 89' lang='lat' dir='ltr'><strong>orbem</strong></span> 
     </span>
    </p>
   </div>
   <div class='ocr_carea' id='block_1_85' title="bbox 576 5287 2142 5360">
    <p class='ocr_par' dir='ltr' id='par_1_85' title="bbox 576 5287 2142 5360">
     <span class='ocr_line' id='line_1_85' title="bbox 576 5287 2142 5360; baseline -0.001 -13"><span class='ocrx_word' id='word_1_718' title='bbox 576 5303 733 5347; x_wconf 75' lang='lat' dir='ltr'><strong>terra:</strong></span> <span class='ocrx_word' id='word_1_719' title='bbox 761 5306 826 5346; x_wconf 90' lang='lat' dir='ltr'><strong>ex</strong></span> <span class='ocrx_word' id='word_1_720' title='bbox 852 5290 1057 5347; x_wconf 83' lang='lat' dir='ltr'><strong>setnine.</strong></span> <span class='ocrx_word' id='word_1_721' title='bbox 1097 5304 1214 5345; x_wconf 84' lang='lat' dir='ltr'><strong>suo.</strong></span> <span class='ocrx_word' id='word_1_722' title='bbox 1250 5287 1440 5345; x_wconf 75' lang='lat' dir='ltr'><strong>Vidisti</strong></span> <span class='ocrx_word' id='word_1_723' title='bbox 1500 5304 1727 5360; x_wconf 86' lang='lat' dir='ltr'><strong>pugnam</strong></span> <span class='ocrx_word' id='word_1_724' title='bbox 1769 5292 2040 5360; x_wconf 73' lang='lat' dir='ltr'><strong>iussorum</strong></span> <span class='ocrx_word' id='word_1_725' title='bbox 2087 5302 2142 5348; x_wconf 92' lang='lat' dir='ltr'><strong>et</strong></span> 
     </span>
    </p>
   </div>
   <div class='ocr_carea' id='block_1_86' title="bbox 580 5380 2142 5456">
    <p class='ocr_par' dir='ltr' id='par_1_86' title="bbox 580 5380 2142 5456">
     <span class='ocr_line' id='line_1_86' title="bbox 580 5380 2142 5456; baseline -0.003 -17"><span class='ocrx_word' id='word_1_726' title='bbox 580 5381 995 5456; x_wconf 78' lang='lat' dir='ltr'><strong>promissionis?</strong></span> <span class='ocrx_word' id='word_1_727' title='bbox 1023 5380 1189 5436; x_wconf 75' lang='lat' dir='ltr'><strong>Jussit</strong></span> <span class='ocrx_word' id='word_1_728' title='bbox 1214 5380 1481 5435; x_wconf 85' lang='lat' dir='ltr'><strong>contraria</strong></span> <span class='ocrx_word' id='word_1_729' title='bbox 1516 5380 1837 5451; x_wconf 83' lang='lat' dir='ltr'><strong>promissis;</strong></span> <span class='ocrx_word' id='word_1_730' title='bbox 1880 5391 1933 5435; x_wconf 89' lang='lat' dir='ltr'><strong>et</strong></span> <span class='ocrx_word' id='word_1_731' title='bbox 1970 5394 2142 5450; x_wconf 85' lang='lat' dir='ltr'><strong>neque</strong></span> 
     </span>
    </p>
   </div>
   <div class='ocr_carea' id='block_1_87' title="bbox 580 5472 2141 5546">
    <p class='ocr_par' dir='ltr' id='par_1_87' title="bbox 580 5472 2141 5546">
     <span class='ocr_line' id='line_1_87' title="bbox 580 5472 2141 5546; baseline 0.001 -16"><span class='ocrx_word' id='word_1_732' title='bbox 580 5478 656 5531; x_wconf 90' lang='lat' dir='ltr'><strong>sic</strong></span> <span class='ocrx_word' id='word_1_733' title='bbox 695 5474 941 5546; x_wconf 77' lang='lat' dir='ltr'><strong>caligavit</strong></span> <span class='ocrx_word' id='word_1_734' title='bbox 974 5474 1187 5543; x_wconf 85' lang='lat' dir='ltr'><strong>justus,</strong></span> <span class='ocrx_word' id='word_1_735' title='bbox 1236 5488 1408 5545; x_wconf 89' lang='lat' dir='ltr'><strong>neque</strong></span> <span class='ocrx_word' id='word_1_736' title='bbox 1434 5472 1570 5527; x_wconf 73' lang='lat' dir='ltr'><strong>dixit</strong></span> <span class='ocrx_word' id='word_1_737' title='bbox 1603 5490 1663 5529; x_wconf 87' lang='lat' dir='ltr'><strong>se</strong></span> <span class='ocrx_word' id='word_1_738' title='bbox 1692 5488 1811 5529; x_wconf 88' lang='lat' dir='ltr'><strong>esse</strong></span> <span class='ocrx_word' id='word_1_739' title='bbox 1836 5472 2141 5541; x_wconf 85' lang='lat' dir='ltr'><strong>deceptum.</strong></span> 
     </span>
    </p>
   </div>
   <div class='ocr_carea' id='block_1_88' title="bbox 582 5563 2145 5637">
    <p class='ocr_par' dir='ltr' id='par_1_88' title="bbox 582 5563 2145 5637">
     <span class='ocr_line' id='line_1_88' title="bbox 582 5563 2145 5637; baseline -0.005 -12"><span class='ocrx_word' id='word_1_740' title='bbox 582 5568 713 5625; x_wconf 79' lang='lat' dir='ltr'><strong>Nam</strong></span> <span class='ocrx_word' id='word_1_741' title='bbox 744 5582 839 5621; x_wconf 75' lang='lat' dir='ltr'><strong>Vos</strong></span> <span class='ocrx_word' id='word_1_742' title='bbox 866 5565 1081 5637; x_wconf 87' lang='lat' dir='ltr'><strong>quidem</strong></span> <span class='ocrx_word' id='word_1_743' title='bbox 1107 5608 1123 5632; x_wconf 91' lang='lat'><strong>,</strong></span> <span class='ocrx_word' id='word_1_744' title='bbox 1172 5565 1379 5635; x_wconf 85' lang='lat' dir='ltr'><strong>inquit,</strong></span> <span class='ocrx_word' id='word_1_745' title='bbox 1427 5581 1531 5620; x_wconf 88' lang='lat' dir='ltr'><strong>non</strong></span> <span class='ocrx_word' id='word_1_746' title='bbox 1562 5564 1805 5631; x_wconf 80' lang='lat' dir='ltr'><strong>poteritis</strong></span> <span class='ocrx_word' id='word_1_747' title='bbox 1838 5564 1937 5618; x_wconf 91' lang='lat' dir='ltr'><strong>hoc</strong></span> <span class='ocrx_word' id='word_1_748' title='bbox 1966 5563 2145 5618; x_wconf 82' lang='lat' dir='ltr'><strong>dicere</strong></span> 
     </span>
    </p>
   </div>
   <div class='ocr_carea' id='block_1_89' title="bbox 584 5654 2142 5727">
    <p class='ocr_par' dir='ltr' id='par_1_89' title="bbox 584 5654 2142 5727">
     <span class='ocr_line' id='line_1_89' title="bbox 584 5654 2142 5727; baseline -0.003 -16"><span class='ocrx_word' id='word_1_749' title='bbox 584 5659 726 5727; x_wconf 73' lang='grc' dir='ltr'><strong>(ιιιῡά</strong></span> <span class='ocrx_word' id='word_1_750' title='bbox 760 5658 1022 5725; x_wconf 88' lang='lat' dir='ltr'><strong>pollicitus</strong></span> <span class='ocrx_word' id='word_1_751' title='bbox 1051 5659 1121 5712; x_wconf 90' lang='lat' dir='ltr'><strong>sit</strong></span> <span class='ocrx_word' id='word_1_752' title='bbox 1148 5658 1384 5727; x_wconf 82' lang='lat' dir='ltr'><strong>requiem</strong></span> <span class='ocrx_word' id='word_1_753' title='bbox 1407 5699 1421 5717; x_wconf 82' lang='grc'><strong>.</strong></span> <span class='ocrx_word' id='word_1_754' title='bbox 1451 5665 1505 5711; x_wconf 95' lang='lat' dir='ltr'><strong>ct</strong></span> <span class='ocrx_word' id='word_1_755' title='bbox 1530 5656 1737 5710; x_wconf 86' lang='lat' dir='ltr'><strong>dederit</strong></span> <span class='ocrx_word' id='word_1_756' title='bbox 1762 5654 2101 5710; x_wconf 82' lang='lat' dir='ltr'><strong>alliictionem</strong></span> <span class='ocrx_word' id='word_1_757' title='bbox 2126 5668 2142 5719; x_wconf 85' lang='lat'><strong>;</strong></span> 
     </span>
    </p>
   </div>
   <div class='ocr_carea' id='block_1_90' title="bbox 652 5743 2151 5813">
    <p class='ocr_par' dir='ltr' id='par_1_90' title="bbox 652 5743 2151 5813">
     <span class='ocr_line' id='line_1_90' title="bbox 652 5743 2151 5813; baseline -0.008 -9"><span class='ocrx_word' id='word_1_758' title='bbox 652 5755 725 5813; x_wconf 78' lang='grc' dir='ltr'><strong>(α)</strong></span> <span class='ocrx_word' id='word_1_759' title='bbox 753 5753 839 5803; x_wconf 82' lang='lat' dir='ltr'><strong>llic</strong></span> <span class='ocrx_word' id='word_1_760' title='bbox 872 5751 1102 5813; x_wconf 76' lang='lat' dir='ltr'><strong>ingentes</strong></span> <span class='ocrx_word' id='word_1_761' title='bbox 1137 5746 1442 5813; x_wconf 59' lang='lat' dir='ltr'><strong>hiatussunt</strong></span> <span class='ocrx_word' id='word_1_762' title='bbox 1468 5749 1515 5795; x_wconf 89' lang='lat' dir='ltr'><strong>iu</strong></span> <span class='ocrx_word' id='word_1_763' title='bbox 1540 5745 1754 5797; x_wconf 68' lang='lat' dir='ltr'><strong>(Iolliert.</strong></span> <span class='ocrx_word' id='word_1_764' title='bbox 1778 5743 1986 5795; x_wconf 68' lang='lat' dir='ltr'><strong>Humilia</strong></span> <span class='ocrx_word' id='word_1_765' title='bbox 2016 5745 2151 5805; x_wconf 65' lang='lat' dir='ltr'><strong>vige-</strong></span> 
     </span>
    </p>
   </div>
   <div class='ocr_carea' id='block_1_91' title="bbox 589 5807 1363 5879">
    <p class='ocr_par' dir='ltr' id='par_1_91' title="bbox 589 5807 1363 5879">
     <span class='ocr_line' id='line_1_91' title="bbox 589 5807 1363 5879; baseline -0.018 -10"><span class='ocrx_word' id='word_1_766' title='bbox 589 5807 891 5879; x_wconf 56' lang='lat' dir='ltr'><strong>suna&#39;quiuta</strong></span> <span class='ocrx_word' id='word_1_767' title='bbox 914 5807 1042 5876; x_wconf 67' lang='lat' dir='ltr'><strong>pene</strong></span> <span class='ocrx_word' id='word_1_768' title='bbox 1066 5817 1160 5859; x_wconf 85' lang='lat' dir='ltr'><strong>tota</strong></span> <span class='ocrx_word' id='word_1_769' title='bbox 1184 5807 1363 5857; x_wconf 66' lang='lat' dir='ltr'><strong>deliurit.</strong></span> 
     </span>
    </p>
   </div>
   <div class='ocr_carea' id='block_1_92' title="bbox 2238 3571 3813 3648">
    <p class='ocr_par' dir='ltr' id='par_1_92' title="bbox 2238 3571 3813 3648">
     <span class='ocr_line' id='line_1_92' title="bbox 2238 3571 3813 3648; baseline 0.006 -20"><span class='ocrx_word' id='word_1_770' title='bbox 2238 3571 2327 3628; x_wconf 88' lang='lat' dir='ltr'><strong>hic</strong></span> <span class='ocrx_word' id='word_1_771' title='bbox 2351 3573 2495 3630; x_wconf 81' lang='lat' dir='ltr'><strong>enim</strong></span> <span class='ocrx_word' id='word_1_772' title='bbox 2532 3572 2654 3630; x_wconf 80' lang='lat' dir='ltr'><strong>facit</strong></span> <span class='ocrx_word' id='word_1_773' title='bbox 2694 3589 2756 3631; x_wconf 90' lang='lat' dir='ltr'><strong>ea</strong></span> <span class='ocrx_word' id='word_1_774' title='bbox 2800 3591 2919 3646; x_wconf 68' lang='lat' dir='ltr'><strong>qum</strong></span> <span class='ocrx_word' id='word_1_775' title='bbox 2957 3586 3042 3633; x_wconf 90' lang='lat' dir='ltr'><strong>est</strong></span> <span class='ocrx_word' id='word_1_776' title='bbox 3073 3577 3361 3648; x_wconf 82' lang='lat' dir='ltr'><strong>pollicitus.</strong></span> <span class='ocrx_word' id='word_1_777' title='bbox 3391 3579 3714 3645; x_wconf 79' lang='lat' dir='ltr'><strong>Quomodo?</strong></span> <span class='ocrx_word' id='word_1_778' title='bbox 3741 3584 3813 3639; x_wconf 82' lang='grc' dir='ltr'><strong>Ιιι</strong></span> 
     </span>
    </p>
   </div>
   <div class='ocr_carea' id='block_1_93' title="bbox 2238 3665 3810 3748">
    <p class='ocr_par' dir='ltr' id='par_1_93' title="bbox 2238 3665 3810 3748">
     <span class='ocr_line' id='line_1_93' title="bbox 2238 3665 3810 3748; baseline 0.009 -32"><span class='ocrx_word' id='word_1_779' title='bbox 2238 3666 2451 3729; x_wconf 85' lang='lat' dir='ltr'><strong>mundo,</strong></span> <span class='ocrx_word' id='word_1_780' title='bbox 2480 3665 2669 3736; x_wconf 87' lang='lat' dir='ltr'><strong>inquit,</strong></span> <span class='ocrx_word' id='word_1_781' title='bbox 2700 3668 3020 3738; x_wconf 68' lang='lat' dir='ltr'><strong>oﬂlictionem</strong></span> <span class='ocrx_word' id='word_1_782' title='bbox 3051 3670 3291 3725; x_wconf 81' lang='lat' dir='ltr'><strong>habebitis</strong></span> <span class='ocrx_word' id='word_1_783' title='bbox 3328 3670 3348 3741; x_wconf 92' lang='lat'><strong>(</strong></span> <span class='ocrx_word' id='word_1_784' title='bbox 3366 3670 3523 3726; x_wconf 81' lang='lat' dir='ltr'><strong>Joan.</strong></span> <span class='ocrx_word' id='word_1_785' title='bbox 3554 3674 3642 3729; x_wconf 88' lang='grc'>16.</span> <span class='ocrx_word' id='word_1_786' title='bbox 3668 3675 3738 3731; x_wconf 73' lang='grc'><strong>53</strong></span> <span class='ocrx_word' id='word_1_787' title='bbox 3762 3676 3810 3748; x_wconf 92' lang='grc'>).</span> 
     </span>
    </p>
   </div>
   <div class='ocr_carea' id='block_1_94' title="bbox 2241 3756 3810 3835">
    <p class='ocr_par' dir='ltr' id='par_1_94' title="bbox 2241 3756 3810 3835">
     <span class='ocr_line' id='line_1_94' title="bbox 2241 3756 3810 3835; baseline 0.008 -25"><span class='ocrx_word' id='word_1_788' title='bbox 2241 3756 2343 3823; x_wconf 90' lang='lat' dir='ltr'><strong>Qui</strong></span> <span class='ocrx_word' id='word_1_789' title='bbox 2366 3774 2466 3812; x_wconf 88' lang='lat' dir='ltr'><strong>non</strong></span> <span class='ocrx_word' id='word_1_790' title='bbox 2492 3760 2739 3829; x_wconf 82' lang='lat' dir='ltr'><strong>acceperit</strong></span> <span class='ocrx_word' id='word_1_791' title='bbox 2762 3776 2958 3814; x_wconf 84' lang='lat' dir='ltr'><strong>crucem</strong></span> <span class='ocrx_word' id='word_1_792' title='bbox 2978 3777 3145 3827; x_wconf 83' lang='lat' dir='ltr'><strong>suam,</strong></span> <span class='ocrx_word' id='word_1_793' title='bbox 3174 3773 3220 3815; x_wconf 90' lang='lat' dir='ltr'><strong>et</strong></span> <span class='ocrx_word' id='word_1_794' title='bbox 3247 3778 3326 3816; x_wconf 88' lang='lat' dir='ltr'><strong>me</strong></span> <span class='ocrx_word' id='word_1_795' title='bbox 3352 3764 3504 3833; x_wconf 79' lang='lat' dir='ltr'><strong>fuerit</strong></span> <span class='ocrx_word' id='word_1_796' title='bbox 3528 3776 3764 3835; x_wconf 75' lang='lat' dir='ltr'><strong>sequutus</strong></span> <span class='ocrx_word' id='word_1_797' title='bbox 3793 3809 3810 3833; x_wconf 92' lang='lat'><strong>,</strong></span> 
     </span>
    </p>
   </div>
   <div class='ocr_carea' id='block_1_95' title="bbox 2238 3850 3817 3924">
    <p class='ocr_par' dir='ltr' id='par_1_95' title="bbox 2238 3850 3817 3924">
     <span class='ocr_line' id='line_1_95' title="bbox 2238 3850 3817 3924; baseline 0.006 -21"><span class='ocrx_word' id='word_1_798' title='bbox 2238 3866 2341 3904; x_wconf 79' lang='lat' dir='ltr'><strong>non</strong></span> <span class='ocrx_word' id='word_1_799' title='bbox 2367 3859 2438 3905; x_wconf 86' lang='lat' dir='ltr'><strong>est</strong></span> <span class='ocrx_word' id='word_1_800' title='bbox 2468 3866 2546 3904; x_wconf 83' lang='lat' dir='ltr'><strong>me</strong></span> <span class='ocrx_word' id='word_1_801' title='bbox 2572 3851 2756 3922; x_wconf 79' lang='lat' dir='ltr'><strong>dignus</strong></span> <span class='ocrx_word' id='word_1_802' title='bbox 2781 3851 2799 3921; x_wconf 94' lang='lat'><strong>(</strong></span> <span class='ocrx_word' id='word_1_803' title='bbox 2823 3850 3010 3905; x_wconf 73' lang='lat' dir='ltr'><strong>Matth.</strong></span> <span class='ocrx_word' id='word_1_804' title='bbox 3042 3853 3129 3909; x_wconf 86' lang='grc' dir='ltr'>1ο.</span> <span class='ocrx_word' id='word_1_805' title='bbox 3158 3855 3225 3909; x_wconf 79' lang='lat'><strong>38</strong></span> <span class='ocrx_word' id='word_1_806' title='bbox 3251 3853 3293 3924; x_wconf 85' lang='lat'><strong>).</strong></span> <span class='ocrx_word' id='word_1_807' title='bbox 3326 3853 3428 3921; x_wconf 88' lang='lat' dir='ltr'><strong>Qui</strong></span> <span class='ocrx_word' id='word_1_808' title='bbox 3450 3871 3552 3911; x_wconf 83' lang='lat' dir='ltr'><strong>non</strong></span> <span class='ocrx_word' id='word_1_809' title='bbox 3575 3857 3683 3912; x_wconf 84' lang='lat' dir='ltr'><strong>odit</strong></span> <span class='ocrx_word' id='word_1_810' title='bbox 3702 3859 3817 3913; x_wconf 82' lang='lat' dir='ltr'><strong>ani-</strong></span> 
     </span>
    </p>
   </div>
   <div class='ocr_carea' id='block_1_96' title="bbox 2237 3945 3816 4013">
    <p class='ocr_par' dir='ltr' id='par_1_96' title="bbox 2237 3945 3816 4013">
     <span class='ocr_line' id='line_1_96' title="bbox 2237 3945 3816 4013; baseline 0.005 -17"><span class='ocrx_word' id='word_1_811' title='bbox 2237 3958 2373 3996; x_wconf 80' lang='lat' dir='ltr'><strong>mam</strong></span> <span class='ocrx_word' id='word_1_812' title='bbox 2412 3959 2554 3997; x_wconf 85' lang='lat' dir='ltr'><strong>suam</strong></span> <span class='ocrx_word' id='word_1_813' title='bbox 2578 3984 2592 4008; x_wconf 87' lang='lat'><strong>,</strong></span> <span class='ocrx_word' id='word_1_814' title='bbox 2620 3960 2721 3998; x_wconf 85' lang='lat' dir='ltr'><strong>non</strong></span> <span class='ocrx_word' id='word_1_815' title='bbox 2750 3946 2963 3998; x_wconf 76' lang='lat' dir='ltr'><strong>inveniet</strong></span> <span class='ocrx_word' id='word_1_816' title='bbox 2990 3961 3140 4011; x_wconf 83' lang='lat' dir='ltr'><strong>eam;</strong></span> <span class='ocrx_word' id='word_1_817' title='bbox 3168 3954 3222 4001; x_wconf 89' lang='lat' dir='ltr'><strong>et</strong></span> <span class='ocrx_word' id='word_1_818' title='bbox 3252 3987 3267 4011; x_wconf 85' lang='lat'><strong>,</strong></span> <span class='ocrx_word' id='word_1_819' title='bbox 3300 3945 3402 4013; x_wconf 83' lang='lat' dir='ltr'><strong>Qui</strong></span> <span class='ocrx_word' id='word_1_820' title='bbox 3431 3964 3533 4003; x_wconf 83' lang='lat' dir='ltr'><strong>non</strong></span> <span class='ocrx_word' id='word_1_821' title='bbox 3559 3950 3816 4004; x_wconf 72' lang='lat' dir='ltr'><strong>renuntiat</strong></span> 
     </span>
    </p>
   </div>
   <div class='ocr_carea' id='block_1_97' title="bbox 2238 4034 3818 4112">
    <p class='ocr_par' dir='ltr' id='par_1_97' title="bbox 2238 4034 3818 4112">
     <span class='ocr_line' id='line_1_97' title="bbox 2238 4034 3818 4112; baseline 0.005 -24"><span class='ocrx_word' id='word_1_822' title='bbox 2238 4034 2469 4089; x_wconf 81' lang='lat' dir='ltr'><strong>omnibus</strong></span> <span class='ocrx_word' id='word_1_823' title='bbox 2498 4034 2639 4089; x_wconf 85' lang='lat' dir='ltr'><strong>bonis</strong></span> <span class='ocrx_word' id='word_1_824' title='bbox 2674 4034 2778 4089; x_wconf 89' lang='lat' dir='ltr'><strong>suis</strong></span> <span class='ocrx_word' id='word_1_825' title='bbox 2801 4075 2816 4100; x_wconf 95' lang='lat'><strong>,</strong></span> <span class='ocrx_word' id='word_1_826' title='bbox 2845 4045 2892 4088; x_wconf 87' lang='lat' dir='ltr'><strong>et</strong></span> <span class='ocrx_word' id='word_1_827' title='bbox 2922 4052 3002 4091; x_wconf 87' lang='lat' dir='ltr'><strong>me</strong></span> <span class='ocrx_word' id='word_1_828' title='bbox 3026 4037 3252 4106; x_wconf 80' lang='lat' dir='ltr'><strong>sequitur</strong></span> <span class='ocrx_word' id='word_1_829' title='bbox 3270 4079 3284 4103; x_wconf 88' lang='lat'><strong>,</strong></span> <span class='ocrx_word' id='word_1_830' title='bbox 3307 4054 3408 4093; x_wconf 90' lang='lat' dir='ltr'><strong>non</strong></span> <span class='ocrx_word' id='word_1_831' title='bbox 3434 4048 3507 4093; x_wconf 86' lang='lat' dir='ltr'><strong>est</strong></span> <span class='ocrx_word' id='word_1_832' title='bbox 3536 4056 3615 4094; x_wconf 84' lang='lat' dir='ltr'><strong>me</strong></span> <span class='ocrx_word' id='word_1_833' title='bbox 3632 4041 3818 4112; x_wconf 80' lang='lat' dir='ltr'><strong>dignus</strong></span> 
     </span>
    </p>
   </div>
   <div class='ocr_carea' id='block_1_98' title="bbox 2241 4124 3819 4203">
    <p class='ocr_par' dir='ltr' id='par_1_98' title="bbox 2241 4124 3819 4203">
     <span class='ocr_line' id='line_1_98' title="bbox 2241 4124 3819 4203; baseline 0.006 -25"><span class='ocrx_word' id='word_1_834' title='bbox 2241 4124 2391 4195; x_wconf 87' lang='lat' dir='ltr'><strong>(Luc.</strong></span> <span class='ocrx_word' id='word_1_835' title='bbox 2418 4126 2503 4181; x_wconf 72' lang='grc'>14.</span> <span class='ocrx_word' id='word_1_836' title='bbox 2534 4124 2685 4182; x_wconf 74' lang='lat' dir='ltr'><strong>26.et</strong></span> <span class='ocrx_word' id='word_1_837' title='bbox 2713 4127 2842 4196; x_wconf 78' lang='lat'><strong>53);</strong></span> <span class='ocrx_word' id='word_1_838' title='bbox 2874 4137 2927 4183; x_wconf 93' lang='lat' dir='ltr'><strong>et</strong></span> <span class='ocrx_word' id='word_1_839' title='bbox 2950 4143 3133 4183; x_wconf 85' lang='lat' dir='ltr'><strong>rursus</strong></span> <span class='ocrx_word' id='word_1_840' title='bbox 3154 4144 3168 4180; x_wconf 89' lang='lat'><strong>:</strong></span> <span class='ocrx_word' id='word_1_841' title='bbox 3189 4128 3316 4183; x_wconf 84' lang='lat' dir='ltr'><strong>Ante</strong></span> <span class='ocrx_word' id='word_1_842' title='bbox 3335 4146 3476 4202; x_wconf 81' lang='lat' dir='ltr'><strong>reges</strong></span> <span class='ocrx_word' id='word_1_843' title='bbox 3499 4142 3545 4187; x_wconf 88' lang='lat' dir='ltr'><strong>et</strong></span> <span class='ocrx_word' id='word_1_844' title='bbox 3574 4133 3819 4203; x_wconf 72' lang='lat' dir='ltr'><strong>prasides</strong></span> 
     </span>
    </p>
   </div>
   <div class='ocr_carea' id='block_1_99' title="bbox 2238 4216 3819 4286">
    <p class='ocr_par' dir='ltr' id='par_1_99' title="bbox 2238 4216 3819 4286">
     <span class='ocr_line' id='line_1_99' title="bbox 2238 4216 3819 4286; baseline 0.006 -16"><span class='ocrx_word' id='word_1_845' title='bbox 2238 4216 2492 4271; x_wconf 86' lang='lat' dir='ltr'><strong>ducemini</strong></span> <span class='ocrx_word' id='word_1_846' title='bbox 2519 4228 2730 4286; x_wconf 81' lang='lat' dir='ltr'><strong>propter</strong></span> <span class='ocrx_word' id='word_1_847' title='bbox 2759 4234 2871 4281; x_wconf 85' lang='lat' dir='ltr'><strong>nte;</strong></span> <span class='ocrx_word' id='word_1_848' title='bbox 2906 4228 2961 4273; x_wconf 94' lang='lat' dir='ltr'><strong>et</strong></span> <span class='ocrx_word' id='word_1_849' title='bbox 2990 4234 3175 4274; x_wconf 86' lang='lat' dir='ltr'><strong>rursus</strong></span> <span class='ocrx_word' id='word_1_850' title='bbox 3198 4260 3213 4282; x_wconf 89' lang='lat'><em>.</em></span> <span class='ocrx_word' id='word_1_851' title='bbox 3252 4218 3460 4276; x_wconf 88' lang='lat' dir='ltr'><strong>Inimici</strong></span> <span class='ocrx_word' id='word_1_852' title='bbox 3484 4223 3701 4278; x_wconf 87' lang='lat' dir='ltr'><strong>hominis</strong></span> <span class='ocrx_word' id='word_1_853' title='bbox 3723 4225 3819 4279; x_wconf 85' lang='lat' dir='ltr'><strong>do-</strong></span> 
     </span>
    </p>
   </div>
   <div class='ocr_carea' id='block_1_100' title="bbox 2239 4310 3815 4385">
    <p class='ocr_par' dir='ltr' id='par_1_100' title="bbox 2239 4310 3815 4385">
     <span class='ocr_line' id='line_1_100' title="bbox 2239 4310 3815 4385; baseline 0.005 -20"><span class='ocrx_word' id='word_1_854' title='bbox 2239 4310 2433 4366; x_wconf 67' lang='lat' dir='ltr'><strong>mestici</strong></span> <span class='ocrx_word' id='word_1_855' title='bbox 2454 4312 2563 4383; x_wconf 84' lang='lat' dir='ltr'><strong>ejus</strong></span> <span class='ocrx_word' id='word_1_856' title='bbox 2588 4310 2797 4381; x_wconf 75' lang='lat' dir='ltr'><strong>(Matth.</strong></span> <span class='ocrx_word' id='word_1_857' title='bbox 2828 4311 2912 4365; x_wconf 85' lang='grc'>10.</span> <span class='ocrx_word' id='word_1_858' title='bbox 2948 4312 3016 4367; x_wconf 87' lang='grc'>18</span> <span class='ocrx_word' id='word_1_859' title='bbox 3041 4321 3085 4367; x_wconf 84' lang='lat' dir='ltr'><strong>et</strong></span> <span class='ocrx_word' id='word_1_860' title='bbox 3106 4312 3174 4368; x_wconf 76' lang='lat'><strong>&#39;56</strong></span> <span class='ocrx_word' id='word_1_861' title='bbox 3199 4313 3239 4383; x_wconf 88' lang='lat'><strong>).</strong></span> <span class='ocrx_word' id='word_1_862' title='bbox 3262 4313 3331 4369; x_wconf 80' lang='lat' dir='ltr'><strong>Et</strong></span> <span class='ocrx_word' id='word_1_863' title='bbox 3351 4314 3569 4370; x_wconf 80' lang='lat' dir='ltr'><strong>afﬂictio</strong></span> <span class='ocrx_word' id='word_1_864' title='bbox 3596 4316 3681 4370; x_wconf 89' lang='lat' dir='ltr'><strong>hic</strong></span> <span class='ocrx_word' id='word_1_865' title='bbox 3710 4327 3815 4385; x_wconf 86' lang='lat' dir='ltr'><strong>est,</strong></span> 
     </span>
    </p>
   </div>
   <div class='ocr_carea' id='block_1_101' title="bbox 2239 4402 3817 4475">
    <p class='ocr_par' dir='ltr' id='par_1_101' title="bbox 2239 4402 3817 4475">
     <span class='ocr_line' id='line_1_101' title="bbox 2239 4402 3817 4475; baseline 0.004 -18"><span class='ocrx_word' id='word_1_866' title='bbox 2239 4404 2391 4473; x_wconf 86' lang='lat' dir='ltr'><strong>quies</strong></span> <span class='ocrx_word' id='word_1_867' title='bbox 2416 4412 2591 4457; x_wconf 88' lang='lat' dir='ltr'><strong>autem</strong></span> <span class='ocrx_word' id='word_1_868' title='bbox 2621 4410 2676 4458; x_wconf 90' lang='lat' dir='ltr'><strong>et</strong></span> <span class='ocrx_word' id='word_1_869' title='bbox 2703 4402 2951 4457; x_wconf 83' lang='lat' dir='ltr'><strong>remissio</strong></span> <span class='ocrx_word' id='word_1_870' title='bbox 2976 4402 3087 4457; x_wconf 88' lang='lat' dir='ltr'><strong>illic</strong></span> <span class='ocrx_word' id='word_1_871' title='bbox 3110 4411 3195 4459; x_wconf 89' lang='lat' dir='ltr'><strong>est</strong></span> <span class='ocrx_word' id='word_1_872' title='bbox 3221 4444 3237 4469; x_wconf 92' lang='lat'><strong>,</strong></span> <span class='ocrx_word' id='word_1_873' title='bbox 3285 4420 3481 4475; x_wconf 89' lang='lat' dir='ltr'><strong>nempe</strong></span> <span class='ocrx_word' id='word_1_874' title='bbox 3508 4407 3565 4461; x_wconf 88' lang='lat' dir='ltr'><strong>in</strong></span> <span class='ocrx_word' id='word_1_875' title='bbox 3592 4406 3696 4462; x_wconf 90' lang='lat' dir='ltr'><strong>vita</strong></span> <span class='ocrx_word' id='word_1_876' title='bbox 3729 4406 3817 4463; x_wconf 81' lang='lat' dir='ltr'><strong>fu-</strong></span> 
     </span>
    </p>
   </div>
   <div class='ocr_carea' id='block_1_102' title="bbox 2242 4478 3821 4564">
    <p class='ocr_par' dir='ltr' id='par_1_102' title="bbox 2242 4478 3821 4564">
     <span class='ocr_line' id='line_1_102' title="bbox 2242 4478 3821 4564; baseline 0.006 -17"><span class='ocrx_word' id='word_1_877' title='bbox 2242 4501 2378 4547; x_wconf 88' lang='lat' dir='ltr'><strong>tura.</strong></span> <span class='ocrx_word' id='word_1_878' title='bbox 2430 4489 2487 4545; x_wconf 91' lang='lat' dir='ltr'><strong>in</strong></span> <span class='ocrx_word' id='word_1_879' title='bbox 2534 4492 2802 4547; x_wconf 85' lang='lat' dir='ltr'><strong>Abraham</strong></span> <span class='ocrx_word' id='word_1_880' title='bbox 2848 4502 3027 4549; x_wconf 88' lang='lat' dir='ltr'><strong>autem</strong></span> <span class='ocrx_word' id='word_1_881' title='bbox 3067 4502 3255 4549; x_wconf 91' lang='lat' dir='ltr'><strong>contra</strong></span> <span class='ocrx_word' id='word_1_882' title='bbox 3287 4478 3615 4564; x_wconf 79' lang='lat' dir='ltr'><strong>:juhebatur</strong></span> <span class='ocrx_word' id='word_1_883' title='bbox 3641 4496 3821 4557; x_wconf 77' lang='lat' dir='ltr'><strong>facere</strong></span> 
     </span>
    </p>
   </div>
   <div class='ocr_carea' id='block_1_103' title="bbox 2240 4584 3820 4657">
    <p class='ocr_par' dir='ltr' id='par_1_103' title="bbox 2240 4584 3820 4657">
     <span class='ocr_line' id='line_1_103' title="bbox 2240 4584 3820 4657; baseline 0.004 -17"><span class='ocrx_word' id='word_1_884' title='bbox 2240 4584 2506 4640; x_wconf 87' lang='lat' dir='ltr'><strong>contraria</strong></span> <span class='ocrx_word' id='word_1_885' title='bbox 2536 4584 2983 4653; x_wconf 86' lang='lat' dir='ltr'><strong>promissionihus</strong></span> <span class='ocrx_word' id='word_1_886' title='bbox 3004 4625 3019 4650; x_wconf 91' lang='lat'><strong>,</strong></span> <span class='ocrx_word' id='word_1_887' title='bbox 3050 4594 3105 4641; x_wconf 90' lang='lat' dir='ltr'><strong>et</strong></span> <span class='ocrx_word' id='word_1_888' title='bbox 3134 4600 3201 4641; x_wconf 90' lang='lat' dir='ltr'><strong>ne</strong></span> <span class='ocrx_word' id='word_1_889' title='bbox 3228 4585 3307 4640; x_wconf 85' lang='lat' dir='ltr'><strong>sic</strong></span> <span class='ocrx_word' id='word_1_890' title='bbox 3326 4585 3543 4657; x_wconf 85' lang='lat' dir='ltr'><strong>quidem</strong></span> <span class='ocrx_word' id='word_1_891' title='bbox 3575 4589 3820 4647; x_wconf 79' lang='lat' dir='ltr'><strong>turbatus</strong></span> 
     </span>
    </p>
   </div>
   <div class='ocr_carea' id='block_1_104' title="bbox 2241 4676 3817 4748">
    <p class='ocr_par' dir='ltr' id='par_1_104' title="bbox 2241 4676 3817 4748">
     <span class='ocr_line' id='line_1_104' title="bbox 2241 4676 3817 4748; baseline 0.002 -15"><span class='ocrx_word' id='word_1_892' title='bbox 2241 4687 2322 4733; x_wconf 86' lang='lat' dir='ltr'><strong>est</strong></span> <span class='ocrx_word' id='word_1_893' title='bbox 2347 4691 2521 4748; x_wconf 90' lang='lat' dir='ltr'><strong>neque</strong></span> <span class='ocrx_word' id='word_1_894' title='bbox 2544 4676 2793 4746; x_wconf 82' lang='lat' dir='ltr'><strong>caligavit</strong></span> <span class='ocrx_word' id='word_1_895' title='bbox 2809 4718 2824 4743; x_wconf 92' lang='lat'><strong>,</strong></span> <span class='ocrx_word' id='word_1_896' title='bbox 2857 4692 3032 4747; x_wconf 89' lang='lat' dir='ltr'><strong>neque</strong></span> <span class='ocrx_word' id='word_1_897' title='bbox 3061 4676 3393 4734; x_wconf 81' lang='lat' dir='ltr'><strong>existimavit</strong></span> <span class='ocrx_word' id='word_1_898' title='bbox 3420 4693 3483 4735; x_wconf 87' lang='lat' dir='ltr'><strong>se</strong></span> <span class='ocrx_word' id='word_1_899' title='bbox 3508 4694 3630 4736; x_wconf 87' lang='lat' dir='ltr'><strong>esse</strong></span> <span class='ocrx_word' id='word_1_900' title='bbox 3649 4679 3817 4737; x_wconf 87' lang='lat' dir='ltr'><strong>dece-</strong></span> 
     </span>
    </p>
   </div>
   <div class='ocr_carea' id='block_1_105' title="bbox 2241 4765 3827 4841">
    <p class='ocr_par' dir='ltr' id='par_1_105' title="bbox 2241 4765 3827 4841">
     <span class='ocr_line' id='line_1_105' title="bbox 2241 4765 3827 4841; baseline 0.002 -18"><span class='ocrx_word' id='word_1_901' title='bbox 2241 4777 2387 4839; x_wconf 89' lang='lat' dir='ltr'><strong>ptum</strong></span> <span class='ocrx_word' id='word_1_902' title='bbox 2413 4786 2428 4822; x_wconf 92' lang='lat'><strong>:</strong></span> <span class='ocrx_word' id='word_1_903' title='bbox 2456 4780 2550 4822; x_wconf 87' lang='lat' dir='ltr'><strong>vos</strong></span> <span class='ocrx_word' id='word_1_904' title='bbox 2570 4775 2748 4821; x_wconf 91' lang='lat' dir='ltr'><strong>autem</strong></span> <span class='ocrx_word' id='word_1_905' title='bbox 2779 4765 2914 4821; x_wconf 88' lang='lat' dir='ltr'><strong>nihil</strong></span> <span class='ocrx_word' id='word_1_906' title='bbox 2936 4767 3216 4823; x_wconf 84' lang='lat' dir='ltr'><strong>sustinetis</strong></span> <span class='ocrx_word' id='word_1_907' title='bbox 3240 4768 3384 4839; x_wconf 91' lang='lat' dir='ltr'><strong>quod</strong></span> <span class='ocrx_word' id='word_1_908' title='bbox 3414 4769 3487 4825; x_wconf 88' lang='lat' dir='ltr'><strong>sit</strong></span> <span class='ocrx_word' id='word_1_909' title='bbox 3507 4780 3659 4825; x_wconf 87' lang='lat' dir='ltr'><strong>extra</strong></span> <span class='ocrx_word' id='word_1_910' title='bbox 3689 4787 3827 4841; x_wconf 86' lang='lat' dir='ltr'><strong>pro-</strong></span> 
     </span>
    </p>
   </div>
   <div class='ocr_carea' id='block_1_106' title="bbox 2241 4858 3821 4924">
    <p class='ocr_par' dir='ltr' id='par_1_106' title="bbox 2241 4858 3821 4924">
     <span class='ocr_line' id='line_1_106' title="bbox 2241 4858 3821 4924; baseline 0.004 -8"><span class='ocrx_word' id='word_1_911' title='bbox 2241 4860 2549 4917; x_wconf 87' lang='lat' dir='ltr'><strong>missionem</strong></span> <span class='ocrx_word' id='word_1_912' title='bbox 2584 4900 2600 4924; x_wconf 89' lang='lat'><strong>,</strong></span> <span class='ocrx_word' id='word_1_913' title='bbox 2652 4867 2710 4914; x_wconf 90' lang='lat' dir='ltr'><strong>et</strong></span> <span class='ocrx_word' id='word_1_914' title='bbox 2765 4858 3075 4914; x_wconf 90' lang='lat' dir='ltr'><strong>turbamini.</strong></span> <span class='ocrx_word' id='word_1_915' title='bbox 3130 4860 3225 4915; x_wconf 90' lang='lat' dir='ltr'><strong>ille</strong></span> <span class='ocrx_word' id='word_1_916' title='bbox 3292 4861 3499 4918; x_wconf 79' lang='lat' dir='ltr'><strong>audivit</strong></span> <span class='ocrx_word' id='word_1_917' title='bbox 3550 4864 3821 4923; x_wconf 84' lang='lat' dir='ltr'><strong>contraria</strong></span> 
     </span>
    </p>
   </div>
   <div class='ocr_carea' id='block_1_107' title="bbox 2242 4950 3823 5024">
    <p class='ocr_par' dir='ltr' id='par_1_107' title="bbox 2242 4950 3823 5024">
     <span class='ocr_line' id='line_1_107' title="bbox 2242 4950 3823 5024; baseline 0.006 -18"><span class='ocrx_word' id='word_1_918' title='bbox 2242 4952 2522 5023; x_wconf 85' lang='lat' dir='ltr'><strong>promissis</strong></span> <span class='ocrx_word' id='word_1_919' title='bbox 2549 4950 2619 5005; x_wconf 91' lang='lat' dir='ltr'><strong>ab</strong></span> <span class='ocrx_word' id='word_1_920' title='bbox 2641 4966 2708 5007; x_wconf 91' lang='lat' dir='ltr'><strong>eo</strong></span> <span class='ocrx_word' id='word_1_921' title='bbox 2738 4951 2855 5021; x_wconf 85' lang='lat' dir='ltr'><strong>ipso</strong></span> <span class='ocrx_word' id='word_1_922' title='bbox 2882 4953 2971 5023; x_wconf 91' lang='lat' dir='ltr'><strong>qui</strong></span> <span class='ocrx_word' id='word_1_923' title='bbox 2998 4961 3118 5008; x_wconf 89' lang='lat' dir='ltr'><strong>erat</strong></span> <span class='ocrx_word' id='word_1_924' title='bbox 3138 4953 3402 5024; x_wconf 89' lang='lat' dir='ltr'><strong>pollicitus</strong></span> <span class='ocrx_word' id='word_1_925' title='bbox 3430 4997 3446 5023; x_wconf 89' lang='lat'><strong>,</strong></span> <span class='ocrx_word' id='word_1_926' title='bbox 3481 4965 3535 5013; x_wconf 91' lang='lat' dir='ltr'><strong>et</strong></span> <span class='ocrx_word' id='word_1_927' title='bbox 3569 4973 3673 5013; x_wconf 91' lang='lat' dir='ltr'><strong>non</strong></span> <span class='ocrx_word' id='word_1_928' title='bbox 3702 4968 3823 5015; x_wconf 88' lang='lat' dir='ltr'><strong>tur-</strong></span> 
     </span>
    </p>
   </div>
   <div class='ocr_carea' id='block_1_108' title="bbox 2241 5040 3820 5115">
    <p class='ocr_par' dir='ltr' id='par_1_108' title="bbox 2241 5040 3820 5115">
     <span class='ocr_line' id='line_1_108' title="bbox 2241 5040 3820 5115; baseline 0.005 -17"><span class='ocrx_word' id='word_1_929' title='bbox 2241 5043 2503 5105; x_wconf 85' lang='lat' dir='ltr'><strong>habatur.</strong></span> <span class='ocrx_word' id='word_1_930' title='bbox 2551 5042 2648 5098; x_wconf 89' lang='lat' dir='ltr'><strong>sed</strong></span> <span class='ocrx_word' id='word_1_931' title='bbox 2690 5056 2753 5097; x_wconf 90' lang='lat' dir='ltr'><strong>ea</strong></span> <span class='ocrx_word' id='word_1_932' title='bbox 2808 5040 3039 5097; x_wconf 84' lang='lat' dir='ltr'><strong>iaciebat</strong></span> <span class='ocrx_word' id='word_1_933' title='bbox 3081 5053 3348 5115; x_wconf 80' lang='lat' dir='ltr'><strong>tamquam</strong></span> <span class='ocrx_word' id='word_1_934' title='bbox 3397 5049 3820 5106; x_wconf 65' lang='lat' dir='ltr'><strong>convenientia:</strong></span> 
     </span>
    </p>
   </div>
   <div class='ocr_carea' id='block_1_109' title="bbox 2247 5132 3827 5207">
    <p class='ocr_par' dir='ltr' id='par_1_109' title="bbox 2247 5132 3827 5207">
     <span class='ocr_line' id='line_1_109' title="bbox 2247 5132 3827 5207; baseline 0.003 -16"><span class='ocrx_word' id='word_1_935' title='bbox 2247 5143 2401 5191; x_wconf 90' lang='lat' dir='ltr'><strong>erant</strong></span> <span class='ocrx_word' id='word_1_936' title='bbox 2426 5132 2569 5189; x_wconf 87' lang='lat' dir='ltr'><strong>enim</strong></span> <span class='ocrx_word' id='word_1_937' title='bbox 2589 5132 2959 5188; x_wconf 85' lang='lat' dir='ltr'><strong>convenientia</strong></span> <span class='ocrx_word' id='word_1_938' title='bbox 2988 5151 3001 5187; x_wconf 92' lang='lat'><strong>:</strong></span> <span class='ocrx_word' id='word_1_939' title='bbox 3032 5136 3298 5191; x_wconf 79' lang='lat' dir='ltr'><strong>contraria</strong></span> <span class='ocrx_word' id='word_1_940' title='bbox 3333 5136 3547 5207; x_wconf 88' lang='lat' dir='ltr'><strong>quidem</strong></span> <span class='ocrx_word' id='word_1_941' title='bbox 3574 5138 3827 5197; x_wconf 85' lang='lat' dir='ltr'><strong>humanis</strong></span> 
     </span>
    </p>
   </div>
   <div class='ocr_carea' id='block_1_110' title="bbox 2248 5238 3831 5312">
    <p class='ocr_par' dir='ltr' id='par_1_110' title="bbox 2248 5238 3831 5312">
     <span class='ocr_line' id='line_1_110' title="bbox 2248 5238 3831 5312; baseline -0.004 -11"><span class='ocrx_word' id='word_1_942' title='bbox 2248 5244 2560 5310; x_wconf 81' lang='lat' dir='ltr'><strong>rationibus,</strong></span> <span class='ocrx_word' id='word_1_943' title='bbox 2585 5240 2957 5299; x_wconf 78' lang='lat' dir='ltr'><strong>convenientia</strong></span> <span class='ocrx_word' id='word_1_944' title='bbox 2982 5250 3161 5298; x_wconf 86' lang='lat' dir='ltr'><strong>autem</strong></span> <span class='ocrx_word' id='word_1_945' title='bbox 3184 5256 3252 5297; x_wconf 89' lang='lat' dir='ltr'><strong>ex</strong></span> <span class='ocrx_word' id='word_1_946' title='bbox 3282 5240 3388 5297; x_wconf 84' lang='lat' dir='ltr'><strong>nde</strong></span> <span class='ocrx_word' id='word_1_947' title='bbox 3410 5282 3427 5297; x_wconf 92' lang='lat'><strong>.</strong></span> <span class='ocrx_word' id='word_1_948' title='bbox 3459 5248 3516 5297; x_wconf 87' lang='lat' dir='ltr'><strong>et</strong></span> <span class='ocrx_word' id='word_1_949' title='bbox 3535 5238 3831 5312; x_wconf 83' lang='lat' dir='ltr'><strong>quomodo,</strong></span> 
     </span>
    </p>
   </div>
   <div class='ocr_carea' id='block_1_111' title="bbox 2251 5332 3833 5411">
    <p class='ocr_par' dir='ltr' id='par_1_111' title="bbox 2251 5332 3833 5411">
     <span class='ocr_line' id='line_1_111' title="bbox 2251 5332 3833 5411; baseline -0.004 -16"><span class='ocrx_word' id='word_1_950' title='bbox 2251 5340 2363 5411; x_wconf 73' lang='lat' dir='ltr'><strong>ipse</strong></span> <span class='ocrx_word' id='word_1_951' title='bbox 2377 5336 2668 5407; x_wconf 81' lang='lat' dir='ltr'><strong>Apostolus</strong></span> <span class='ocrx_word' id='word_1_952' title='bbox 2692 5349 2791 5391; x_wconf 87' lang='lat' dir='ltr'><strong>nos</strong></span> <span class='ocrx_word' id='word_1_953' title='bbox 2819 5334 3038 5398; x_wconf 90' lang='lat' dir='ltr'><strong>docuit,</strong></span> <span class='ocrx_word' id='word_1_954' title='bbox 3069 5333 3255 5388; x_wconf 87' lang='lat' dir='ltr'><strong>dicens</strong></span> <span class='ocrx_word' id='word_1_955' title='bbox 3284 5350 3301 5387; x_wconf 93' lang='lat'><strong>:</strong></span> <span class='ocrx_word' id='word_1_956' title='bbox 3332 5332 3601 5387; x_wconf 77' lang='lat' dir='ltr'><strong>Arbitrum</strong></span> <span class='ocrx_word' id='word_1_957' title='bbox 3619 5333 3755 5403; x_wconf 78' lang='lat' dir='ltr'><strong>quod</strong></span> <span class='ocrx_word' id='word_1_958' title='bbox 3779 5342 3833 5388; x_wconf 76' lang='lat' dir='ltr'><strong>es</strong></span> 
     </span>
    </p>
   </div>
   <div class='ocr_carea' id='block_1_112' title="bbox 2248 5422 3829 5495">
    <p class='ocr_par' dir='ltr' id='par_1_112' title="bbox 2248 5422 3829 5495">
     <span class='ocr_line' id='line_1_112' title="bbox 2248 5422 3829 5495; baseline -0.003 -11"><span class='ocrx_word' id='word_1_959' title='bbox 2248 5448 2280 5484; x_wconf 77' lang='grc' dir='ltr'><em>α</em></span> <span class='ocrx_word' id='word_1_960' title='bbox 2305 5429 2513 5484; x_wconf 86' lang='lat' dir='ltr'><strong>mortuis</strong></span> <span class='ocrx_word' id='word_1_961' title='bbox 2540 5427 2785 5481; x_wconf 84' lang='lat' dir='ltr'><strong>suscitare</strong></span> <span class='ocrx_word' id='word_1_962' title='bbox 2815 5436 2990 5495; x_wconf 82' lang='lat' dir='ltr'><strong>potens</strong></span> <span class='ocrx_word' id='word_1_963' title='bbox 3012 5435 3084 5479; x_wconf 80' lang='lat' dir='ltr'><strong>est</strong></span> <span class='ocrx_word' id='word_1_964' title='bbox 3112 5423 3266 5479; x_wconf 86' lang='lat' dir='ltr'><strong>Deus.</strong></span> <span class='ocrx_word' id='word_1_965' title='bbox 3291 5422 3347 5479; x_wconf 87' lang='lat' dir='ltr'><strong>id</strong></span> <span class='ocrx_word' id='word_1_966' title='bbox 3371 5432 3455 5481; x_wconf 84' lang='lat' dir='ltr'><strong>est</strong></span> <span class='ocrx_word' id='word_1_967' title='bbox 3473 5440 3488 5478; x_wconf 92' lang='lat'>:</span> <span class='ocrx_word' id='word_1_968' title='bbox 3509 5422 3588 5479; x_wconf 86' lang='lat' dir='ltr'><strong>Ex</strong></span> <span class='ocrx_word' id='word_1_969' title='bbox 3614 5422 3829 5493; x_wconf 82' lang='lat' dir='ltr'><strong>eadem,</strong></span> 
     </span>
    </p>
   </div>
   <div class='ocr_carea' id='block_1_113' title="bbox 2250 5515 3827 5591">
    <p class='ocr_par' dir='ltr' id='par_1_113' title="bbox 2250 5515 3827 5591">
     <span class='ocr_line' id='line_1_113' title="bbox 2250 5515 3827 5591; baseline -0.003 -15"><span class='ocrx_word' id='word_1_970' title='bbox 2250 5524 2416 5591; x_wconf 83' lang='lat' dir='ltr'><strong>inquit</strong></span> <span class='ocrx_word' id='word_1_971' title='bbox 2435 5560 2449 5582; x_wconf 88' lang='lat'><strong>,</strong></span> <span class='ocrx_word' id='word_1_972' title='bbox 2483 5518 2585 5574; x_wconf 87' lang='lat' dir='ltr'><strong>tide</strong></span> <span class='ocrx_word' id='word_1_973' title='bbox 2604 5534 2705 5590; x_wconf 91' lang='lat' dir='ltr'><strong>qua</strong></span> <span class='ocrx_word' id='word_1_974' title='bbox 2736 5517 2963 5573; x_wconf 91' lang='lat' dir='ltr'><strong>credidit</strong></span> <span class='ocrx_word' id='word_1_975' title='bbox 2992 5515 3134 5587; x_wconf 90' lang='lat' dir='ltr'><strong>quod</strong></span> <span class='ocrx_word' id='word_1_976' title='bbox 3160 5515 3459 5572; x_wconf 91' lang='lat' dir='ltr'><strong>donaturus</strong></span> <span class='ocrx_word' id='word_1_977' title='bbox 3487 5524 3633 5572; x_wconf 87' lang='lat' dir='ltr'><strong>esset</strong></span> <span class='ocrx_word' id='word_1_978' title='bbox 3659 5515 3827 5572; x_wconf 88' lang='lat' dir='ltr'><strong>lilium</strong></span> 
     </span>
    </p>
   </div>
   <div class='ocr_carea' id='block_1_114' title="bbox 2248 5607 3828 5684">
    <p class='ocr_par' dir='ltr' id='par_1_114' title="bbox 2248 5607 3828 5684">
     <span class='ocr_line' id='line_1_114' title="bbox 2248 5607 3828 5684; baseline 0.001 -22"><span class='ocrx_word' id='word_1_979' title='bbox 2248 5611 2335 5684; x_wconf 81' lang='lat' dir='ltr'><strong>qui</strong></span> <span class='ocrx_word' id='word_1_980' title='bbox 2368 5626 2471 5665; x_wconf 91' lang='lat' dir='ltr'><strong>non</strong></span> <span class='ocrx_word' id='word_1_981' title='bbox 2493 5621 2628 5676; x_wconf 84' lang='lat' dir='ltr'><strong>erat,</strong></span> <span class='ocrx_word' id='word_1_982' title='bbox 2658 5624 2722 5665; x_wconf 85' lang='lat' dir='ltr'><strong>ex</strong></span> <span class='ocrx_word' id='word_1_983' title='bbox 2746 5608 2935 5665; x_wconf 89' lang='lat' dir='ltr'><strong>eadem</strong></span> <span class='ocrx_word' id='word_1_984' title='bbox 2965 5608 3125 5662; x_wconf 86' lang='lat' dir='ltr'><strong>etiam</strong></span> <span class='ocrx_word' id='word_1_985' title='bbox 3151 5616 3420 5663; x_wconf 83' lang='lat' dir='ltr'><strong>mortuum</strong></span> <span class='ocrx_word' id='word_1_986' title='bbox 3449 5607 3828 5663; x_wconf 86' lang='lat' dir='ltr'><strong>suscitaturum</strong></span> 
     </span>
    </p>
   </div>
   <div class='ocr_carea' id='block_1_115' title="bbox 2248 5699 3827 5774">
    <p class='ocr_par' dir='ltr' id='par_1_115' title="bbox 2248 5699 3827 5774">
     <span class='ocr_line' id='line_1_115' title="bbox 2248 5699 3827 5774; baseline -0.004 -15"><span class='ocrx_word' id='word_1_987' title='bbox 2248 5720 2367 5759; x_wconf 76' lang='lat' dir='ltr'><strong>esse</strong></span> <span class='ocrx_word' id='word_1_988' title='bbox 2390 5746 2403 5768; x_wconf 89' lang='lat'><strong>,</strong></span> <span class='ocrx_word' id='word_1_989' title='bbox 2436 5714 2486 5759; x_wconf 93' lang='lat' dir='ltr'><strong>et</strong></span> <span class='ocrx_word' id='word_1_990' title='bbox 2518 5717 2830 5774; x_wconf 88' lang='lat' dir='ltr'><strong>persuasum</strong></span> <span class='ocrx_word' id='word_1_991' title='bbox 2862 5700 3047 5755; x_wconf 89' lang='lat' dir='ltr'><strong>habuit</strong></span> <span class='ocrx_word' id='word_1_992' title='bbox 3088 5699 3229 5769; x_wconf 90' lang='lat' dir='ltr'><strong>quod</strong></span> <span class='ocrx_word' id='word_1_993' title='bbox 3254 5709 3539 5756; x_wconf 88' lang='lat' dir='ltr'><strong>mactatum</strong></span> <span class='ocrx_word' id='word_1_994' title='bbox 3568 5709 3683 5754; x_wconf 87' lang='lat' dir='ltr'><strong>erat</strong></span> <span class='ocrx_word' id='word_1_995' title='bbox 3706 5713 3827 5753; x_wconf 86' lang='lat' dir='ltr'><strong>sus-</strong></span> 
     </span>
    </p>
   </div>
   <div class='ocr_carea' id='block_1_116' title="bbox 2249 5793 3826 5867">
    <p class='ocr_par' dir='ltr' id='par_1_116' title="bbox 2249 5793 3826 5867">
     <span class='ocr_line' id='line_1_116' title="bbox 2249 5793 3826 5867; baseline -0.006 -13"><span class='ocrx_word' id='word_1_996' title='bbox 2249 5810 2520 5856; x_wconf 73' lang='lat' dir='ltr'><strong>citaturus.</strong></span> <span class='ocrx_word' id='word_1_997' title='bbox 2548 5797 2674 5854; x_wconf 76' lang='grc' dir='ltr'><strong>εωι</strong></span> <span class='ocrx_word' id='word_1_998' title='bbox 2709 5796 2848 5853; x_wconf 90' lang='lat' dir='ltr'><strong>enim</strong></span> <span class='ocrx_word' id='word_1_999' title='bbox 2881 5810 3029 5867; x_wconf 65' lang='lat' dir='ltr'><strong>teque</strong></span> <span class='ocrx_word' id='word_1_1000' title='bbox 3051 5793 3292 5863; x_wconf 85' lang='lat' dir='ltr'><strong>dubium,</strong></span> <span class='ocrx_word' id='word_1_1001' title='bbox 3314 5793 3566 5860; x_wconf 77' lang='lat' dir='ltr'><strong>humana.</strong></span> <span class='ocrx_word' id='word_1_1002' title='bbox 3590 5794 3826 5863; x_wconf 84' lang='lat' dir='ltr'><strong>inquam,</strong></span> 
     </span>
    </p>
   </div>
  </div>
