4068 6418
194 443 279 499 liii
994 437 1057 493 ΙΝ
1099 431 1315 494 EPIST.
1360 432 1459 490 AD‘
1490 426 1852 489 DEBRIEOS.
1896 426 2151 486 C\P.Xl.
2194 425 2426 483 HOMIL.
2474 424 2644 481 XXV.

186 548 391 610 talione,
420 552 475 599 et
514 557 584 597 ex
617 541 853 596 matrice
882 546 1122 595 emortua
1148 536 1411 607 senioque
1440 533 1686 591 confecta
1718 541 1774 590 et

187 640 240 692 ad
271 638 563 693 liberorum
606 632 1046 705 procreationem
1082 629 1193 701 ja'm
1230 629 1387 700 plane
1424 628 1594 683 inutili
1643 626 1772 682 dare

190 730 337 786 tilium
360 771 374 794 ,
405 738 461 784 et
486 727 774 783 suscitare
799 724 1033 781 occisum
1068 740 1082 777 :
1110 732 1347 776 attamen
1371 720 1421 775 id
1451 735 1770 792 persuasum

185 824 383 891 habuit;
410 836 539 876 nam
553 836 688 891 quae
707 826 1054 890 praecesserat
1076 814 1209 870 ﬁdes
1228 812 1295 868 ad
1312 810 1488 868 futura
1505 811 1771 868 credenda

184 919 302 969 viam
326 912 575 985 lambat.
610 910 867 981 Alioquin
895 917 1072 964 autem
1097 906 1313 962 videbat
1334 904 1426 961 ille
1452 905 1591 960 bona
1625 905 1772 985 prio-

183 1021 264 1071 ra,
306 1004 534 1060 molesta
568 1012 759 1059 autem
794 999 1093 1071 posteriora
1133 1006 1190 1053 et
1234 997 1286 1052 in
1318 1004 1617 1052 senectute.
1658 984 1771 1051 vos

183 1107 339 1151 autem
364 1136 380 1162 ,
404 1094 628 1166 inquit,
661 1104 851 1150 contra
887 1109 901 1146 :
935 1089 1161 1146 molesta
1183 1087 1396 1145 habetis
1418 1088 1588 1158 prima
1612 1102 1627 1151 ;
1650 1100 1772 1157 qua:

181 1168 337 1245 autem
370 1188 513 1244 bona
544 1196 702 1253 sunt,
731 1184 945 1241 ultima.
976 1182 1090 1258 lioe
1115 1181 1181 1237 ad
1209 1195 1307 1238 eos
1328 1179 1653 1253 qui.audent
1682 1178 1769 1234 di-

180 1298 323 1338 cere:
355 1281 487 1338 Post
519 1288 760 1335 mortem
792 1278 1038 1350 promisit
1068 1275 1223 1332 nobis
1252 1275 1425 1340 bona;
1451 1289 1549 1330 nos
1578 1272 1773 1330 fortas-

179 1392 228 1432 sc
250 1376 479 1446 decepit.
516 1374 783 1431 Ostendit
802 1372 943 1443 quod
969 1371 1132 1427 etiam
1153 1383 1222 1425 ex
1251 1368 1480 1425 mortuis
1510 1368 1772 1424 suscitare

182 1475 350 1536 potens
367 1478 456 1523 est
485 1466 645 1521 Deus
668 1481 682 1520 :
714 1464 757 1519 si
780 1474 959 1518 autem
977 1477 1041 1515 ex
1066 1460 1295 1515 mortuis
1314 1459 1575 1514 suscitare
1598 1466 1773 1528 potest

180 1558 321 1620 Deus,
348 1556 583 1612 omnino
613 1554 803 1611 reddet
830 1552 1029 1608 omnia.
1057 1550 1112 1608 Si
1142 1559 1320 1606 autem
1349 1548 1622 1605 Abraham
1644 1557 1771 1605 ante

181 1660 247 1703 tot
276 1665 447 1704 annos
487 1648 731 1704 credidit
780 1644 922 1718 quod
976 1646 1119 1700 Deus
1169 1645 1238 1699 sit
1270 1653 1462 1714 potens
1508 1643 1770 1699 suscitare

178 1759 234 1796 cx
259 1742 486 1797 mortuis
518 1760 534 1797 :
567 1741 745 1796 multo
786 1739 954 1811 magis
995 1752 1094 1794 nos
1138 1736 1191 1793 id
1233 1736 1493 1793 debemus
1521 1735 1767 1792 credere.

183 1833 325 1891 Vides
342 1833 517 1905 quod,
553 1835 699 1889 sicut
720 1833 868 1903 prius
892 1831 1040 1896 dixi,
1070 1844 1219 1884 mors
1248 1829 1488 1885 nondum
1522 1828 1764 1895 intravit,

180 1936 226 1981 rt
247 1941 336 1984 eos
360 1927 553 1983 statim
579 1924 744 1981 traxit
766 1923 819 1979 in
845 1938 995 1995 spem
1024 1921 1458 1989 resurrectionis,
1479 1927 1535 1976 et
1564 1919 1631 1973 ad
1661 1928 1768 1974 tam

180 2030 365 2075 certam
392 2019 634 2075 deduxit
676 2014 1088 2089 persuasionem
1114 2054 1131 2081 ,
1181 2023 1242 2069 ut
1270 2013 1434 2068 etiam
1474 2012 1609 2084 jussi
1639 2007 1770 2067 suos

182 2122 399 2168 mactare
422 2111 599 2177 filios,
630 2126 696 2166 ex
728 2109 922 2181 quibus
944 2106 1335 2179 exspectabant
1365 2121 1425 2163 se
1452 2106 1769 2177 impleturus

180 2202 348 2258 orbem
381 2211 548 2258 terra:
570 2245 588 2269 ,
616 2200 684 2256 ad
716 2200 767 2255 id
796 2198 1100 2256 faciendmn
1136 2197 1307 2268 parati
1338 2197 1571 2253 essent?
1600 2197 1767 2253 Aliud

182 2308 374 2363 quoque
425 2289 518 2349 hic
574 2291 815 2348 ostendit
862 2306 959 2362 per
1008 2292 1112 2345 huc
1159 2288 1302 2360 quod
1349 2288 1507 2357 dixit,
1537 2288 1770 2345 Tentavit

184 2384 303 2440 Deus
330 2386 621 2441 Abraham.
666 2384 807 2455 Quid
852 2385 1023 2441 vero?
1058 2384 1415 2440 uesciebatne
1469 2384 1612 2441 Deus
1639 2396 1765 2441 eum

183 2492 287 2533 esse
331 2482 510 2535 virum
553 2479 753 2535 fortem
797 2488 852 2534 et
889 2478 1173 2550 probum?
1216 2476 1435 2539 Sciebat
1463 2487 1631 2535 certe.
1658 2477 1769 2535 Cur

186 2586 296 2643 ergo
320 2588 441 2629 eum
479 2572 751 2639 tentabat,
783 2572 828 2627 si
855 2572 1103 2629 sciebat?
1138 2569 1255 2628 Non
1284 2581 1343 2627 ut
1365 2574 1479 2643 ipse
1508 2571 1764 2643 disceret,

186 2663 265 2717 sed
293 2675 347 2719 ut
371 2666 495 2722 aliis
528 2664 882 2729 ostenderet,
911 2672 965 2719 et
987 2664 1243 2720 omnibus
1273 2666 1613 2722 manifestam
1645 2668 1767 2737 ejus

191 2753 419 2813 redderet
444 2758 633 2829 magni
657 2755 823 2811 animi
850 2755 1125 2812 virtutem.
1152 2755 1221 2811 Et
1242 2754 1335 2812 hic
1382 2757 1543 2813 etiam
1576 2768 1763 2815 osten-

182 2832 250 2888 dit
275 2852 487 2893 causam
513 2842 897 2907 mutationum,
917 2853 984 2894 ne
1006 2840 1381 2895 existimarent
1408 2853 1467 2894 se
1492 2850 1766 2907 tamquam

186 2940 209 2977 ι
238 2923 663 2990 Deoderelictos
702 2932 821 2989 haec
867 2932 995 3003 pati.
1038 2932 1174 2988 Nam
1221 2932 1309 2988 hic
1346 2931 1565 3003 quidem
1597 2932 1763 2986 etiam

186 3034 389 3080 necesse
411 3035 499 3083 est
531 3026 751 3088 tentari.
782 3024 926 3097 quod
949 3025 1103 3081 multi
1126 3025 1236 3079 sint
1261 3024 1351 3095 qui
1376 3032 1767 3095 persequuntur

188 3120 236 3163 et
258 3114 340 3181 qui
366 3115 698 3171 insidiantur
726 3133 740 3169 :
774 3115 884 3172 illic
922 3126 1101 3172 autem
1146 3129 1267 3185 qum
1293 3122 1411 3170 erat
1437 3113 1489 3169 ei
1523 3113 1768 3169 necessi-

191 3208 258 3255 tas
283 3218 371 3260 eas
395 3222 519 3276 quae
559 3222 669 3262 non
698 3215 851 3263 erant
871 3208 1175 3279 excogitare
1201 3204 1567 3261 tentationes?
1592 3206 1771 3277 Atque

194 3299 515 3367 perspicuum
543 3300 759 3371 quidem
786 3310 889 3365 est,
938 3299 1080 3371 quod
1126 3299 1241 3354 haec
1278 3300 1500 3353 tentatio
1523 3296 1683 3355 ﬁebat
1706 3310 1772 3355 eo

188 3386 406 3454 iubente.
448 3391 519 3449 Et
546 3394 669 3449 alize
709 3392 923 3465 quidem
952 3392 1151 3449 ﬁebant
1176 3408 1241 3449 eo
1263 3392 1625 3463 permittente,
1656 3392 1773 3448 hac

195 3492 352 3539 autem
380 3488 545 3545 etiam
566 3487 812 3557 iubente.
844 3485 901 3543 Si
925 3501 1055 3558 ergo
1084 3485 1221 3541 adeo
1244 3484 1500 3557 probatos
1528 3484 1773 3542 efﬁciunt

199 3577 522 3645 tcutationes,
560 3588 617 3633 ut
644 3578 858 3633 etiamsi
889 3593 995 3633 non
1027 3576 1099 3633 sit
1126 3591 1285 3633 causa
1312 3619 1329 3645 ,
1355 3578 1496 3634 Deus
1524 3591 1652 3632 suos
1678 3591 1772 3633 ex-

198 3678 356 3723 erceat
378 3670 633 3736 athletas,
668 3669 839 3726 multo
863 3670 1033 3740 magis
1053 3684 1154 3727 nos
1184 3670 1362 3725 omnia
1386 3679 1601 3742 oportet
1631 3669 1774 3727 ferre

198 3754 401 3851 fortiter.
428 3763 569 3820 Cum
602 3777 796 3834 magna
816 3772 997 3818 autem
1029 3761 1275 3851 emphasi
1309 3761 1396 3818 hic
1426 3761 1564 3818 dixit
1590 3804 1604 3829 ,
1641 3761 1773 3817 Fide

198 3847 354 3905 obtulit
374 3851 555 3921 Isaac,
576 3871 692 3909 runt
711 3863 992 3909 tentaretur
1017 3870 1037 3910 :
1062 3847 1209 3909 nulla
1236 3855 1379 3910 enim
1406 3862 1524 3909 erat
1553 3854 1658 3909 alia
1685 3853 1771 3910 of~

201 3936 383 3999 ferendi
417 3959 587 4003 causa
616 3960 777 4016 quam
811 3944 944 4001 haec.
993 3944 1200 4001 Deinde
1226 3946 1549 4002 sententiam
1584 3960 1770 4017 perse-

199 4028 375 4097 quitur.
397 4035 519 4092 Non
551 4046 805 4106 poterat,
852 4036 1066 4108 inquit,
1107 4036 1377 4107 quispiam
1409 4036 1593 4093 dicere
1623 4036 1769 4108 quod

202 4120 342 4181 alium
382 4128 616 4185 haberet
644 4128 811 4185 ﬁlium
840 4169 857 4197 ,
900 4137 955 4185 et
983 4137 1328 4199 exspectaret
1357 4127 1474 4185 fore
1504 4139 1563 4185 ut
1585 4144 1650 4185 ex
1680 4130 1771 4195 illo

204 4209 495 4284 impleretur
522 4221 832 4292 promissio,
860 4230 915 4278 et
940 4218 1064 4277 ideo
1095 4221 1436 4278 conﬁdenter
1460 4236 1585 4278 eum
1609 4222 1769 4279 obtu-

207 4302 322 4363 lerit.
352 4310 419 4366 Et
444 4313 782 4384 unigenitum,
808 4313 999 4385 inquit,
1013 4313 1181 4382 ﬁlium
1208 4311 1467 4381 offerebat,
1492 4314 1580 4386 qui
1604 4330 1776 4370 susce-

205 4410 321 4463 Ρσαι
339 4404 719 4473 promissiones.
739 4404 879 4474 Quid
903 4404 1040 4461 dicis
1067 4405 1437 4476 unigenitum?
1465 4405 1591 4477 quid
1620 4421 1773 4473 vero,

208 4485 370 4551 Ismael
394 4496 668 4553 undenam
695 4498 851 4553 erat?
882 4496 1228 4570 Unigenitum
1257 4497 1401 4566 dico,
1420 4499 1614 4570 inquit,
1629 4486 1773 4571 quod

208 4580 370 4641 attinet
418 4586 488 4642 ad
541 4587 806 4644 rationem
858 4588 1278 4660 promissionis:
1308 4599 1591 4659 propterea
1630 4590 1775 4646 enim

208 4680 309 4727 cum
334 4675 583 4745 dixisset,
612 4677 963 4751 Unigenitum,
991 4678 1235 4747 addidit,
1267 4688 1329 4735 ut
1356 4680 1609 4738 ostendat
1630 4681 1777 4753 quod

210 4771 406 4835 Propter
435 4766 582 4826 hunc
607 4768 755 4826 dieat
786 4788 801 4825 :
828 4772 909 4825 Ad
951 4787 1101 4841 quem
1148 4772 1342 4827 dictum
1380 4782 1455 4828 est
1486 4788 1506 4828 :
1531 4771 1599 4828 In
1624 4772 1778 4830 Isaac

210 4858 443 4915 vocabitur
470 4859 559 4916 tibi
574 4877 761 4929 semen,
794 4861 897 4918 hoc
923 4871 1024 4928 est,
1053 4877 1120 4919 ex
1153 4862 1291 4933 ipso.
1316 4863 1478 4921 Vides
1499 4864 1778 4936 quomodo

210 4947 481 5012 admiretur
508 4954 654 5024 quod
680 4954 881 5011 factum
926 4964 1011 5012 est
1043 4970 1075 5011 a
1105 4956 1409 5028 patriarcha
1436 4958 1459 5013 2
1488 4956 1559 5013 In
1580 4957 1735 5014 Isaac
1758 5000 1776 5029 ,

210 5040 376 5100 audivit
406 5085 425 5111 ,
458 5044 720 5100 vocabitur
749 5044 838 5101 tibi
865 5063 1040 5102 semen
1068 5089 1083 5113 ,
1112 5056 1168 5104 et
1195 5048 1457 5105 oﬁ‘erebat
1482 5048 1649 5105 ﬁlium
1675 5050 1779 5106 bo-

210 5136 360 5195 ﬂiam.
392 5138 600 5195 Deinde
644 5154 715 5195 ne
759 5141 1106 5198 existimaret
1130 5142 1432 5214 quispiam,
1472 5143 1615 5215 quod
1654 5159 1779 5201 eum

210 5222 531 5299 deiperasset
557 5231 663 5288 hoc
690 5232 836 5299 facit,
870 5244 922 5289 et
953 5248 1053 5305 per
1081 5234 1185 5290 hoc
1208 5234 1418 5305 iussum
1446 5235 1595 5291 illam
1620 5236 1779 5307 ejeeit

215 5316 367 5393 ﬁdem,
395 5323 493 5380 sed
516 5323 756 5381 disceret
778 5324 921 5395 quod
946 5340 1136 5382 revera
1165 5325 1270 5383 hoc
1290 5342 1508 5399 quoque
1528 5328 1602 5383 sit
1628 5327 1779 5398 ﬁdei,

213 5408 318 5471 dicit
343 5416 488 5487 quod
516 5416 663 5472 illam
699 5432 915 5489 quoque
941 5417 1174 5475 habebat
1201 5416 1361 5475 [idem
1390 5462 1407 5486 ,
1442 5434 1773 5492 quamquam

213 5518 305 5564 cum
329 5508 435 5566 hac
468 5509 745 5567 videretur
761 5525 1032 5582 pugnare;
1067 5509 1163 5567 sed
1205 5527 1312 5566 non
1353 5511 1650 5583 pugnabat:
1672 5527 1780 5568 nou

214 5595 330 5655 enim
346 5600 597 5656 humanis
625 5602 922 5657 rationibus
941 5602 1262 5658 metiebatur
1281 5602 1375 5659 Dei
1392 5601 1665 5669 virtutem,
1684 5603 1780 5661 sed

214 5692 362 5746 omnia
391 5691 890 5764 permittelmtﬁdei.
917 5693 1068 5749 Unde
1098 5710 1203 5748 non
1232 5704 1315 5749 est
1338 5695 1541 5750 veritus
1561 5693 1777 5759 dicere,

210 5778 323 5842 quod
345 5783 507 5838 etiam
525 5798 593 5837 cx
608 5781 839 5837 mortuis
859 5784 1121 5839 suscitare
1135 5792 1327 5855 potens
1342 5792 1427 5840 est
1446 5781 1606 5839 Deus.
1627 5779 1779 5838 Unde

212 5879 303 5926 eum
324 5883 375 5930 et
404 5876 455 5931 in
476 5874 794 5948 parabulam
813 5876 1040 5948 accepit,
1072 5875 1175 5933 huc
1197 5886 1300 5946 cst,
1329 5876 1381 5935 in
1405 5876 1653 5937 exemplo
1679 5896 1691 5930 τ
1726 5877 1777 5935 in

3356 420 3468 479 ΓΜ

1876 540 2069 609 ariete,
2100 538 2292 611 inquit:
2326 520 2655 607 Quomodo?
2678 532 2863 589 Ariete
2888 530 3035 587 enim
3056 570 3072 596 ,
3105 527 3280 600 inquit
3306 568 3323 595 ,
3353 541 3467 582 ma-

1876 640 2023 688 ctato
2054 673 2070 699 ,
2102 631 2191 687 hic
2224 631 2327 686 fult
2368 628 2568 705 salvus.
2598 624 2959 693 Quamobrem
2989 623 3200 694 accepit
3228 635 3353 677 eum
3379 634 3479 691 per

1874 723 2124 788 arietant,
2153 730 2214 778 ut
2237 721 2326 793 qui
2351 719 2495 775 hunc
2515 713 2618 789 pro
2647 717 2740 772 illo
2770 717 3111 772 tuactaverit.
3138 713 3265 769 Haec
3291 720 3475 768 autem

1876 824 2030 870 erant
2054 813 2270 886 quidam
2301 806 2415 885 typi
2443 827 2459 867 :
2490 810 2577 866 hic
2594 808 2738 865 enim
2758 818 2843 864 est
2866 794 3038 863 Filius
3065 806 3156 861 Dei
3187 814 3474 861 mactatus.

1876 906 2003 963 Mihl
2054 917 2232 961 autem
2285 904 2567 977 considera
2616 910 2814 971 quanta
2858 899 2933 956 sit
2971 898 3293 970 benignitas.
3340 895 3476 953 Nam

1877 999 2133 1069 quoniam
2165 996 2473 1053 hominibus
2496 993 2743 1065 quaedam
2774 1007 2967 1063 magna
2991 999 3110 1048 erat
3145 989 3320 1065 danda
3351 1004 3478 1060 gra-

1882 1089 1974 1157 tia,
1997 1090 2187 1146 volens
2214 1088 2267 1145 id
2292 1104 2400 1144 non
2431 1088 2609 1143 facere
2633 1100 2701 1142 ex
2728 1085 2924 1156 gratia,
2952 1082 3047 1140 sed
3077 1093 3351 1161 tamquam
3376 1080 3478 1138 de-

1878 1180 2021 1236 bitor
2049 1221 2065 1248 ,
2103 1180 2271 1237 efﬁcit
2298 1180 2531 1251 primum
2572 1188 2631 1233 ut
2666 1177 2828 1231 homo
2867 1175 2963 1232 det
2988 1190 3145 1231 suum
3178 1174 3347 1231 ﬁlium
3380 1190 3479 1247 pro

1878 1274 2080 1345 placito
2127 1273 2220 1329 Dei
2250 1314 2267 1340 ,
2309 1280 2369 1327 ut
2398 1270 2528 1327 nihil
2555 1269 2829 1326 videretur
2854 1283 3104 1340 magnum
3133 1268 3308 1324 facere
3336 1266 3474 1323 dans

1881 1366 2075 1422 Filium
2098 1381 2277 1433 suum,
2310 1363 2581 1436 siquidem
2608 1372 2735 1418 ante
2763 1377 2887 1418 eum
2916 1360 3081 1417 homo
3101 1359 3205 1416 hoc
3232 1358 3383 1427 fecit,
3408 1376 3481 1417 ne

1883 1458 2285 1515 existimaretur
2313 1458 2416 1512 hoc
2445 1457 2624 1512 facere
2646 1470 2716 1511 ex
2744 1453 2915 1527 gratia
2946 1452 3123 1509 solum
3143 1493 3159 1519 ,
3191 1451 3286 1509 sed
3312 1452 3477 1509 etiam

1883 1564 1950 1603 ex
1993 1547 2197 1604 debito.
2226 1547 2359 1602 Nam
2387 1560 2521 1618 quos
2545 1544 2838 1616 diligimus,
2862 1544 2966 1599 hoc
2990 1558 3204 1615 quoque
3230 1543 3483 1599 volumus

1880 1641 1960 1697 eis
1980 1640 2201 1706 donare,
2240 1647 2299 1693 ut
2318 1638 2595 1693 videamur
2607 1637 2676 1693 ab
2696 1637 2761 1692 iis
2778 1637 2925 1707 prius
2940 1635 3258 1707 consequuti
3279 1634 3485 1707 aliquid

1883 1733 2132 1802 exiguum
2158 1773 2174 1798 ,
2223 1730 2303 1786 sic
2360 1730 2438 1786 eis
2480 1738 2652 1785 totum
2680 1728 2856 1795 dare;
2885 1736 2942 1783 et
2978 1728 3150 1799 magis
3189 1728 3485 1799 gloriemur

1884 1822 2027 1895 quod
2057 1822 2447 1894 acceperimus,
2465 1836 2625 1893 quam
2647 1821 2789 1891 quod
2818 1819 3163 1886 dederimus;
3188 1828 3244 1875 et
3264 1834 3371 1874 non
3402 1818 3488 1874 di-

1886 1917 2082 1981 cimus,
2115 1915 2228 1970 liec
2253 1914 2302 1969 ei
2331 1912 2602 1978 dedimus,
2630 1912 2747 1979 sed,
2775 1909 2889 1968 Hoc
2912 1912 2981 1967 ab
3008 1911 3126 1982 ipso
3146 1911 3480 1982 accepimus.

1889 2006 2038 2063 Unde
2062 2014 2282 2073 etcum,
2315 2005 2521 2077 inquit,
2553 2006 2747 2077 accepit
2794 2005 2850 2059 in
2885 2004 3133 2076 parabola
3159 2046 3175 2072 ,
3220 2005 3327 2061 hoc
3351 2014 3437 2061 est
3466 2046 3484 2072 ,

1888 2110 2162 2172 tamquam
2192 2100 2247 2154 in
2275 2098 2562 2169 aenigmate
2595 2115 2609 2152 :
2640 2106 2759 2154 erat
2795 2098 2940 2153 enim
2983 2098 3127 2154 aries
3182 2098 3348 2153 veluti
3381 2113 3484 2169 pa-

1890 2193 2073 2249 rabola
2114 2202 2208 2247 aut
2257 2189 2555 2247 similitudo
2590 2191 2741 2247 Isaae
2772 2206 2787 2245 :
2813 2198 2905 2245 aut
2942 2189 3106 2246 veluti
3156 2190 3209 2246 in
3254 2198 3381 2263 typo
3420 2204 3488 2247 ac

1883 2284 2071 2358 ﬁgura.
2115 2285 2248 2341 Nam
2310 2286 2571 2357 quoniam
2624 2285 2905 2341 voluntate
2962 2284 3129 2341 animi
3185 2284 3485 2356 perfectum

1882 2378 2052 2433 fuerat
2082 2378 2407 2435 sacriﬁcium
2448 2388 2505 2437 et
2543 2378 2756 2436 occisus
2796 2378 2982 2449 Isaac,
3023 2386 3326 2451 propterea
3351 2393 3482 2436 eum

1886 2470 2050 2527 donat
2081 2471 2421 2542 patriarcha.

1948 2554 2004 2617 2.
2038 2562 2199 2619 Vides
2227 2562 2332 2619 hoc
2375 2577 2516 2619 nune
2542 2577 2757 2635 quoque
2785 2560 3039 2630 ostendi,
3065 2561 3209 2634 quod
3250 2577 3475 2635 semper

1878 2654 2033 2712 dico?
2058 2655 2194 2711 Cum
2217 2656 2359 2713 enim
2388 2666 2624 2713 mentem
2657 2664 2897 2713 nostram
2928 2657 3337 2714 exhibuerimus
3360 2674 3487 2731 per-

1880 2745 2096 2815 tectam,
2124 2756 2181 2804 et
2208 2747 2609 2804 ostenderimus
2636 2762 2739 2804 nos
2765 2762 2855 2804 res
2876 2757 3123 2805 terrenas
3157 2748 3441 2822 despicere
3462 2792 3487 2821 ι

1882 2848 2011 2894 tunc
2030 2853 2247 2912 quoque
2276 2840 2435 2896 nobis
2461 2840 2628 2896 donat
2652 2855 2741 2896 res
2766 2850 3016 2897 terrenas
3041 2883 3055 2903 .
3084 2849 3140 2897 et
3170 2857 3275 2898 non
3305 2851 3433 2899 ante
3457 2884 3475 2910 ,

1882 2947 1954 2989 ne
1999 2941 2280 3004 acceptum
2325 2932 2530 2988 donum
2578 2946 2678 2989 nos
2730 2941 2962 2989 terrenis
3007 2933 3265 3012 alligatos
3310 2923 3485 3007 magis

1884 3026 2065 3081 adhuc
2093 3026 2295 3098 alliget.
2323 3026 2485 3084 Solve
2521 3035 2594 3092 te,
2640 3026 2840 3097 inquit,
2869 3019 3101 3099 primum
3131 3042 3163 3082 a
3193 3027 3483 3094 servitute,

1878 3128 1934 3175 et
1960 3128 2088 3176 tunc
2129 3119 2354 3190 accipe,
2385 3129 2443 3175 ut
2484 3134 2592 3175 non
2646 3118 2879 3189 amplius
2920 3118 3156 3190 accipias
3203 3128 3479 3191 tamquam

1882 3224 2073 3266 servus
2097 3252 2113 3278 ,
2141 3210 2237 3266 sed
2266 3219 2537 3281 tamquam
2576 3210 2829 3265 dominus
2859 3227 2873 3263 :
2904 3208 3122 3280 despice
3147 3209 3398 3275 divitias.
3424 3219 3484 3268 et

1879 3303 1989 3359 eris
2015 3301 2201 3367 dives;
2222 3301 2443 3372 despice
2464 3300 2717 3373 gloriam,
2737 3310 2792 3357 et
2807 3299 2917 3357 eris
2936 3301 3235 3374 gloriosus;
3261 3300 3485 3372 despice

1879 3393 2138 3450 ultionem
2170 3394 2511 3451 inimicorum
2532 3436 2547 3462 ,
2588 3402 2645 3449 et
2690 3402 2817 3450 tunc
2846 3408 2965 3450 eam
2995 3395 3339 3467 assequeris;
3384 3396 3486 3453 de-

1877 3486 2027 3556 spice
2050 3487 2285 3557 quietem
2306 3495 2361 3543 et
2380 3486 2779 3551 remissionem,
2807 3495 2864 3542 et
2892 3494 3024 3542 tunc
3047 3502 3167 3542 eam
3194 3488 3429 3559 accipies
3461 3506 3477 3543 :

1878 3586 1938 3633 ut
1956 3593 2077 3634 eum
2099 3578 2394 3650 acceperis,
2418 3592 2526 3633 non
2551 3589 2823 3650 tamquam
2842 3577 3055 3635 vinctus
3080 3594 3201 3635 eam
3219 3580 3477 3650 accipias,

1879 3684 2055 3741 neque
2085 3678 2353 3741 tamquam
2390 3683 2580 3727 servus
2606 3711 2623 3739 ,
2669 3669 2766 3726 sed
2810 3678 3082 3741 tamquam
3131 3671 3290 3727 liber.
3326 3671 3486 3730 Sicut

1878 3763 2021 3818 enim
2055 3764 2104 3817 in
2133 3762 2311 3834 parvis
2340 3762 2543 3833 pueris,
2571 3764 2790 3834 quando
2808 3779 2943 3835 puer
2957 3764 3176 3836 quidem
3205 3765 3483 3823 desiderat

1880 3854 2086 3911 ludicra
2117 3856 2342 3927 puerilia
2367 3897 2383 3923 ,
2418 3870 2649 3927 propere
2692 3856 2986 3915 admodum
3033 3874 3097 3915 ea
3145 3860 3486 3919 occultamus

1881 3957 1940 4005 ut
1964 3948 2182 4020 globum
2223 3958 2277 4005 et
2314 3957 2511 4004 cratera
2562 3949 2868 4019 huiusmodi
2895 3992 2911 4017 ,
2961 3966 3030 4009 ne
3084 3951 3411 4023 impediatur
3449 3970 3485 4011 a

1880 4042 2202 4098 necessariis
2232 4059 2247 4095 :
2275 4039 2491 4112 quando
2518 4049 2701 4097 autem
2729 4055 2794 4097 ea
2818 4040 3051 4113 despicit
3078 4083 3095 4109 ,
3139 4051 3195 4098 et
3226 4058 3333 4099 non
3361 4060 3484 4099 am-

1880 4133 2023 4205 plius
2047 4146 2111 4187 ea
2137 4130 2431 4199 desiderat,
2470 4132 2573 4202 ipsi
2600 4146 2664 4188 ea
2694 4146 2888 4189 secure
2915 4132 3277 4204 impertimur,
3308 4146 3365 4190 ut
3389 4138 3485 4206 qui

1882 4227 2119 4285 sciamus
2155 4227 2283 4285 inde
2324 4227 2530 4285 nullam
2575 4227 2837 4299 deinceps
2860 4225 2911 4283 ei
2941 4240 3063 4282 esse
3090 4241 3319 4291 noxam,
3364 4240 3491 4283 cum

1884 4319 2017 4376 illud
2041 4319 2371 4377 desiderium
2404 4333 2511 4375 non
2538 4318 2774 4389 amplius
2803 4318 2977 4390 possit
3002 4333 3127 4373 eum
3160 4316 3431 4372 abducere
3456 4332 3489 4374 a

1887 4411 2215 4467 necessariis
2250 4428 2263 4465 :
2294 4410 2369 4466 ita
2410 4411 2556 4466 Deus
2587 4425 2806 4481 quoque
2846 4424 2970 4464 cum
3013 4408 3213 4465 viderit
3253 4423 3351 4464 nos
3379 4423 3488 4464 non

1883 4501 2116 4572 amplius
2141 4516 2341 4573 cupere
2369 4517 2489 4573 qua!
2520 4501 2607 4557 hic
2631 4509 2778 4567 sunt,
2811 4509 2937 4557 tunc
2963 4500 3094 4557 sinit
3120 4515 3221 4557 nos
3248 4501 3329 4556 eis
3358 4502 3433 4556 uti
3468 4517 3485 4559 :

1884 4607 1950 4646 ea
1974 4593 2118 4648 enim
2147 4592 2409 4649 habemus
2435 4602 2709 4664 tamquam
2746 4591 2902 4648 liberi
2933 4600 2990 4648 et
3027 4591 3166 4658 viri,
3211 4607 3318 4648 non
3350 4603 3493 4649 tam-

1884 4697 2043 4754 quam
2071 4683 2243 4753 pueri.
2271 4682 2403 4739 Nam
2428 4682 2594 4755 quod,
2616 4684 2662 4739 si
2688 4683 3081 4755 contempseris
3108 4684 3364 4739 ultionem
3393 4699 3488 4740 su-

1886 4792 2037 4833 mere
2064 4776 2135 4834 de
2160 4777 2415 4845 inimicis,
2448 4786 2575 4833 tunc
2603 4778 2909 4849 assequeris
2932 4818 2949 4844 ,
2980 4776 3104 4833 audi
3132 4776 3259 4848 quid
3291 4776 3437 4834 dicat
3468 4794 3484 4834 :

1887 4868 1949 4926 Si
1975 4871 2133 4925 esurit
2163 4878 2279 4925 tuus
2305 4871 2571 4938 inimicus,
2599 4872 2711 4926 ciba
2750 4872 2899 4925 illum
2925 4887 2944 4927 :
2973 4871 3019 4925 si
3047 4871 3187 4935 sitit,
3218 4870 3287 4924 da
3313 4870 3360 4924 ei
3384 4887 3485 4943 po-

1885 4969 1990 5016 tum
2008 4978 2028 5029 ;
2056 4971 2111 5018 et
2132 4962 2429 5032 subjunxit.
2460 4961 2576 5018 Hoc
2594 4964 2726 5018 enim
2750 4964 2964 5035 faciens,
2985 4979 3225 5035 congeras
3244 4963 3490 5019 carbones

1883 5068 2039 5120 super
2062 5053 2353 5125 capstgejus
2383 5052 2559 5122 (Rom.
2592 5053 2680 5109 12.
2726 5052 2845 5125 20).
2878 5053 2947 5109 Et
2984 5068 3174 5109 rursus
3218 5053 3366 5125 quod
3389 5095 3403 5121 ,
3436 5053 3487 5111 si

1882 5143 2201 5216 despexeris
2234 5143 2472 5211 divitias,
2507 5153 2633 5201 tunc
2663 5160 2755 5201 cas
2790 5146 3100 5217 assequeris
3120 5187 3137 5213 ,
3168 5145 3294 5201 audi
3321 5144 3487 5202 Chri-

1878 5247 2023 5295 stum
2052 5240 2323 5296 dicentem
2352 5256 2369 5294 :
2402 5239 2584 5295 Omnis
2605 5241 2696 5312 qui
2719 5239 2983 5311 reliquerit
3013 5248 3228 5310 patrem,
3258 5249 3348 5295 aut
3375 5257 3488 5294 ma-

1880 5341 2029 5401 trem,
2059 5342 2147 5387 ast
2175 5332 2383 5388 domum
2407 5375 2424 5401 ,
2453 5341 2543 5387 aut
2569 5337 2781 5403 fratres,
2812 5333 3111 5404 centupium
3153 5333 3369 5402 accipiet
3389 5374 3403 5397 ,
3436 5341 3487 5387 et

1878 5425 2035 5479 vitam
2057 5433 2303 5480 internum
2330 5424 2608 5495 possidebit
2638 5423 2859 5493 (Matth.
2884 5424 2973 5480 i9.
3000 5422 3117 5493 29).
3149 5423 3217 5480 Et
3241 5423 3409 5494 quod,
3437 5424 3487 5480 si

1876 5516 2194 5588 despexeris
2218 5516 2471 5587 gloriam,
2495 5524 2625 5573 tunc
2649 5531 2771 5573 eam
2795 5515 3127 5587 assequeris,
3154 5514 3280 5570 audi
3305 5515 3485 5585 ipsum

1876 5621 2066 5663 rursus
2081 5606 2354 5663 Christum
2376 5605 2671 5673 dicentem,
2698 5607 2799 5675 Qui
2824 5607 2931 5662 vult
2960 5607 3092 5662 inter
3119 5622 3207 5661 vos
3235 5621 3343 5660 esse
3369 5607 3485 5676 pri-

1876 5714 2011 5766 mus,
2037 5700 2101 5754 sit
2126 5709 2288 5755 vester
2308 5700 2561 5766 minister;
2587 5710 2643 5755 et
2665 5698 2873 5765 rursus,
2900 5698 3004 5767 Qui
3032 5714 3087 5753 se
3114 5698 3481 5765 humiliaverit,

1874 5791 2183 5847 excitabitur
2229 5791 2458 5864 (Matth.
2512 5791 2604 5848 ‘20.
2636 5791 2731 5848 26.
2772 5801 2821 5847 et
2850 5791 2943 5847 23.
2986 5789 3101 5861 12).
3140 5790 3279 5859 Quid
3309 5789 3495 5846 dicis?

1874 5886 1920 5944 si
1939 5884 2009 5943 de
2034 5895 2222 5957 putum
2257 5886 2481 5944 inimico
2506 5928 2521 5954 ,
2555 5896 2685 5943 tunc
2726 5901 2851 5943 eum
2892 5883 3095 5958 punio?
3123 5884 3167 5940 si
3193 5883 3480 5940 facultates
