4068 6400
604 471 884 532 dimisero.
917 475 1045 523 tunc
1070 477 1164 533 ero
1178 461 1457 521 excelsos?
1476 461 1520 515 si
1545 474 1634 515 me
1656 456 2027 520 bumiliavero,
2052 464 2178 509 tunc

604 560 925 618 exaltaborf
948 559 1196 625 Maxime,
1219 554 1430 626 inquit:
1462 569 1524 610 ea
1555 560 1639 608 est
1666 552 1809 609 enim
1842 565 1958 607 mea
1985 558 2180 622 poten-

606 653 697 719 tia,
730 660 791 707 ut
818 651 1083 708 contraria
1114 647 1379 720 prabeam
1406 662 1502 717 per
1529 644 1794 701 contraria
1826 659 1841 698 :
1873 656 1990 698 sum
2024 641 2178 697 locu-

602 745 719 815 ples
743 753 796 800 et
819 742 886 799 ad
925 756 1013 799 res
1041 738 1275 812 agendas
1316 738 1489 794 solers
1518 755 1533 794 :
1562 750 1630 793 ne
1657 735 1846 791 timeas
1879 750 1893 787 :
1925 732 2176 787 volunta-

604 846 712 892 tem
753 850 924 891 meam
954 834 1198 903 sequitur
1236 846 1415 887 rerum
1445 839 1629 886 natura
1650 869 1666 896 ,
1711 842 1817 882 non
1844 841 1944 897 ego
1981 838 2177 895 sequor

602 938 845 983 naturam
888 940 1034 998 tego
1077 925 1254 980 omnia
1297 938 1527 994 operor,
1575 936 1681 976 non
1723 920 1792 974 ab
1842 918 1946 973 illis
1993 931 2173 989 agor:

603 1019 947 1090 quamobrem
969 1031 1070 1089 ego
1094 1032 1185 1073 eas
1210 1030 1424 1086 possum
1456 1021 1812 1068 transmutare
1831 1017 1887 1065 et
1908 1008 2173 1064 transfor-

602 1128 768 1170 mare.
794 1112 861 1167 Et
889 1110 1015 1182 quid
1061 1110 1297 1175 miraris,
1325 1107 1370 1163 si
1400 1106 1566 1161 in‘his
1602 1103 1658 1159 lit
1686 1102 1829 1159 tale?
1868 1101 1971 1157 hoc
1994 1100 2172 1172 ipsum

601 1203 742 1260 enim
775 1200 1017 1257 invenies
1046 1201 1205 1255 etiam
1232 1200 1284 1252 in
1307 1197 1427 1251 aliis
1455 1193 1724 1249 omnibus.

674 1293 774 1360 Qui
794 1291 1099 1346 contumelia
1141 1288 1290 1359 dﬁcit
1311 1328 1327 1351 ,
1358 1287 1469 1355 ipse
1504 1282 1807 1339 contumelia
1832 1281 2067 1352 amciter.
2102 1311 2173 1323 —

600 1382 658 1439 Si
690 1382 936 1454 injuriam
968 1379 1151 1445 facias,
1189 1376 1411 1434 affectus
1449 1390 1510 1431 es
1552 1374 1741 1445 injuria
1780 1389 1799 1428 :
1833 1374 1881 1428 si
1921 1371 2062 1436 facta
2088 1380 2173 1428 est

602 1480 695 1534 tibi
722 1480 914 1547 injuria
940 1519 956 1543 ,
1004 1487 1128 1533 tunc
1171 1492 1275 1531 non
1320 1491 1379 1533 es
1424 1475 1615 1545 injuria
1646 1475 1867 1530 allectus
1897 1489 1911 1526 :
1944 1473 1988 1527 si
2028 1472 2170 1527 ultus

600 1573 928 1637 fucris,‘tunc
952 1586 1057 1626 non
1083 1578 1163 1625 est
1191 1568 1332 1622 ultus
1354 1608 1372 1634 ,
1400 1566 1493 1623 sed
1528 1565 1753 1636 teipsum
1786 1578 1845 1619 es
1873 1563 2034 1617 ultus.
2071 1562 2172 1628 Qui

600 1662 765 1723 enim,
792 1662 999 1731 inquit,
1040 1660 1207 1731 diligit
1249 1659 1599 1727 iniquitatem,
1642 1655 1748 1709 odit
1777 1654 2001 1709 animum
2028 1669 2172 1708 suam

602 1752 763 1827 (Prov
807 1752 896 1809 29.
943 1751 1060 1824 24).
1096 1751 1261 1809 Vides
1302 1752 1440 1821 quod
1484 1764 1588 1804 non
1618 1748 1805 1818 injuria
1834 1745 2034 1809 afllcis,
2076 1745 2169 1801 sed

602 1845 793 1915 injuria
824 1844 1046 1902 allectus
1088 1844 1186 1900 es?
1231 1843 1515 1912 Propterea
1558 1840 1688 1896 dicit
1728 1840 1887 1895 etiam
1929 1837 2122 1893 Paulus
2155 1854 2170 1891 :

604 1935 777 2001 Quare
817 1953 917 1990 non
964 1937 1124 2006 magis
1164 1934 1403 2007 iujuriam
1445 1932 1672 2001 accipitis
1714 1929 1790 2003 (l.
1822 1930 1942 1985 Cor.
1980 1929 2033 1984 6.
2078 1922 2176 1999 7)?

602 2025 793 2082 Vidisti
831 2026 973 2097 quod
1000 2025 1104 2082 hoc
1127 2042 1232 2080 non
1259 2026 1329 2080 slt
1354 2022 1541 2094 injuria
1570 2022 1750 2077 sflici?
1777 2012 2003 2091 Quando
2039 2034 2176 2077 con—

603 2117 815 2173 tumelia
837 2116 1101 2182 aﬂ'eceris,
1125 2124 1253 2171 tunc
1277 2112 1499 2170 aﬂ‘ectus
1524 2128 1583 2169 es
1607 2112 1951 2169 contumelia.
1985 2110 2052 2166 Et
2074 2109 2177 2167 hoc

600 2222 668 2263 ex
699 2215 846 2276 parte
871 2206 1047 2261 sciunt
1072 2205 1225 2261 multi
1264 2224 1278 2261 :
1308 2215 1366 2259 ut
1413 2202 1627 2276 quando
1668 2202 1855 2257 dicunt
1898 2202 2039 2258 inter
2069 2216 2128 2257 se
2156 2216 2171 2254 :

602 2296 738 2353 Hinc
765 2295 1143 2359 discedamus,
1186 2312 1255 2352 ne
1300 2294 1531 2365 teipsum
1576 2291 1779 2349 afficias
1826 2292 2172 2348 contumelia.

602 2387 1000 2457 Quamobrem?
1028 2386 1290 2455 Quoniam
1337 2387 1559 2441 multum
1592 2385 1816 2441 interest
1841 2385 1978 2440 inter
2000 2394 2051 2439 te
2074 2426 2090 2451 ,
2119 2392 2175 2438 et

602 2479 797 2535 illum:
840 2494 961 2534 nam
1006 2479 1447 2549 quantiscumque
1487 2476 1732 2533 aﬂ'eceris
1776 2470 2114 2533 contumeliis
2140 2476 2179 2542 ,'

602 2568 693 2626 ille
714 2567 937 2639 gloriam
963 2568 1251 2625 existimat.
1288 2567 1398 2622 lloc
1427 2569 1479 2622 in
1510 2566 1757 2623 omnibus
1780 2567 2097 2637 cogitemus,
2118 2574 2175 2623 et

600 2659 937 2716 contumeliis
987 2658 1263 2716 evadimus
1309 2660 1633 2729 superiores.
1689 2659 2011 2728 Quomodo?
2056 2660 2172 2732 Ego

492 2806 497 2817 ,
601 2752 722 2807 dico
750 2771 764 2806 :
796 2750 851 2807 Si
873 2760 956 2807 est
981 2751 1134 2806 nobis
1164 2767 1337 2823 pugna
1364 2753 1619 2808 adversus
1642 2766 1764 2806 eum
1792 2752 1964 2822 ipsum
1981 2752 2068 2822 qui
2092 2761 2173 2808 est

601 2841 817 2895 indutus
862 2856 1093 2911 purpura
1121 2882 1137 2908 ,
1183 2856 1307 2897 cum
1347 2842 1669 2897 contumelia
1715 2858 1837 2898 eum
1883 2841 2170 2911 allicimus,

601 2932 970 2987 existimamus
1011 2948 1109 2988 nos
1149 2935 1296 3003 ipsos
1343 2933 1539 3003 injuria
1584 2933 1845 2989 afﬁcere:
1878 2948 2001 2990 nam
2051 2933 2173 2989 ideo

602 3023 747 3093 digni
763 3038 947 3079 sumus
972 3024 1061 3095 qui
1086 3024 1281 3093 probro
1296 3024 1612 3081 afficiantur.
1632 3024 1768 3094 Quid
1787 3025 1940 3089 dicis,
1962 3025 2173 3097 quaeso?

601 3131 722 3172 cum
754 3116 827 3171 sis
852 3116 985 3171 civis
1011 3117 1286 3185 caelorum,
1312 3124 1369 3172 et
1392 3130 1678 3187 supernam
1710 3116 1909 3173 habeas
1938 3115 2175 3187 philoso-

602 3207 804 3279 phiam,
832 3223 955 3264 cum
976 3224 1043 3263 eo
1070 3210 1158 3279 qui
1186 3224 1271 3265 res
1299 3218 1539 3265 terrenas
1557 3221 1734 3264 mente
1754 3211 1936 3279 agitat,
1965 3210 2175 3280 probris

603 3299 828 3368 teipsum
876 3300 1123 3369 appetis?
1171 3298 1303 3355 Nam
1349 3300 1555 3355 etiamsi
1605 3300 1855 3365 pecunias
1902 3301 2175 3372 possideat

600 3387 1034 3455 innumerabiles,
1067 3398 1119 3444 et
1147 3390 1217 3443 sit
1246 3390 1298 3444 in
1328 3390 1625 3460 principatu
1647 3402 1703 3446 et
1730 3396 2010 3462 potestate,
2039 3407 2174 3447 non-

600 3478 726 3533 dum
757 3489 929 3533 tamen
960 3480 1061 3533 scit
1096 3479 1293 3534 bonum
1338 3492 1509 3535 tuum.
1556 3480 1677 3535 Noli
1707 3481 1935 3552 teipsum
1973 3491 2165 3538 contu.

601 3568 756 3623 melia
778 3568 1014 3637 afﬁcere,
1034 3570 1180 3625 illum
1207 3570 1443 3630 afficiens
1468 3573 1792 3627 contumelia
1823 3589 1836 3626 :
1870 3572 1963 3627 tibi
1988 3581 2168 3643 parce,

600 3674 707 3714 non
734 3658 807 3714 illi
840 3677 855 3715 :
884 3660 1109 3729 telpsum
1140 3659 1365 3727 honora,
1399 3677 1505 3716 non
1537 3662 1707 3717 illum.
1740 3663 1929 3719 Annon
1955 3673 2039 3719 est
2068 3664 2169 3720 hu-

593 3750 826 3821 jusmodi
856 3750 1191 3820 proverbium
1222 3770 1235 3805 :
1264 3751 1364 3821 Qui
1390 3754 1637 3821 honorat,
1659 3754 1893 3827 seipsum
1916 3754 2163 3811 honorat.

597 3844 667 3900 Et
705 3844 897 3898 merito
929 3860 942 3899 :
971 3859 1075 3898 non
1104 3849 1247 3900 enim
1296 3845 1446 3900 illum
1487 3844 1732 3909 honorat.
1784 3846 1877 3902 sed
1908 3848 2166 3917 seipsum.

598 3934 735 3990 Audi
763 3934 1044 4004 quemdam
1071 3937 1364 4005 sapientem
1393 3936 1656 3997 dicentem
1688 3956 1704 3995 :
1732 3936 1841 3993 Fac
1864 3940 2051 3993 anima
2069 3948 2168 3993 tua

598 4025 836 4079 honorem
872 4024 1027 4091 juxta
1057 4026 1169 4096 ejus
1194 4026 1492 4098 dignitatem
1521 4030 1539 4096 (
1563 4028 1725 4084 Eccfi.
1760 4030 1847 4085 ill.
1876 4030 1991 4100 31).
2028 4029 2167 4097 Quid

596 4122 701 4177 est,
733 4110 895 4173 Juxta
922 4114 1047 4183 ejus
1073 4114 1409 4184 dignitatem!
1432 4116 1488 4173 Si
1520 4133 1612 4186 per
1639 4119 1916 4173 avaritiam
1949 4118 2168 4174 frauda-

607 4201 703 4261 vit,
732 4206 789 4254 tu
819 4214 895 4254 ne.
924 4198 1171 4264 fraudes;
1213 4201 1257 4256 si
1302 4200 1477 4257 alfeeit
1502 4204 1852 4270 contumelia,
1890 4221 1957 4262 ne
1983 4218 2178 4263 contn-

608 4290 763 4345 melia
791 4289 1011 4345 afficias.
1041 4290 1136 4343 hic
1163 4291 1313 4356 mihi,
1344 4308 1547 4362 quaeso,
1575 4294 1617 4349 si
1638 4294 1755 4364 quis
1782 4311 1981 4369 pauper
2006 4298 2174 4356 lutum

603 4380 784 4451 iacens
828 4395 861 4436 e
902 4392 993 4435 tua
1024 4381 1142 4437 aula
1188 4384 1487 4453 acciperet,
1517 4400 1642 4439 num
1657 4398 1929 4456 propterea
1945 4404 2067 4446 eum
2084 4406 2179 4449 vo-

606 4486 758 4527 cares
788 4471 839 4526 iu
870 4470 1169 4539 judicium?
1196 4472 1557 4545 Nequaquam.
1594 4476 1812 4545 Quare?
1847 4478 1922 4536 Ne
1950 4490 2001 4536 te
2027 4496 2158 4537 con-

607 4560 820 4616 tumelia
848 4559 1070 4640 afficias.
1098 4577 1165 4617 ne
1192 4570 1243 4617 te
1267 4576 1456 4619 omnes
1484 4564 1861 4623 coudemnent.
1895 4568 2007 4625 lloe
2033 4586 2176 4628 nunc

604 4665 816 4722 quoque
840 4649 895 4705 lit
926 4668 940 4705 :
970 4651 1125 4707 dives
1154 4654 1295 4707 enim
1323 4664 1403 4709 est
1428 4670 1628 4726 pauper
1646 4698 1663 4721 ,
1690 4668 1870 4728 etquo
1890 4670 1973 4716 est
1992 4661 2173 4730 ditior,

602 4760 670 4801 en
698 4744 866 4816 magis
894 4760 1018 4801 vera
1044 4745 1252 4802 laborat
1278 4756 1608 4818 paupertate.
1641 4749 1831 4805 Lutum
1853 4762 1937 4807 est
1959 4768 2171 4823 aurum,

604 4835 658 4891 in
682 4835 801 4891 aula
825 4836 1034 4905 jacens,
1063 4852 1169 4892 non
1197 4838 1341 4893 domi
1366 4847 1467 4893 huc
1488 4839 1647 4895 situm
1682 4859 1695 4898 :
1722 4842 1909 4899 caelum
1926 4846 2066 4901 enim
2090 4856 2176 4903 est

606 4924 801 4982 domus
820 4934 926 4980 tua.
946 4925 1001 4984 Si
1025 4935 1300 4997 propterea
1326 4942 1455 4999 ergo
1484 4930 1626 4986 litem
1656 4946 1871 4989 moveas
1898 4942 1953 4990 et
1973 4934 2176 5006 judicio

606 5015 918 5083 contendas,
937 5030 1117 5073 annon
1142 5025 1193 5074 te
1210 5018 1634 5077 condemuabunt
1653 5025 1865 5093 superni
1885 5025 2027 5081 cives
2042 5027 2067 5081 τ
2081 5042 2176 5085 au-

604 5121 709 5162 non
731 5107 945 5178 cjicient
968 5121 1019 5167 te
1039 5128 1070 5166 e
1091 5124 1184 5165 sua
1210 5112 1397 5181 patria,
1419 5112 1508 5182 qui
1528 5128 1587 5169 es
1612 5112 1745 5170 adeo
1777 5114 2013 5184 humilis,
2037 5117 2173 5177 adeo

600 5196 726 5251 vilis
752 5207 806 5253 et
839 5200 1075 5268 abjcctus
1094 5242 1112 5267 ,
1141 5209 1197 5256 ut
1226 5218 1322 5273 pro
1348 5203 1558 5260 modico
1586 5205 1696 5261 luto
1738 5207 1871 5263 velis
1897 5222 2130 5280 pugnare
2148 5213 2174 5266 τ

602 5286 733 5344 Nam
774 5288 821 5344 si
853 5289 1081 5347 mundus
1127 5304 1268 5349 esset
1311 5304 1448 5359 tuus,
1495 5296 1689 5354 deinde
1716 5300 2030 5369 sumpsisset
2068 5302 2172 5359 ali-

599 5379 719 5449 quis
748 5394 890 5445 eum,
924 5383 1160 5438 converti
1188 5386 1356 5455 magis
1381 5396 1671 5458 Oporteret.

667 5472 721 5528 5.
751 5472 936 5529 Nescis
962 5474 1103 5544 quod
1134 5475 1182 5531 si
1213 5475 1393 5534 decies
1419 5481 1660 5549 posueris
1686 5482 1871 5539 orbem
1894 5492 2051 5542 terra:
2071 5528 2087 5551 ,
2116 5498 2173 5545 et

600 5564 803 5619 centies
828 5574 884 5620 et
912 5565 1091 5621 decies
1123 5567 1315 5623 millies
1334 5608 1351 5634 ,
1374 5577 1428 5625 et
1452 5569 1536 5625 bis
1571 5578 1775 5628 tantum
1800 5614 1814 5637 .
1846 5588 1917 5631 ne
1938 5586 2023 5632 est
2050 5579 2172 5648 qui-

596 5655 718 5710 dent
743 5657 808 5711 ad
830 5660 1103 5715 minimam
1124 5669 1327 5728 partem
1351 5660 1610 5717 bonorum
1632 5678 1751 5735 qua
1773 5675 1897 5722 sunt
1921 5666 1973 5721 in
1998 5668 2171 5724 cadis?

597 5745 698 5814 Qui
726 5764 855 5821 ergo
877 5766 938 5807 ea
965 5766 1082 5822 qum
1114 5750 1199 5809 llic
1226 5761 1349 5810 sunt
1374 5752 1632 5823 miratur,
1670 5755 1756 5813 illa
1784 5757 1950 5815 afﬁcit
1975 5770 2165 5819 contu-

1335 369 1394 427 8.
1430 363 1705 425 ιοΑΝΝιε
1740 351 2212 421 οιιιιῑεοδτοω
2248 349 2565 409 ARCHIEP.
2605 348 3133 409 CONSTANTINOP.

3766 346 3863 405 976

2286 454 2468 520 melis,
2496 452 2760 525 siquidem
2790 451 2907 507 haec
2926 450 3083 521 digna
3110 446 3381 506 existimat
3403 446 3455 504 in
3481 460 3604 518 qua!
3631 445 3864 503 studium

2283 543 2560 611 conferat,
2587 558 2708 615 qua:
2747 541 2815 598 ab
2850 542 2953 597 illis
2980 550 3130 597 tanto
3166 539 3367 595 distant
3394 537 3680 602 intervallo
3711 554 3726 591 :
3759 537 3869 592 imo

2285 654 2413 696 vero
2455 651 2553 693 nec
2594 634 2788 707 poterit
2833 632 3051 707 quidem
3095 633 3183 689 illa
3234 629 3485 688 admirari
3531 647 3545 686 :
3592 626 3869 701 quomodo

2287 731 2453 796 enim,
2481 744 2601 786 cum
2629 728 2698 785 ad
2730 727 2842 783 bzec
2868 725 3254 796 obstupesceus
3282 722 3495 779 inbiesf
3524 721 3868 777 Dissecemus

2280 822 2364 878 vel
2387 834 2510 877 sero
2530 817 2763 884 tandem,
2794 830 2999 889 quaso,
3033 814 3188 871 funes
3213 824 3265 870 et
3285 813 3502 885 laqueos
3531 831 3545 868 :
3574 812 3693 867 haec
3718 810 3867 867 enim

2281 922 2405 967 sunt
2436 926 2522 968 res
2547 918 2792 966 terrente.
2837 908 3098 976 Quamdiu
3138 904 3537 962 incurvabimur
3572 901 3868 961 deorsum?

2280 1002 2535 1077 quamdiu
2560 1016 2661 1057 nos
2687 1002 2825 1057 alter
2851 1000 3005 1055 alteri
3049 998 3421 1054 iusidiabimur
3444 1038 3459 1063 ,
3491 997 3628 1053 sicut
3653 994 3785 1051 fere
3809 1004 3867 1052 et

2278 1095 2421 1151 sicut
2457 1095 2668 1166 pisces?
2695 1094 2807 1149 lmo
2834 1108 2959 1150 vero
2988 1092 3116 1149 ferte
3146 1079 3252 1148 non
3284 1100 3472 1164 parant
3497 1090 3599 1147 sibi
3624 1090 3859 1146 invicem

2274 1183 2518 1250 insidias,
2567 1182 2662 1239 sed
2705 1182 2768 1237 iis
2805 1196 2925 1253 qua:
2970 1190 3095 1236 sunt
3131 1180 3326 1237 diversi
3350 1182 3565 1252 generis
3592 1198 3609 1239 :
3639 1193 3857 1252 utpota,

2273 1287 2432 1329 ursus
2460 1286 2641 1328 ursum
2676 1286 2782 1326 non
2810 1269 3091 1326 confestim
3120 1269 3397 1332 interimit.
3429 1286 3603 1342 neque
3625 1285 3863 1341 serpens

2273 1364 2341 1419 de
2369 1362 2547 1420 medio
2570 1362 2707 1418 tollit
2740 1370 3045 1433 serpentem
3069 1401 3087 1427 ,
3119 1371 3179 1417 ut
3207 1361 3295 1433 qui
3325 1371 3633 1418 revereatur
3658 1376 3862 1434 cogna—

2274 1454 2473 1510 tionem
2504 1469 2519 1507 :
2549 1461 2607 1507 tu
2632 1461 2811 1509 autem
2852 1466 2976 1508 eum
3014 1451 3105 1523 qui
3150 1460 3234 1506 est
3279 1450 3517 1522 ejusdem
3552 1453 3772 1524 generis
3804 1461 3865 1508 et

2274 1560 2395 1601 eum
2424 1558 2531 1617 quo
2545 1546 2665 1615 jura
2696 1543 2861 1600 babes
2882 1542 3313 1609 innumerabilia,
3339 1544 3737 1614 cognationem,
3768 1558 3861 1597 ra-

2277 1636 2476 1693 tionem
2501 1676 2517 1701 ,
2548 1635 2639 1690 Dei
2679 1632 3040 1705 cognitionem
3061 1673 3079 1701 ,
3110 1635 3219 1689 vim
3250 1642 3456 1690 naturae
3485 1642 3541 1689 et
3573 1634 3674 1689 alia
3701 1634 3868 1689 inuu-

2276 1741 2444 1794 mera,
2470 1733 2526 1781 et
2549 1724 2636 1796 qui
2666 1734 2750 1781 est
2776 1724 3019 1794 ejusdem
3046 1734 3250 1780 naturae
3281 1718 3548 1797 particeps
3569 1766 3583 1790 ,
3614 1725 3867 1797 periuris,

2276 1825 2331 1872 et
2359 1816 2411 1870 in
2437 1814 2576 1870 maia
2603 1814 2776 1884 injicis
2813 1814 3241 1871 innumerabilia.
3288 1813 3427 1883 Quid
3456 1824 3568 1870 tum
3610 1816 3791 1881 enim,
3818 1815 3868 1871 si

2274 1905 2506 1979 gladium
2537 1920 2643 1962 non
2670 1905 2869 1977 adigis,
2910 1920 3087 1977 neque
3125 1906 3180 1961 in
3203 1906 3402 1962 collum
3432 1905 3710 1964 dexteram
3756 1908 3867 1963 im-

2278 1998 2508 2070 mergis?
2522 1998 2785 2054 alia/facis
2807 1998 2910 2054 hoc
2932 1998 3196 2082 graviora,
3222 1997 3273 2052 in
3298 2007 3585 2071 perpetuas
3610 1998 3871 2070 injiciens

2277 2089 2571 2147 molestias.
2596 2088 2728 2144 Nam
2758 2088 2805 2143 si
2833 2089 2933 2144 hoc
2963 2088 3202 2155 fecisses,
3225 2089 3514 2146 liberasses
3542 2104 3667 2145 eum
3698 2104 3730 2145 a
3760 2089 3872 2145 sol-

2280 2180 2590 2237 licitudine:
2624 2195 2765 2237 nunc
2792 2189 2971 2236 autem
2994 2178 3168 2250 injicis
3189 2180 3241 2234 in
3271 2179 3491 2247 famem,
3522 2181 3870 2247 servitutem,

2279 2271 2621 2344 aegritudines
2644 2282 2698 2327 et
2718 2269 2883 2327 multa
2907 2279 3145 2341 peccata.
3168 2270 3294 2327 Huic
3309 2270 3453 2337 dico,
3482 2282 3535 2328 et
3554 2286 3663 2328 non
3684 2286 3874 2329 cessa-

2279 2364 2350 2419 bo
2386 2362 2599 2427 dicere,
2629 2376 2735 2416 non
2779 2375 2877 2416 vos
2914 2360 3143 2417 incitans
3184 2360 3252 2418 ad
3292 2362 3498 2419 eadem
3539 2362 3869 2427 faciendam,

2280 2469 2452 2526 neque
2474 2452 2766 2508 adhortans
2787 2462 2845 2507 ut
2869 2451 2935 2508 ad
2962 2453 3159 2508 malum
3181 2453 3271 2509 illo
3292 2455 3472 2510 minus
3497 2455 3745 2523 veniatis,
3767 2455 3874 2513 sed

2280 2562 2350 2601 ne
2372 2543 2655 2601 conﬁdatis
2686 2552 2955 2613 tamquam
2994 2538 3183 2611 plenas
3212 2559 3318 2600 non
3344 2546 3464 2602 sitis
3490 2545 3664 2602 daturi
3694 2562 3710 2601 :
3738 2560 3871 2602 nam

2283 2636 2383 2706 Qut
2432 2636 2613 2691 rictum
2655 2635 2835 2689 adimit
2881 2636 3112 2704 proximo
3158 2645 3205 2692 et
3248 2653 3431 2708 patent
3454 2679 3470 2707 ,
3522 2639 3706 2694 occidit
3750 2654 3873 2694 eum

2281 2727 2466 2798 (Ecdi.
2511 2727 2602 2783 δι.
2645 2726 2761 2795 2i).
2790 2725 3176 2783 Contineamus
3205 2727 3420 2785 andem
3450 2730 3590 2801 apud
3621 2746 3724 2788 nos
3752 2746 3875 2787 ma.

2282 2834 2403 2886 nus,
2427 2834 2611 2889 quazso
2630 2834 2646 2884 ;
2668 2819 2774 2874 imo
2796 2834 2922 2873 vero
2943 2835 3050 2874 non
3074 2820 3468 2888 contineamus,
3489 2821 3586 2879 sed
3607 2837 3699 2879 eas
3719 2832 3875 2881 recte

2281 2909 2653 2976 extendamus,
2684 2923 2790 2962 non
2820 2907 2887 2963 ad
2914 2908 3063 2979 plura
3093 2909 3414 2981 acquirenda
3441 2925 3539 2982 per
3561 2912 3872 2980 avaritiam,

2282 2999 2377 3057 sed
2414 3000 2479 3055 ad
2507 3000 2904 3070 eleemosyuam
2938 3017 2953 3053 :
2982 3015 3051 3055 ne
3090 2998 3386 3058 habeamus
3428 3015 3645 3058 manum
3693 3002 3873 3060 infru-

2282 3102 2557 3160 ctuosam,
2591 3107 2689 3148 nec
2731 3093 2933 3149 aridam
2967 3110 3132 3150 :nam
3172 3110 3294 3166 qua:
3336 3110 3443 3151 non
3484 3094 3609 3151 facit
3648 3096 3875 3168 quidem

2284 3184 2701 3255 eleemosynam,
2730 3193 2812 3238 est
2840 3182 2989 3239 arida
3022 3203 3036 3239 :
3069 3200 3190 3254 quae
3208 3194 3390 3242 autem
3416 3186 3581 3242 etiam
3603 3188 3752 3258 plura
3781 3203 3878 3245 ac-

2282 3275 2450 3350 quirit
2473 3290 2569 3345 per
2589 3274 2888 3340 avaritiam,
2911 3284 2995 3331 est
3014 3276 3339 3333 exsecranda
3361 3286 3417 3333 et
3442 3277 3675 3350 impura.
3695 3277 3876 3337 Nemo

2283 3365 2527 3423 comedat
2554 3379 2675 3420 cum
2703 3365 3253 3434 ejusmodimanibus;
3281 3378 3363 3424 cst
3386 3368 3528 3424 enim
3547 3372 3875 3427 contumelia

2282 3472 2467 3514 eorum
2494 3455 2584 3527 qui
2608 3466 2733 3512 sunt
2754 3456 2947 3512 vocati.
2970 3455 3125 3524 Nam.
3145 3457 3233 3517 dic
3262 3474 3469 3531 quaso,
3520 3460 3565 3517 si
3592 3461 3713 3533 quis
3745 3477 3873 3519 cum

2290 3570 2390 3613 nos
2401 3560 2643 3611 curasset
2658 3551 2972 3609 accumbere
2990 3567 3153 3623 super
3169 3560 3381 3625 tapetes
3403 3562 3460 3609 et
3483 3554 3646 3612 molle
3660 3563 3881 3629 stt-agno

2288 3648 2397 3705 lum
2431 3656 2488 3703 et
2526 3661 2657 3702 auro
2698 3646 2928 3702 intextas
2947 3654 3126 3702 vestes
3147 3645 3315 3702 lineas
3331 3647 3384 3703 in
3414 3646 3577 3704 domo
3603 3661 3795 3720 magna
3815 3660 3879 3707 et

2286 3737 2584 3812 splendida,
2600 3751 2950 3808 magnamque
2973 3745 3028 3794 et
3048 3737 3269 3793 multam
3294 3737 3614 3796 famulorum
3651 3739 3877 3799 adstare

2284 3829 2531 3903 jussissel
2571 3828 2984 3897 multitudinem,
3026 3829 3221 3887 deinde
3250 3845 3490 3888 mensam
3534 3844 3775 3904 parasset
3795 3850 3873 3893 ex

2286 3938 2415 3979 auro
2436 3932 2490 3980 et
2508 3933 2749 3995 argento,
2777 3930 2833 3979 et
2852 3922 3035 3978 multis
3057 3922 3328 3994 implesset
3348 3925 3613 3996 lautiaque
3638 3935 3695 3984 et
3718 3941 3879 3983 sum-

2287 4016 2492 4087 ptuosis
2519 4030 2680 4071 omne
2704 4029 2873 4087 genus
2900 4015 3056 4082 cibis,
3084 4029 3185 4071 nos
3213 4029 3428 4088 cogeret
3451 4018 3741 4076 comedere
3772 4036 3791 4072 :
3817 4022 3873 4078 si

2284 4110 2459 4165 solum
2485 4108 2747 4166 ferremus
2768 4123 2891 4165 eum
2920 4123 3078 4166 emno
3103 4124 3295 4165 manus
3322 4122 3606 4183 ungentem
3634 4121 3691 4169 et
3720 4121 3873 4169 ster-

2284 4216 2414 4258 core
2451 4201 2724 4267 bumano,
2760 4209 2815 4257 et
2851 4201 2923 4256 ita
2970 4201 3126 4256 simul
3167 4201 3606 4268 accumbentem;
3654 4200 3875 4262 hancne

2278 4307 2498 4364 pinnam
2524 4293 2811 4348 sustineret
2834 4291 3117 4363 quispiam,
3140 4303 3195 4349 et
3219 4309 3325 4350 non
3352 4292 3491 4351 hanc
3509 4309 3625 4353 rem
3642 4294 3877 4354 duceret

2284 4399 2404 4441 esse
2430 4383 2841 4441 contumeliam?
2864 4382 3092 4440 Duceret
3134 4400 3299 4450 sane,
3330 4386 3552 4456 opinor,
3583 4396 3639 4442 et
3679 4388 3872 4447 statim

2284 4477 2538 4534 resiliret.
2582 4475 2736 4533 Nunc
2762 4486 2941 4533 autem
2986 4492 3093 4533 non
3132 4478 3284 4536 vides
3313 4494 3507 4537 manus
3548 4494 3676 4537 vero
3705 4496 3873 4540 cteno

2282 4569 2562 4641 eppletas,
2588 4578 2747 4641 atque
2784 4569 2922 4626 adeo
2952 4570 3095 4642 ipsus
3131 4572 3294 4627 etiam
3332 4571 3512 4638 cibos,
3550 4582 3602 4629 et
3634 4586 3741 4629 non
3776 4589 3873 4631 re.

2280 4663 2415 4729 silis,
2443 4677 2549 4717 non
2576 4660 2957 4732 reprehendis;
2975 4663 3071 4718 sed
3098 4663 3145 4719 si
3170 4665 3243 4721 sit
3270 4663 3488 4736 quidem
3516 4664 3569 4721 in
3598 4674 3871 4737 potestate

2281 4762 2335 4809 et
2360 4753 2711 4819 auctoritate,
2749 4769 2864 4810 rem
2912 4768 3158 4826 magnam
3199 4769 3322 4812 esse
3360 4756 3573 4821 statuis,
3618 4766 3674 4812 et
3717 4766 3869 4815 tuam

2282 4844 2462 4916 perdis
2488 4845 2720 4901 animam
2740 4887 2758 4913 ,
2784 4854 3010 4902 vescen‘s
3042 4845 3256 4902 talibus.
3284 4846 3488 4916 Quovis
3519 4847 3662 4905 enim
3700 4864 3868 4907 cano

2281 4938 2429 5009 pejor
2450 4945 2535 4995 est
2548 4938 2767 4993 avaritia
2788 4955 2803 5003 ;
2825 4939 3057 4995 animam
3074 4941 3217 4995 enim
3241 4940 3503 5010 inquinat,
3519 4956 3625 4997 non
3640 4958 3863 5014 corpus,

2278 5040 2332 5086 et
2355 5030 2519 5093 efﬁcit
2546 5041 2605 5086 ut
2633 5030 2925 5088 difﬁciliter
2946 5031 3115 5104 posit
3138 5032 3265 5088 elui.
3290 5032 3371 5089 Tu
3392 5047 3524 5105 ergo
3552 5033 3737 5091 videns
3758 5035 3869 5094 hoc

2277 5135 2434 5177 emno
2457 5121 2673 5193 quidem
2703 5122 2895 5179 illitum
2922 5139 3043 5179 eum
3072 5125 3163 5195 qui
3192 5125 3480 5191 accumbit,
3506 5135 3562 5181 et
3587 5141 3779 5183 manus
3806 5137 3870 5187 et

2277 5215 2463 5271 oculos
2489 5258 2505 5280 .
2556 5215 2777 5273 domum
2827 5232 3043 5290 quoque
3089 5226 3145 5273 et
3194 5232 3435 5274 mensam
3485 5233 3553 5275 eo
3598 5220 3863 5291 repletam

2277 5307 2629 5377 (stercoribus
2649 5308 2819 5376 enim,
2842 5318 2898 5365 et
2923 5310 2968 5365 si
2990 5308 3117 5381 quid
3144 5320 3227 5366 est
3255 5310 3340 5367 his
3364 5311 3712 5381 immundius,
3734 5325 3868 5374 sunt

2277 5402 2352 5458 illi
2377 5402 2480 5457 cibi
2508 5402 2815 5471 spurciores
2835 5410 2889 5457 et
2911 5403 3325 5475 obscmntores),
3355 5405 3425 5460 ita
3453 5403 3683 5462 afﬁceris
3704 5410 3863 5480 quasi

2278 5493 2601 5561 honoratus,
2642 5503 2699 5551 et
2741 5504 3010 5566 tamquam
3056 5494 3267 5553 futurus
3303 5498 3357 5553 in
3398 5496 3637 5555 deliciis?
3672 5510 3727 5556 et
3756 5517 3864 5561 nec

2277 5587 2496 5643 Paulum
2525 5587 2740 5661 quidem
2770 5588 3002 5655 vereris,
3032 5605 3122 5659 qm
3150 5588 3218 5645 ad
3251 5606 3492 5648 mensam
3519 5591 3857 5663 Grecorum,

2274 5679 2319 5734 si
2345 5678 2588 5747 velimus,
2625 5680 2757 5736 citra
2803 5680 3241 5751 impedimentum
3288 5681 3444 5739 nobis
3474 5684 3735 5764 permittit
3760 5701 3857 5741 ac-
3950 5664 3953 5671 I

2276 5772 2487 5842 cedere,
2514 5773 2582 5831 ad
2632 5788 2911 5832 avarorum
2950 5782 3127 5831 autem
3173 5784 3228 5833 et
3278 5790 3463 5833 eorum
3506 5777 3597 5848 qui
3647 5776 3862 5837 damnis
