4094 6426
197 392 276 447 1Π
959 384 1024 442 ΙΝ
1063 385 1280 448 EPIST.
1322 384 1414 442 AD
1452 365 1821 439 HEBREOS.
1861 372 2015 431 CAP.
2056 375 2144 431 XI.
2216 375 2453 432 llOMIL.
2503 371 2697 429 XXVI.

193 494 400 547 ditantur
435 486 672 552 alienis,
727 500 798 540 ne
846 483 1084 538 volentes
1137 477 1352 550 quidem
1423 475 1570 530 sinit.
1645 472 1778 529 Nam

191 585 251 638 alt
297 582 399 652 (τι),
463 578 529 635 Si
593 579 643 632 is
675 577 771 646 qui
813 579 969 644 frater
1016 572 1310 627 nominatur
1361 570 1494 623 inter
1541 583 1664 632 vos,
1706 569 1780 621 est

199 676 491 746 fornicator;
513 671 750 724 fratrem
782 667 864 721 hic
893 666 1078 720 dicens
1105 661 1348 718 absolute
1371 658 1618 730 quemvis
1647 656 1775 713 fido-

192 768 302 826 letn,
327 779 432 820 non
460 776 592 818 eum
618 762 716 830 qui
743 767 826 814 est
856 757 1172 812 monachus.
1199 753 1333 809 Nam
1359 751 1486 823 quid
1525 760 1608 806 est
1631 749 1776 820 quod

191 857 304 911 [ευ-ιι
329 851 776 910 fraternitatem?
806 851 1077 904 lavacrum
1109 843 1537 917 regenerationis
1561 884 1577 908 ,
1616 855 1778 912 posse

193 951 338 1005 Deum
391 947 616 1003 Patrem
676 955 888 998 vocare.
943 938 1306 1008 Quamobrem
1356 934 1777 994 catechumenus

190 1039 378 1096 etiamsi
404 1039 478 1092 sit
508 1033 834 1098 monachus,
877 1046 982 1086 non
1007 1039 1093 1086 est
1115 1029 1282 1084 frater
1314 1046 1327 1082 :
1363 1026 1538 1082 fidelis
1572 1034 1774 1091 autem,

189 1133 376 1198 etiamsi
405 1130 724 1186 mundanus
756 1127 868 1192 sit,
899 1140 993 1180 seu
1021 1122 1323 1190 szecularis,
1356 1130 1439 1178 est
1485 1120 1671 1176 fmter.
1713 1119 1777 1175 Si

189 1227 303 1296 quis,
327 1225 520 1295 inquit,
545 1222 714 1292 frater
735 1220 1028 1274 nominatur
1052 1217 1099 1288 (1
1115 1249 1130 1270 .
1163 1215 1282 1270 Cor.
1303 1216 1357 1272 5.
1381 1216 1497 1284 11).
1520 1214 1652 1269 Nam
1677 1227 1776 1269 nec

190 1316 337 1370 ullum
356 1314 581 1386 quidem
610 1322 739 1367 tunc
759 1318 879 1366 erat
903 1307 1154 1364 monachi
1179 1305 1484 1378 vestigium,
1507 1305 1600 1360 sed
1621 1320 1778 1360 mun-

187 1397 322 1453 danis
349 1414 444 1454 seu
472 1400 838 1455 saecularibus
866 1401 978 1453 haec
1003 1399 1185 1454 omnia
1208 1400 1425 1456 dicebat
1452 1400 1537 1454 hic
1565 1401 1776 1456 hcatus.

188 1489 241 1544 Si
255 1492 312 1554 is,
354 1489 554 1560 inquit,
584 1493 682 1562 qui
717 1495 878 1558 [tuter
899 1493 1220 1557 nominetur,
1256 1493 1320 1546 sit
1350 1494 1659 1563 fornicator,
1689 1502 1779 1547 aut

184 1595 368 1646 oua-us,
398 1592 490 1636 aut
521 1582 776 1648 ebriosus,
795 1598 910 1636 eum
929 1583 1224 1653 liujusmodi
1247 1599 1337 1636 nec
1360 1582 1526 1637 cibum
1553 1601 1774 1639 sumere.

186 1668 275 1726 Sed
311 1686 414 1726 non
455 1673 529 1728 ita
562 1674 682 1744 agit
722 1688 845 1729 eum
875 1673 1164 1743 gentilibus
1189 1715 1204 1742 ,
1253 1673 1347 1730 sed
1378 1673 1541 1744 quid?
1572 1675 1634 1729 Si
1662 1677 1777 1746 quis

185 1772 309 1816 rorat
331 1779 417 1818 vos
443 1764 766 1832 inﬁdelium,
796 1773 845 1818 et
871 1765 1023 1819 sultis
1052 1765 1146 1828 ire,
1175 1782 1325 1821 omne
1351 1765 1490 1836 quod
1515 1767 1654 1822 vobis
1675 1784 1772 1837 ap-

185 1854 371 1920 ponitur
394 1855 655 1909 comedite
675 1855 752 1926 (1.
794 1854 915 1914 Cor.
951 1855 1038 1912 10.
1062 1855 1178 1927 27).
1229 1855 1290 1912 Si
1329 1858 1443 1927 quis
1467 1868 1658 1928 autem,
1688 1859 1774 1914 in-

186 1944 299 2014 quit,
329 1949 489 2017 frater
517 1949 836 2015 nominatur,
871 1957 917 2004 et
945 1949 1010 2003 sit
1038 1948 1284 2004 ebriosus.

243 2038 298 2092 ι.
327 2037 488 2110 Papa;
538 2056 706 2112 quam
751 2051 940 2097 exacte
970 2043 1205 2113 loquitur
1231 2054 1286 2099 et
1328 2049 1616 2100 accurate!
1672 2059 1771 2101 nos

185 2138 342 2184 autem
387 2145 498 2186 non
539 2132 721 2186 solum
759 2147 867 2187 non
911 2131 1142 2204 fugimus
1167 2134 1432 2201 ebriosos,
1481 2136 1575 2190 sed
1611 2137 1772 2190 etiam

186 2234 269 2274 eos
298 2221 509 2277 adimus
531 2263 547 2286 ,
582 2238 770 2278 eorum
801 2238 919 2293 qum
964 2223 1034 2278 ab
1083 2225 1217 2294 ipsis
1252 2236 1590 2294 apponuntur
1612 2224 1776 2282 futuri

188 2311 481 2383 participes.
513 2312 816 2383 Propterea
844 2316 1023 2370 omnia
1045 2330 1247 2386 susque
1280 2315 1453 2386 deque
1477 2316 1617 2372 sunt
1659 2319 1776 2389 agi-

190 2411 304 2469 tata,
329 2404 512 2458 omnia
547 2414 678 2460 sunt
708 2404 950 2471 confusa,
986 2420 1175 2462 eversa
1201 2416 1257 2462 et
1284 2408 1512 2477 perdita.
1536 2407 1668 2463 Nam
1690 2409 1778 2464 die

188 2491 332 2560 mihi,
366 2496 411 2549 si
443 2496 573 2566 quis
605 2511 797 2552 eorum
839 2497 929 2566 qui
970 2506 1097 2552 sunt
1123 2499 1435 2569 hujusmodi
1463 2511 1514 2556 te
1542 2501 1778 2556 invitarit

189 2583 246 2638 ad
272 2588 602 2653 convivium,
649 2595 703 2644 te
729 2589 817 2660 qui
849 2589 1177 2644 existimaris
1217 2605 1420 2662 pauper
1451 2593 1680 2665 vilisque
1723 2606 1779 2650 et

192 2673 412 2745 abjectus
437 2717 452 2741 ,
487 2677 693 2733 deinde
718 2694 748 2732 a
785 2690 838 2735 te
862 2680 1093 2741 audierit
1124 2699 1137 2735 :
1167 2681 1430 2750 Quoniam
1459 2699 1578 2755 qua:
1607 2701 1780 2755 appo-

191 2777 371 2821 nuntur
400 2779 556 2839 parta
577 2780 706 2824 sunt
735 2786 799 2824 ex
825 2773 1068 2830 avaritia.
1098 2787 1204 2826 non
1246 2776 1416 2843 patiar
1445 2792 1618 2832 meam
1657 2777 1776 2847 pol-

191 2855 323 2912 luere
344 2860 584 2913 animam
613 2878 626 2914 :
656 2875 838 2916 annon
863 2861 1024 2917 fuerit
1051 2864 1329 2930 reveritus,
1365 2883 1541 2921 annon
1571 2868 1774 2938 pudore

193 2949 438 3006 affectus?
473 2953 594 3008 Hoc
637 2955 808 3009 solum
849 2955 1119 3012 sufficeret
1169 2957 1236 3012 ad
1281 2960 1675 3028 corrigendum,
1723 2973 1777 3016 et

195 3039 520 3098 efficiendum
553 3054 610 3098 ut
637 3059 696 3098 se
730 3045 944 3114 quidem
985 3048 1236 3102 miserum
1285 3049 1506 3106 duceret
1550 3063 1768 3123 propter

235 3129 302 3193 to)
324 3130 414 3182 Hic
435 3135 610 3195 incipit
631 3133 830 3184 homilia
852 3136 1088 3198 vigesima
1111 3144 1275 3204 quinta
1301 3146 1350 3192 in
1373 3144 1509 3195 (Iolb.

3381 373 3489 429 178

1883 471 2121 531 divitias.
2151 481 2202 528 te
2224 481 2405 527 autem
2440 469 2802 526 admiraretur
2836 480 3057 542 prepter
3086 481 3483 541 paupertatem,

1883 567 1928 624 si
1959 579 2018 620 se
2046 565 2250 620 videret
2296 579 2326 618 a
2369 574 2420 619 te
2451 573 2597 619 tanto
2626 564 2806 620 studio
2831 562 3058 636 despici.
3085 563 3191 620 Sed
3221 563 3345 619 facti
3385 580 3481 619 su-

1885 674 2024 724 mus,
2059 657 2242 714 nescio
2269 655 2428 724 unde,
2458 656 2606 712 servi
2653 655 2954 723 hominum,
2985 671 3108 713 cum
3139 656 3333 713 Paulus
3357 671 3475 712 sus-

1885 764 1990 823 que
2017 749 2189 820 deque
2213 749 2408 804 clamet
2439 765 2454 803 :
2482 747 2659 803 Nolite
2682 747 2793 817 ﬁeri
2818 748 2950 802 servi
2973 747 3235 802 hominum
3260 748 3338 816 (1.
3364 747 3493 804 Cor.

1886 846 1941 899 7.
1969 843 2089 910 23).
2123 841 2276 898 Unde
2306 839 2432 897 facti
2467 856 2658 896 sumus
2682 841 2824 897 servi
2855 840 3135 896 hominum
3154 841 3179 895 ?
3201 841 3333 910 Quia
3363 840 3496 896 facti

1889 947 2076 991 sumus
2100 933 2242 988 servi
2275 932 2478 987 ventris
2503 941 2558 987 et
2585 934 2828 1002 pecuniae
2851 927 2909 987 et
2933 931 3122 1002 gloriae
3158 945 3214 988 et
3256 931 3496 989 aliorum

1891 1030 2132 1088 omnium
2176 1028 2555 1099 :prodidimus
2606 1023 2912 1084 libertatem
2959 1042 3063 1098 qua
3117 1042 3217 1083 nos
3276 1028 3498 1083 donavit

1893 1121 2162 1178 Christus.
2187 1119 2324 1186 Quid
2353 1133 2484 1189 ergo
2498 1127 2684 1174 manet
2703 1133 2827 1173 eum
2848 1118 2939 1188 qui
2968 1119 3142 1173 factus
3167 1127 3252 1173 est
3277 1133 3491 1184 servus,

1896 1212 1985 1268 dic
2010 1212 2180 1266 mihi?
2208 1209 2347 1265 Audi
2379 1208 2652 1265 Christum
2685 1208 2954 1264 dicentem
2989 1225 3003 1264 :
3039 1208 3231 1265 Servus
3253 1227 3356 1264 nou
3386 1227 3504 1263 nta-

1893 1314 1976 1359 net
2006 1304 2057 1357 in
2084 1302 2235 1356 domo
2264 1303 2316 1355 in
2344 1312 2589 1356 talentum
2644 1299 2824 1374 (Joan.
2849 1301 2902 1357 8.
2931 1299 3048 1374 55).
3083 1300 3261 1357 Habes
3281 1301 3503 1355 absolu-

1895 1405 2002 1450 tam
2050 1394 2396 1459 sententiaut,
2440 1393 2584 1464 quod
2632 1409 2925 1464 numquam
2957 1393 3013 1449 in
3053 1408 3278 1464 regnum
3323 1394 3506 1464 ingre-
3584 1469 3585 1472 η

1892 1486 2038 1541 ditur
2074 1501 2087 1537 :
2128 1473 2232 1539 hoc
2281 1484 2428 1539 enim
2457 1495 2542 1539 est
2570 1485 2784 1540 domus.
2819 1485 2953 1540 Nam
2984 1485 3054 1540 In
3085 1487 3260 1552 domo,
3295 1487 3498 1558 inquit,-

1894 1576 2070 1633 Patris
2098 1579 2197 1631 mei
2244 1578 2533 1632 mansiones
2559 1579 2734 1633 multa:
2760 1587 2880 1633 sunt
2913 1576 3216 1650 (Joaan.
3249 1578 3328 1653 2).
3364 1580 3503 1636 Scr-

1900 1683 2001 1724 vus
2030 1684 2159 1739 ergo
2188 1682 2295 1722 non
2337 1679 2518 1723 manet
2550 1669 2603 1722 in
2644 1669 2805 1723 domo
2852 1668 2905 1724 in
2951 1678 3212 1725 aeternum
3242 1689 3254 1725 :
3281 1687 3508 1728 servom“

1894 1761 2024 1817 dicit
2051 1761 2253 1831 peccati
2283 1778 2297 1816 :
2327 1761 2417 1831 qui
2439 1769 2617 1816 autem
2643 1762 2695 1816 in
2720 1761 2889 1817 domo
2915 1776 3021 1817 non
3043 1772 3224 1819 manet
3255 1764 3308 1818 in
3334 1775 3501 1821 aiter-

1896 1870 2047 1920 num,
2081 1855 2132 1908 in
2159 1853 2402 1924 geltenna
2431 1865 2611 1907 manet
2641 1853 2692 1907 in
2740 1861 3023 1919 aeternum,
3047 1854 3248 1909 nullam
3295 1855 3510 1914 habens

1896 1937 2343 2002 consolationem.
2362 1943 2466 2001 Sed
2483 1945 2626 1998 enim
2649 1960 2736 1999 res
2756 1945 2821 1998 ad
2843 1961 2960 1998 eam
2985 1945 3262 2002 redierunt
3284 1948 3495 2019 impro-

1894 2033 2117 2090 bitatem
2146 2045 2200 2090 et
2229 2037 2445 2105 vitium,
2474 2048 2531 2094 ut
2576 2040 2739 2096 etiam
2769 2055 2836 2096 ex
2868 2042 3000 2111 ipsis
3026 2030 3224 2099 faciant
3252 2043 3502 2101 eleemo-

1893 2139 2074 2196 synas,
2116 2138 2168 2182 et
2219 2129 2418 2183 multos
2462 2133 2747 2186 accipiant.
2780 2132 3072 2204 Propterea
3107 2145 3381 2206 amputata
3415 2146 3505 2193 est

1894 2225 2072 2269 nostra
2114 2213 2356 2286 libertas,
2398 2229 2454 2274 et
2486 2236 2590 2275 non
2620 2237 2903 2292 possumus
2931 2225 3163 2294 aliquem
3188 2228 3491 2296 increpare.

1891 2303 1995 2359 Sed
2029 2322 2171 2362 nunc
2195 2308 2263 2363 de
2294 2319 2496 2366 caetero
2528 2311 2792 2382 fugiamus
2835 2329 3030 2370 noxam
3072 2331 3192 2386 qtne
3229 2317 3353 2372 inde
3382 2319 3504 2373 ori-

1893 2406 1981 2451 tur
2013 2415 2026 2450 :
2073 2408 2128 2454 et
2158 2415 2253 2454 vos
2283 2402 2372 2472 qui
2406 2403 2509 2459 hoc
2555 2404 2723 2459 lutum
2756 2405 3003 2470 volvitis,
3039 2419 3252 2464 cessate
3283 2409 3351 2466 ab
3394 2409 3498 2466 hac

1887 2490 2152 2561 pernicie,
2190 2501 2244 2548 et
2265 2494 2513 2551 cohibete
2529 2508 2766 2554 vestrum
2782 2502 3077 2571 appetitum
3096 2504 3164 2557 ah
3185 2501 3496 2572 huiusmodi

1884 2593 2168 2660 conviviis,
2194 2593 2239 2648 si
2256 2593 2440 2663 aliquo
2467 2594 2632 2651 modo
2655 2596 2924 2666 possimus
2941 2597 3135 2655 saltem
3156 2616 3300 2658 nunc
3319 2602 3491 2660 Deum

1891 2686 2127 2755 placare,
2152 2696 2207 2739 et
2236 2685 2376 2740 bona
2407 2690 2667 2755 consequi
2702 2687 2966 2758 promissa
2998 2707 3012 2743 :
3045 2708 3167 2751 ante
3187 2693 3347 2750 detur
3371 2710 3486 2750 ont-

1890 2776 2048 2830 nibus
2089 2777 2302 2846 assequi
2334 2819 2349 2844 ,
2405 2778 2576 2848 gratia
2620 2787 2675 2835 et
2705 2780 3040 2851 benignitate
3070 2784 3284 2844 Domini
3318 2787 3491 2846 nostri

1883 2865 2010 2920 Jesu
2041 2865 2264 2932 Christi,
2298 2883 2420 2923 cum
2452 2884 2560 2937 quo
2590 2869 2730 2924 Patri
2773 2887 2875 2926 una
2919 2889 3041 2946 eum
3072 2886 3260 2931 sancto
3289 2878 3494 2947 Spiritu

1883 2957 2075 3024 gloria,
2107 2958 2415 3028 imperium,
2439 2960 2631 3027 honor,
2653 2977 2793 3016 nunc
2810 2973 2862 3016 et
2889 2979 3124 3033 semper,
3144 2969 3277 3021 etin
3297 2970 3496 3024 saecula

1886 3047 2229 3100 seruulorum.
2264 3052 2457 3102 Amen.

195 3250 3440 3298 ~——-—————————————————-——————————__‘_————

1529 3335 1869 3397 HOMILIA
1913 3337 2153 3399 XXVI.

199 3464 311 3522 CAP.
343 3471 426 3525 11.
458 3489 512 3525 ν.
547 3472 640 3528 ‘20.
678 3473 810 3527 Fide
837 3486 884 3529 et
905 3478 968 3530 de
989 3477 1176 3544 futuris
1201 3478 1458 3533 benedixit
1498 3477 1647 3533 Isaac
1675 3477 1778 3531 Ja-

268 3562 350 3613 rob
369 3572 415 3614 et
445 3562 610 3619 Esau.
641 3563 731 3618 ξι.
765 3563 896 3620 Fide
918 3565 1076 3620 Iacob
1108 3569 1327 3622 moriens
1379 3569 1609 3638 singulos
1644 3569 1781 3637 ﬁlio-

262 3668 368 3705 rum
414 3653 614 3725 Joseplt
664 3655 936 3722 benedixit,
992 3668 1036 3711 et
1081 3659 1311 3712 adoravit
1340 3662 1599 3731 fastigium
1629 3662 1783 3730 virga:

261 3747 381 3814 ejus.
416 3748 510 3802 29..
555 3747 686 3802 Fide
726 3750 920 3819 Joseplt
952 3753 1171 3807 moriens
1212 3753 1277 3808 de
1310 3755 1622 3824 profectione
1648 3755 1782 3822 ﬁlio-

265 3853 371 3890 rum
399 3841 572 3893 Israel
606 3853 908 3896 memoratus
939 3853 1032 3911 est,
1062 3854 1107 3896 et
1148 3845 1212 3899 de
1245 3847 1439 3901 ossibus
1483 3848 1587 3901 suis
1633 3864 1781 3900 man-

263 3928 408 3983 ducit.

269 4020 313 4071 1.
346 4021 522 4088 Multi,
567 4024 758 4094 inquit,
803 4029 1064 4096 praphetae
1092 4039 1140 4083 et
1158 4031 1290 4100 justi
1319 4036 1584 4103 cupierunt
1617 4038 1784 4089 ridere

209 4123 306 4176 qua
331 4113 528 4180 videtis,
564 4126 609 4168 et
640 4133 742 4169 non
768 4119 1036 4185 uiderunt;
1064 4131 1110 4174 et
1148 4125 1325 4177 audire
1355 4143 1467 4194 qua?
1513 4129 1698 4182 auditis
1738 4141 1783 4183 et

209 4215 293 4253 non
317 4207 824 4276 uudieruut(.lfuttlt.
853 4211 1074 4294 1517).
1107 4213 1371 4284 Numquid
1402 4221 1577 4271 omnia
1610 4219 1781 4274 futura

212 4306 454 4351 unt-erunt
495 4298 669 4366 justi?
697 4301 947 4357 Maxime.
981 4303 1114 4358 Nam
1145 4307 1188 4360 si
1222 4307 1344 4361 ideo
1376 4325 1480 4363 non
1512 4313 1784 4384 revolaba-

213 4391 284 4436 tur
313 4386 478 4443 Filius
503 4402 724 4459 propter
753 4393 1177 4451 imbecillitatem
1220 4413 1405 4452 eorum
1434 4403 1522 4469 qui
1555 4419 1657 4456 non
1694 4421 1786 4473 po-

213 4482 360 4529 terant
393 4479 572 4550 ipsum
593 4483 886 4552 suscipere,
917 4484 1001 4550 iis,
1026 4489 1113 4555 qui
1145 4489 1782 4561 virtuterespleudcbaut,

213 4570 380 4624 merito
435 4573 800 4627 revelabalur.
852 4575 963 4632 lloc
1022 4595 1162 4633 nunc
1205 4583 1360 4635 etiam
1395 4584 1524 4638 dicit
1569 4586 1782 4655 Paulus,

219 4661 338 4725 quod
386 4664 631 4718 sciebant
680 4665 896 4733 futura,
927 4685 1118 4739 nempe
1169 4672 1366 4728 Christi
1434 4682 1786 4734 resurrectio-

217 4765 340 4805 nem.
373 4754 472 4808 νει
505 4758 664 4824 igitur
693 4758 795 4813 hoc
813 4759 968 4824 dieit;
998 4764 1083 4817 vel
1112 4764 1263 4830 illud,
1296 4765 1426 4821 Fide
1457 4769 1517 4822 de
1566 4775 1750 4840 futuris
1773 4817 1785 4838 ,

217 4839 389 4899 dicitur
419 4863 528 4902 non
555 4849 622 4902 de
647 4849 826 4905 futuro
846 4856 1063 4919 saeculo,
1081 4858 1171 4911 sed
1204 4859 1270 4912 de
1300 4861 1362 4914 iis
1391 4877 1510 4931 qua:
1539 4839 1624 4919 hic
1654 4877 1791 4935 post-

216 4946 266 4984 ea
301 4950 416 4990 sunt
466 4938 663 4993 futura.
720 4941 775 4997 Si
829 4945 929 5024 hoc
962 4962 1066 5000 non
1112 4960 1273 5014 esset,
1307 4957 1576 5023 quomodo
1630 4959 1791 5016 homo

217 5023 386 5080 sedens
421 5029 476 5081 in
509 5039 650 5084 terra
680 5023 961 5104 peregrina
996 5038 1127 5092 tales
1157 5040 1312 5096 daret
1343 5045 1790 5105 ln-nedictiones?

220 5120 472 5180 quomodo
499 5121 820 5179 obtinuisset
850 5126 1302 5200 benedictionem,
1339 5148 1391 5190 et
1419 5155 1534 5192 eam
1571 5158 1674 5195 non
1705 5161 1788 5198 ac-

221 5209 378 5303 clt'pit?
425 5211 586 5266 Vides
626 5214 769 5282 quod
804 5217 942 5272 idem
991 5220 1276 5278 dicendum
1321 5228 1371 5281 iu
1421 5229 1616 5300 Joseph
1650 5237 1789 5303 qttod

221 5292 312 5351 disi
333 5300 378 5353 in
408 5303 734 5370 Abrahamo,
757 5310 897 5377 quod
921 5327 1024 5365 non
1046 5328 1171 5368 usus
1193 5319 1263 5370 sit
1287 5292 1682 5392 benedictione:
1699 5329 1792 5382 sed

210 5381 598 5445 benedictiones
639 5392 889 5446 exierunt
916 5397 980 5449 ad
1011 5409 1296 5468 posteros;
1333 5408 1443 5475 ipse
1472 5381 1677 5463 autem,
1705 5411 1785 5461 t‘n-

214 5486 308 5534 tura
335 5495 416 5538 est
445 5495 769 5554 assequutus
791 5487 814 5539 ?
835 5487 1138 5547 invenimus
1169 5497 1311 5554 enim
1344 5503 1558 5557 fratrem
1588 5502 1650 5554 iis
1675 5516 1786 5553 ιιιςι-

219 5573 276 5640 ςὶε
302 5579 543 5645 potitum.
571 5580 704 5634 Nam
742 5582 857 5650 ipse
881 5585 1095 5652 quidem
1135 5589 1185 5643 in
1217 5595 1477 5648 servitute
1502 5605 1552 5649 et
1584 5596 1636 5648 in
1679 5597 1782 5648 vita

215 5672 522 5726 mercenaria
547 5681 601 5727 et
632 5673 683 5726 in
720 5675 975 5742 periculis
1007 5688 1060 5732 et
1099 5681 1149 5734 in
1198 5682 1403 5740 insidiis
1432 5697 1486 5740 et
1539 5691 1588 5740 in
1637 5688 1788 5742 decc-

216 5760 464 5822 ptionihus
481 5775 533 5819 et
564 5766 616 5819 iu
639 5767 922 5823 timoribus
949 5780 1059 5825 toto
1081 5783 1317 5845 tempore
1333 5791 1415 5833 est
1436 5794 1676 5835 versatus
1697 5799 1710 5844 ;
1732 5791 1780 5835 et

216 5860 238 5898 θ
253 5848 505 5913 Pharaone
524 5857 1238 5940 interrogatusdicit,Pauri,
1258 5870 1446 5940 inquit,
1467 5883 1512 5926 et
1534 5874 1654 5927 mali
1683 5879 1786 5943 [τωο

1877 3471 2120 3524 runtdies
2142 3474 2240 3524 mei
2263 3471 2415 3544 (Gen.
2434 3476 2523 3530 47.
2543 3478 2597 3548 9)
2629 3496 2642 3532 :
2666 3480 2757 3536 ille
2785 3498 2912 3537 vero
2939 3485 2994 3553 in
3034 3489 3323 3546 securitate
3352 3491 3486 3546 vixit

1878 3568 1932 3614 et
1963 3577 2150 3631 magna
2184 3566 2519 3630 auctoritate,
2567 3580 2622 3624 et
2655 3585 2836 3641 postea
2862 3577 2956 3630 fuit
2982 3579 3030 3632 ei
3064 3580 3339 3637 terribilis.
3374 3581 3473 3637 libi

1879 3665 2006 3720 ergo
2054 3666 2349 3710 evenerunt
2389 3659 2797 3718 bettedit-tiones
2843 3670 2946 3723 nisi
2988 3673 3037 3724 in
3072 3673 3292 3729 futuro?
3324 3675 3490 3731 Vides

1879 3745 2020 3814 quod
2041 3747 2107 3800 ab
2127 3749 2277 3802 initio
2301 3751 2462 3806 rebus
2489 3760 2844 3822 praesentibus
2868 3765 3020 3831 potiti
3053 3777 3174 3820 sunt
3197 3769 3489 3837 mali;justi

1881 3849 2057 3892 autem
2079 3853 2289 3907 contra,
2319 3859 2421 3898 non
2453 3855 2631 3902 tamen
2651 3867 2858 3908 omnes.
2891 3856 3029 3911 Ecce
3047 3860 3189 3913 enim
3218 3861 3487 3916 Abraham

1882 3942 1996 3984 erat
2019 3933 2217 4000 justus,
2249 3944 2302 3989 et
2328 3943 2674 4006 priesentiutu
2708 3962 2886 4002 rerum
2919 3955 3131 4020 copiam
3163 3956 3367 4021 habuit,
3395 3959 3494 4012 sed

1882 4038 2003 4075 cum
2055 4024 2348 4082 afflictione
2391 4040 2444 4084 et
2475 4036 2864 4094 tentatiouibus
2899 4057 2910 4092 :
2947 4047 3144 4097 etenim
3176 4049 3303 4099 sola:
3336 4062 3494 4104 erant

1883 4115 2113 4181 divitiae;
2171 4120 2408 4190 alioquin
2440 4135 2594 4180 erant
2631 4129 2748 4197 ejus
2777 4134 2956 4187 omnia
2991 4138 3141 4202 plena
3179 4138 3492 4195 afflictionio

1884 4210 2004 4262 bus.
2039 4209 2222 4280 Neque
2253 4215 2394 4268 enim
2425 4216 2541 4271 fieri
2565 4231 2742 4288 potest
2774 4237 2829 4277 ut
2862 4242 2964 4279 non
2998 4229 3265 4297 affligatur
3287 4231 3491 4300 justus,

1887 4302 2094 4355 etiamsi
2129 4307 2196 4357 sit
2221 4305 2372 4360 dives
2405 4326 2416 4359 :
2449 4326 2572 4364 nam
2606 4317 2823 4382 quando
2847 4319 2955 4372 vult
2988 4321 3036 4373 in
3069 4325 3228 4375 rebus
3259 4325 3368 4378 suis
3402 4326 3493 4378 Lu—
3550 4346 3552 4349 '

1885 4397 2164 4463 di,injuria
2196 4397 2335 4453 affici
2367 4413 2420 4456 et
2448 4404 2705 4475 alia'pati,
2755 4426 2973 4466 necesse
3003 4424 3085 4468 est
3120 4425 3175 4467 ut
3204 4415 3491 4484 aflligatur.

1887 4487 2245 4553 Quamobrem
2268 4495 2476 4548 etiamsi
2495 4498 2698 4553 fruatur
2716 4502 2937 4566 divitiis,
2967 4506 3500 4578 fruitnrnonabsque

1890 4581 2152 4634 molestia.
2180 4584 2391 4650 Quare?
2421 4587 2682 4654 Quoniam
2710 4604 2789 4646 est
2811 4595 2862 4647 in
2893 4596 3184 4650 afflictione
3209 4609 3260 4651 et
3283 4599 3493 4654 dolore.

1888 4671 1941 4723 Si
1973 4682 2148 4727 autem
2175 4675 2302 4742 justi
2331 4690 2456 4732 tunc
2507 4695 2656 4735 erant
2696 4686 2745 4737 ιιι
2779 4687 3086 4753 afflictione,
3122 4694 3286 4743 multo
3319 4694 3496 4761 magis

1893 4781 2053 4820 nunc.
2085 4767 2215 4820 Fide
2245 4781 2290 4821 et
2319 4772 2379 4823 de
2408 4776 2614 4843 futuris,
2651 4778 2837 4847 inqttit,
2873 4781 3126 4835 benedixit
3158 4783 3308 4838 Isaac
3333 4784 3499 4840 λοςοὸ

1899 4874 1945 4914 et
1979 4862 2136 4918 Esait.
2166 4869 2322 4935 Atqui
2348 4868 2488 4922 Esaii
2519 4882 2631 4922 erat
2657 4870 2826 4939 major
2847 4884 3004 4936 natu;
3035 4875 3126 4928 sed
3147 4888 3366 4945 propter
3394 4881 3504 4931 vir-

1902 4964 2064 5008 tutem
2097 4960 2360 5025 prmpouit
2386 4959 2576 5013 Jacob.
2617 4961 2991 5031 Videsquauta
3019 4978 3164 5019 esset
3195 4969 3365 5022 fides?
3395 4970 3510 5026 Un-

1897 5045 2089 5099 denam
2119 5049 2466 5115 pollicebatur
2488 5052 2608 5105 ﬁliis
2636 5062 2740 5106 tam
2772 5056 2934 5109 multa
2957 5058 3117 5124 bona,
3148 5061 3246 5112 nisi
3274 5077 3337 5115 eo
3360 5066 3508 5130 quod

1897 5139 2117 5191 omnino
2169 5139 2276 5192 Deo
2319 5142 2605 5196 crederet?
2639 5144 2771 5198 Fide.
2809 5146 2969 5201 Jacob
3013 5153 3232 5209 moriens
3276 5157 3512 5226 singulos

1895 5231 2119 5300 ﬁliorum
2168 5231 2358 5302 Josep/t
2411 5235 2687 5289 benedixit.
2748 5239 2844 5292 llic
2899 5243 3160 5308 ponenda)
3201 5256 3327 5298 sunt
3377 5257 3504 5301 tota:

1897 5323 2318 5386 ltcnedictioues,
2350 5336 2404 5378 ut
2423 5339 2474 5380 et
2500 5327 2629 5381 fidos
2649 5339 2703 5383 et
2727 5331 3004 5399 prophetia
3036 5333 3153 5401 ejus
3177 5337 3244 5388 sit
3274 5343 3496 5394 manife-

1894 5421 1998 5467 sta.
2049 5414 2110 5465 Et
2153 5418 2405 5481 adoravit,
2460 5419 2652 5487 inquit,
2705 5423 2966 5494 fastigium
3023 5428 3180 5498 virga!
3226 5432 3354 5500 ejus.
3404 5434 3512 5489 llic

1893 5505 2130 5557 ostendit
2159 5507 2301 5574 quod
2330 5524 2433 5561 non
2455 5511 2627 5564 solum
2661 5513 2879 5581 dixerit,
2910 5517 2999 5570 sed
3025 5519 3186 5572 etiam
3207 5521 3342 5575 adeo
3364 5539 3497 5578 cou-

1894 5593 2083 5651 fidciet
2113 5596 2328 5664 futuris,
2352 5612 2408 5654 ut
2436 5603 2596 5657 etiam
2629 5620 2685 5660 re
2710 5605 2821 5674 ipsa
2847 5611 3178 5665 ostenderet.
3203 5613 3336 5669 Nam
3363 5633 3504 5686 quo-

1892 5688 2032 5741 niam
2065 5703 2406 5747 surrccturus
2423 5705 2537 5747 erat
2566 5712 2659 5750 rex
2689 5699 2826 5752 alius
2848 5716 2910 5754 ex
2938 5700 3216 5770 Ephraim,
3241 5718 3500 5776 propter-

1889 5795 1973 5842 ea,
2039 5781 2210 5851 inquit
2240 5799 2253 5836 :
2290 5783 2351 5836 Et
2378 5785 2608 5840 adoravit
2624 5790 2884 5859 fastigium
2911 5794 3064 5864 virga
3095 5797 3222 5867 ejus.
3253 5799 3364 5853 Hoc
3387 5811 3502 5862 est,

1887 5876 2094 5932 etiamsi
2129 5887 2271 5935 esset
2302 5893 2469 5935 senex
2496 5879 2628 5953 jam,
2656 5882 2914 5943 adorabat
2937 5887 3159 5960 Juseph,
3184 5896 3502 5966 significans
