4094 6422
621 411 687 467 17

626 407 723 469 I79
1392 407 1449 452 5.
1490 407 1763 450 meum;
1796 407 2194 445 ωιηιδυοιυ

626 507 788 561 totius
814 500 994 575 populi
1020 495 1384 555 adorstiouem
1414 491 1463 547 ei
1484 493 1732 545 futuram.
1765 488 1833 542 Et
1858 488 1959 542 hoc
1981 488 2194 558 quidem

619 597 731 667 jam
748 593 948 658 evenit,
970 587 1181 660 quando
1202 599 1322 642 eum
1340 581 1628 637 adorarunt
1647 579 1838 634 fratres
1857 578 1993 649 ejus;
2014 589 2195 648 postea

624 695 802 741 autem
833 692 947 739 erat
970 682 1128 736 etiam
1159 683 1472 734 eventurum
1494 687 1589 743 per
1607 671 1790 727 decem
1820 669 2008 725 tribus.
2036 668 2198 723 Vides

624 776 893 848 quomodo
920 771 1162 844 prmdixit
1186 784 1250 825 ea
1292 782 1413 837 qure
1442 773 1622 835 postea
1641 775 1794 819 erant
1820 761 2026 816 futura?
2052 762 2198 817 vides

624 877 873 939 quantam
907 864 1167 918 haberent
1197 858 1392 915 fidem?
1422 854 1691 931 quomodo
1718 853 1999 910 crederent
2024 854 2092 909 de
2119 853 2197 909 fu-

627 957 797 1013 turis?
823 954 955 1010 Nam
972 953 1073 1007 alia
1102 950 1318 1022 quidem
1350 962 1469 1016 qua:
1491 954 1615 1000 sunt
1639 943 1729 999 hic
1749 944 2051 1013 praesentia,
2075 954 2199 997 sunt

624 1048 867 1118 exempla
893 1045 1038 1101 male
1065 1040 1297 1112 patiendi
1324 1048 1377 1094 et
1402 1036 1598 1091 nullius
1624 1034 1749 1089 boni
1773 1033 2000 1099 fruendi,
2029 1043 2084 1088 ut
2108 1048 2199 1088 ac-

624 1139 751 1193 cidit
780 1138 831 1191 iu
860 1135 1160 1191 Abrahamo
1185 1131 1312 1185 etin
1342 1127 1505 1183 Abele
1535 1144 1547 1181 :
1579 1126 1682 1180 alia
1739 1134 1919 1181 autem
1958 1134 2082 1179 sunt
2105 1140 2200 1180 ex-

624 1228 799 1295 empla
827 1225 1040 1290 tidei,ut
1062 1223 1112 1275 in
1136 1220 1268 1285 Noe,
1291 1216 1433 1287 quod
1454 1217 1523 1271 sit
1554 1216 1712 1280 Deus,
1742 1215 1883 1285 quod
1914 1214 1981 1269 sit
2011 1230 2194 1269 remu-

627 1320 853 1376 neratio.
898 1315 1031 1372 Nam
1086 1321 1187 1366 hoc
1230 1324 1422 1365 nomen
1458 1308 1582 1378 fides
1629 1307 1774 1362 varie
1818 1307 2100 1377 accipitur,
2144 1316 2199 1362 et

626 1410 785 1465 modo
816 1408 918 1462 hoc
946 1402 1106 1460 modo
1149 1400 1279 1457 illud
1308 1399 1576 1470 significat
1608 1416 1621 1451 :
1655 1396 1741 1451 hic
1768 1407 1945 1452 autem
1977 1397 2195 1463 indicat,

626 1502 765 1572 quod
795 1500 863 1553 sit
888 1492 1266 1556 remuneratio,
1286 1490 1428 1561 quod
1452 1506 1555 1544 non
1580 1489 1631 1543 in
1652 1488 1840 1543 iisdem
1861 1488 2047 1544 eadem
2089 1505 2200 1545 ma-

628 1602 770 1655 neat,
801 1601 856 1645 et
882 1587 1021 1659 quod
1064 1584 1373 1641 certandum
1413 1582 1483 1637 sit
1504 1590 1626 1635 ante
1658 1581 1895 1650 pramiia.
1938 1581 2069 1650 Qua:
2100 1597 2197 1636 au-

627 1693 735 1740 tem
785 1683 833 1735 in
876 1677 1075 1746 Joseph
1126 1682 1438 1737 evenerunt,
1493 1681 1616 1726 sunt
1641 1672 1804 1725 solius
1858 1671 1979 1726 fidei
2015 1673 2193 1742 :quod

628 1772 942 1843 promiserat
969 1766 1295 1831 Abrahamo,
1347 1762 1490 1833 quod
1550 1760 1728 1815 fuerat
1770 1762 2052 1832 pollicitus,
2089 1763 2203 1819 Tibi

628 1863 756 1915 dabo
773 1872 817 1914 et
837 1858 1011 1914 ιιιιήπὶ
1031 1867 1114 1910 tuo
1137 1865 1319 1909 terram
1341 1852 1489 1917 hanc,
1515 1851 1928 1919 audivitJosepb
1961 1869 1973 1904 :
2002 1862 2056 1907 et
2080 1869 2200 1908 cum

627 1963 772 2010 esset
801 1953 851 2006 in
885 1962 1025 2005 terra
1052 1947 1243 2009 aliena,
1275 1940 1499 1995 necdum
1530 1937 1739 1992 videret
1766 1934 2010 1990 evenisse
2055 1945 2187 1999 prmi

629 2043 933 2103 dictionem,
963 2052 1030 2091 ne
1062 2036 1138 2089 sic
1163 2032 1377 2102 quidem
1405 2027 1690 2097 despondit
1716 2024 1973 2089 animum,
2003 2018 2095 2075 sed
2126 2020 2197 2073 ita

630 2132 875 2195 credidit,
908 2138 965 2182 ut
989 2128 1149 2183 etiam
1173 2124 1379 2178 diceret
1398 2121 1465 2175 de
1493 2121 1657 2184 exitu,
1686 2126 1740 2173 et
1765 2116 1831 2170 de
1851 2116 1962 2169 suis
1982 2111 2201 2167 manda-

634 2232 715 2280 ret
742 2221 970 2277 ossibus.
1006 2218 1119 2272 Non
1147 2230 1276 2284 ergo
1312 2214 1429 2282 ipse
1454 2212 1601 2266 solus
1638 2206 1885 2271 credidit,
1916 2205 2012 2260 sed
2041 2205 2201 2258 etiam

639 2314 772 2367 alios
813 2308 1022 2364 induxit
1045 2306 1111 2360 ad
1139 2304 1318 2359 fidem.
1345 2302 1468 2357 ideo
1494 2302 1652 2357 etiam
1694 2297 1967 2353 mandavit
1994 2304 2051 2349 ut
2073 2309 2205 2348 sem-

637 2418 732 2473 per
745 2401 1018 2457 exitumin
1034 2399 1212 2451 animo
1228 2404 1537 2456 versentur;
1565 2406 1668 2446 non
1696 2399 1873 2445 autem
1900 2389 1967 2443 de
1990 2388 2202 2442 ossibus

640 2493 939 2547 mandasset
957 2489 1055 2543 nisi
1074 2486 1143 2542 de
1166 2485 1341 2540 futuro
1357 2482 1532 2539 reditu
1555 2482 1757 2535 firmam
1781 2479 2204 2550 persuasionem,

641 2584 927 2638 habuisset.
984 2576 1344 2653 Quamobrem
1392 2588 1512 2629 cum
1560 2571 1744 2625 dicunt
1794 2570 1953 2638 aliqui
2003 2583 2018 2621 :
2068 2567 2207 2621 Ecce

639 2676 797 2731 etiam
822 2672 943 2740 iusti
965 2684 1147 2725 curam
1175 2674 1457 2737 gesserunt
1498 2672 1965 2718 monumentorum
1989 2678 2001 2713 :
2023 2665 2105 2715 eis
2124 2658 2205 2712 di-

636 2780 821 2822 camus
850 2761 992 2834 quod
1020 2760 1138 2815 ideo
1167 2773 1349 2813 curam
1378 2763 1693 2827 gesserunt,
1750 2752 1984 2821 alioquin
2030 2760 2206 2805 autem

643 2856 898 2912 minime:
930 2853 1132 2908 sciebat
1154 2850 1297 2905 enim
1322 2846 1461 2918 quod
1497 2844 1703 2899 Domini
1729 2853 1801 2897 est
1831 2853 1961 2896 terra
1990 2852 2035 2895 et
2054 2842 2215 2910 pleni-

646 2951 764 3004 tudo
785 2950 892 3019 ejus
920 2943 1036 3016 (Ps.
1063 2943 1155 2998 25.
1186 2944 1261 3009 1).
1310 2940 1425 2995 Non
1457 2939 1558 2994 hoc
1594 2952 1722 3007 ergo
1753 2936 2015 3006 ignoravit
2042 2934 2130 3003 qui
2161 2932 2213 2986 iu

649 3050 792 3094 tanta
824 3038 957 3092 vixit
994 3034 1329 3106 philosophia
1358 3073 1373 3097 ,
1405 3032 1494 3101 qui
1546 3040 1657 3083 tcto
1701 3038 1943 3096 tempore
1986 3026 2116 3079 vixit
2159 3026 2212 3077 in

648 3130 900 3201 Egypto.
953 3126 1111 3196 Atqui
1153 3123 1349 3179 licebat
1376 3123 1446 3185 ei,
1479 3122 1521 3175 si
1551 3121 1732 3185 vellet,
1760 3118 1977 3181 reverti,
2026 3115 2221 3171 licebat

649 3236 753 3274 non
780 3220 982 3288 lugere,
1008 3230 1106 3270 nec
1134 3229 1274 3284 :cgre
1311 3212 1449 3267 ferre
1474 3222 1526 3266 et
1566 3211 1833 3281 plangere.
1868 3208 1970 3264 Sed
2002 3218 2056 3263 et
2096 3221 2216 3261 cum

652 3318 851 3378 patrem
886 3307 1013 3361 illnc
1040 3303 1374 3366 reduxisset,
1405 3318 1500 3356 cur
1527 3317 1648 3355 ossa
1686 3315 1897 3369 quoque
1936 3314 2031 3354 sua
2074 3298 2222 3353 illinc

649 3399 839 3454 abduci
867 3396 1065 3467 jussit?
1094 3410 1272 3449 annon
1293 3394 1497 3448 scilicet
1522 3401 1803 3462 propterea
1826 3390 1849 3443 ?

719 3488 773 3541 2.
809 3486 969 3551 Petri,
1024 3484 1198 3548 Pauli,
1230 3485 1446 3538 Joannis
1486 3494 1530 3538 et
1572 3481 1778 3535 Themi:
1800 3480 2067 3548 manifesta
2106 3489 2225 3533 sunt

652 3580 904 3649 sepulcra.
930 3606 1000 3616 —
1016 3575 1150 3641 Quid
1169 3590 1318 3639 vero,
1346 3574 1431 3629 dic
1452 3573 1582 3627 mihi
1604 3586 1808 3642 qumso,
1839 3573 2002 3640 ipsius
2030 3569 2225 3640 Moysis

654 3688 774 3725 ossa
802 3685 977 3724 annon
1008 3669 1106 3722 sita
1139 3678 1255 3720 sunt
1291 3668 1341 3720 in
1370 3677 1510 3721 terra
1539 3664 1743 3719 aliena?
1772 3664 1995 3718 Aarouis
2024 3670 2221 3723 autem,

657 3763 909 3825 Danielis,
935 3760 1200 3821 Jeremim,
1225 3768 1277 3813 et
1300 3759 1659 3828 apostolorum
1693 3758 2001 3823 multorum,
2034 3772 2101 3811 ne
2124 3756 2227 3809 sci-

658 3868 774 3907 mus
796 3850 1009 3921 quidem
1033 3849 1120 3903 ubi
1144 3850 1242 3902 sita
1275 3849 1400 3903 sint.
1428 3848 1559 3903 Nam
1583 3849 1724 3903 Petri
1752 3848 1965 3917 quidem
1997 3859 2050 3900 ct
2080 3847 2225 3901 Pauli

656 3953 710 3999 et
729 3943 946 3999 Joannis
970 3951 1023 3996 et
1046 3941 1264 3996 Thema:
1289 3953 1409 3996 nota
1442 3953 1565 3996 sunt
1591 3942 1829 4011 sepulcra
1861 3942 1970 4011 (a);
2004 3940 2226 3993 aliorum

658 4044 857 4098 autem,
897 4047 1016 4087 cum
1048 4033 1155 4086 sint
1196 4042 1300 4086 tam
1334 4032 1507 4096 mulli,
1551 4047 1810 4101 nusquam
1842 4041 1961 4084 sunt
1990 4040 2131 4084 nota.
2159 4031 2230 4084 De

657 4139 722 4179 eo
746 4138 871 4192 ergo
899 4138 964 4177 ne
992 4124 1322 4192 plangamus,
1353 4138 1524 4193 neque
1555 4123 1687 4176 adeo
1717 4122 1910 4191 pusillo
1938 4134 1991 4176 et
2020 4122 2233 4190 abjecto

661 4215 828 4267 simus
848 4214 1065 4266 animo:
1095 4229 1215 4266 nam
1245 4214 1565 4283 ubicumque
1595 4212 1850 4267 fuerimus
1880 4211 2093 4281 sepulti,
2126 4212 2233 4264 Do-

665 4311 794 4365 mini
821 4324 892 4366 est
920 4321 1073 4373 terra,
1098 4318 1145 4363 et
1175 4307 1428 4377 plenitudo
1468 4307 1599 4377 ejus.
1641 4303 1804 4359 Plane
1840 4300 1899 4355 fit
1940 4297 2080 4368 quod
2113 4294 2223 4349 fieri

659 4416 870 4475 oportet
899 4422 914 4459 :
946 4403 1128 4473 lugere
1155 4411 1332 4455 autem
1354 4408 1407 4454 et
1436 4400 1687 4468 plangere
1715 4403 1769 4449 et
1794 4391 1992 4448 deﬂere
2021 4406 2113 4443 eos
2140 4386 2227 4455 qui

657 4503 1025 4558 excesserunt,
1058 4507 1121 4547 ex
1153 4491 1345 4561 pusillo
1387 4500 1441 4543 et
1470 4488 1675 4558 abjecto
1700 4486 1870 4540 oritur
1908 4483 2106 4536 animo.
2135 4479 2227 4533 25.

663 4588 789 4641 Fide
814 4584 1014 4656 Moyses
1036 4596 1181 4637 natus
1204 4582 1480 4635 occultatus
1510 4589 1580 4632 est
1619 4578 1773 4631 tribus
1799 4574 2047 4629 mensibus
2076 4588 2107 4624 a
2138 4586 2229 4639 pa-

658 4677 877 4730 rentibus
906 4676 1029 4729 suis.
1059 4674 1214 4727 Vides
1242 4671 1382 4741 quod
1404 4670 1489 4723 hic
1509 4669 1790 4738 Sperabam
1813 4680 1931 4737 qua:
1950 4672 2227 4736 postmer-

660 4778 763 4822 tem
792 4774 943 4821 erant
970 4763 1165 4826 futura,
1199 4762 1405 4830 impleri
1434 4760 1485 4813 in
1516 4760 1696 4813 terra?
1736 4759 1799 4812 Et
1844 4757 2005 4810 multa
2034 4768 2228 4809 evene-

657 4870 782 4915 runt
830 4868 947 4929 post
978 4864 1425 4910 inortcmeorum.
1463 4853 1571 4907 lioc
1608 4851 1673 4905 ad
1724 4850 1774 4905 id
1819 4849 1957 4920 quod
2011 4847 2224 4919 quidam

655 4956 858 5015 dicuni,
888 4950 1013 5005 Hice
1044 4957 1157 5017 post
1184 4957 1410 5001 mortem
1446 4947 1547 4998 illis
1582 4944 1795 5007 fiebant,
1825 4958 1941 5011 qua:
1972 4955 2075 4995 non
2104 4950 2227 4994 sunt

653 5045 925 5114 assequuti
955 5044 1211 5101 viventes,
1237 5054 1406 5107 neque
1427 5036 1715 5091 credebant
1742 5036 1915 5088 futura
1938 5044 2057 5103 post
2086 5048 2227 5086 mor-

656 5148 781 5191 tem.
839 5133 906 5188 Et
955 5149 1058 5187 non
1090 5131 1223 5184 dixit
1250 5130 1447 5198 Joseph
1484 5147 1495 5183 :
1529 5127 1655 5181 Mihi
1702 5126 1900 5180 viventi
1945 5141 2048 5179 non
2080 5124 2227 5178 dedit

656 5240 871 5290 terrain,
892 5241 1063 5295 neque
1086 5225 1217 5294 patri
1245 5238 1383 5287 meo,
1413 5237 1582 5290 neque
1606 5235 1705 5274 avo
1733 5234 1872 5283 meo,
1894 5220 2046 5289 cujus
2065 5219 2223 5273 etiam

654 5319 932 5388 oportebat
984 5317 1218 5371 revereri
1267 5316 1516 5369 virtutem
1556 5331 1567 5370 :
1600 5312 1699 5367 hos
1729 5323 1904 5367 autem
1938 5312 2225 5368 sceleratos

654 5412 719 5465 iis
744 5408 1046 5479 dignabitur
1096 5408 1287 5478 quibus
1338 5408 1456 5461 illos
1503 5422 1607 5460 non
1638 5416 1717 5460 est
1771 5402 2225 5474 diguatus?Nihil

654 5502 843 5557 horum
867 5501 1019 5563 dixit,
1049 5499 1143 5554 sed
1175 5497 1275 5553 ﬁde
1313 5498 1489 5552 omnia
1518 5498 1645 5551 vicit
1686 5508 1739 5551 et
1765 5494 2052 5564 superavit.
2087 5494 2225 5547 Dixit

630 5595 717 5655 διο
745 5594 931 5659 Abele,
960 5593 1025 5647 de
1052 5590 1183 5656 Noe,
1215 5590 1281 5645 de
1312 5590 1636 5653 Abrahamo,
1661 5588 1727 5643 de
1750 5587 1916 5653 Isaac,
1946 5586 2010 5639 de
2034 5584 2219 5649 Jacob,

718 5686 1245 5766 (a)”Dcii‘getrid’aull.
1262 5686 1554 5766 .et‘Joannis
1584 5685 1819 5757 sepulcris
1848 5699 1991 5736 nemo
2013 5686 2209 5736 dubitat.

658 5754 735 5804 De
761 5748 956 5801 'l‘homzc
980 5750 1203 5813 sepulcro
1228 5751 1305 5797 ubi
1327 5748 1491 5809 fuerit,
1518 5763 1612 5797 non
1638 5748 1699 5797 ita
1723 5759 1929 5796 certum.

1392 394 1449 452 5.
1490 387 1763 450 JOANNIS
1796 375 2267 445 CHRYSOSTOMI
2307 370 2621 431 ARClllEl’.
2662 360 3188 424 CONSTANTINOP.

3798 352 3902 406 tm

2314 475 2381 531 de
2402 473 2623 545 Joscph,
2655 472 2745 542 qui
2775 477 2899 527 sunt
2928 481 3114 523 omnes
3142 460 3310 534 gloria
3336 457 3571 529 insignes
3596 465 3651 509 et
3669 454 3920 509 admira-

2314 569 2468 624 biles.
2502 544 2710 621 Rursus
2738 569 2898 633 auget
2916 556 3364 620 consolationem,
3391 564 3505 606 rem
3531 548 3825 605 deducens
3849 544 3911 598 ad

2315 661 2448 717 viles
2470 670 2747 730 personas.
2778 653 2909 707 Nam
2947 648 3091 721 quod
3133 644 3478 703 admirabiles
3514 640 3738 711 quidem
3793 652 3914 708 per-

2312 765 2459 807 sonae
2486 750 2601 804 lucc
2634 748 2741 802 sint
2763 759 2955 816 passm,
2988 750 3043 796 et
3068 738 3211 811 quod
3244 736 3348 793 illis
3379 735 3613 791 minores
3636 745 3915 801 apparue-

2314 846 2442 911 rint,
2474 856 2579 897 non
2625 838 2868 896 estadeo
2896 849 3060 907 grave
3089 850 3102 886 :
3133 831 3276 902 quod
3307 840 3484 887 autem
3536 825 3786 881 minores
3813 822 3912 881 visi

2313 936 2419 992 sint
2449 930 2793 1005 ignobilibus,
2819 930 2921 984 hoc
2948 938 3075 981 vero
3102 934 3185 980 est
3213 936 3395 993 grave.
3424 919 3487 975 Et
3518 916 3710 986 incipit
3754 928 3787 967 a
3820 929 3910 985 pa.

2311 1028 2554 1085 rentibus
2580 1024 2797 1096 Moysis,
2825 1022 2913 1093 qui
2945 1018 3164 1074 minime
3208 1025 3360 1071 erant
3392 1015 3647 1084 insignes,
3681 1018 3745 1066 et
3777 1008 3913 1063 nihil

2313 1120 2418 1175 tale
2450 1118 2714 1174 habebant
2746 1115 2903 1186 quale
2933 1112 3091 1166 illius.
3124 1109 3189 1164 Et
3216 1106 3339 1163 ideo
3370 1103 3668 1177 procedens
3690 1115 3916 1172 quoque

2311 1223 2470 1281 auget
2496 1211 2570 1267 rei
2588 1207 2923 1265 insolentiam
2946 1217 3237 1259 recensens
3258 1200 3507 1255 mulieres
3522 1195 3845 1252 meretrices
3858 1201 3915 1247 et

2313 1305 2504 1360 viduas
2534 1322 2547 1357 :
2582 1301 2714 1356 Fide
2733 1301 2898 1365 enim,
2928 1296 3119 1368 inquit,
3156 1292 3335 1347 Rahab
3359 1289 3599 1345 meretrix
3623 1304 3731 1343 non
3758 1286 3915 1359 periit

2309 1416 2423 1455 cum
2436 1396 2731 1458 incredulis,
2753 1393 3007 1462 excipiens
3024 1387 3367 1459 exploratores
3386 1399 3501 1437 cum
3523 1398 3649 1451 pace
3674 1382 3755 1451 (υ.
3788 1378 3852 1435 5|
3868 1377 3907 1447 ).

2313 1492 2380 1547 Et
2410 1505 2512 1545 non
2541 1488 2715 1542 solum
2746 1484 2889 1550 lidei,
2918 1480 3011 1537 sed
3042 1480 3203 1535 etiam
3228 1473 3560 1532 infidelitatis
3584 1472 3738 1543 ponit
3765 1484 3913 1524 mer.

2312 1581 2521 1646 cedem,
2546 1577 2677 1633 utin
2706 1576 2838 1631 Noe.
2871 1572 3086 1629 lulcrim
3115 1578 3293 1624 autem
3327 1579 3550 1621 necesse
3595 1573 3681 1618 est
3723 1561 3910 1617 dicere

2309 1673 2375 1730 de
2400 1670 2708 1743 parentibus
2735 1668 2950 1739 .lloysis.
2981 1664 3181 1721 Omnes
3203 1662 3472 1716 masculos
3501 1659 3714 1713 Pharao
3738 1656 3904 1726 jussit

2310 1766 2564 1831 interfici,
2609 1772 2662 1819 et
2716 1762 2893 1816 nullus
2944 1758 3129 1828 effugit
3184 1752 3502 1826 periculum.
3563 1747 3719 1804 Unde
3769 1758 3901 1815 ergo

2308 1868 2589 1929 sperarunt
2617 1856 2652 1911 ii
2682 1855 2794 1909 fore
2820 1863 2877 1908 ut
2905 1860 3180 1908 servarent
3217 1844 3512 1901 infantem?
3534 1842 3611 1897 Ex
3665 1838 3796 1894 fide.
3824 1836 3900 1890 Ex

2309 1966 2409 2024 qua
2440 1950 2583 2005 fide?
2608 1946 2888 2011 Viderunt,
2917 1944 3108 2014 inquit,
3136 1941 3434 2010 elegantem
3466 1936 3745 1991 infantem.
3783 1929 3905 2001 Ipse

2311 2022 2557 2113 aspectus
2580 2056 2675 2096 eos
2701 2037 2919 2094 attraxit
2942 2036 3008 2089 ad
3040 2034 3217 2089 fidem.
3253 2032 3326 2085 Ita
3357 2029 3536 2085 statim
3560 2025 3627 2079 ab
3656 2022 3821 2079 initio
3851 2032 3906 2074 et

2302 2118 2379 2191 ab
2412 2135 2540 2205 ipsis
2567 2134 2745 2189 fasciis
2769 2131 2916 2201 justo
2957 2126 3122 2182 multa
3178 2124 3349 2177 infusa
3378 2129 3494 2175 erat
3535 2117 3745 2188 gratia,
3796 2126 3903 2168 non

2315 2242 2515 2283 naturae
2546 2225 2638 2282 sed
2665 2225 2757 2279 Dei
2785 2236 2968 2293 opera.
2997 2216 3287 2275 Considera
3319 2214 3461 2269 enim
3494 2229 3507 2265 :
3534 2210 3717 2265 statim
3748 2217 3904 2260 natus

2316 2322 2535 2393 pulcher
2583 2317 2845 2389 apparuit,
2904 2327 3011 2368 non
3058 2308 3328 2366 deformis.
3368 2304 3505 2373 Quid
3550 2302 3655 2358 hoc
3681 2296 3908 2355 effecit?

2314 2416 2427 2471 Non
2460 2422 2665 2473 natura,
2698 2408 2789 2465 sed
2832 2407 3003 2478 gratia
3045 2403 3161 2466 Dei,
3197 2415 3315 2471 qua:
3345 2408 3400 2452 et
3441 2396 3726 2452 barbaram
3760 2393 3905 2447 illam

2317 2509 2565 2565 excitavit
2588 2504 2863 2559 mulierem
2891 2497 3195 2570 Egyptiam
3218 2504 3270 2547 et
3292 2487 3679 2551 corroboravit,
3702 2495 3759 2541 et
3783 2498 3905 2537 eum

2317 2602 2523 2671 accepit
2547 2609 2599 2654 et
2621 2594 2908 2664 assumpsit
2930 2610 2943 2645 :
2968 2602 3285 2661 quamquam
3310 2584 3440 2639 lides
3456 2581 3509 2637 in
3534 2580 3615 2635 his
3641 2595 3751 2633 non
3778 2576 3907 2630 satis

2318 2699 2549 2768 amplum
2605 2692 2787 2748 habuit
2838 2693 3210 2759 argumentum
3259 2697 3274 2734 :
3319 2676 3444 2749 quid
3492 2674 3633 2731 enim
3681 2688 3751 2727 ex
3792 2671 3905 2723 visu

2320 2761 2468 2848 credi
2507 2784 2756 2858 poterat?
2783 2780 2878 2837 sed
2928 2793 3042 2841 vos,
3069 2774 3262 2844 inquit,
3317 2786 3385 2825 ex
3444 2767 3606 2823 rebus
3648 2761 3904 2822 creditis.

2321 2886 2480 2940 etiam
2519 2879 2683 2935 multa
2724 2874 2983 2929 habentes
3025 2868 3146 2923 lidei
3195 2867 3414 2936 pignora
3470 2862 3544 2932 (a)
3571 2878 3585 2913 :
3612 2874 3739 2912 nam
3788 2871 3908 2909 cum

2320 2974 2517 3047 gaudio
2554 2970 2826 3037 suscipere
2851 2965 3110 3018 benornm
3140 2956 3513 3024 direptionem,
3547 2958 3601 3005 et
3627 2961 3906 3018 qumcum-

2322 3039 2425 3137 que
2447 3072 2567 3119 sunt
2592 3055 2915 3128 hujusmodi,
2951 3051 3070 3106 fidei
3095 3058 3206 3104 erat
3229 3057 3281 3101 et
3299 3043 3616 3101 tolerantize.
3642 3039 3753 3095 Sed
3779 3051 3910 3108 quo-

2322 3130 2464 3214 niam
2512 3155 2597 3210 isti
2624 3165 2833 3223 quoque
2880 3143 3242 3203 crediderunt,
3291 3136 3487 3192 deinde
3519 3134 3710 3204 pusillo
3734 3142 3787 3185 et
3816 3130 3908 3182 ab-

2320 3250 2465 3319 jccto
2495 3245 2707 3300 fuerunt
2744 3240 2955 3301 animo,
2996 3230 3229 3288 ostendit
3268 3226 3408 3299 quod
3455 3225 3669 3279 illorum
3697 3232 3910 3292 quoque

2328 3312 2461 3396 fides
2483 3337 2704 3392 multum
2727 3328 3115 3385 extendebatur
3148 3343 3161 3379 :
3190 3322 3360 3393 qualis
3384 3318 3479 3373 fuit
3500 3316 3633 3371 fides
3656 3312 3905 3372 Abraha’.

2326 3431 2534 3490 etiamsi
2585 3443 2670 3483 res
2708 3425 3016 3478 viderentur
3050 3431 3302 3488 pugnare.
3346 3413 3411 3468 Et
3456 3428 3556 3465 non
3598 3410 3905 3467 timuerunt,

2329 3524 2516 3594 inquit,
2546 3520 2677 3590 regis
2704 3518 2942 3570 edictum.
2975 3510 3132 3578 Atqui
3163 3504 3291 3560 illud
3320 3517 3480 3593 apere
3504 3499 3779 3561 constitit;
3812 3495 3909 3549 hoc

2327 3586 2504 3670 aufem
2536 3586 2649 3665 erat
2676 3609 2831 3678 plane
2872 3602 3009 3658 nuda
3039 3598 3278 3670 quaedam
3327 3586 3675 3660 exspectatio.
3722 3589 3786 3644 Et
3813 3586 3911 3640 hoc

2328 3705 2539 3775 quidem
2563 3677 2974 3767 eratparentum
3001 3710 3013 3744 :
3040 3692 3152 3759 ipse
3178 3702 3301 3742 vero
3328 3685 3535 3753 Moyses
3558 3679 3691 3734 nihil
3715 3677 3905 3733 attulit.

2332 3794 2536 3851 Deinde
2566 3802 2751 3845 rursus
2796 3787 2874 3840 eis
2916 3780 3236 3837 conveniens
3276 3776 3429 3829 affert
3468 3772 3795 3837 exemplum,
3828 3765 3907 3819 vel

2331 3888 2507 3958 potius
2535 3885 2627 3936 illo
2656 3878 2845 3949 majus.
2870 3874 3039 3943 Quale
3064 3868 3229 3925 illud?
3251 3867 3342 3922 (ξι.
3370 3864 3521 3926 Fide,
3547 3858 3910 3931 inquit,'Hay-

2331 3950 2408 4035 ses
2438 3974 2644 4049 grandis
2674 3975 2837 4043 [actus
2855 3967 3051 4036 negavit
3067 3979 3119 4016 se
3141 3978 3247 4015 esse
3268 3960 3432 4027 ﬁlium
3454 3956 3577 4025 ﬁlia:
3601 3950 3906 4009 Pharaonis.

2330 4073 2419 4128 ‘35.
2442 4048 2622 4139 Magis
2651 4065 2839 4133 eligens
2865 4058 3016 4130 aﬂligi
3045 4072 3155 4108 tum
3182 4054 3371 4124 papula
3395 4048 3511 4113 Dei,
3539 4065 3693 4116 quam
3718 4057 3908 4112 tempo-

2332 4162 2489 4217 ralem
2513 4136 2702 4228 peccati
2723 4153 2903 4206 habere
2915 4148 3325 4220 jucunditatem;
3350 4142 3441 4196 26.
3470 4144 3688 4210 majores
3711 4136 3907 4192 diritius

2332 4254 2588 4308 wstimans
2617 4251 2853 4305 thesauro
2880 4248 3243 4319 .Eggpt‘ibrmn
3277 4246 3643 4315 improperium
3678 4241 3864 4299 Christi
3887 4256 3906 4291 :

2330 4346 2601 4417 aspiciebat
2629 4345 2761 4398 enim
2807 4344 2860 4396 in
2902 4341 3373 4395 remunerationem.
3409 4338 3706 4407 Tamquam
3737 4336 3780 4391 si
3832 4334 3905 4388 eis

2332 4436 2533 4490 diceret
2565 4454 2577 4487 :
2607 4434 2773 4489 Nemo
2795 4443 3025 4487 vestrum
3056 4432 3257 4486 dimisit
3280 4430 3502 4499 regiam,
3526 4444 3750 4497 eamque
3772 4441 3903 4495 prat-

2330 4528 2738 4595 claram,ncquc
2752 4523 3009 4592 ejusmodi
3038 4524 3547 4589 thesauros,neqne,
3572 4534 3694 4574 cum
3727 4520 3903 4573 liceret

2333 4634 2451 4675 esse
2474 4619 2633 4672 tilium
2663 4619 2821 4689 regis,
2847 4616 2949 4670 hoc
2975 4614 3229 4683 despexit,
3266 4614 3399 4666 sicut
3423 4612 3544 4665 fecit
3580 4610 3803 4681 Moyses.
3844 4606 3905 4661 Et

2331 4710 2469 4778 quod
2490 4726 2592 4763 non
2608 4719 2806 4763 temere
2822 4723 2881 4761 ac
2894 4706 3077 4761 leviter
3097 4702 3573 4772 dimiserit.siguilit
3586 4702 3899 4756 avitdiccns:

2336 4798 2580 4867 Negavit;
2610 4798 2710 4852 hoc
2734 4811 2835 4860 est,
2867 4797 2998 4859 odit,
3030 4802 3301 4849 aversatus
3329 4804 3430 4847 est.
3462 4791 3764 4846 Caeloeuim
3786 4801 3900 4859 pro-

2335 4890 2505 4960 posito
2526 4902 3108 4959 eratsupervaraneum
3156 4885 3405 4939 admirari
3437 4885 3633 4954 regiam
3663 4884 3896 4955 Egypti.

2403 4981 2457 5035 ὅ.
2486 4980 2552 5033 Ει
2572 4980 2695 5034 vide
2720 4995 2878 5048 quam
2903 4976 3290 5031 admirabiliter
3306 4975 3409 5029 hoc
3438 4977 3673 5045 posuerit
3695 4972 3899 5029 Paulus.

2332 5071 2446 5126 Non
2472 5070 2627 5134 dixit,
2659 5070 2888 5139 Majores
2931 5068 3141 5121 divitias
3165 5066 3439 5121 aestimans
3469 5065 3726 5119 thesauro
3747 5062 3893 5131 Egy-

2332 5164 2560 5232 ptiorum
2580 5162 2766 5214 caelum
2789 5170 2838 5214 et
2858 5175 2974 5228 qua:
2989 5169 3111 5211 sunt
3134 5159 3183 5210 iu
3201 5157 3345 5211 egetis
3367 5173 3381 5220 ;
3402 5155 3495 5210 sed
3521 5155 3649 5225 quid
3667 5156 3689 5207 2
3712 5155 3897 5223 Impro-

2332 5256 2526 5327 perium
2553 5254 2759 5308 Christi.
2797 5252 2926 5306 Nam
2971 5259 3184 5320 propter
3212 5250 3480 5303 Christum
3531 5249 3741 5318 probris
3763 5243 3890 5300 allici

2332 5348 2521 5401 melius
2550 5346 2889 5408 existimavit,
2917 5356 3072 5412 quam
3102 5354 3219 5395 esse
3252 5341 3302 5394 in
3331 5340 3510 5410 quiete
3535 5349 3589 5393 et
3617 5337 3776 5394 animi
3806 5348 3897 5389 re-

2334 5438 2583 5492 missione
2615 5455 2627 5490 :
2660 5438 2729 5490 ita
2771 5435 2930 5489 etiam
2973 5433 3075 5487 hoc
3102 5434 3272 5502 ipsum
3319 5447 3414 5501 per
3443 5446 3501 5486 se
3527 5440 3644 5484 erat
3680 5439 3890 5484 merces.

2334 5531 2502 5601 Magis
2529 5532 2717 5601 eligens
2738 5528 2889 5599 afﬂigi
2918 5544 3032 5580 cunt
3064 5527 3251 5595 populo
3271 5525 3387 5579 Dei.
3416 5524 3546 5579 Nam
3573 5539 3667 5577 vos
3694 5520 3891 5593 quidettt

2335 5640 2429 5695 pro
2457 5624 2606 5678 vobis
2632 5622 2902 5693 patimini;
2929 5622 3016 5677 ille
3047 5629 3227 5674 autem
3255 5634 3351 5689 pro
3389 5619 3508 5674 aliis
3537 5617 3719 5689 elegit,
3747 5625 3795 5671 et
3819 5613 3891 5665 hi.

2387 5743 2460 5801 (ll)
2489 5742 2579 5791 ilic
2602 5754 2803 5801 magnus
2825 5740 2986 5788 Itiatu':
3011 5746 3087 5787 est
3114 5740 3161 5785 ίλι
3188 5735 3323 5787 Coll).
