4094 6408
200 390 271 443 fill

192 510 302 559 hens
327 519 388 559 ac
415 507 607 561 volens
654 519 889 575 scipsum
920 490 1147 574 conjecit
1185 505 1238 559 in
1271 513 1375 558 tam
1407 504 1571 558 multa
1604 506 1747 574 peri-

189 597 307 661 cula,
326 612 443 651 cum
468 598 518 652 ei
546 598 739 652 liceret
766 608 817 652 et
863 597 946 667 pie
970 611 1131 665 agere
1157 606 1210 651 et
1241 596 1339 651 frui
1373 595 1547 650 benis.
1582 596 1745 661 Quam

188 690 507 756 temporalem,
541 689 737 758 inquit,
762 690 952 759 peccati
978 688 1161 742 habere
1192 689 1518 757 voluptatem.
1547 688 1747 743 Pecca-

186 788 277 831 tum
295 778 421 832 dixit
440 780 591 851 nolle
612 793 732 833 cum
754 780 870 834 aliis
894 778 1055 849 afﬂigi
1084 796 1096 832 :
1122 778 1224 834 hoc
1246 779 1435 849 inquit,
1467 790 1744 849 peccatum

185 870 501 923 existimavit.
535 871 594 925 Si
627 886 755 941 ergo
794 870 883 926 ille
938 879 1213 940 peccatum
1262 870 1591 925 existimavit
1640 888 1745 925 non

185 968 403 1027 prompto
428 967 482 1012 et
530 961 698 1014 alacri
738 960 916 1014 animo
960 975 1080 1014 cum
1125 960 1243 1015 aliis
1285 960 1463 1030 afﬂigi,
1496 977 1741 1032 magnum

183 1064 289 1118 ergo
314 1051 509 1103 bonum
542 1063 628 1106 est
654 1050 890 1110 afﬂiCtio.
926 1052 976 1105 in
1004 1066 1161 1121 quam
1192 1067 1250 1106 se
1270 1051 1497 1121 conjecit
1517 1068 1548 1107 e
1574 1054 1737 1123 regia.

184 1140 286 1193 time
311 1149 488 1194 autem
520 1142 747 1196 faciebat
775 1142 1013 1211 qua‘dam
1042 1157 1232 1212 magna
1262 1141 1597 1211 praevidens:
1625 1144 1744 1198 ideo

183 1229 245 1281 sic
268 1230 414 1292 dixit,
447 1230 681 1301 Διαίου-ει
706 1231 905 1285 divitias
924 1232 1181 1285 aestimans
1204 1232 1455 1285 thesauris
1468 1230 1743 1303 fligi/ptio-

181 1335 275 1369 rum
320 1321 689 1391 impr-aperiunt
740 1320 950 1375 Christi.
1005 1319 1140 1389 Quid
1193 1331 1311 1387 est,
1367 1321 1741 1391 lmproperium

181 1411 377 1467 Christi?
420 1414 536 1467 Hoc
564 1423 675 1479 est,
730 1415 1087 1483 Opprobrium
1134 1415 1279 1485 quod
1318 1429 1415 1470 vos
1463 1415 1735 1485 patimini,

180 1500 505 1569 opprobrium
556 1502 696 1572 quod
726 1503 970 1557 Christus
995 1505 1287 1558 sustinuit:
1316 1514 1408 1559 aut
1444 1506 1583 1575 quod
1615 1521 1740 1575 pro-

179 1600 279 1656 pter
300 1590 576 1645 Christum
608 1593 876 1657 sustinuit,
908 1592 1119 1661 quando
1142 1603 1359 1663 propter
1379 1604 1581 1664 petram
1613 1611 1738 1665 pro-

180 1682 272 1734 bris
299 1681 653 1743 afficiebatur.
704 1698 766 1739 ex
819 1700 920 1754 qua
961 1700 1148 1755 aquam
1192 1685 1393 1739 eduxit.
1426 1687 1580 1740 Petra
1607 1688 1739 1740 enim

174 1768 263 1809 erat
310 1759 544 1814 Christus
601 1762 695 1828 (Ι.
746 1762 861 1816 Cor.
930 1766 1019 1819 10.
1049 1767 1117 1835 4)
1153 1808 1166 1830 ,
1212 1767 1401 1838 inquit.
1456 1771 1734 1839 Quomodo

173 1848 495 1914 opprobrium
571 1850 807 1906 Cln'iSIi?
880 1853 1011 1920 Quia
1074 1856 1226 1911 bonis
1300 1862 1533 1928 paternis
1582 1878 1735 1919 ever-

175 1934 310 1989 timur
363 1940 579 2009 probris
628 1941 931 2008 afficimur,
991 1946 1128 2001 male
1172 1949 1400 2018 patimur
1449 1952 1516 2006 ad
1569 1953 1737 2009 Deum

172 2028 541 2098 confugientes.
576 2028 870 2089 Verisimile
918 2046 1035 2090 erat
1064 2038 1207 2093 illum
1261 2055 1469 2111 quoque
1526 2045 1737 2113 probris

172 2115 293 2168 affici
339 2121 557 2188 quando
596 2121 761 2175 audiit
803 2141 819 2178 :
870 2123 1011 2178 Nam
1049 2143 1127 2180 me
1156 2128 1229 2182 ris
1272 2130 1580 2199 interﬁcere,
1606 2136 1736 2189 sicut

174 2205 264 2257 lteri
331 2208 637 2280 interfecisti
671 2210 972 2283 £gyptiunt
1034 2216 1235 2287 (Exod.
1305 2219 1361 2275 2.
1417 2220 1573 2293 ΗΠ
1620 2226 1734 2282 [loc

171 2306 241 2350 est
267 2300 645 2370 improperimn
668 2304 889 2368 Christi.
920 2299 985 2361 ad
1011 2308 1166 2364 ﬁnem
1192 2325 1359 2382 usque
1386 2323 1441 2368 et
1464 2315 1529 2369 ad
1557 2326 1733 2374 extre-

175 2401 298 2441 nmm
326 2406 493 2459 usque
514 2393 757 2460 spiritum
786 2397 923 2451 male
954 2400 1058 2466 pati
1087 2419 1099 2453 :
1129 2402 1266 2455 sicut
1296 2404 1510 2473 probris
1529 2406 1731 2463 afficie-

172 2474 310 2567 batur
327 2478 916 2546 ctaudiehat,SiFilias
937 2487 1032 2540 Dei
1054 2505 1105 2542 es
1126 2488 1146 2559 (
1164 2490 1351 2548 Matth.
1377 2493 1467 2548 27.
1493 2495 1597 2567 ιο)
1619 2538 1635 2563 ,
1666 2498 1733 2553 ab

175 2562 229 2616 iis
252 2579 341 2633 pro
369 2568 564 2637 quibus
591 2571 643 2624 in
674 2586 887 2627 crucem
917 2576 1192 2646 agebatur,
1226 2582 1292 2633 ab
1315 2581 1503 2637 horum
1532 2562 1731 2642 contri-

174 2652 383 2713 bulibus.
417 2660 529 2715 Hoc
556 2673 637 2717 est
664 2665 1041 2735 improperium
1079 2669 1309 2738 Christi,
1340 2677 1550 2743 quando
1584 2680 1730 2747 quis-

177 2747 297 2813 piam
324 2765 361 2813 τι
398 2753 512 2806 suis
532 2794 547 2818 ,
578 2756 792 2824 quando
813 2757 881 2811 ab
927 2758 1027 2826 iis,
1073 2776 1209 2831 quos
1239 2764 1499 2819 beneficio
1528 2768 1691 2823 afficit
1714 2812 1727 2831 .

174 2839 365 2903 probris
387 2842 635 2899 afﬁcitur.
671 2846 767 2902 Ille
795 2849 936 2903 enim
968 2850 1034 2905 ab
1072 2866 1137 2907 eo
1162 2855 1457 2923 patiebatur
1497 2860 1585 2925 qui
1617 2868 1733 2915 erat

174 2926 411 3021 beneficio
459 2933 703 2990 affectus.
748 2936 842 2992 llic
870 2953 964 2994 eos
989 2944 1256 3008 excitavit,
1284 2947 1569 3004 ostendens
1589 2953 1731 3021 quod

174 3014 395 3108 Christus
447 3038 658 3093 qucque
705 3026 819 3083 hzee
862 3029 1177 3098 patiebatur,
1235 3044 1290 3089 et
1333 3037 1562 3108 Moyses,
1604 3014 1731 3097 dua:

173 3105 311 3164 clara
337 3121 391 3166 et
431 3113 666 3183 insignes
695 3131 959 3185 personae.
991 3121 1345 3188 Quamobrem
1390 3105 1491 3183 hoc
1532 3132 1731 3199 impro-

174 3199 359 3264 perium
410 3210 492 3256 est
541 3205 708 3274 magis
733 3205 927 3264 Christi
968 3225 1124 3280 quam
1154 3213 1371 3285 Moysis,
1419 3220 1671 3288 quoniam
1697 3238 1726 3276 a

175 3289 269 3343 suis
293 3290 402 3347 haec
424 3308 612 3362 passus
634 3307 736 3352 est.
766 3298 871 3353 Sed
889 3314 1061 3370 neque
1082 3303 1170 3358 ille
1194 3303 1412 3361 fulmina
1432 3311 1729 3378 emittebat,

176 3392 327 3448 neque
351 3382 438 3437 hic
482 3385 681 3454 aliquid
706 3397 789 3442 est
834 3404 1044 3459 passus,
1075 3393 1168 3449 sed
1198 3398 1405 3464 probris
1454 3400 1727 3459 afﬁcieba-

177 3473 264 3531 tur,
288 3479 340 3524 et
366 3471 572 3528 ferebat
616 3478 816 3542 omnia,
864 3480 970 3534 illis
996 3485 1334 3541 moventibus
1358 3490 1551 3558 capita.
1581 3492 1727 3559 Quo-

177 3556 297 3612 niam
326 3576 451 3632 ergo
480 3565 768 3623 verisimile
786 3578 903 3624 erat
925 3585 1019 3629 cos
1048 3589 1259 3644 quoque
1302 3577 1415 3633 hmc
1428 3556 1646 3649 audire,
1676 3593 1732 3639 et

176 3646 458 3707 desiderare
485 3660 992 3728 remunerationem,
1021 3664 1152 3720 dicit
1196 3667 1466 3725 Christum
1492 3681 1548 3727 et
1576 3646 1729 3745 Moy-

176 3748 271 3791 sem
296 3742 411 3796 talia
434 3759 554 3800 esse
575 3761 877 3817 perpessos.
904 3751 1137 3824 Requies
1156 3770 1282 3828 ergo
1300 3770 1351 3814 et
1372 3764 1619 3820 remissio
1646 3742 1730 3823 est

178 3834 393 3926 peccati;
424 3837 633 3904 probris
654 3848 830 3895 autem
858 3843 1019 3910 affici,
1050 3846 1267 3903 Christi.
1292 3851 1427 3919 Quid
1455 3870 1584 3926 ergo
1609 3875 1725 3913 ma-

178 3918 274 3974 vis?
297 3925 667 3996 improperium
689 3931 909 3999 Christi,
929 3950 997 3990 an
1024 3940 1259 4007 requiem
1283 3918 1731 4006 etanimi'rcmis-

178 4011 397 4069 sionem?
423 4018 512 4072 27.
548 4018 680 4075 Fide
706 4024 906 4094 reliquit
931 4026 1242 4099 lEgyplum,
1272 4050 1374 4087 non
1402 4038 1587 4093 veritus
1610 4042 1727 4096 ani-

179 4107 433 4195 mositatem
456 4112 590 4182 regis
612 4128 631 4166 :
646 4115 944 4183 inuisibilem
967 4122 1099 4174 enim
1130 4134 1385 4195 tamquam
1413 4131 1585 4186 videns
1612 4152 1729 4189 sus-

178 4194 329 4252 tinnit.
355 4200 486 4268 Quid
542 4204 710 4259 dicis?
736 4223 841 4261 non
872 4210 1082 4267 timuit?
1101 4218 1260 4287 Atqui
1283 4220 1411 4275 dicit
1433 4220 1729 4295 Scriptura,

179 4290 301 4356 quod
332 4307 453 4381 cum
478 4296 768 4354 audivisset
793 4301 986 4367 timuit,
1016 4313 1072 4359 et
1098 4307 1218 4363 ideo
1266 4310 1385 4381 fuga
1428 4290 1725 4374 sumsaluti

178 4380 419 4438 consuluit
440 4394 498 4440 et
519 4386 719 4458 aufugit
742 4398 797 4444 et
820 4388 1000 4447 furtim
1025 4409 1087 4450 se
1115 4380 1401 4469 subduxit,
1448 4416 1501 4460 et
1529 4418 1714 4477 postea

176 4477 275 4567 erat
294 4470 344 4524 in
370 4471 582 4529 tilum.
604 4476 835 4533 Attende
863 4479 1152 4552 diligenter
1171 4496 1222 4542 et
1243 4503 1490 4549 accurate
1505 4470 1557 4551 ei
1585 4501 1727 4567 quod

176 4556 485 4662 dienam-est:
512 4566 664 4633 illud,
705 4567 831 4625 Non
853 4574 1041 4629 verita
1062 4576 1194 4632 iram
1218 4584 1374 4652 regis,
1395 4585 1530 4641 dixit
1550 4556 1725 4662 respi-

173 4649 298 4707 ciens
312 4654 377 4709 ad
402 4656 453 4710 id
476 4658 621 4728 quod
647 4669 829 4728 postea
850 4662 1132 4721 adstiterit.
1156 4649 1418 4729 Timentis
1437 4678 1580 4733 enim
1608 4649 1725 4738 erat

173 4756 262 4796 non
285 4747 541 4819 attingere
591 4766 780 4808 rursus
824 4754 1191 4815 defensionem
1232 4773 1287 4819 et
1324 4772 1677 4835 patrocinium
1700 4816 1718 4842 ,

340 4852 447 4892 rem
473 4842 691 4935 aggredi
714 4858 731 4908 ;
753 4844 927 4902 denuo
951 4844 1130 4905 autem
1156 4855 1436 4927 attingere.
1468 4872 1582 4918 erat
1604 4864 1719 4935 ers

172 4926 247 4991 qui
276 4926 377 4984 Deo
403 4933 581 4987 omnia
610 4938 998 4994 wmmittebat.
1022 4941 1138 4998 Non
1169 4947 1310 5002 enim
1333 4950 1486 5019 dixit,
1516 4926 1719 5021 Quairit

167 5031 271 5118 me,
300 5032 362 5118 et
398 5024 653 5118 indagat,
707 5043 808 5084 nec
830 5031 1005 5087 audeo
1040 5035 1227 5092 eadem
1262 5055 1447 5097 rursus
1474 5049 1711 5118 aggredi.

300 5113 467 5185 itaque
490 5116 614 5174 fidei
633 5117 837 5190 fugere.
863 5122 972 5179 Cur
993 5139 1123 5197 ergo
1144 5144 1248 5184 non
1274 5136 1490 5202 mansit,
1506 5106 1715 5210 inquit?

163 5198 230 5291 fio
270 5204 317 5258 in
345 5210 622 5277 pmvisum
652 5226 713 5267 se
756 5214 1001 5284 injiceret
1044 5221 1356 5289 periculum.
1410 5198 1519 5286 lloc
1567 5198 1707 5291 enim

161 5289 269 5395 ian;
297 5309 404 5355 erat
462 5304 737 5372 tentantis,
799 5306 851 5360 in
905 5310 1078 5365 media
1146 5317 1389 5383 prosilire
1448 5289 1705 5395 pericula,

162 5384 414 5475 ctdicere,
464 5391 683 5449 Videam
739 5410 806 5450 an
855 5413 944 5454 me
991 5413 1169 5459 servet
1215 5406 1374 5464 Dens.
1407 5384 1517 5469 lloc
1544 5384 1704 5475 etiam

382 5480 518 5537 dixit
568 5482 843 5554 diabolus,
902 5488 1048 5547 sum
1101 5503 1147 5549 te
1198 5497 1434 5556 deorsum
1490 5472 1697 5575 (Matth.

160 5566 202 5619 ὁ.
242 5568 330 5665 ρ).
377 5571 541 5665 Vides
594 5578 735 5646 quod
795 5583 900 5637 hoc
975 5584 1045 5665 sit
1095 5586 1450 5663 diabolieum,
1496 5566 1703 5657 temere

157 5666 202 5710 et
246 5659 619 5723 inconsiderate
663 5684 726 5727 se
766 5672 817 5725 in
868 5659 1098 5741 pericula
1127 5681 1395 5752 conjicere
1412 5659 1443 5753 ,v
1471 5697 1526 5743 et
1577 5700 1694 5747 ten-

160 5759 249 5807 lare
281 5772 342 5810 an
374 5758 510 5815 Deus
547 5765 868 5819 conservet?
916 5767 1007 5821 Eis
1050 5773 1192 5830 enim
1244 5792 1472 5848 prmesse
1501 5793 1551 5837 et
1602 5800 1697 5841 eos

452 5854 722 5921 Ps'rnon.
769 5861 885 5923 Gtt.
936 5867 1157 5932 LXI".

974 383 1035 438 IN
1079 382 1288 439 El'lST.
1319 382 1407 437 AD
1447 382 1809 441 HEBR/EOS.
1854 381 2002 438 CAP.
2038 376 2126 431 XI.
2182 381 2414 437 llOMlL.
2459 380 2647 439 XXVI.

3330 388 3431 443 182

1852 501 2079 572 amplius
2130 496 2416 554 defendere
2468 510 2572 549 non
2618 501 2868 565 poterat,
2913 508 3034 550 cum
3081 504 3188 553 tam
3237 497 3427 571 ingrati

1846 601 2027 652 essent
2046 591 2231 653 animi,
2255 589 2344 659 qui
2371 587 2740 642 alliciehantur
2762 586 3022 642 beneficio
3048 605 3063 643 :
3090 588 3276 645 fuisset
3299 607 3429 663 ergo

1850 686 2078 743 stultitia
2107 693 2160 739 et
2191 683 2383 737 mentis
2416 679 2660 736 vecordia
2694 679 2802 737 illic
2836 682 3076 737 manere.
3100 680 3225 737 llzee
3247 694 3425 738 autem

1842 779 2018 835 omnia
2044 776 2181 831 facta
2206 782 2367 837 sunt,
2398 771 2539 842 quod
2568 772 2638 826 ita
2661 770 2924 826 tolerabat
2946 782 3215 842 tamquam
3238 774 3425 831 videns

1842 885 1963 924 eum
1994 868 2083 938 qui
2123 880 2227 919 non
2282 862 2424 919 cadit
2472 863 2573 916 sub
2624 861 3003 934 aspectum.(a)
3067 862 3120 918 Si
3164 878 3293 935 ergo
3324 883 3425 920 nos

1839 972 2053 1030 quoque
2068 957 2232 1010 Deum
2246 961 2423 1009 mente
2440 965 2653 1020 semper
2666 949 2962 1015 videamus,
2980 951 3024 1005 si
3041 952 3091 1005 in
3106 953 3223 1021 ejus
3239 969 3416 1010 recor-

1837 1050 2053 1104 datione
2080 1060 2292 1114 semper
2308 1052 2541 1098 nostram
2563 1056 2839 1097 versemus
2851 1043 3249 1113 cogitationem,
3265 1048 3419 1102 nobis

1836 1139 2012 1195 otnuia
2034 1152 2248 1207 semper
2273 1143 2431 1191 erunt
2461 1132 2659 1200 facilia,
2689 1133 2870 1187 omnia
2894 1133 3211 1203 tolerabilia,
3234 1139 3414 1192 omnia

1834 1234 1988 1289 facile
2029 1231 2295 1293 feremus,
2341 1227 2544 1284 erimus
2570 1224 2823 1281 omnibus
2849 1227 3177 1296 superiores.
3206 1226 3261 1284 Si
3292 1233 3413 1300 quis

1830 1327 1972 1380 enim
2014 1323 2203 1378 videns
2249 1320 2540 1383 dilectum,
2582 1317 2665 1372 vel
2696 1316 2873 1385 potius
2917 1317 3035 1387 ejus
3080 1321 3406 1385 recordans,

1826 1416 2061 1487 exsurgit
2088 1404 2268 1468 animo
2291 1418 2348 1466 et
2370 1419 2550 1466 mente
2576 1407 2635 1463 fit
2654 1408 2891 1475 sublimi,
2914 1420 2967 1465 et
2984 1411 3162 1465 omnia
3203 1411 3306 1467 fert
3332 1413 3411 1467 fa-

1826 1512 1946 1573 cile,
1967 1524 2031 1564 ex
2062 1506 2179 1577 ejus
2203 1502 2460 1559 memoria
2489 1502 2704 1571 capiens
2720 1501 3048 1571 voluptatem
3074 1503 3199 1575 :qui
3229 1515 3409 1560 versat

1823 1601 1877 1654 in
1894 1598 2215 1670 cogitatione
2241 1610 2366 1650 eum
2392 1595 2481 1665 qui
2512 1608 2609 1647 nos
2629 1605 2755 1647 vere
2781 1592 3030 1664 dignatus
3045 1604 3128 1649 est
3151 1609 3333 1651 amare
3350 1607 3405 1652 et

1825 1692 1943 1762 ejus
1985 1689 2257 1752 meminit,
2290 1685 2503 1758 quando
2546 1685 2628 1741 vel
2656 1684 2937 1740 molestum
2968 1686 3167 1755 aliquid
3207 1690 3404 1743 sentiet

1826 1772 1907 1821 vel
1941 1768 2176 1823 terribile
2201 1782 2254 1824 et
2277 1772 2636 1839 periculosum
2665 1772 2985 1828 extimeseet
3009 1773 3037 1827 1
3063 1772 3278 1843 quando
3303 1776 3412 1829 erit

1826 1860 2020 1928 pusillo
2046 1870 2100 1916 et
2146 1862 2355 1931 abjecto
2383 1863 2612 1918 animo?
2654 1863 2973 1934 Numquam.
3024 1866 3215 1921 Omnia
3264 1870 3408 1922 enim

1825 1949 1979 2003 nobis
2004 1949 2251 2005 videntur
2278 1950 2517 2007 difficilia
2535 1993 2550 2019 ,
2581 1954 2723 2023 quod
2764 1954 2857 2008 Dei
2889 1954 3089 2009 nullam
3117 1954 3412 2012 habeamus

1824 2040 2139 2094 meritoriam
2168 2050 2225 2095 ut
2264 2040 2463 2098 habere
2492 2053 2740 2113 oportet,
2773 2044 2917 2115 quod
2946 2058 3052 2100 non
3081 2060 3205 2100 eum
3238 2047 3290 2101 in
3317 2063 3409 2102 eo.

1820 2133 2077 2201 gitatione
2112 2144 2373 2204 perpetuo
2397 2136 2836 2193 circumferamus
2865 2155 2880 2194 :
2916 2139 3111 2194 merito
3138 2140 3281 2196 enim
3311 2158 3407 2194 nn-

1822 2221 1903 2277 bis
1929 2223 2154 2289 dixerit,
2181 2222 2391 2280 Oblitus
2418 2239 2480 2281 es
2508 2226 2650 2295 mei,
2680 2242 2779 2299 ego
2824 2244 3037 2299 quoque
3082 2232 3156 2285 tui
3209 2231 3406 2285 oblivi—

1821 2329 1941 2369 scar
1973 2333 1986 2368 :
2016 2325 2071 2370 et
2100 2316 2298 2386 duplici
2327 2317 2537 2373 ratione
2567 2317 2626 2373 fit
2656 2320 2875 2387 malum,
2909 2320 3053 2390 quod
3079 2330 3135 2377 et
3160 2335 3259 2377 nos
3286 2320 3405 2391 ejus

1819 2406 2218 2472 obliviscamur,
2246 2418 2299 2463 et
2316 2409 2431 2479 ipse
2452 2408 2643 2464 nostri.
2669 2409 2795 2465 llzec
2816 2412 2959 2466 enim
2987 2412 3094 2467 duo
3115 2420 3239 2469 sunt
3266 2413 3405 2467 inter

1819 2512 1878 2553 se
1904 2499 2118 2569 quidem
2149 2499 2425 2570 contplexa
2443 2543 2459 2567 ,
2486 2510 2614 2557 sunt
2634 2509 2812 2558 tamen
2837 2503 2964 2559 duo.
2989 2504 3122 2560 Nam
3152 2520 3401 2577 magnam

1818 2588 2032 2657 quidem
2060 2603 2173 2643 rem
2200 2587 2323 2643 facit
2363 2588 2456 2644 Dei
2484 2591 2776 2658 memoria;
2820 2608 3065 2662 magnam
3114 2596 3299 2663 etiam,
3347 2609 3402 2651 et

1818 2675 1958 2747 quod
1983 2691 2077 2731 nos
2099 2692 2220 2732 eum
2238 2677 2529 2735 habeamus
2552 2680 2607 2735 in
2622 2681 3033 2737 memoria.Hzec
3045 2677 3172 2736 facit
3184 2690 3244 2736 ut
3261 2685 3405 2740 bona

1818 2768 2073 2838 eligamus
2092 2786 2106 2835 ;
2129 2767 2240 2836 illa,
2253 2777 2314 2824 ut
2328 2768 2695 2841 perficiamus,
2706 2774 2837 2828 etad
2852 2772 3013 2829 finem
3055 2775 3398 2833 deducamus.

1821 2859 2106 2933 Propterea
2131 2860 2258 2915 dicit
2278 2862 2537 2933 propheta
2562 2876 2578 2918 :
2606 2864 2804 2919 Memor
2848 2882 2934 2921 ero
2954 2869 3029 2920 tui
3048 2867 3112 2922 de
3131 2878 3264 2923 terra
3286 2870 3403 2924 Jor-

1818 2931 1986 3017 danis,
2011 2958 2056 3003 et
2074 2931 2392 3004 Hermoniini
2408 2968 2439 3005 a
2457 2961 2626 3007 monte
2658 2954 2857 3009 modico
2890 2953 3061 3026 (Psal.
3076 2957 3136 3012 ιι
3150 2998 3164 3012 .
3179 2956 3256 3029 7).
3275 2958 3403 3014 “me

1817 3041 1945 3097 dicit
1972 3040 2197 3111 populus
2218 3042 2308 3112 qui
2331 3050 2446 3097 erat
2470 3043 2522 3097 in
2554 3043 2824 3115 Babylone
2838 3044 3061 3113 ,κακον
3080 3064 3168 3103 ero
3183 3050 3276 3105 tui.

1885 3134 1941 3188 4.
1986 3133 2128 3204 Ergo
2156 3143 2210 3188 et
2256 3149 2384 3199 nos,
2431 3136 2604 3206 utqui
2632 3136 2802 3191 simus
2846 3136 2899 3193 in
2949 3136 3256 3211 Babylone,
3285 3141 3402 3198 haec

1814 3224 2073 3279 dicamus.
2102 3224 2213 3279 Etsi
2238 3225 2379 3280 enim
2411 3241 2516 3280 non
2541 3226 2795 3282 sedemus
2821 3227 2963 3283 inter
2987 3229 3191 3300 hostes,
3214 3246 3403 3288 sumus

1817 3324 1994 3370 tamen
2023 3315 2155 3371 inter
2192 3315 2460 3371 inimicos.
2487 3316 2621 3373 Nam
2651 3333 2718 3373 ex
2749 3318 2859 3375 illis
2884 3320 2973 3386 alii
3002 3323 3216 3393 quidem
3242 3326 3399 3381 sede-

1813 3406 1940 3461 bant
1967 3415 2235 3477 tamquam
2280 3408 2518 3477 captivi:
2543 3408 2631 3463 alii
2656 3418 2835 3465 autem
2865 3426 2933 3467 ne
2955 3414 3256 3470 sentiebant
3279 3419 3398 3487 qui-

1812 3498 1935 3553 dem
1960 3498 2347 3567 captivitatem,
2375 3508 2434 3552 ut
2457 3498 2662 3566 Daniel,
2694 3510 2754 3555 ut
2781 3511 2889 3557 tres
2911 3503 3085 3573 pueri,
3130 3505 3221 3575 qui
3234 3508 3400 3563 etiam

1814 3606 1934 3646 cum
1964 3600 2148 3645 essent
2191 3591 2243 3645 in
2272 3592 2616 3661 captivitate,
2667 3594 2785 3664 ipso
2833 3610 2991 3667 rege,
3038 3600 3128 3669 qui
3176 3602 3396 3657 eosab-

1810 3680 2036 3737 duxerat
2080 3682 2132 3737 in
2176 3683 2570 3752 captivitatem,
2601 3694 2754 3739 erant
2797 3686 2852 3739 in
2891 3688 2981 3741 illa
3026 3689 3137 3760 ipsa
3178 3692 3399 3762 regione

1809 3776 2064 3831 clariores
2094 3792 2106 3827 :
2137 3776 2335 3831 etenim
2381 3779 2624 3846 captivos
2652 3778 2913 3835 adorabat
2954 3782 3007 3835 is
3038 3782 3127 3851 qui
3172 3783 3398 3841 abduxit

1808 3868 1861 3923 in
1892 3868 2275 3938 captivitatem.
2324 3867 2513 3922 Vidisti
2544 3878 2743 3939 quanta
2772 3884 2860 3926 res
2885 3873 2953 3925 sit
2979 3873 3188 3927 virtus?
3219 3875 3395 3933 Etiam

1806 3977 1928 4018 cum
1970 3970 2151 4017 essent
2179 3961 2231 4014 in
2278 3961 2589 4029 captivitate
2620 3962 2879 4018 adorabat
2918 3974 3193 4035 tamquam
3216 3968 3393 4024 domi-

1807 4069 1925 4109 nos.
1956 4053 2047 4107 Ille
2066 4068 2196 4123 ergo
2219 4062 2337 4107 erat
2364 4053 2608 4123 captivus
2635 4056 2804 4126 magis
2830 4072 2986 4126 quam
3014 4058 3090 4113 hi.
3124 4059 3241 4114 Non
3265 4060 3391 4117 fuis-

1804 4158 1886 4203 set
1911 4162 2063 4217 teque
2085 4145 2415 4211 mirandum,
2446 4145 2491 4200 si
2520 4160 2642 4201 cum
2667 4161 2850 4203 essent
2873 4150 2923 4203 in
2951 4164 3045 4204 sua
3079 4154 3275 4222 patria,
3304 4156 3396 4208 ill-2

1802 4241 2025 4295 veniens
2057 4253 2153 4293 eos
2186 4237 2494 4305 adorasset,
2528 4251 2620 4294 aut
2649 4240 2695 4295 si
2744 4242 2852 4296 illic
2890 4255 3208 4313 regn'assent
3242 4264 3255 4301 :
3294 4250 3394 4301 mi-

1802 4333 1970 4389 rabile
1999 4341 2083 4387 est
2106 4340 2290 4385 autem
2321 4329 2464 4400 quod
2491 4345 2613 4385 cum
2639 4346 2735 4386 eos
2763 4332 3044 4398 viuxisset,
3072 4342 3127 4389 et
3150 4338 3393 4407 captivos

1803 4427 1855 4481 in
1886 4432 2147 4493 potestate
2193 4436 2289 4476 sua
2333 4421 2592 4487 haberet,
2631 4422 2887 4479 omnibus
2927 4425 3237 4483 videntibus
3280 4446 3388 4483 non

1813 4507 2010 4577 puduit
2034 4526 2131 4566 eos
2172 4512 2426 4581 adorare,
2467 4525 2523 4572 et
2560 4516 2753 4579 Manaa
2782 4516 2979 4573 libare.
3010 4514 3223 4571 Videtis
3249 4514 3398 4583 quod

1798 4614 1903 4659 .res
1932 4600 2032 4657 Dei
2056 4611 2189 4658 sunt
2230 4620 2420 4663 revera
2465 4610 2767 4679 praeclara,
2799 4622 2887 4664 res
2922 4615 3107 4662 autem
3148 4605 3403 4661 humanm

1806 4705 1933 4752 sunt
1960 4698 2193 4752 umbra?
2225 4698 2509 4769 ignorabat
2538 4714 2666 4771 ergo
2710 4715 2773 4756 se
2798 4702 2898 4755 sibi
2928 4701 3180 4758 dominos
3225 4702 3399 4758 addu-

1805 4790 1930 4845 cere
1953 4830 1969 4857 ,
1996 4798 2052 4845 et
2071 4804 2207 4862 quos
2232 4799 2349 4846 erat
2376 4791 2697 4853 adoraturus
2715 4835 2730 4858 ,
2762 4806 2857 4847 eos
2879 4794 3025 4863 ipsos
3049 4794 3102 4848 in
3124 4792 3395 4850 fornacem

1808 4882 2061 4951 injicere;
2083 4882 2180 4939 sed
2203 4882 2307 4939 hoc
2333 4883 2439 4939 illis
2465 4894 2580 4940 erat
2608 4886 2777 4940 instar
2796 4887 3019 4942 somnii.

1880 4970 2190 5028 Timentibus
2219 4972 2387 5029 Deum
2406 4975 2539 5029 nihil
2559 4976 2845 5031 molestum.
2873 5006 2948 5018 —
2969 4977 3286 5036 Timeamus
3308 4995 3397 5037 cr-

1800 5080 1903 5133 go,
1927 5080 1959 5119 ο
1981 5060 2162 5121 dilecti
2184 5106 2199 5131 ,
2233 5067 2517 5122 timeamus
2557 5067 2725 5143 Deum
2756 5086 2768 5121 :
2800 5069 2927 5123 licet
2946 5069 3120 5125 simus
3148 5072 3201 5126 in
3226 5074 3397 5141 capti-

1804 5158 1996 5223 vitate,
2036 5158 2237 5213 erimus
2278 5159 2518 5214 omnium
2539 5160 2825 5215 clarissimi
2852 5179 2865 5214 :
2890 5161 3031 5216 adsit
3071 5163 3230 5220 timor
3260 5163 3390 5230 Dei,

1802 5258 1857 5303 et
1905 5249 2037 5304 nihil
2082 5249 2186 5304 erit
2214 5249 2540 5316 molestum,
2570 5251 2685 5305 sive
2726 5252 2930 5308 dixeris
2980 5262 3390 5323 paupertatem,

1800 5341 1914 5396 sive
1964 5340 2211 5397 morbum
2234 5383 2250 5407 ,
2279 5330 2394 5396 sive
2420 5340 2785 5412 captivitatem
2812 5384 2827 5409 ,
2875 5342 2991 5399 sive
3032 5346 3349 5401 servitutem
3372 5391 3387 5413 ,

1798 5432 1912 5486 sive
1938 5432 2149 5502 quidvis
2188 5432 2511 5499 molestum;
2536 5434 2631 5489 sed
2657 5434 2752 5489 illa
2791 5434 2903 5504 ipsa
2931 5435 3088 5491 nobis
3122 5451 3283 5507 opem
3305 5438 3388 5493 fe-

1800 5530 1918 5578 rent
1943 5521 2011 5577 ad
2040 5524 2334 5579 contraria.
2365 5524 2469 5594 Ipsi
2495 5533 2651 5581 erant
2671 5525 2899 5595 captivi,
2932 5535 2987 5582 et
3006 5542 3102 5583 rex
3131 5542 3228 5585 eos
3251 5529 3387 5584 ado-

1800 5613 1936 5667 ravit
1966 5632 1979 5666 :
2012 5613 2476 5668 tabernaculorum
2506 5615 2682 5685 opifex
2728 5624 2847 5671 erat
2873 5616 3105 5687 Paulus,
3138 5629 3194 5673 et
3220 5618 3271 5675 ci
3299 5635 3389 5674 sa-

1880 5784 1952 5847 (tt)
1978 5784 2067 5833 llic
2091 5800 2285 5851 quoque
2311 5787 2467 5839 hiatus
2492 5788 2715 5841 habetur.

2993 5896 3068 5957 1‘2
