4094 6430
670 376 763 431 IS."-

662 492 968 552 erilieabant
1013 499 1280 557 tamquam
1313 483 1437 537 Deo.
1490 478 1584 531 llic
1628 479 1796 530 oritur
1838 473 2087 543 quzrstiu,
2121 486 2219 520 rm-

664 582 887 654 apostoli
910 571 1576 651 prohibueruntsacrilieia
1599 611 1614 634 ,
1643 583 1735 621 sua
1770 566 2082 621 vestimenta
2132 565 2213 618 di-

670 672 966 736 sciderunt,
1009 677 1062 723 et
1104 682 1134 721 a
1164 673 1340 733 empto
1378 676 1471 717 eos
1497 660 1847 722 abduxerunt,
1879 665 1933 712 et
1960 654 2218 711 ﬂeverunt

665 766 902 819 dicentes
919 804 934 826 ,
969 760 1102 825 Quid
1148 756 1357 828 facitis?
1383 763 1429 808 et
1456 770 1545 807 nos
1570 752 1805 805 mortales
1831 766 2003 805 sumus
2030 748 2219 803 similes

666 856 798 910 robis
823 854 1043 906 homines
1068 850 1205 917 (Act.
1238 847 1321 902 l4.
1352 846 1443 915 ll)
1482 863 1495 899 :
1526 843 1704 898 Daniel
1730 851 1903 895 autem
1934 840 2060 895 nihil
2096 838 2219 894 fecit

668 942 989 1014 huiusmodi.
1037 938 1167 993 Nam
1210 936 1353 1007 quod
1384 935 1498 1005 ipse
1530 947 1741 1004 quoque
1779 940 1923 986 esset
1967 930 2217 996 humilis,

670 1046 717 1090 et
765 1048 869 1088 non
913 1032 1084 1085 minus
1126 1044 1283 1098 quam
1316 1026 1414 1097 ipsi
1467 1025 1575 1079 Deo
1619 1022 1830 1077 olferret
1867 1022 2125 1092 gloriam,
2153 1037 2217 1078 ex

667 1122 842 1177 multis
883 1119 1095 1191 quidem
1134 1127 1218 1173 est
1260 1115 1619 1185 perspicuum.
1661 1110 1891 1165 Maxime
1912 1110 2122 1181 quidem
2166 1121 2221 1167 et

668 1220 789 1267 ante
814 1210 991 1265 omnia
1021 1223 1087 1264 ex
1114 1222 1178 1262 eo
1202 1204 1343 1277 quod
1370 1220 1398 1258 a
1428 1204 1535 1259 Deo
1561 1201 1872 1272 diligeretur
1902 1202 2002 1256 hoc
2031 1214 2174 1273 patet
2200 1223 2213 1258 :

673 1318 780 1358 ..οιι
802 1301 944 1355 enim
968 1299 1140 1368 ipsum
1162 1296 1251 1351 Dei
1271 1294 1523 1349 honorem
1542 1291 1638 1345 sibi
1659 1303 1997 1359 usurpantem
2014 1293 2224 1349 sivisset.

673 1392 873 1454 vivere,
904 1387 1097 1442 nedum
1126 1399 1243 1439 esse
1270 1384 1320 1437 in
1345 1382 1543 1436 honore
1569 1389 1624 1435 et
1660 1381 2047 1437 existimatione
2090 1398 2104 1435 :
2133 1398 2218 1436 se-

668 1478 842 1536 cundo
860 1488 1059 1543 autem,
1085 1474 1223 1544 quod
1245 1487 1363 1527 cum
1385 1473 1545 1527 multa
1570 1471 1809 1526 libertate
1828 1472 2035 1528 diccbat
2056 1493 2067 1524 :
2092 1473 2222 1528 Mihi

667 1586 878 1639 quoque,
904 1586 932 1621 o
949 1583 1052 1631 rex,
1069 1582 1167 1619 non
1187 1572 1237 1617 tu
1252 1563 1643 1634 sapientia,qmc
1668 1573 1741 1616 est
1766 1564 1815 1615 in
1845 1581 1940 1630 me,
1956 1566 2221 1619 revelatum

667 1664 844 1717 esthoc
871 1658 1157 1729 mysterium
1178 1654 1332 1726 (Dan.
1355 1655 1409 1709 9..
1428 1654 1516 1723 50)
1548 1671 1560 1707 :
1593 1663 1646 1707 et
1676 1656 1828 1707 tertio
1870 1670 2069 1723 rursus,
2100 1657 2221 1725 quia

667 1756 719 1808 in
750 1753 863 1806 lacu
887 1759 1000 1805 erat
1026 1757 1239 1819 propter
1264 1747 1423 1800 Deum
1444 1762 1459 1810 ;
1477 1757 1530 1798 et
1555 1745 1761 1814 quando
1779 1745 1949 1799 cibum
1975 1749 2021 1801 ei
2049 1749 2222 1803 attulit

669 1842 922 1914 propheta
954 1856 968 1892 :
1004 1838 1306 1891 Recordatus
1341 1846 1433 1900 est,
1464 1836 1661 1902 inquit,
1696 1836 1788 1888 mei
1815 1834 1952 1889 Deus
1981 1835 2138 1907 (Dan.
2169 1840 2221 1901 ά,

671 1926 761 1996 37)
788 1942 801 1979 :
832 1926 965 1981 adeo
993 1934 1106 1980 erat
1130 1924 1340 1979 humilis
1359 1934 1410 1981 et
1431 1934 1709 1979 contritus.
1735 1924 1789 1976 ln
1821 1924 1934 1975 lacu
1961 1932 2072 1976 erat
2099 1936 2222 1989 pro-

676 2026 789 2082 pter
820 2014 1016 2079 Deum,
1047 2023 1096 2067 et
1120 2028 1177 2068 se
1202 2013 1467 2083 indignum
1494 2013 1833 2068 existimabat
1869 2010 1923 2065 ut
1968 2013 2083 2080 ejus
2137 2028 2218 2065 re-

654 2102 998 2168 cordaretur,
1022 2114 1076 2157 et
1103 2110 1159 2157 ut
1182 2102 1539 2158 exaudiretur.
1563 2102 1669 2157 Nos
1691 2112 1865 2156 autem
1908 2117 2026 2156 eum
2069 2102 2223 2155 inuu-

676 2192 944 2247 merabilia
974 2193 1291 2249 exsecranda
1337 2193 1620 2248 audeamus
1650 2193 1952 2267 admittere,
1983 2201 2036 2247 et
2062 2194 2225 2247 simus

676 2285 908 2337 omnium
928 2284 1315 2338 sceleratissimi
1338 2284 1628 2339 ctmaxime
1645 2283 1975 2350 exsecrandi,
2003 2286 2046 2337 si
2073 2298 2174 2337 non
2198 2298 2226 2336 a

680 2374 849 2439 prima
877 2375 1193 2442 precatione
1225 2375 1475 2428 luet-imus
1498 2374 1752 2441 exauditi,
1780 2375 2094 2430 recedimus.
2120 2376 2224 2429 lle-

677 2478 802 2516 vera
838 2465 1055 2517 multum
1076 2465 1227 2517 inter
1254 2464 1373 2517 illos
1401 2474 1451 2517 et
1480 2480 1577 2519 nos
1604 2464 1846 2530 interest,
1873 2476 2124 2533 quantum
2152 2467 2227 2519 in-

678 2564 758 2609 ter
795 2555 978 2609 culum
1023 2564 1077 2609 et
1106 2564 1296 2609 terram
1319 2594 1334 2617 ,
1360 2564 1411 2608 et
1456 2554 1499 2608 si
1532 2556 1654 2623 quid
1695 2564 1777 2609 est
1817 2557 2059 2625 amplius.
2093 2558 2229 2624 Quid

677 2644 851 2698 dicis?
880 2655 994 2713 post
1029 2653 1132 2697 tam
1177 2645 1341 2699 multa
1371 2656 1512 2699 recte
1540 2654 1592 2698 et
1621 2647 1871 2714 prmclare
1897 2659 2042 2716 gesta
2063 2690 2078 2713 ,
2113 2661 2232 2718 post

678 2734 989 2788 miraculum
1038 2735 1088 2787 in
1135 2733 1249 2787 lacu
1294 2733 1527 2800 factum,
1556 2735 1688 2791 adeo
1727 2736 1977 2794 humilem
2018 2750 2068 2797 te
2115 2758 2232 2798 esse

679 2822 1203 2888 existimas?Certe,
1252 2826 1453 2895 inquit,
1501 2842 1621 2882 nam
1660 2844 2005 2902 quzecumque
2044 2831 2232 2890 feceri-

680 2931 831 2978 mus.
861 2915 998 2970 servi
1040 2914 1251 2969 inutiles
1294 2930 1476 2971 sumus
1512 2916 1661 2987 (Luc.
1706 2920 1792 2975 l7.
1835 2922 1947 2988 10).
1992 2922 2063 2977 Ita
2110 2936 2234 2980 ante

681 3005 894 3076 longum
924 3014 1130 3075 tempus
1160 3006 1401 3075 implevit
1421 3010 1781 3077 evangelicum
1814 3024 2155 3083 przeceptum,
2180 3028 2234 3072 et

681 3109 739 3149 se
773 3095 900 3149 nihil
926 3096 1283 3153 existimabat.
1318 3095 1456 3151 Deus
1476 3138 1490 3160 ,
1517 3098 1820 3168 inquiebat,
1852 3104 1947 3157 mei
1975 3116 2233 3161 esti-ecar-

684 3189 852 3240 datus.
890 3187 1014 3255 Ejus
1062 3201 1245 3242 rursus
1270 3189 1439 3242 oratio
1469 3188 1586 3245 vide
1615 3201 1807 3260 quanta
1846 3194 1996 3262 plena
2040 3197 2109 3251 sit
2134 3198 2234 3253 bu-

684 3278 943 3331 militate?
966 3278 1053 3333 Sic
1078 3287 1131 3333 et
1154 3288 1261 3333 tres
1288 3280 1435 3348 pueri
1465 3280 1707 3335 dicebant
1736 3299 1748 3334 :
1774 3281 2116 3351 Peccavimus,
2135 3289 2235 3342 ini-

682 3384 776 3437 que
814 3368 1005 3438 egimus
1031 3367 1249 3437 (Dan.3.
1291 3369 1418 3437 29);
1465 3380 1518 3425 et
1540 3371 1731 3441 ubique
1757 3388 1905 3427 suam
1950 3378 2239 3436 ostendunt

685 3458 1053 3513 humilitatem.
1077 3460 1231 3527 Atqui
1263 3459 1444 3515 Daniel
1466 3460 1688 3531 habebat
1713 3464 2123 3525 innumerabiles
2150 3472 2236 3527 sui

686 3548 970 3604 extollendi
996 3551 1335 3647 occasiones,
1371 3549 1465 3604 sed
1502 3551 1703 3606 sciebat
1730 3555 1871 3622 quod
1916 3558 2028 3613 lure
2063 3563 2237 3616 omnia

689 3639 737 3692 ei
760 3640 979 3693 aderant
1006 3653 1072 3694 eo
1099 3640 1237 3709 quod
1267 3639 1380 3694 'non
1415 3642 1780 3708 extollere-tur,
1808 3661 1907 3701 nec
1938 3648 2239 3708 thesaurum

689 3730 945 3798 corrupit.
962 3728 1090 3783 Nam
1108 3729 1242 3799 apud
1266 3745 1451 3785 omnes
1464 3730 1704 3788 homines
1718 3744 1771 3788 et
1787 3734 1837 3789 in
1856 3737 2099 3794 universo
2115 3742 2240 3798 orbe

692 3834 950 3875 terrarum
983 3834 1085 3873 non
1112 3832 1327 3889 propter
1354 3820 1466 3874 inre
1486 3822 1654 3876 solum
1684 3823 2081 3896 ,dccantabatur,
2103 3831 2242 3900 quod

690 3926 784 3963 rex
808 3911 857 3962 in
882 3908 1069 3963 faciem
1092 3909 1378 3978 prociderit
1399 3910 1508 3964 etei
1536 3909 1793 3980 libaverit,
1813 3914 1904 3969 sed
1927 3918 2065 3987 quod
2088 3919 2241 3977 deum

691 4018 811 4058 eum
829 4002 1209 4058 existimaverit
1239 4004 1303 4067 is,
1334 4004 1423 4074 qui
1460 4004 1650 4075 ubique
1686 4016 1940 4065 terrarum
1982 4022 2243 4085 tamquam

691 4094 823 4149 deus
867 4093 1245 4150 honorahatur.
1287 4095 1415 4150 Nam
1469 4097 1579 4165 ipse
1610 4097 1661 4150 iu
1718 4100 2014 4156 universam
2053 4114 2245 4162 terram

693 4184 967 4239 obtinebat
1014 4184 1339 4239 dominatum
1377 4186 1465 4239 :id
1509 4187 1647 4256 quod
1692 4199 1774 4242 est
1816 4193 2145 4261 perspicuum
2183 4213 2248 4253 ex

693 4274 921 4329 Jeremia
944 4291 957 4327 :
980 4273 1079 4338 Qui
1108 4284 1311 4339 terram,
1334 4275 1518 4343 inquit,
1541 4278 1700 4330 induit
1722 4288 1969 4350 tamquam
1995 4287 2251 4342 vestimen—

1359 371 1414 425 S.
1453 363 1725 422 JOANNIS
1760 354 2217 415 CIIRYSOSTOMI
2257 355 2567 411 ARCHIEP.
2607 353 3131 412 CONSTANTINOP.

3834 351 3872 369 σέ

3791 349 3876 401 ἵει

2332 480 2474 549 quod
2510 479 2771 549 reliquum
2806 489 2889 531 est
2928 477 3082 531 vobis
3118 474 3347 540 dimitto,
3367 474 3526 527 utvel
3546 473 3631 525 sic
3653 481 3879 525 ιι;ε;;ι”η”

2334 579 2561 625 vestram
2582 572 2827 625 excitem.
2844 567 2976 622 Illud
2997 582 3123 624 vero
3145 581 3356 630 moueo,
3375 574 3432 618 ut
3459 566 3641 616 mttnia
3668 571 3885 632 propter

2331 659 2419 717 Dei
2458 664 2703 718 timorem
2742 662 2972 730 eligatis,
2991 676 3111 716 eum
3137 660 3260 714 talia
3284 658 3524 713 habeatis
3544 655 3817 723 exc-inpia,
3839 661 3886 706 et

2322 752 2464 820 quod
2486 762 2633 807 certo
2652 768 2712 807 ea
2731 768 2945 821 quoque
2960 766 3081 820 quae
3099 752 3185 804 hic
3202 760 3326 805 sunt
3347 763 3694 818 assequemur
3708 787 3722 808 ,
3742 746 3787 800 si
3810 744 3888 798 l'u»

2322 851 2442 895 tura
2462 843 2673 897 sincere
2694 840 3182 911 apprehendamus.
3222 839 3352 893 Nam
3376 839 3518 910 quod
3545 837 3647 891 hoc
3669 852 3781 891 non
3808 836 3884 891 fe-

2319 933 2455 986 cerit
2473 947 2535 985 ex
2560 933 2893 1002 arrogantia,
2923 932 3264 1001 perspicuum
3289 941 3372 985 est
3394 946 3457 984 es
3478 944 3543 984 eo
3563 927 3708 998 quod
3731 927 3885 980 dise-

2323 1022 2567 1086 rit,Dona
2587 1031 2677 1075 tua
2698 1025 2801 1075 siut
2823 1023 2914 1073 tibi
2935 1021 3093 1089 (Dan.
3112 1020 3164 1073 5.
3187 1020 3294 1087 l7).
3313 1020 3519 1075 Etenim
3541 1028 3621 1073 est
3641 1018 3757 1072 [nec
3780 1016 3884 1070 alia

2319 1111 2481 1164 etiam
2504 1114 2752 1180 quzestio,
2773 1110 3044 1181 quomodo
3068 1110 3242 1165 verbis
3265 1110 3547 1178 repellens,
3567 1109 3726 1162 factis
3749 1106 3884 1175 ipsis

2316 1202 2575 1258 honorem
2612 1203 2867 1272 suscepit.
2902 1210 2955 1257 et
2993 1212 3239 1271 torquem
3280 1197 3881 1270 gestavit.Etllerodes

2313 1296 2529 1365 quidem
2554 1310 2675 1349 cum
2697 1310 2762 1348 au
2773 1296 2957 1357 disset,
2970 1292 3061 1346 Est
3079 1308 3174 1346 eoa:
3186 1292 3302 1355 Dei,
3316 1300 3364 1344 et
3382 1306 3482 1343 non
3496 1289 3720 1343 hominis
3735 1287 3877 1358 (Act.

2314 1387 2400 1440 l2.
2426 1385 2541 1455 22),
2565 1386 2819 1455 quoniam
2846 1399 2952 1438 non
2976 1383 3119 1438 dedit
3146 1368 3370 1452 gloriam
3409 1380 3539 1441 Deo,
3562 1381 3797 1449 crepuit,
3825 1387 3879 1432 et

2308 1475 2478 1531 cﬂ'usa
2505 1484 2631 1530 sunt
2656 1477 2859 1530 viscera
2882 1474 3027 1543 ejus:
3045 1476 3131 1527 hic
3152 1481 3329 1527 autem
3352 1474 3513 1526 etiam
3542 1471 3631 1525 Dei
3655 1473 3877 1525 a-llltlsll

2311 1568 2589 1629 honorem,
2618 1582 2723 1619 non
2751 1566 2912 1620 verba
2941 1575 3169 1619 tantum.
3211 1563 3313 1618 Sed
3344 1579 3565 1619 necesse
3585 1575 3670 1619 cst
3692 1564 3876 1617 dicere

2305 1656 2561 1725 quidnam
2599 1658 2699 1711 hoc
2729 1658 2819 1710 sit.
2848 1654 2959 1710 Illic
2985 1656 3203 1725 quidem
3242 1654 3488 1709 homines
3519 1656 3569 1708 in
3608 1654 3871 1723 majorem

2305 1746 2573 1802 cadebant
2606 1746 2987 1811 idololatriam,
3022 1747 3106 1801 hic
3134 1754 3311 1801 autem
3340 1761 3444 1801 non
3478 1746 3683 1800 itidem.
3718 1746 3870 1813 Quo-

2305 1837 2494 1892 modo?
2522 1837 2655 1891 Nam
2688 1836 2831 1908 quod
2859 1838 2946 1893 hic
2974 1839 3315 1894 existimatus
3338 1847 3483 1894 esset
3504 1839 3647 1903 talis,
3678 1840 3746 1893 ad
3776 1839 3869 1893 Dei

2305 1928 2558 1983 honorem
2610 1929 2949 1999 pertinebat;
3000 1945 3122 1984 nam
3161 1941 3445 1999 propterea
3481 1930 3631 1998 prius
3666 1930 3805 1983 dixit
3856 1947 3873 1981 ε

2307 2012 2435 2066 Mihi
2460 2026 2624 2067 autem
2648 2032 2745 2068 non
2768 2034 2817 2067 m
2840 2016 3106 2084 sapientia,
3130 2030 3243 2082 qua:
3268 2025 3339 2069 est
3367 2015 3420 2068 in
3449 2031 3528 2069 me
3544 2055 3559 2079 ,
3578 2015 3860 2068 revelatum

2305 2113 2378 2156 est
2401 2103 2560 2173 (Dan.
2589 2104 2645 2156 2.
2677 2105 2786 2175 '50).
2820 2106 3062 2175 Alioquin
3093 2120 3190 2158 nec
3228 2106 3464 2159 cernitur
3502 2102 3791 2160 admittere
3812 2104 3874 2159 li-

2305 2194 2511 2249 bamina
2542 2214 2555 2249 :
2584 2196 2717 2250 dixit
2758 2198 2897 2249 enim
2920 2237 2934 2261 ,
2990 2196 3189 2265 inquit,
3235 2195 3375 2266 quod
3406 2203 3617 2265 oportet
3665 2194 3837 2250 libare
3857 2237 3871 2261 ,

2306 2288 2522 2343 minime
2549 2297 2830 2342 autemest
2868 2288 3203 2342 manifestum
3228 2286 3367 2357 quod
3408 2303 3495 2342 res
3532 2285 3769 2341 deducta
3808 2288 3877 2340 sit

2303 2379 2369 2431 ad
2395 2377 2661 2432 ell'ectum.
2696 2378 2801 2431 Illic
2829 2394 2956 2432 vero
2985 2377 3321 2433 adduxerunt
3372 2384 3549 2430 tauros
3589 2385 3645 2430 ut
3675 2375 3875 2429 immo-

2315 2466 2484 2521 larcnt
2511 2485 2525 2520 :
2552 2478 2607 2522 et
2635 2469 2890 2522 vocabant
2915 2468 3137 2522 alterum
3167 2467 3377 2537 quidem
3399 2468 3616 2532 Jovem,
3642 2467 3877 2522 alterum

2314 2571 2442 2612 vero
2467 2556 2805 2611 Mercurium.
2833 2557 3094 2629 Torquem
3119 2566 3295 2613 autem
3318 2556 3548 2622 admisit,
3582 2566 3638 2610 ut
3665 2572 3726 2611 se
3750 2556 3875 2611 mlo

2309 2646 2459 2700 deret
2508 2645 2880 2713 manifestum;
2925 2648 3150 2702 libamen
3206 2658 3381 2703 autem
3411 2663 3516 2712 cur_
3545 2662 3648 2701 non
3680 2646 3876 2724 dicitur

2311 2737 2605 2805 repellere?
2627 2737 2828 2792 Etenim
2848 2739 2953 2793 illic
2970 2754 3071 2793 non
3094 2740 3347 2804 fecerunt,
3366 2738 3460 2793 sed
3475 2740 3709 2808 aggressi
3731 2746 3873 2800 sunt,

2308 2834 2363 2880 et
2404 2826 2787 2896 prohibuerunt
2831 2830 3054 2895 apostoli
3091 2849 3102 2882 :
3148 2829 3492 2900 quamobrem
3534 2827 3620 2883 hic
3662 2843 3879 2898 quoque

2306 2918 2583 2985 oportebat
2621 2920 2797 2972 statim
2844 2920 3100 2988 repellere
3129 2937 3142 2972 :
3171 2928 3226 2974 et
3246 2919 3353 2973 illic
3380 2928 3521 2974 totus
3561 2928 3673 2972 erat
3704 2933 3877 2988 popuo

2310 3007 2407 3072 lus,
2438 3008 2521 3062 hic
2544 3018 2719 3064 autem
2747 3018 3017 3079 tyrannus.
3049 3008 3155 3063 Cur
3177 3024 3304 3079 ergo
3332 3025 3455 3064 eum
3480 3008 3546 3062 ab
3572 3008 3661 3063 illa
3688 3023 3747 3063 re
3767 3022 3871 3062 non

2308 3095 2623 3158 abduxerit,
2656 3098 2763 3152 dixi
2793 3109 2945 3153 antea
2970 3140 2983 3164 ,
3017 3099 3156 3168 quod
3206 3114 3310 3155 non
3361 3098 3560 3154 libabat
3605 3108 3877 3167 tamquam

2309 3187 2408 3241 deo
2438 3187 2501 3241 ad
2535 3189 2875 3243 evertendam
2926 3190 3266 3258 religionem,
3310 3190 3406 3245 sed
3454 3199 3670 3259 propter
3708 3190 3880 3257 majus

2310 3277 2640 3331 miraculum.
2680 3276 2993 3345 Quomodo?
3021 3279 3243 3349 Propter
3291 3280 3454 3334 Deum
3486 3279 3609 3334 fecit
3644 3280 3877 3334 edictum

2309 3382 2428 3419 eum
2478 3367 2753 3420 Dominum
2802 3367 3060 3423 confitens
3105 3369 3269 3423 :idco
3320 3368 3436 3438 cjus
3464 3369 3724 3424 honorem
3775 3383 3878 3421 non

2308 3457 2598 3511 auferebat.
2629 3456 2705 3512 Illi
2723 3468 2896 3514 autem
2929 3474 3028 3513 non
3057 3460 3134 3513 sie
3154 3502 3167 3525 ,
3191 3459 3282 3514 sed
3310 3461 3453 3530 ipsos
3478 3460 3735 3531 putabant
3763 3473 3883 3517 es~e

2308 3550 2437 3603 (που.
2466 3568 2477 3602 :
2514 3560 2790 3617 propterea
2821 3550 3165 3618 repellebant.

2380 3640 2480 3695 Ctir
2504 3641 2689 3695 Daniel
2713 3641 2807 3695 sibi
2848 3643 3068 3697 oblatum
3104 3643 3317 3697 libamen
3365 3643 3569 3697 admisit
3602 3654 3648 3697 et
3678 3660 3746 3697 an
3789 3641 3885 3695 ad-

2311 3731 2514 3785 miserit.
2545 3761 2613 3771 —
2643 3731 2737 3785 llic
2757 3741 2933 3791 autem
2960 3747 3078 3786 cum
3110 3733 3407 3798 adorasset,
3439 3744 3560 3787 tunc
3589 3733 3691 3788 hoc
3720 3732 3842 3788 facit
3866 3747 3881 3787 :

2313 3840 2414 3876 non
2456 3824 2595 3875 enim
2640 3837 2759 3877 eum
2819 3822 3058 3877 adoravit
3105 3832 3367 3892 tamquam
3396 3823 3574 3890 deum,
3605 3824 3702 3878 sed
3748 3834 3885 3878 tam-

2311 3926 2464 3982 quam
2523 3910 2789 3965 hominem
2843 3914 3157 3981 sapientem.
3204 3911 3307 3968 Sed
3378 3928 3476 3967 nec
3526 3922 3733 3967 certum
3808 3922 3887 3967 est

2314 4002 2450 4071 quod
2480 4002 2717 4057 libaverit
2744 4020 2758 4056 :
2785 4001 2934 4069 Quod
2962 4002 3006 4056 si
3046 4004 3206 4057 etiam
3246 4002 3459 4070 libavit,
3488 4002 3670 4057 libavit
3698 4004 3747 4059 id
3782 4019 3885 4057 non

2310 4092 2628 4161 suscipiente
2659 4092 2891 4148 Daniele.
2924 4092 3087 4160 Quid,
3123 4093 3262 4162 quod
3292 4093 3449 4148 etiam
3478 4093 3645 4162 ipsum
3681 4092 3889 4147 vocavit

2315 4184 2550 4239 Baltasar
2575 4184 2737 4253 ipsius
2764 4182 2845 4237 dei
2891 4184 3134 4237 nomen?
3178 4183 3252 4237 lta
3282 4183 3411 4249 deos
3444 4196 3567 4237 suos
3592 4182 3728 4237 nihil
3776 4198 3883 4237 ma-

2311 4289 2470 4342 gnum
2518 4273 2917 4338 existimabant,
2944 4288 3064 4328 cum
3110 4273 3269 4328 etiam
3300 4266 3564 4342 captivum
3589 4272 3669 4327 sic
3727 4287 3880 4326 voca-

696 4377 801 4420 tnm
842 4365 973 4437 (λα’.
1011 4366 1100 4419 27.
1137 4364 1281 4435 6);ct
1304 4366 1611 4438 rursustEgo
1638 4386 1746 4424 cum
1768 4373 1883 4425 dedi
1906 4373 2228 4433 Nabuchodo

2316 4375 2394 4420 ret
2418 4363 2507 4431 qui
2537 4378 2721 4419 omnes
2760 4362 2979 4432 jubebat
3006 4362 3202 4417 variam
3223 4373 3275 4417 et
3295 4361 3635 4432 multiplicem
3660 4361 3886 4416 adorare

696 4475 847 4512 nosor
864 4472 1002 4510 serra
1017 4472 1141 4509 meo.
1169 4455 1307 4540 Etex
1334 4456 1524 4540 iisqna:
1542 4460 1718 4540 scribit
1742 4461 1840 4517 hoc
1868 4480 2046 4540 rursus
2067 4467 2226 4540 liquet

2318 4457 2634 4527 imaginem,
2678 4467 2730 4511 et
2757 4456 2845 4525 qui
2869 4455 3080 4512 colebat
3106 4455 3389 4511 draconem
3413 4462 3505 4540 :_et
3529 4463 3688 4540 erant
3716 4452 3886 4540 Dab):-

698 4550 840 4618 quod
866 4560 970 4599 non
994 4542 1170 4595 solum
1198 4537 1307 4593 illic
1337 4536 1427 4591 ubi
1448 4546 1580 4599 erat,
1613 4536 1905 4592 habebatur
1930 4537 1980 4591 in
2008 4529 2248 4590 admiral
2331 4552 2457 4609 ιρηει
2480 4551 2638 4619 ιοηεεΞ
2666 4548 2987 4603 amentiam
3012 4543 3079 4599 iis
3101 4540 3195 4612 qui
3234 4545 3389 4593 εηηι
3434 4529 3640 4604 Lysim
3668 4546 3686 4584 ε
3712 4538 3900 4619 quam.

700 4617 865 4701 ιῖοηεο
902 4638 992 4689 ιω
1031 4633 1191 4686 εῑῖθιη
1223 4629 1437 4698 ιιὺίψωι
1466 4638 1519 4681 οι
1555 4628 1726 4697 11³⁸ιὶον
1761 4627 2057 4682 habebam"
2084 4642 2239 4697 il"am
2331 4646 2513 4696 obrem
2538 4617 2643 4693 non
2670 4637 2862 4692 licebat
2897 4649 2992 4690 eos
3018 4633 3197 4688 statim
3220 4628 3284 4683 ad
3308 4628 3410 4681 hoc
3435 4621 3719 4679 inducere.
3744 4617 3901 4671 llqu

695 4722 746 4778 si
776 4726 1064 4793 pmsentes
1086 4734 1207 4773 eum
1245 4717 1505 4773 vidissent
1543 4717 1760 4786 reliquae
1790 4724 2003 4786 gentes,
2028 4716 2228 4788 quandc

2332 4742 2586 4804 prazterea
2635 4729 2737 4784 diei
2773 4736 2993 4799 possunt
3020 4766 3036 4793 ,
3081 4722 3175 4780 sed
3226 4722 3440 4775 interim
3470 4716 3582 4768 inec
3609 4710 3901 4766 sufﬁciunt.

694 4813 857 4869 etiam
880 4811 1047 4865 literis
1072 4809 1385 4864 servitutem
1414 4806 1695 4862 confessus
1715 4818 1799 4863 est
1820 4816 1874 4861 et
1901 4808 2239 4863 miraculum.
2330 4825 2384 4879 Si
2441 4838 2567 4894 ergo
2623 4821 2865 4876 νοιυηιης
2913 4822 3090 4873 0mm,
3150 4814 3285 4868 bona
3344 4804 3642 4873 consul“;
3699 4813 3896 4873 quva.

696 4902 799 4959 Sed
823 4918 1011 4958 rursus
1034 4901 1327 4956 habebatur
1350 4899 1403 4953 in
1423 4898 1778 4955 admiratione
1799 4908 2015 4969 propter
2034 4900 2242 4969 sapien—
2334 4934 2451 4973 mus
2499 4932 2619 4987 qua,
2664 4912 2730 4968 ad
2782 4913 2945 4967 Deum
2976 4907 3265 4980 ρετιίιιεηι,
3295 4901 3445 4957 Sicut
3470 4898 3611 4987 enim
3639 4895 3742 4987 qui
3766 4904 3900 4987 qua):

695 4995 845 5047 nam“
874 4990 1015 5045 Nam
1042 5001 1097 5043 ⁸⁸⁸
1123 5006 1200 5055 ⁸³*
1238 4990 1435 5059 inqui“
1462 4991 1745 5059 “meum”
1778 4991 1987 5044 "Mm"
2023 4988 2236 5061 (δαίθ’
2328 5024 2449 5072 runt
2468 4979 2587 5085 quae
2613 5016 2736 5065 sunt
2758 5001 2961 5064 mundi,
2996 5008 3052 5054 et
3080 4997 3160 5049 bis
3188 5002 3241 5050 et
3267 4991 3374 5046 illis
3397 4985 3657 5043 excidunt
3684 5001 3701 5038 :
3730 4984 3801 5037 ita
3822 4979 3903 5049 qui

688 5083 779 5137 28.
811 5082 900 5179 f’3)?
926 5084 991 5137 Et
1034 5082 1313 5179 postﬁbme
1349 5082 1529 5135 omnia
1572 5080 1707 5137 adeo
1741 5091 1855 5179 erat
1900 5082 2145 5146 humilis,
2182 5090 2241 5136 ut
2331 5080 2649 5179 papam,“
2671 5112 2790 5169 quia
2823 5094 2891 5149 ad
2934 5092 3097 5146 Deum
3140 5083 3473 5179 pel-tinem,-
3495 5087 3729 5179 utraque
3761 5084 3901 5179 asse:

695 5172 888 5227 millies
917 5182 1135 5242 prapter
1164 5171 1446 5226 Dominum
1476 5182 1623 5226 esset
1648 5172 1956 5226 moriturus.
2332 5163 2587 5271 ξμωςηω..
2620 5163 2844 5257 hie-ergo
2869 5185 2985 5239 hac
3014 5187 3317 5250 queramus
3338 5214 3354 5239 ,
3382 5168 3476 5227 sed
3503 5166 3593 5223 illa
3623 5183 3637 5219 :
3664 5176 3726 5221 ul
3747 5163 3901 5264 etiam

760 5260 814 5315 5.
844 5237 953 5315 Carr
976 5237 1122 5331 ergo,
1145 5275 1267 5315 cum
1303 5268 1444 5316 esset
1481 5258 1615 5315 adeo
1642 5259 1877 5323 humilis,
1910 5273 2014 5312 non
2041 5258 2237 5327 repulit
2780 5237 3196 5344 ἒδιίεεηηᾷηωτι
3218 5237 3504 5323 luctu-isto
3525 5256 3653 5315 Jesu
3686 5237 3905 5315 Domino

693 5365 866 5420 neque
891 5350 1035 5422 regis
1060 5350 1422 5405 adorationem
1439 5390 1454 5413 .
1478 5364 1652 5420 neque
1682 5348 1966 5403 libamina?
1996 5345 2108 5403 Hoc
2129 5362 2234 5403 non

694 5393 866 5420 """""
892 5393 1034 5422 "Ir"
1060 5393 1454 5413 --ησ---ν-ν--ν--ι⁹
1478 5393 1652 5420 ..νη-,ν
1682 5393 1959 5403 ..-..,,,,,,,,,
1996 5393 2107 5403 ,ην
2129 5393 2234 5403 _____
2359 5404 2368 5414 _
2413 5399 2435 5431 π
2529 5420 2543 5434 .

689 5440 894 5509 dicam;
918 5440 1047 5495 mihi
1071 5440 1213 5495 enim
1237 5440 1427 5496 subicit
1449 5442 1622 5498 solum
1644 5440 1819 5494 dicere
1842 5438 2185 5509 quaestionem
2214 5456 2230 5494 :
2342 5398 2419 5440 ’θ’
2441 5393 2525 5437 "0
