4094 6418
211 385 293 434 IS}:

1063 386 1124 440 ΙΝ
1162 387 1376 443 EPIST.
1418 386 1507 441 AD
1546 386 1901 445 llEBRJZOS.
1942 390 2093 446 CAi’.
2137 393 2226 449 Xl.
2271 395 2496 451 llObilL.
2545 396 2749 454 XXVII.

3385 396 3484 449 [36

1522 618 1870 681 HOMILIA
1912 615 2180 678 XXVII.

224 750 335 802 Car.
368 750 449 801 ll.
480 762 532 800 v.
562 746 658 803 28.
692 745 827 800 Fide
852 747 1113 800 celebravit
1142 746 1331 815 pascha
1358 756 1403 797 et
1432 741 1696 813 sanguinis
1722 741 1796 809 ef-

286 840 568 909 fusionem,
611 854 676 892 ne
710 839 797 908 qui
841 837 1062 891 vastabat
1100 836 1384 907 primitiva,
1431 842 1653 904 tangeret
1689 848 1793 886 eos.

284 929 369 985 29.
400 928 531 983 Fide
551 931 860 983 transierunt
882 946 1017 983 mare
1045 927 1289 993 Rubrum,
1315 936 1568 996 tamquam
1590 942 1680 995 per
1700 925 1797 978 ari-

287 1020 397 1073 dam
440 1032 627 1074 tcrraut
655 1021 831 1090 :quod
868 1020 1058 1090 experti
1096 1017 1355 1089 ﬁgyptii,
1396 1016 1616 1071 devorati
1656 1024 1790 1069 sunt.

286 1111 370 1166 30.
415 1109 550 1165 Fide
589 1111 723 1164 muri
763 1110 968 1164 Iericho
1012 1118 1325 1174 corruerunt,
1353 1109 1568 1162 circuitu
1596 1108 1793 1160 dierum

287 1212 487 1270 septem.
517 1203 605 1259 5!.
646 1201 776 1255 Fide
806 1201 983 1256 Rahab
1012 1202 1249 1257 meretrix
1276 1217 1375 1255 non
1404 1202 1551 1270 periit
1580 1216 1691 1253 cum
1714 1200 1794 1253 in-

292 1295 521 1357 credulis,
546 1294 801 1364 excipiens
829 1294 1173 1360 exploratores
1197 1311 1309 1349 cum
1339 1309 1480 1363 pace.

292 1386 335 1439 l.
366 1385 523 1440 Multa
552 1386 688 1441 solet
716 1386 908 1441 Paulus
940 1387 1217 1457 intcrjecta
1245 1387 1472 1458 probare
1499 1401 1561 1441 ac
1589 1388 1789 1442 conﬁr-

228 1493 379 1541 mare,
408 1487 462 1532 et
488 1487 571 1532 est
596 1477 783 1533 creber
808 1479 1110 1534 sententiis.
1147 1479 1288 1534 Talis
1320 1480 1461 1534 enim
1503 1488 1587 1534 est
1620 1481 1788 1549 gratia

230 1568 438 1635 Spiritus
468 1585 481 1621 :
508 1583 617 1622 non
645 1568 698 1623 in
722 1568 1005 1624 verborum
1034 1570 1370 1627 multitudine
1396 1573 1631 1627 continet
1662 1589 1791 1644 pau-

226 1673 309 1713 cos
328 1674 531 1723 sensus,
555 1660 648 1716 sed
676 1661 727 1715 in
758 1660 1039 1716 verborum
1064 1662 1321 1719 brevitate
1348 1664 1569 1719 multam
1594 1674 1646 1721 et
1672 1682 1786 1721 ma-

227 1762 367 1814 gnam
414 1749 544 1803 indit
592 1749 1013 1819 intelligentiam.
1064 1751 1195 1807 \‘ide
1237 1767 1403 1823 ergo,
1451 1770 1571 1808 cutn
1622 1756 1788 1811 instar

227 1838 591 1894 adhortationis
617 1839 685 1895 de
716 1840 821 1895 ﬁde
847 1841 1168 1906 dissereret,
1199 1842 1352 1913 cujus
1383 1844 1563 1913 ﬁgura:
1590 1854 1642 1901 ct
1670 1862 1786 1917 my-

226 1932 359 1984 sterii
389 1932 688 1999 admoneat,
721 1934 871 2002 cujus
900 1933 1157 1989 habemus
1181 1936 1482 1992 veritatem.
1514 1935 1665 2002 Fide,
1700 1938 1783 1993 iu-

226 2023 348 2091 quit,
378 2023 634 2077 celebravit
665 2023 868 2078 Pascha
897 2035 941 2078 et
969 2027 1230 2096 sanguinis
1258 2026 1573 2096 effusionem,
1608 2046 1671 2083 ne
1698 2032 1786 2098 qui

229 2112 430 2165 restabat
460 2114 792 2183 primogenita
814 2131 897 2168 eos
919 2126 1161 2185 tangeret.
1184 2119 1263 2190 (a)
1296 2117 1429 2185 Quid
1455 2130 1536 2174 est
1563 2123 1785 2193 sangui-

230 2203 301 2254 nis
328 2204 538 2259 eﬁ’usio?
577 2206 759 2274 Agnus
790 2206 1187 2261 sacriﬁcabatur
1225 2208 1275 2260 in
1316 2209 1518 2265 (edibus
1538 2252 1552 2275 ,
1579 2222 1632 2267 et
1661 2230 1784 2268 san-

228 2296 331 2361 guis
351 2297 458 2365 ejus
480 2297 786 2351 illinehatur
811 2298 1073 2367 postibus,
1098 2307 1153 2352 et
1177 2298 1277 2352 hoc
1302 2311 1416 2353 erat
1444 2318 1549 2372 quo
1579 2306 1785 2360 numic-

229 2394 365 2439 iliiillr
408 2383 685 2455 {Egyptius
731 2384 997 2438 interitus.
1043 2384 1100 2439 Si
1144 2402 1270 2456 ergo
1310 2391 1528 2459 sanguis
1567 2393 1687 2462 agni
1735 2393 1785 2445 iu

226 2478 384 2532 medio
411 2475 780 2547 Egyptiorum
812 2485 867 2529 et
908 2475 962 2529 in
997 2486 1142 2531 tanto
1180 2480 1342 2545 exitio
1383 2481 1577 2537 illa‘sos
1611 2492 1790 2538 custo-

223 2570 385 2625 diebat
410 2570 624 2625 Judzcos
642 2608 657 2633 ,
697 2569 866 2622 multo
892 2570 1061 2638 magis
1088 2585 1184 2623 nos
1210 2573 1550 2627 conservabit
1573 2577 1789 2645 sanguis

222 2661 422 2727 Christi,
452 2662 617 2715 illitos
641 2675 746 2714 non
776 2660 1050 2729 postibus,
1086 2661 1180 2715 sed
1217 2664 1414 2718 nostris
1440 2664 1633 2721 animis
1661 2684 1673 2719 :
1704 2676 1788 2722 et-

222 2751 351 2805 enim
378 2766 514 2805 nunc
544 2764 756 2820 quoque
786 2750 873 2818 qui
903 2759 1074 2804 vastat
1102 2760 1155 2805 ct
1183 2753 1378 2820 perdit,
1409 2755 1460 2808 in
1493 2754 1591 2811 hac
1614 2757 1787 2813 media

223 2852 363 2896 nocte
386 2842 588 2896 circuit.
621 2841 725 2896 Sed
752 2838 1021 2895 arineniur
1043 2842 1133 2896 illo
1159 2845 1439 2899 sacriﬁcio.
1477 2846 1785 2905 Unctionem

222 2944 361 2987 vocat
388 2932 700 2987 eﬁusionem
733 2949 745 2984 :
770 2948 833 2986 ex
863 2931 1096 3002 Aigypto
1122 2933 1263 2987 enim
1288 2950 1392 2989 nos
1418 2936 1601 2993 eduxit
1626 2940 1784 3008 Deus,

221 3039 249 3077 e
277 3022 519 3088 tenebris,
550 3038 619 3077 ex
654 3022 975 3075 idololatria.
1007 3024 1163 3091 Atqui
1185 3025 1326 3093 quod
1350 3025 1547 3081 ﬁtetum
1573 3030 1785 3099 quidem

220 3113 325 3177 iuit,
360 3114 486 3169 nihil
527 3124 673 3179 erat;
720 3114 860 3182 quod
900 3126 1078 3168 autem
1115 3115 1239 3171 hinc
1272 3119 1666 3187 perﬁciebatur,
1701 3139 1788 3180 res

219 3218 407 3273 magna.
435 3203 564 3257 Nam
592 3202 735 3273 quod
766 3205 961 3259 laetum
990 3204 1202 3273 quidem
1237 3208 1329 3261 fuit
1349 3249 1362 3273 ,
1393 3219 1509 3263 erat
1535 3216 1785 3282 sanguis;

216 3295 345 3362 quod
369 3304 548 3349 autem
574 3293 924 3360 efliciebalur,
948 3298 1092 3350 salus
1119 3304 1173 3350 et
1203 3299 1494 3355 obstructio
1521 3316 1581 3356 ac
1610 3306 1790 3372 prohi-

218 3383 337 3439 bitio
382 3385 650 3440 interitus.
693 3384 891 3438 Timuit
929 3388 1241 3456 sanguinem
1286 3391 1538 3459 angelus;
1590 3396 1791 3452 sciebat

215 3477 345 3529 enim
386 3476 535 3545 cujus
581 3485 728 3531 esset
772 3484 959 3548 typus;
1009 3478 1250 3546 horruit,
1298 3492 1523 3539 mortem
1578 3487 1789 3544 Domini

216 3564 437 3634 cogitans
472 3583 484 3618 :
511 3575 794 3634 propterea
823 3582 927 3619 non
957 3567 1204 3639 tangebat
1232 3581 1429 3638 postes.
1474 3574 1613 3629 Dixit
1642 3578 1791 3649 Moy-

214 3668 327 3719 ses,
368 3654 589 3725 Ungite;
648 3663 702 3709 ct
747 3666 1045 3723 unxerunt,
1094 3656 1413 3731 fueruntque
1462 3666 1791 3724 conﬁdentes

212 3755 259 3799 et
287 3746 477 3800 securi.
509 3746 615 3801 Vos
641 3756 819 3801 autem
846 3748 1013 3817 ipsius
1030 3752 1151 3819 agni
1172 3751 1431 3808 habentes
1453 3760 1787 3828 sanguinem,

212 3853 304 3891 non
336 3837 638 3892 conﬁditis?
684 3837 814 3891 Fide
851 3843 1156 3895 transierunt
1188 3860 1325 3898 mare
1357 3846 1619 3916 Rubrum,
1655 3860 1787 3905 tam-

208 3944 346 3995 quam
373 3945 462 3998 per
487 3928 685 3981 aridum
708 3939 912 3985 terram.
945 3931 1149 3987 Rursus
1178 3943 1343 3988 totum
1370 3941 1621 4008 populum
1644 3958 1789 3998 com-

212 4028 353 4085 parat
390 4018 609 4087 p0pnlo,
642 4033 710 4071 ne
748 4020 956 4085 dicant,
996 4021 1111 4077 Non
1157 4039 1442 4093 possumus
1490 4047 1609 4087 esse
1654 4036 1792 4092 sicut

206 4111 389 4163 Sancti.
422 4109 573 4172 Fide,
608 4112 797 4180 inquit,
827 4115 1134 4178 transierunt
1176 4135 1315 4172 mare
1365 4122 1585 4176 Rubrum
1607 4170 1618 4180 .
1656 4140 1784 4180 Intn—

210 4218 352 4269 quam
376 4217 467 4261 per
490 4202 687 4253 aridam
708 4212 890 4253 terram
912 4219 929 4254 :
950 4203 1083 4268 quod
1109 4206 1299 4273 experti
1316 4204 1551 4275 Aigyptii
1572 4205 1777 4273 fuerunt

206 4294 464 4346 submersi.
504 4292 603 4346 llic
631 4293 708 4345 eis
738 4304 949 4346 revocat
977 4294 1028 4347 in
1062 4294 1369 4348 memoriam
1410 4312 1470 4348 ea
1499 4310 1614 4363 qua:
1655 4312 1774 4364 per-

206 4383 341 4450 pessi
373 4392 498 4436 sunt
528 4382 579 4434 in
610 4381 858 4452 Egypto.
892 4382 1168 4449 Quomodo
1196 4384 1330 4437 ﬁde?
1361 4384 1621 4450 Quoniam
1651 4400 1773 4454 spc-

203 4482 383 4528 rarunt
409 4488 468 4527 se
501 4488 596 4539 per
618 4488 761 4524 mare
791 4472 1123 4536 transituros,
1148 4482 1200 4526 et
1230 4474 1346 4527 ideo
1375 4476 1631 4528 orabant:
1664 4477 1769 4529 into

201 4578 322 4616 vero
345 4573 460 4617 erat
492 4564 701 4632 Moyses
726 4563 812 4630 qui
834 4564 1037 4616 orabat.
1070 4563 1225 4617 Vides
1256 4564 1393 4632 quod
1425 4565 1615 4633 ubique
1637 4566 1766 4620 ﬁdes

199 4655 422 4707 humana
450 4662 737 4720 exsuperat
765 4654 1035 4707 ratiocinia
1062 4664 1117 4708 et
1148 4656 1559 4710 imbecillitatem
1589 4667 1639 4711 et
1667 4658 1762 4711 litt-

198 4745 510 4798 utilitatem?
546 4743 728 4807 vides,
757 4745 913 4797 simul
943 4755 996 4797 et
1022 4745 1338 4809 Credebant,
1372 4756 1424 4801 et
1447 4749 1758 4816 supplicium

195 4840 569 4899 extimuerunt,
613 4843 664 4886 ct
702 4835 753 4887 in
794 4836 1046 4903 sanguine
1080 4836 1357 4901 ostiorum,
1399 4850 1450 4891 et
1488 4840 1537 4891 in
1578 4840 1758 4894 Rubro

194 4928 356 4980 mari?
394 4928 459 4983 Et
488 4926 590 4980 hoc
614 4926 915 4981 declarabat
944 4927 1103 4981 fuiSSc
1132 4944 1352 4996 aquam,
1396 4946 1491 4999 per
1534 4945 1625 4984 eos
1668 4932 1754 5001 qui

190 5018 495 5071 ceciderunt
535 5026 587 5070 ct
632 5017 679 5068 in
717 5032 776 5068 ea
821 5016 1031 5069 iueiunt
1062 5018 1319 5082 snlfoeati,
1355 5029 1403 5072 et
1442 5037 1543 5072 non
1592 5020 1753 5077 fuisse

194 5106 465 5168 visionem,
499 5104 593 5159 sed
623 5106 914 5158 veritatem.
958 5104 1059 5158 Sed
1094 5106 1229 5159 sicut
1265 5108 1351 5176 qui
1389 5106 1600 5162 fuerunt
1624 5126 1751 5163 con-

189 5197 375 5267 sumpti
404 5214 431 5248 a
465 5196 727 5261 leonibus,
751 5196 1101 5251 ostendebant
1143 5216 1318 5252 rerum
1352 5202 1661 5267 veritatem,
1695 5216 1748 5258 et

187 5288 264 5357 qui
289 5288 548 5341 combusti
582 5287 795 5340 fuerunt
822 5286 870 5339 in
899 5285 1129 5354 fornace,
1165 5289 1233 5343 ita
1268 5307 1406 5344 nunc
1432 5309 1637 5361 quoque
1669 5296 1746 5348 vi-

184 5382 270 5434 des
294 5396 377 5434 res
397 5380 611 5435 easdem
639 5380 721 5431 his
746 5378 958 5447 quidem
981 5380 1141 5435 fuisse
1164 5382 1318 5436 saluti
1340 5394 1392 5438 et
1415 5384 1612 5453 glori-.12,
1642 5387 1746 5441 illis

183 5480 342 5523 autem
369 5471 551 5525 exitio.
586 5469 815 5524 Tantum
850 5470 1041 5524 bonum
1071 5482 1152 5527 est
1180 5473 1309 5527 ﬁdes
1340 5493 1351 5527 :
1380 5492 1500 5528 naut
1532 5478 1741 5546 quando

184 5562 236 5615 ad
274 5572 466 5617 tantam
504 5562 816 5617 venerimus
862 5563 1294 5632 perplexitatem,
1341 5578 1395 5621 ut
1441 5568 1615 5622 nullus
1657 5570 1737 5623 in-

224 5727 286 5786 (a)
310 5729 391 5781 llic
419 5733 672 5786 lzozniltant
701 5738 813 5798 uth
835 5737 868 5785 it
894 5742 1027 5792 (λιιι).

1915 739 2361 803 veniaturesitus,
2383 748 2508 793 tunc
2526 738 2829 807 liberamur,
2849 742 3056 796 etiamsi
3080 742 3145 797 ad
3165 744 3329 813 ipsam
3349 760 3485 801 mor-

1912 839 2016 884 tcm
2034 828 2567 892 venerimus,ctiamsi
2584 844 2669 883 res
2682 840 2876 884 nostra
2892 832 2998 885 sint
3015 831 3171 900 plane
3186 834 3483 905 desperata:

1910 932 1964 977 et
1996 920 2309 990 deploratae.
2338 918 2477 987 Quid
2517 919 2660 974 enim
2700 921 2934 979 restabat
2970 922 3411 998 aliud?£gyptii
3427 936 3483 983 et

1906 1026 2053 1066 mare
2091 1024 2183 1066 eos
2216 1008 2619 1065 circumdabant
2663 1009 2928 1077 inermes,
2972 1022 3027 1068 et
3067 1018 3346 1085 oportebat
3383 1034 3478 1074 eos

1905 1104 1984 1158 vel
2026 1102 2275 1157 soll‘ocari
2316 1100 2575 1171 fugientes
2596 1142 2612 1165 ,
2642 1102 2724 1156 vel
2756 1101 2990 1158 incidere
3015 1104 3067 1159 in
3100 1120 3285 1162 manus
3307 1108 3475 1181 [Egy-

1900 1196 2119 1266 ptiacas.
2163 1192 2269 1249 Sed
2307 1200 2482 1247 tamen
2511 1206 2542 1246 a
2568 1195 2727 1248 rebus
2749 1193 2884 1249 adeo
2910 1194 3086 1250 dubiis
3119 1206 3173 1251 et
3209 1199 3475 1268 perplexis

1896 1304 1990 1343 eos
2020 1287 2261 1343 liberavit
2294 1300 2357 1339 ac
2385 1290 2743 1340 conservavit.
2788 1286 2881 1341 His
2910 1287 3050 1343 idem
3079 1305 3227 1345 mare
3256 1293 3470 1361 quidem

1894 1387 2118 1432 stratum
2160 1377 2254 1429 fuit
2295 1376 2431 1429 sicut
2469 1384 2607 1429 terra
2629 1415 2645 1441 ,
2676 1374 2792 1430 illos
2821 1388 2997 1433 autem
3024 1381 3307 1435 submersit
3336 1392 3469 1437 tam-

1892 1484 2050 1538 quam
2088 1481 2255 1520 marc.
2304 1465 2415 1519 lllie
2440 1464 2649 1535 quidem
2674 1466 3084 1523 obliviscebatur
3117 1481 3339 1538 natum,
3381 1472 3468 1529 hic

1891 1562 2050 1615 etiam
2088 1559 2349 1612 adversus
2402 1557 2548 1626 ipsos
2574 1558 2895 1617 armabatur.
2939 1560 3072 1615 Fide
3095 1566 3231 1617 muri
3254 1565 3464 1621 Iericho

1888 1660 2180 1715 corruerunt
2219 1650 2431 1703 circuitu
2472 1658 2655 1719 septem
2691 1650 2906 1703 dierum.
2952 1652 3067 1706 Non
3111 1656 3253 1710 enim
3292 1673 3461 1715 sonus

1888 1744 2130 1807 tubarum
2159 1751 2336 1813 potest
2364 1758 2548 1799 muros
2572 1744 2805 1813 dejicere
2825 1787 2840 1812 ,
2873 1747 3081 1803 etiamsi
3113 1753 3258 1807 mille
3286 1768 3460 1808 annos

1883 1832 2138 1894 senuerit,
2169 1831 2263 1887 sed
2289 1832 2418 1888 ﬁdes
2443 1841 2619 1901 polest
2647 1836 2844 1890 omnia.

1950 1925 2005 1977 2.
2037 1924 2195 1978 \‘ides
2234 1939 2353 1981 eam
2395 1924 2590 1992 ubique
2640 1922 2853 1987 mutari,
2897 1936 3000 1975 non
3049 1920 3453 1991 consequentia,

1881 2030 1982 2070 nec
2008 2016 2120 2083 lege
2152 2022 2375 2079 naturae,
2403 2012 2498 2069 sed
2530 2012 2704 2067 omnia
2738 2012 2851 2067 ﬁeri
2880 2020 3073 2081 prmter
3101 2012 3457 2082 exspectatio-

1880 2105 2035 2160 nem?
2074 2104 2212 2172 Ergo
2246 2102 2333 2158 hic
2369 2118 2581 2173 quoque
2613 2112 2804 2172 prmtcr
2843 2104 3292 2172 exspectationem
3322 2103 3455 2158 littnt

1878 2195 2076 2249 omnia.
2115 2193 2247 2247 Nam
2274 2195 2521 2263 quoniam
2550 2210 2745 2264 susque
2781 2194 2952 2263 deque
2988 2194 3198 2248 diccbat
3224 2192 3449 2248 creden-

1876 2284 2002 2339 dum
2047 2298 2166 2338 esse
2204 2284 2318 2353 spei
2366 2284 2557 2337 futura:
2590 2325 2604 2347 ,
2662 2284 2762 2338 hoc
2827 2293 2994 2338 totum
3054 2284 3195 2353 quod
3252 2284 3451 2338 dicitur

1876 2376 2061 2443 movit,
2082 2376 2371 2430 ostendens
2393 2375 2533 2444 quod
2563 2391 2665 2428 non
2686 2391 2825 2430 nunc
2850 2376 3044 2441 solum,
3070 2375 3162 2429 sed
3192 2376 3351 2430 etiam
3381 2375 3451 2431 ab

1874 2466 2025 2520 initio
2046 2466 2221 2519 omnia
2250 2465 2503 2519 miracula
2529 2456 2623 2533 per
2648 2465 2787 2519 hanc
2809 2475 2924 2519 acta
2953 2475 3076 2519 sunt
3105 2474 3158 2519 et
3190 2464 3445 2533 perfecta.

1872 2555 2005 2609 Fide
2034 2555 2212 2607 lin/tab
2243 2556 2474 2607 meretrix
2509 2572 2607 2608 non
2642 2556 2788 2624 periit
2828 2572 2940 2608 cum
2976 2554 3280 2617 incrcdulis,
3311 2556 3447 2608 exci-

1873 2649 2014 2718 piens
2042 2648 2383 2713 explorutores
2408 2663 2522 2700 cum
2559 2663 2698 2715 pace.
2741 2646 2919 2716 Turpe
2948 2655 3030 2702 est
3058 2660 3184 2716 ergo
3212 2647 3255 2701 si
3283 2645 3443 2701 ctiam

1872 2738 2153 2792 meretrice
2200 2738 2501 2805 appareatis
2548 2737 2713 2806 magis
2760 2736 3019 2791 increduli
3063 2754 3076 2790 :
3122 2750 3444 2806 quamquam

1870 2828 1956 2882 illa
1996 2830 2137 2882 viros
2172 2828 2370 2882 audivit
2412 2837 2614 2882 tantum
2639 2829 3012 2883 annuntiantes
3036 2837 3091 2883 et
3114 2828 3291 2883 statim
3322 2842 3446 2882 cre-

1869 2918 2021 2973 didit.
2070 2919 2215 2973 Finis
2251 2934 2376 2989 ergo
2407 2929 2489 2974 est
2524 2929 2881 2988 consequutus
2909 2941 2921 2973 :
2950 2935 3070 2973 nam
3099 2935 3222 2974 cum
3254 2934 3443 2975 omnes

1869 3010 2171 3078 periisscnt,
2196 3011 2305 3064 sola
2330 3009 2424 3063 fuit
2446 3010 2610 3065 salva.
2631 3009 2751 3065 Non
2773 3009 2905 3064 dixit
2924 3010 3064 3078 apud
3087 3024 3165 3075 se,
3194 3010 3297 3064 Ero
3320 3025 3441 3064 cum

1869 3100 2045 3153 multis
2081 3100 2167 3169 qui
2208 3110 2330 3153 sunt
2372 3100 2472 3154 mei
2506 3114 2649 3153 :non
2691 3099 2840 3166 dixit,
2875 3100 3054 3169 Egone
3082 3114 3293 3169 possum
3320 3114 3443 3155 esse

1868 3191 2180 3261 prudentior
2218 3200 2294 3244 tot
2328 3192 2456 3246 viris
2496 3190 2912 3260 intelligentibus
2936 3192 3023 3260 qui
3053 3206 3155 3245 non
3181 3191 3438 3257 credunt,

1865 3291 1917 3336 et
1941 3296 2039 3351 ego
2065 3282 2261 3337 credo?
2291 3282 2431 3336 Nihil
2454 3282 2584 3336 dixit
2609 3282 2887 3351 ejusmodi,
2912 3282 3052 3351 quod
3077 3283 3442 3339 verisimiliter

1864 3378 1999 3431 alius
2039 3377 2261 3433 dixisset
2304 3390 2357 3433 et
2397 3377 2633 3443 fecisset,
2663 3376 2756 3432 sed
2787 3378 2939 3432 dictis
2971 3377 3214 3432 credidit.
3248 3377 3337 3432 5‘2.
3376 3379 3439 3431 Et

1863 3470 1983 3537 quid
2012 3468 2175 3521 adhuc
2197 3470 2359 3520 diram
2378 3469 2403 3521 .9
2430 3469 2626 3535 deﬁciet
2650 3484 2727 3520 me
2746 3478 2940 3537 tempus
2960 3480 3294 3521 enarrantem.
3321 3469 3437 3524 Non

1863 3561 2089 3629 amplius
2110 3560 2175 3614 de
2199 3570 2395 3614 cmtcro
2420 3561 2559 3628 ponit
2589 3560 2824 3625 nomina,
2853 3560 2943 3613 sed
2972 3575 3090 3613 cum
3115 3561 3361 3615 desiisset
3385 3565 3435 3616 in

1862 3653 2221 3717 meretricem,
2269 3662 2323 3706 et
2363 3667 2455 3705 eos
2504 3652 2785 3705 excitasset
2823 3666 2919 3721 per
2960 3652 3263 3721 qualitatem
3308 3667 3435 3721 pcr-

1860 3758 2026 3809 sonm,
2052 3757 2154 3796 non
2181 3741 2406 3810 amplius
2428 3741 2613 3795 dilatat
2636 3741 2899 3806 historias,
2922 3757 2987 3795 ne
3011 3742 3252 3796 videatur
3277 3743 3436 3798 nimis

1861 3835 2061 3905 prolixa
2095 3835 2165 3887 nti
2198 3834 2432 3899 ratione;
2482 3849 2585 3886 non
2618 3842 2791 3886 tamen
2821 3847 2911 3886 eas
2940 3832 3191 3899 dimittit,
3221 3834 3313 3887 sed
3341 3835 3436 3887 ad-

1860 3926 2070 3979 modum
2101 3926 2368 3994 Sapienter
2398 3924 2675 3994 pcrcurrit,
2712 3932 2994 3994 utrumque
3021 3940 3234 3989 curans,
3266 3936 3321 3981 et
3348 3942 3436 3981 sa-

1860 4019 2093 4071 tietatem
2140 4016 2366 4085 fugiens.
2416 4025 2469 4071 ct
2514 4016 2895 4070 sententiarum
2936 4017 3277 4073 crebritatem
3324 4035 3430 4074 non

1857 4108 2121 4177 perimens
2149 4125 2161 4160 :
2199 4122 2368 4175 neque
2398 4108 2616 4160 omnino
2647 4107 2791 4159 siluit
2811 4149 2823 4168 .
2881 4124 3053 4176 neque
3082 4099 3267 4163 dicens
3290 4120 3432 4164 atto-

1855 4200 1914 4253 lit
1951 4199 2272 4262 molestiam,
2295 4198 2386 4252 sed
2412 4210 2692 4269 utrumque
2716 4199 2857 4253 facit.
2884 4200 3013 4254 Nam
3038 4201 3248 4270 quando
3278 4206 3429 4273 quis-

1856 4289 1993 4359 piam
2022 4290 2365 4343 vehementer
2406 4289 2697 4354 contendit,
2750 4291 2793 4344 si
2832 4300 3018 4363 pergat
3065 4294 3426 4362 contendere,

1854 4388 2042 4433 enccat
2079 4379 2369 4432 auditorem
2417 4394 2761 4447 persuasum,
2813 4382 3052 4435 molestia
3092 4382 3349 4450 afﬁciens,
3373 4398 3429 4442 et

1856 4468 2095 4536 prmbens
2118 4467 2184 4522 de
2201 4484 2258 4523 se
2278 4470 2581 4536 opinionem
2598 4470 2737 4538 quod
2756 4472 2822 4524 sit
2843 4472 3153 4527 ambitiosus
3177 4486 3229 4527 et
3256 4475 3426 4530 hono-

1850 4558 1921 4609 ris
1938 4557 2161 4624 cupidus
2184 4568 2393 4626 oportet
2419 4561 2560 4613 enim
2587 4577 2645 4615 se
2672 4565 3078 4620 accommodare
3104 4568 3335 4621 utilitati.
3360 4569 3429 4623 Et

1846 4648 1966 4715 quid
1980 4647 2147 4700 adhuc
2165 4649 2366 4704 dicunt?
2384 4650 2580 4719 inquit:
2599 4653 2791 4719 deﬁciet
2811 4672 2886 4708 me
2902 4667 3095 4726 tempus
3113 4672 3431 4715 enarrantem

1844 4741 1907 4790 de
1929 4738 2149 4805 Gedeon,
2171 4740 2356 4807 Barac,
2388 4744 2662 4813 Sampson,
2686 4744 2889 4815 Iephte,
2918 4749 3104 4817 David,
3129 4754 3358 4821 Samuel,
3384 4764 3431 4809 et

1847 4830 2124 4898 prophetis.
2149 4832 2374 4897 Quidam
2398 4834 2616 4889 Paulum
2638 4837 3057 4906 reprehendunt,
3078 4843 3218 4911 quod
3238 4843 3427 4911 Barac,

1845 4921 2106 4990 Sampson
2133 4922 2404 4992 etJepltte
2442 4925 2495 4977 in
2539 4925 2624 4980 his
2669 4939 2832 4996 ponat
2874 4931 3024 4986 locis.
3076 4932 3211 5000 Quid
3258 4935 3428 4991 dicis?

1843 5025 1963 5062 cum
2008 5014 2341 5069 meretricem
2374 5018 2643 5083 posncrit,
2676 5017 2774 5071 hos
2806 5036 2909 5075 non
2942 5023 3144 5091 ponet?
3179 5024 3257 5080 Ne
3298 5028 3429 5082 mihi

1844 5104 1982 5155 anim
2013 5104 2269 5173 reliquam
2302 5121 2487 5160 eorum
2518 5108 2677 5161 vitam
2708 5110 2908 5165 dixerts
2928 5153 2942 5176 ,
2971 5114 3065 5167 sed
3096 5132 3221 5170 num
3250 5118 3427 5173 credi-

1842 5193 2035 5247 derunt
2072 5204 2127 5249 et
2168 5195 2271 5251 ﬁde
2306 5200 2773 5268 resplendueruut.
2815 5202 2877 5257 Et
2904 5210 3185 5276 prophetis,
3220 5211 3307 5266 55.
3340 5215 3428 5284 qui

1841 5301 1928 5352 per
1967 5284 2118 5351 [idem
2160 5288 2381 5341 vicerunt
2423 5308 2599 5361 regna.
2635 5292 2798 5349 Vides
2836 5298 2975 5366 quod
3015 5314 3120 5355 non
3165 5302 3298 5357 ferat
3325 5305 3427 5361 hoc

1842 5376 2203 5431 tcslitttouiuttt
2226 5378 2293 5432 de
2316 5381 2420 5433 vita
2445 5383 2699 5451 prmclara
2728 5403 2741 5439 :
2768 5401 2873 5440 non
2899 5390 3042 5443 enim
3066 5402 3181 5446 erat
3208 5393 3259 5448 id
3281 5398 3422 5464 quod

1841 5468 2104 5534 przt‘cipuc
2146 5471 2518 5537 quaerebatur;
2568 5474 2660 5529 sed
2692 5476 2813 5531 ﬁdei
2843 5479 3054 5533 interim
3082 5492 3197 5536 erat
3223 5489 3425 5542 exami-

1837 5559 2001 5611 natio.
2036 5557 2167 5613 Nam
2199 5559 2284 5614 die
2309 5562 2461 5629 mihi,
2493 5579 2670 5619 annon
2698 5566 2802 5622 ﬁde
2830 5570 3137 5626 universmn
3171 5576 3421 5633 confece-

1836 5653 1992 5705 runt?
2036 5654 2349 5719 Quomodo?
2398 5657 2502 5711 l‘cr
2540 5661 2713 5728 ﬁdem,
2760 5664 2949 5733 inquit,
2980 5667 3201 5720 vicerunt
3241 5686 3414 5739 regna.

1836 5762 2025 5812 nempe
2071 5748 2308 5806 Gedeon.
2362 5749 2573 5815 Operati
2614 5764 2729 5809 sunt
2774 5756 3039 5823 justitiam.
3092 5760 3317 5827 Quinam
3362 5764 3416 5819 lii
