4094 6430
656 427 755 484 187

649 547 807 603 sunt?
835 546 996 601 tidem
1021 544 1236 600 omnino
1265 542 1339 597 illi
1372 559 1386 595 :
1413 552 1507 597 aut
1537 541 1912 608 benignitatem
1943 539 2028 594 hic
2051 539 2206 608 justi-

653 639 775 691 tiatn
802 637 945 692 dicit.
982 635 1162 705 Λαεριὶ
1185 639 1300 688 sunt
1327 632 1750 701 repromissioner.
1798 631 1870 685 Dc
1907 629 2096 684 Davide
2122 644 2207 683 ar-

652 727 819 781 hitror
832 741 952 782 eum
973 725 1166 779 dicere.
1196 723 1461 789 Quasnam
1487 720 1896 790 protuissioues?
1925 720 1997 776 De
2020 721 2084 774 iis
2099 721 2205 791 agit

649 819 718 874 de
742 819 930 888 quibus
952 815 1179 878 dicebat,
1205 813 1347 892 quod
1377 828 1558 868 semen
1586 812 1701 882 ejus
1728 827 1996 867 sessurunt
2023 812 2090 864 sit
2115 826 2206 866 su-

649 923 745 977 per
764 906 942 966 sedem
959 905 1093 973 ejus.
1123 904 1484 959 Obturauerunt
1503 919 1591 958 ora
1616 903 1832 964 leonum,
1855 902 1943 958 δι.
1966 902 2205 956 exstinxe-

649 1006 762 1050 runt
789 998 1026 1065 impetum
1053 996 1204 1066 ignis,
1229 994 1511 1065 effugerunt
1532 993 1686 1048 aciem
1709 991 1887 1062 gladii.
1916 990 2046 1046 Vide
2071 1007 2196 1061 quo-

649 1087 808 1142 modo
849 1095 1001 1142 erant
1045 1085 1100 1140 in
1151 1085 1262 1154 ipsa
1306 1093 1509 1147 morte,
1555 1081 1734 1137 Daniel
1776 1081 2130 1137 circumdatus
2171 1097 2201 1136 a

650 1178 890 1236 leonibus
912 1217 927 1241 ,
961 1185 1069 1231 tres
1096 1174 1243 1245 pueri
1273 1175 1361 1246 qui
1389 1172 1649 1244 degebant
1674 1172 1727 1225 in
1756 1170 2005 1234 fornace,
2038 1171 2205 1226 Abra-

654 1268 798 1334 ham,
823 1266 988 1332 Isaac,
1013 1265 1176 1322 Jacob
1203 1265 1254 1320 in
1278 1263 1501 1318 diversis
1526 1261 1930 1324 tentatlonibus;
1959 1269 2104 1316 etne
2127 1261 2205 1317 sic

647 1360 861 1430 quidem
885 1359 1233 1430 deSperarunt
1280 1355 1390 1410 Hoc
1413 1354 1552 1412 enim
1579 1362 1660 1409 est
1693 1353 1822 1409 fides
1847 1372 1860 1408 :
1884 1352 2095 1424 quando
2117 1365 2203 1407 res

647 1449 700 1504 in
722 1431 1040 1505 contrarium
1062 1456 1273 1512 exeunt,
1298 1457 1422 1504 tunc
1445 1452 1652 1514 oportet
1675 1443 1893 1499 credere
1911 1443 2050 1513 quod
2077 1442 2202 1497 nihil

645 1541 852 1596 eveniat
881 1541 1222 1604 contrarium,
1250 1536 1344 1591 sed
1370 1537 1544 1589 omnia
1570 1533 1962 1603 consequentia.
1994 1531 2204 1604 Effuge-

647 1640 763 1684 runt
791 1631 946 1683 aciem
963 1627 1140 1699 gladii.
1175 1625 1433 1681 Existimo
1457 1639 1578 1680 cum
1610 1638 1793 1678 rursus
1820 1622 1997 1677 dicere
2020 1621 2087 1678 de
2113 1622 2206 1676 tri-

649 1704 748 1758 bus
791 1705 985 1774 pueris.
1033 1703 1397 1759 Convaluernnt
1443 1708 1504 1759 de
1541 1708 1847 1775 inﬁrmitate,
1889 1712 2044 1779 fortes
2081 1710 2203 1777 [acti

643 1801 758 1847 sunt
785 1793 839 1847 in
869 1793 1014 1857 bello,
1043 1803 1206 1847 castra
1228 1803 1470 1849 verterunt
1496 1805 1790 1848 exterarum.
1824 1795 1918 1851 llic
1940 1797 2094 1852 tacite
2122 1798 2194 1851 si-

644 1882 860 1951 gniﬁcat
884 1881 1023 1951 quod
1051 1881 1240 1937 factum
1266 1892 1347 1937 est
1375 1882 1427 1936 in
1456 1882 1622 1937 reditu
1643 1898 1673 1937 a
1697 1884 1984 1956 Babylone.
2027 1885 2098 1940 De
2119 1887 2198 1940 in-

647 1971 921 2038 ﬁrmitate:
948 1970 1049 2026 hoc
1075 1981 1174 2032 est.
1203 1970 1268 2027 de
1293 1973 1618 2041 captivitate.
1658 1973 1878 2039 Quando
1908 1990 1993 2030 res
2021 1975 2197 2030 Judai-

643 2077 721 2117 ca:
733 2060 842 2134 jam
857 2070 1010 2117 erant
1029 2061 1338 2131 desperatae,
1357 2064 1566 2132 quando
1591 2079 1620 2118 a
1647 2075 1974 2122 mortuorum
1993 2068 2198 2123 ossibus

647 2150 776 2204 nihil
813 2150 1143 2215 diderebant,
1171 2160 1294 2207 tunc
1329 2153 1432 2208 illis
1466 2153 1620 2209 ﬁebat
1657 2156 1874 2210 reditus.
1913 2156 2040 2222 Quis
2080 2171 2197 2223 spe-

649 2247 818 2295 rasset
845 2237 1075 2295 futurum
1101 2249 1155 2294 ut
1184 2240 1415 2296 redirent
1441 2256 1470 2295 a
1504 2243 1787 2314 Babylone,
1818 2255 1872 2299 et
1898 2260 1999 2299 non
2027 2247 2194 2301 solum

646 2330 897 2396 redirent,
925 2331 1016 2386 sed
1045 2331 1203 2386 etiam
1232 2331 1394 2388 fortes
1423 2332 1626 2398 ﬁerent,
1655 2344 1708 2389 et
1735 2346 1997 2391 verterent
2023 2354 2082 2393 ae.
2112 2339 2197 2393 iu-

646 2427 830 2488 garent
857 2433 1027 2475 castra
1054 2423 1395 2477 exter-orum?
1421 2425 1488 2477 At
1512 2425 1662 2480 nobis
1681 2466 1696 2490 ,
1725 2425 1908 2496 inquit,
1939 2427 2066 2483 nihil
2095 2431 2198 2486 tale

645 2510 853 2564 accidit.
883 2509 984 2567 Sed
1011 2512 1123 2568 haec
1145 2522 1267 2566 sunt
1287 2513 1391 2583 typi
1420 2512 1731 2569 futurorum.
1763 2518 2197 2586 Accepernntmu-

647 2602 789 2654 lieres
810 2600 873 2655 de
895 2603 1250 2657 resurrectione
1268 2615 1487 2658 mortuos
1511 2621 1648 2659 suos.
1685 2607 1758 2662 De
1788 2610 2055 2677 prophetis
2084 2611 2196 2670 ll'd'c

645 2691 789 2758 dicit,
817 2707 1004 2762 nempe
1043 2693 1109 2748 de
1150 2693 1343 2749 Elismo
1380 2705 1432 2749 et
1475 2695 1630 2751 Elia:
1660 2709 1896 2754 mortuos
1936 2704 2075 2758 enim
2125 2705 2196 2759 illi

644 2781 979 2837 suscitarent.
1021 2783 1108 2837 55.
1151 2785 1250 2838 Alii
1292 2794 1457 2838 autem
1498 2787 1703 2840 distenti
1734 2799 1868 2855 sunt,
1905 2808 2004 2844 non
2042 2795 2199 2847 susci-

648 2873 832 2937 pientes
857 2874 1270 2943 redemptionem,
1303 2884 1356 2928 ut
1382 2875 1633 2932 meliorem
1669 2880 1939 2934 invenirent
1971 2899 2196 2937 resurre-

644 2965 876 3016 ctionem.
907 2966 973 3018 At
998 2979 1091 3018 nos
1118 2980 1220 3019 non
1249 2967 1511 3036 assequuti
1533 2983 1714 3023 sumus
1733 2974 2196 3029 resurrectionem.

645 3051 749 3107 Sed
777 3068 1008 3121 possum,
1041 3055 1238 3124 inquit,
1269 3056 1548 3113 ostendere
1576 3059 1732 3113 etiam
1761 3061 1877 3114 illos
1904 3062 2064 3118 fuisse
2092 3064 2201 3119 dis~

647 3150 848 3205 sectos,
887 3143 977 3197 sed
1015 3144 1424 3215 redemptionem
1456 3162 1561 3201 non
1590 3152 1905 3219 suscepisse,
1936 3161 1994 3206 nt
2018 3154 2202 3209 melio-

648 3247 756 3285 rem
801 3244 1208 3302 assequerentur
1253 3238 1715 3294 resurrectionem.
1763 3242 1867 3296 Cur
1910 3243 2070 3308 enim,
2115 3244 2200 3301 dic

646 3321 793 3386 mihi,
817 3335 933 3374 eum
957 3323 1136 3377 liceret
1159 3325 1348 3390 vivere,
1370 3326 1652 3382 noluerunt
1667 3327 1690 3378 ἲ
1708 3342 1880 3384 annon
1902 3331 2020 3398 quia
2039 3333 2198 3386 vitam

646 3411 1018 3486 exspectabant
1044 3411 1353 3466 meliorem?
1380 3413 1443 3466 Et
1467 3414 1554 3483 qui
1581 3415 1712 3471 alios
1739 3418 2070 3485 suscitaram,
2101 3421 2200 3490 ipsi

647 3501 779 3554 mori
817 3500 1120 3570 elegerunt,
1153 3514 1209 3557 nt
1231 3504 1500 3560 meliorem
1532 3520 1938 3577 assequerentur
1965 3527 2202 3569 resurre-

647 3591 897 3655 ctionem,
921 3606 1023 3646 non
1055 3593 1208 3648 talem
1228 3595 1435 3664 qualem
1461 3598 1606 3664 pueri
1629 3600 1925 3654 muiierttm.
1955 3602 2050 3658 llic
2071 3605 2200 3660 mihi

649 3683 858 3738 videtur
882 3693 936 3740 et
962 3684 1214 3740 Joannem
1245 3687 1463 3742 innuere
1504 3697 1558 3742 et
1590 3688 1838 3744 Iacobum
1873 3710 1887 3745 :
1919 3696 2202 3761 ἀποτυμπα-

649 3785 803 3843 νισμός
835 3777 975 3831 enim
1018 3787 1099 3831 est
1134 3778 1320 3845 capitis
1348 3780 1654 3848 amputatio.
1682 3780 1895 3836 Licebat
1921 3786 1998 3839 eis
2024 3787 2202 3843 videre

648 3864 833 3928 solem,
876 3864 1064 3918 licebat
1104 3880 1207 3918 non
1254 3865 1588 3935 redarguere,
1625 3876 1678 3923 et
1726 3880 1897 3924 tamen
1941 3874 2028 3942 qui
2070 3875 2202 3930 alios

648 3955 1046 4020 sttscitaverant,
1071 3955 1370 4010 maluerunt
1395 3957 1669 4022 excedere,
1695 3970 1749 4013 ut
1769 3963 2036 4018 meliorem
2060 3983 2204 4023 assc-

651 4057 937 4115 querentur
960 4047 1415 4100 resurrectionem.
1437 4049 1523 4102 56.
1544 4049 1642 4107 Alii
1668 4066 1777 4102 vero
1800 4052 2012 4105 ludibria
2035 4071 2078 4108 σο
2101 4075 2204 4108 rer—

651 4133 769 4188 bera
810 4133 1031 4204 experti,
1081 4135 1283 4203 insuper
1323 4144 1369 4188 et
1405 4135 1604 4188 vincula
1641 4146 1685 4187 et
1721 4151 1958 4202 carceres,
2000 4135 2209 4205 ldpitloti

650 4233 788 4288 sunt,
819 4224 937 4276 serti
964 4233 1099 4287 sunt,
1125 4223 1295 4275 tentati
1321 4232 1456 4278 sunt.

723 4315 775 4369 3.
807 4314 860 4366 ltt
893 4312 955 4366 iis
979 4313 1191 4376 desinit,
1224 4314 1275 4366 in
1307 4314 1390 4378 iis,
1420 4314 1650 4382 inquam,
1680 4331 1795 4382 qum
1821 4323 1973 4369 erant
1995 4314 2212 4382 conjun-

651 4404 814 4457 etiora
837 4411 891 4456 et
915 4401 1077 4470 magis
1100 4401 1396 4469 familiaria.
1422 4402 1546 4456 llrnc
1571 4405 1708 4457 enim
1737 4405 1962 4458 maxime
1987 4404 2211 4458 aﬂ'crunt

651 4494 1093 4557 consolationem,
1122 4493 1331 4562 quando
1360 4509 1422 4547 ex
1449 4495 1631 4549 eadem
1669 4511 1824 4549 causa
1864 4497 2017 4549 fuerit
2060 4507 2207 4550 ortus

650 4583 802 4636 dolor
832 4598 846 4612 ο
878 4582 1110 4651 alioquin
1138 4583 1340 4636 etiamsi
1369 4583 1731 4638 vehementius
1758 4585 1972 4647 dixeris,
2008 4602 2108 4638 non
2139 4587 2206 4639 sit

651 4680 825 4724 autem
853 4686 917 4725 ex
945 4671 1124 4726 eadem
1154 4688 1308 4726 causa
1336 4683 1480 4726 ortus
1509 4673 1678 4736 dolor,
1710 4674 1837 4726 nihil
1865 4674 2048 4727 efiicis.
2080 4675 2206 4728 Pro-

653 4773 829 4830 pterea
862 4763 912 4814 in
943 4762 1040 4815 hoc
1066 4761 1194 4841 ﬁniit
1223 4761 1538 4829 orationem,
1572 4761 1752 4817 dicens
1777 4765 1996 4827 vincula,
2027 4780 2206 4818 cari-e-

651 4868 757 4917 res,
785 4853 1022 4914 verbera,
1049 4853 1412 4921 lapidationes,
1434 4870 1493 4908 ea
1518 4856 1739 4908 innuens
1761 4872 1876 4922 qua:
1907 4857 2209 4910 accidet-unt

649 4941 914 5011 Stephano
941 4953 990 4996 et
1018 4942 1318 5006 Zacharim;
1349 4955 1401 4998 et
1423 4945 1538 4999 ideo
1559 4947 1829 5014 subjuuxit
1852 4964 1863 4998 :
1886 4945 1947 4999 In
1969 4949 2209 5002 occisione

649 5037 804 5103 gladii
836 5035 1016 5087 mortui
1042 5045 1172 5088 sunt.
1208 5033 1344 5101 Quid
1377 5035 1540 5089 dicis?
1563 5038 1647 5090 alii
1676 5037 1885 5106 quidem
1916 5038 2210 5107 effugerunt

650 5127 812 5181 aciem
840 5127 994 5196 gladii
1017 5144 1030 5190 ;
1063 5128 1148 5180 alii
1171 5140 1343 5180 autent
1367 5128 1558 5181 mortui
1581 5139 1704 5182 sunt
1731 5130 1779 5181 iu
1813 5130 2073 5184 occisione
2096 5131 2207 5200 gla-

648 5220 757 5271 dii?
793 5218 915 5288 quid
962 5229 1038 5271 est
1081 5218 1216 5272 huc?
1251 5228 1421 5273 utrum
1467 5221 1668 5284 laudas,
1699 5230 1869 5273 utrum
1896 5222 2208 5275 admiraris?

649 5308 764 5366 huc.
795 5324 859 5360 an
899 5308 1063 5361 illud?
1112 5308 1353 5374 Maxime,
1396 5309 1592 5378 inquit,
1630 5310 1810 5364 ethoc
1838 5321 1886 5364 et
1920 5311 2074 5372 illud;
2111 5313 2208 5366 huc

653 5409 914 5466 tamquam
936 5397 1086 5452 vobis
1115 5397 1451 5465 coniunctum
1481 5410 1533 5452 et
1551 5399 1829 5464 familiare,
1857 5401 1980 5454 illud
2007 5411 2205 5467 autem,

648 5491 891 5560 quoniam
915 5489 1070 5542 etiam
1104 5490 1154 5543 in
1176 5489 1283 5557 ipsa
1309 5500 1477 5543 morte
1505 5492 1668 5544 valuit
1707 5491 1854 5554 lides,
1883 5502 1933 5544 et
1956 5505 2034 5546 est
2056 5503 2206 5563 typus

648 5583 963 5635 futurorum.
1000 5581 1113 5635 Duo
1143 5590 1262 5634 sunt
1294 5583 1432 5634 enim
1483 5583 1731 5635 miracula
1779 5583 1933 5645 fidei,
1977 5588 2115 5655 quod
2157 5599 2208 5641 et

648 5689 831 5742 magna
860 5673 1076 5737 elliciat,
1099 5681 1152 5726 et
1176 5687 1362 5744 magna
1393 5674 1637 5741 patiatur,
1665 5687 1715 5726 ct
1745 5675 1872 5727 nihil
1900 5692 1956 5729 se
1989 5679 2088 5744 pati
2119 5696 2207 5731 ex-

650 5768 857 5822 istimet.
892 5766 997 5821 Nec
1030 5775 1201 5832 potes,
1233 5767 1418 5834 inquit,
1449 5766 1626 5822 dicere
1656 5767 1790 5836 quod
1822 5782 1991 5822 emunt
2022 5787 2098 5838 p-u
2120 5790 2204 5823 ι;;ι-

1379 420 1434 475 S.
1471 414 1742 473 JOANNIS
1763 410 2223 470 CHRYSOSTOSII
2254 411 2564 469 ARClllEP.
2604 409 3127 472 CONSTANTINOP.

3775 407 3873 463 {dii

2299 536 2442 581 tores
2462 534 2515 582 et
2535 524 2776 580 homines
2807 523 2956 577 nihili
2980 541 2992 576 :
3013 537 3132 577 nam
3161 521 3258 576 etsi
3297 530 3460 576 totum
3489 522 3744 576 mundum
3769 523 3872 577 illis

2297 637 2360 676 ex
2389 619 2616 678 adverso
2642 615 2911 680 statueris,
2963 616 3176 669 invenio
3227 613 3342 666 illos
3371 613 3544 682 pretio
3590 613 3642 668 iit
3673 623 3874 670 statera

2297 707 2723 782 praeponderare.
2756 704 2874 759 Ideo
2896 703 3054 758 etiam
3078 704 3155 757 sic
3175 703 3322 768 dixit,
3348 703 3538 770 Quibus
3558 703 3742 774 dignus
3773 722 3871 758 non

2297 809 2401 854 erat
2427 800 2660 852 munitm.
2702 793 2837 863 Quid
2871 808 2998 864 ergo
3042 794 3127 847 hic
3166 803 3319 847 erant
3356 795 3647 862 accepturi,
3678 795 3873 864 quibus

2298 891 2426 945 nihil
2481 889 2698 958 dignum
2751 885 2931 941 erat?
3000 884 3097 938 llic
3156 898 3340 938 eorum
3405 894 3632 939 mentem
3675 886 3871 954 erigit,

2295 980 2543 1038 erudiens
2579 995 2645 1033 ne
2677 977 2786 1031 sint
2824 975 2964 1029 afﬁxi
3023 977 3406 1045 praesentibus,
3461 987 3513 1030 et
3561 987 3618 1032 ut
3667 978 3871 1047 majora

2295 1073 2471 1125 animo
2499 1070 2697 1141 agitent
2722 1067 2968 1122 omnibus
2992 1081 3110 1135 qua:
3147 1076 3270 1119 sunt
3323 1067 3373 1119 in
3423 1067 3527 1121 vita
3587 1070 3872 1136 praesenti;

2296 1159 2554 1230 siquidem
2612 1167 2753 1212 totus
2808 1156 3035 1210 mundus
3079 1171 3183 1209 non
3234 1164 3318 1210 est
3361 1156 3425 1210 iis
3475 1153 3685 1227 dignus.
3734 1158 3874 1225 Quid

2296 1269 2425 1325 ergo
2477 1253 2555 1307 vis
2607 1251 2694 1305 hic
2747 1248 3024 1318 accipere?
3081 1249 3326 1316 probrum
3381 1258 3463 1303 est
3508 1258 3561 1302 et
3597 1263 3876 1304 contume-

2299 1344 2386 1404 lia.
2423 1343 2466 1396 si
2511 1342 2596 1396 hic
2639 1339 2937 1394 mercedem
2976 1338 3264 1405 acceperis.
3305 1336 3383 1391 Nu
3429 1339 3692 1392 nutndaua
3742 1354 3872 1408 ergo

2295 1434 2472 1482 mente
2506 1426 2767 1496 agitemus
2786 1465 2802 1490 ,
2841 1438 3012 1494 neque
3039 1423 3126 1477 hic
3150 1438 3448 1494 qtucramus
3474 1427 3867 1479 remuneraiio-

2297 1531 2437 1580 ue;n,
2454 1529 2632 1584 neque
2661 1514 2829 1568 simus
2849 1513 2980 1568 adeo
3003 1527 3264 1584 pauperes
3291 1531 3304 1566 :
3334 1529 3453 1568 nam
3474 1514 3518 1569 si
3543 1525 3682 1568 tatus
3709 1529 3866 1568 mun-

2295 1605 2395 1659 dus
2422 1619 2525 1658 non
2549 1615 2630 1660 cst
2655 1605 2734 1660 his
2763 1603 2952 1674 dignus
2970 1645 2984 1669 ,
3013 1605 3137 1674 quid
3171 1613 3369 1672 partem
3398 1605 3628 1677 qua-ris?
3656 1603 3721 1658 Et
3747 1621 3864 1660 mc-

2295 1696 2397 1751 rito
2423 1713 2436 1751 :
2467 1705 2590 1750 sunt
2628 1696 2768 1751 enim
2810 1697 2965 1751 amici
3009 1697 3122 1750 Dei.
3168 1696 3418 1750 Mundttm
3458 1713 3586 1766 ergo
3618 1699 3702 1752 hic
3738 1697 3870 1752 dicit

2295 1786 2704 1852 multitudinem,
2733 1796 2824 1839 aut
2854 1787 3018 1856 ipsam
3047 1796 3344 1840 creaturam
3372 1803 3385 1840 :
3415 1798 3694 1857 tttrumqne
3720 1789 3866 1841 enim

2292 1877 2430 1932 solet
2465 1878 2643 1932 dicere
2682 1877 2970 1946 Scriptura.
3002 1877 3056 1932 Si
3088 1879 3357 1939 universa,
3387 1878 3585 1946 inquit,
3615 1889 3867 1932 creatura

2299 1967 2466 2034 posita
2493 1964 2650 2020 fuerit
2671 1981 2790 2020 cum
2818 1966 2927 2020 suis
2957 1965 3257 2019 hoininibus
3277 2007 3291 2029 ,
3324 1967 3555 2020 nondum
3581 1965 3869 2034 inquabunt

2297 2071 2482 2111 eorum
2527 2053 2751 2126 pretium
2786 2075 2800 2111 :
2826 2065 2880 2110 et
2910 2057 3119 2112 merito.
3165 2056 3313 2111 Sicut
3343 2057 3481 2110 enim
3512 2056 3690 2112 decies
3716 2056 3870 2112 mille

2301 2147 2473 2216 pondo
2497 2147 2662 2218 palea:
2692 2155 2746 2203 et
2776 2147 2901 2202 freni
2931 2163 3034 2200 non
3061 2148 3391 2218 mquaverint
3422 2148 3646 2218 pretium
3676 2148 3870 2203 decem

2299 2239 2724 2309 margaritarum,
2754 2239 2823 2292 ita
2854 2253 2949 2293 nec
2975 2239 3049 2293 illi
3080 2256 3092 2292 :
3123 2226 3308 2292 Melior
3338 2251 3410 2294 est
3443 2244 3576 2294 enim
3613 2257 3744 2292 unus
3783 2243 3872 2310 [u-

2298 2330 2432 2384 eiens
2474 2330 2778 2383 voluntatem
2826 2328 3070 2396 Domini,
3125 2346 3275 2399 quam
3324 2330 3486 2390 decies
3529 2332 3668 2384 inille
3708 2331 3873 2397 iniqui

2300 2419 2482 2490 (Eecli.
2507 2422 2591 2476 l6.
2617 2421 2693 2490 3);
2722 2420 2897 2476 decies
2923 2422 3066 2477 mille
3094 2437 3196 2476 non
3226 2423 3421 2477 multos
3439 2423 3642 2487 dicens,
3667 2422 3760 2478 sed
3792 2425 3876 2477 in—

2301 2514 2499 2568 tinitam
2523 2513 2934 2568 multitudinem.
2963 2514 3144 2585 Cogita
3168 2524 3360 2584 quanta
3385 2531 3468 2569 res
3490 2516 3556 2569 sit
3577 2515 3871 2584 virjustns.

2303 2603 2441 2658 Dixit
2463 2603 2610 2658 Iesus
2636 2604 2799 2680 Nave,
2830 2605 2939 2659 Stet
2963 2607 3041 2659 sol
3068 2617 3240 2659 contra
3269 2606 3494 2666 (Iabaou.
3518 2615 3565 2658 et
3593 2607 3715 2658 Imm
3743 2624 3873 2658 rou—

2301 2705 2378 2749 tra
2405 2695 2583 2750 vallem
2613 2693 2797 2761 Elom;
2837 2707 2882 2750 et
2917 2700 3105 2767 factum
3130 2707 3202 2749 est
3232 2697 3378 2765 (Jos.
3406 2699 3491 2751 10.
3524 2695 3644 2764 12).
3682 2695 3796 2751 Vcn
3822 2708 3877 2752 at

2301 2802 2438 2857 ergo
2468 2787 2744 2842 universus
2785 2787 2927 2842 orbis
2966 2797 3120 2840 terra:
3145 2829 3159 2849 ,
3204 2788 3308 2840 imo
3351 2803 3475 2842 vero
3510 2786 3650 2852 duo,
3683 2797 3738 2840 et
3768 2799 3877 2841 tres

2304 2879 2484 2942 etiam,
2516 2887 2570 2932 et
2607 2885 2851 2945 quatuor,
2894 2886 2946 2930 et
2988 2877 3168 2943 viginti
3210 2877 3368 2931 orbes
3410 2886 3583 2938 terrm,
3612 2885 3667 2930 ct
3694 2877 3877 2931 diCaut

2304 2968 2404 3022 hoc
2432 2977 2485 3023 et
2513 2969 2733 3032 iaciant;
2778 2966 2871 3021 sed
2910 2982 3012 3019 non
3053 2977 3318 3034 poterunt.
3352 2967 3442 3021 Dei
3468 2977 3641 3021 autem
3669 2969 3877 3021 amicus

2302 3057 2456 3110 amici
2497 3056 2790 3124 imperabat
2828 3059 3121 3120 creaturis;
3175 3057 3281 3110 i.nn
3308 3073 3431 3109 vero
3461 3057 3688 3109 amicum
3717 3073 3876 3111 suum

2303 3147 2525 3215 rogavit,
2555 3155 2608 3199 et
2636 3146 2896 3200 cedebant
2920 3162 3037 3215 qua:
3067 3148 3404 3209 serviebant,
3439 3157 3490 3201 et
3520 3148 3741 3202 inferior
3772 3149 3876 3201 iut-

2309 3239 2524 3307 perabat
2553 3237 2814 3306 supernis.
2845 3235 3006 3292 Vides
3037 3238 3177 3308 quod
3204 3252 3264 3293 ea
3295 3247 3464 3291 t'l'-':ll:t
3490 3240 3591 3290 sint
3626 3241 3676 3291 in
3704 3242 3873 3292 servi-

2306 3339 2490 3395 tutem,
2513 3343 2723 3382 cursum
2747 3329 3091 3382 constitutum
3122 3329 3431 3397 implentia?
3463 3329 3674 3383 lloCtst
3699 3332 3876 3398 majus

2303 3433 2458 3488 quam
2505 3433 2623 3487 qua:
2668 3417 2802 3472 facta
2851 3427 2971 3470 sunt
3009 3431 3040 3470 a
3086 3417 3284 3488 Moyse.
3334 3417 3547 3486 Quare?
3593 3419 3707 3472 Non
3752 3431 3877 3474 sunt

2303 3509 2442 3562 enim
2477 3507 2643 3576 paria,
2672 3508 2933 3575 imperare
2961 3507 3116 3570 mari,
3148 3515 3204 3561 ct
3233 3508 3295 3561 iis
3322 3524 3437 3575 qua:
3464 3518 3586 3561 sunt
3618 3508 3668 3560 in
3697 3511 3834 3561 εει-10
3863 3528 3875 3562 ;

2307 3613 2424 3650 nam
2453 3595 2578 3651 illud
2609 3612 2818 3665 quoque
2841 3606 2922 3650 est
2949 3612 3195 3665 magnum
3226 3605 3276 3651 cl
3306 3598 3458 3652 valde
3489 3614 3758 3666 magnum,
3783 3601 3876 3652 sed

2308 3703 2410 3741 non
2437 3703 2548 3756 par.
2581 3689 2713 3741 Audi
2735 3701 2862 3741 vero
2882 3701 2978 3742 cur
3000 3688 3117 3741 talis
3142 3689 3210 3740 sit
3236 3688 3475 3742 effectus.
3507 3688 3720 3752 Quare?
3748 3688 3875 3744 Jesu

2309 3792 2497 3831 nomen
2522 3787 2636 3831 erat
2665 3786 2707 3847 ι,
2722 3791 2817 3847 pus
2843 3776 3060 3831 Christi.
3094 3777 3380 3846 Propterea
3408 3795 3554 3845 ergo,
3578 3790 3628 3832 et
3652 3795 3713 3848 pr
3739 3791 3872 3847 .pter

2311 3871 2475 3938 ipsam
2501 3869 2550 3922 in
2582 3878 2704 3938 typo
2725 3869 3126 3938 appellationem
3153 3870 3315 3928 verita
3341 3881 3421 3924 est
3443 3884 3706 3926 creatura.
3739 3873 3875 3938 Quid

2310 3961 2472 4017 vero?
2499 3962 2634 4015 alius
2660 3976 2761 4014 non
2781 3970 2998 4015 vocatus
3021 3960 3116 4014 fuit
3137 3961 3325 4016 Jesus?
3349 3962 3451 4016 Sed
3476 3965 3572 4016 iste
3595 3975 3875 4031 propterea

2312 4055 2528 4099 vocatus
2555 4043 2713 4096 estin
2747 4044 2908 4112 ﬁgura
2942 4059 2956 4095 :
2988 4057 3107 4095 nam
3148 4041 3422 4094 dicebatur
3461 4043 3618 4094 etiam
3653 4046 3826 4096 Attses
3858 4060 3872 4097 :

2316 4145 2589 4204 prepterea
2622 4142 2876 4186 mutatum
2905 4132 2999 4184 fuit
3025 4147 3248 4193 nomen;
3281 4131 3549 4199 pnedictio
3578 4133 3719 4185 enim
3759 4143 3872 4186 erat

2309 4235 2362 4279 et
2391 4223 2683 4293 prophetia.
2717 4223 2833 4291 ipse
2863 4221 3109 4289 populum
3143 4221 3434 4273 introduxit
3472 4221 3522 4274 in
3566 4221 3873 4290 promissio-

2310 4331 2450 4380 nem,
2485 4315 2618 4367 sicut
2646 4312 2800 4367 Jesus
2829 4313 2879 4364 in
2909 4311 3119 4372 cadum,
3153 4327 3256 4364 non
3288 4313 3390 4375 lex,
3427 4313 3564 4364 sicut
3594 4327 3692 4365 nec
3718 4311 3870 4382 Moy-

2308 4421 2422 4469 ses,
2455 4403 2544 4458 sed
2577 4405 2768 4456 mansit
2797 4413 2944 4456 extra
2974 4420 2987 4456 :
3022 4416 3124 4453 non
3164 4409 3336 4469 potest
3374 4401 3456 4454 lex
3501 4401 3870 4462 introducere.

2305 4495 2395 4548 sed
2414 4495 2599 4564 gratia.
2624 4494 2779 4548 Vides
2805 4495 2993 4560 liguras
3013 4492 3189 4544 multis
3212 4501 3354 4544 retro
3383 4493 3514 4546 actis
3539 4494 3867 4560 temporibus

2259 4572 2261 4574 ’
2309 4585 2450 4650 prius
2473 4584 2718 4638 describi.
2740 4583 3310 4651 ltnperavitereaturm,
3329 4581 3434 4634 imo
3447 4597 3573 4635 vero
3590 4584 3871 4651 przecipua'

2308 4677 2440 4745 parti
2488 4685 2764 4739 creaturae,
2797 4675 3040 4728 deorsum
3071 4683 3217 4726 stans
3243 4672 3338 4740 ipsi
3370 4673 3546 4740 capiti,
3571 4681 3626 4724 ut
3656 4675 3872 4741 quando

2307 4767 2499 4820 videris
2537 4767 2586 4819 in
2617 4766 2778 4834 ﬁgura
2800 4765 3024 4818 hominis
3050 4764 3228 4818 Jcsum
3257 4764 3441 4817 eadem
3471 4765 3757 4827 dicentum,
3807 4782 3869 4818 ne

2308 4858 2626 4926 perturberis
2655 4873 2782 4911 neve
2812 4856 3075 4909 terrearis.
3109 4857 3222 4923 Ipse
3262 4855 3418 4907 etiam
3453 4855 3658 4906 vivente
3687 4854 3868 4924 Moyse

2306 4949 2433 5001 ludit
2458 4959 2508 5002 et
2532 4949 2724 5016 fugavit.
2753 4946 2930 4999 hostes
2964 4967 2975 5000 :
3007 4946 3089 4999 hic
3120 4947 3276 4997 etiam
3307 4944 3516 4998 vivente
3553 4945 3667 5011 lege
3688 4945 3865 4996 Otttuia

2305 5041 2653 5102 administrat,
2686 5040 2776 5092 sed
2809 5056 2910 5091 non
2937 5048 3134 5106 aperte.
3166 5037 3268 5092 Sed
3294 5038 3565 5090 videmnus
3585 5047 3780 5104 quanta
3801 5037 3869 5090 sit

2305 5136 2468 5184 virtus
2496 5146 2813 5184 saneturttui.

2374 5225 2422 5276 4.
2455 5224 2636 5277 Contra
2661 5240 2742 5275 eos
2766 5224 2848 5288 qui
2879 5222 3052 5273 cwlttm
3095 5219 3321 5272 (licebunt
3361 5235 3466 5272 esse
3489 5220 3759 5288 splia'ram.
3795 5252 3864 5261 --ς

2304 5317 2358 5371 Si
2392 5317 2474 5369 hic
2506 5317 2623 5368 talia
2656 5323 2961 5381 cperautur,
2988 5312 3032 5366 si
3065 5313 3150 5366 hic
3180 5328 3239 5367 ea
3275 5312 3468 5364 iaciunt
3499 5327 3614 5381 quin
3663 5314 3858 5384 angeli,

2302 5407 2424 5478 quid
2469 5407 2618 5460 illic?
2649 5414 2902 5475 quantum
2947 5405 3142 5456 habent
3188 5401 3571 5471 splendorem?
3613 5399 3862 5457 Fortasse

2303 5501 2658 5567 initi-quisque
2682 5507 2911 5549 vestrum
2939 5496 3091 5549 vellet
3125 5511 3242 5549 csse
3265 5494 3584 5561 huiusmodi,
3605 5503 3656 5546 ιιι
3682 5505 3859 5564 posset

2303 5595 2557 5660 itttpcrut‘t!
2587 5593 2684 5644 soli
2710 5602 2761 5643 et
2794 5591 2947 5642 luuio.
2996 5588 3088 5641 Ilii:
3115 5589 3145 5638 ii
3175 5587 3262 5656 qui
3300 5588 3485 5640 ett-lum
3535 5586 3710 5640 dicunt
3737 5601 3856 5640 esse

2301 5684 2585 5750 sidut-ratu,
2607 5683 2727 5751 quid
2759 5680 3022 5733 dixerint?
3054 5680 3158 5733 Cur
3184 5698 3285 5732 tum
3315 5681 3462 5743 dixit,
3495 5680 3609 5734 Stet
3631 5681 3730 5744 sui,
3767 5680 3856 5733 sed

2299 5773 2526 5837 addidit,
2571 5775 2676 5824 ςγδι
2723 5783 2892 5824 rontro
2939 5771 3173 5834 (irritavit,
3207 5783 3249 5822 rt
3301 5773 3418 5824 Ιιῖιια
3461 5781 3630 5825 «enim
3681 5771 3856 5826 callent
