4094 6416
208 410 295 467 199

1017 401 1081 461 IN
1117 400 1327 459 EPIST.
1371 399 1461 455 AD
1500 394 1855 454 llEBRAL'OS.
1897 394 2048 452 CAP.
2093 396 2180 452 lii.
2222 394 2430 453 llOlllL
2494 394 2701 450 XXVII.

3330 394 3429 447 190

203 533 372 591 ειοηιγ
396 528 514 589 [loc
530 539 641 592 est,
673 528 812 584 diem
859 525 1017 581 faciat
1047 522 1323 593 majorem.
1354 520 1465 575 lloc
1492 520 1651 574 etiam
1693 519 1767 574 fa-
1852 514 2029 569 an‘eeit
2062 531 2073 565 :
2109 490 2311 576 Audiri,
2338 511 2527 582 inquit,
2550 511 2792 580 gemitum
2810 524 3003 575 eorum,
3024 516 3072 562 et
3100 509 3337 564 descendi
3356 510 3425 563 ad

193 637 322 681 ctum
348 632 432 680 est
462 623 518 676 in
553 619 834 681 Ezechia;
878 616 956 672 sol
1012 613 1341 668 retrocessit.
1390 610 1496 666 Sed
1547 610 1648 665 hoc
1688 621 1763 664 est

196 716 273 769 illo
296 711 697 771 admirabilius,
726 721 918 775 nempe
937 703 1199 761 contraria
1218 702 1298 755 via
1322 715 1508 756 rursus
1539 700 1762 770 ingredi,

193 822 297 860 rum
318 816 540 858 cursum
586 815 743 855 suum
772 796 1004 851 nondum
1036 792 1371 848 confecisset.
1398 790 1502 846 Sed
1532 790 1615 845 his
1648 806 1763 844 ma-

193 901 289 969 iora
310 912 405 951 nos
428 908 815 964 assequemur,
855 888 903 944 si
929 887 1174 943 velimus.
1194 885 1322 939 Nam
1347 899 1588 955 qnmnam
1611 884 1765 938 nobis

192 987 416 1055 promisit
436 983 698 1039 Christus
714 982 737 1035 i
753 980 867 1034 Non
896 978 1009 1033 fore
1032 986 1091 1030 ut
1114 974 1281 1030 solem
1304 974 1572 1039 sistamus,
1594 984 1765 1042 neque

192 1082 371 1139 lunam,
399 1089 586 1145 neque
616 1073 749 1128 solis
772 1067 1299 1140 retrogradationem,
1332 1064 1425 1119 sed
1453 1065 1624 1133 quid?
1662 1064 1761 1119 Ve-

189 1172 383 1235 niamus,
428 1167 635 1237 inquit,
668 1165 737 1218 ad
769 1165 933 1232 ipsimi
971 1177 1061 1232 ego
1082 1170 1127 1213 et
1176 1158 1331 1211 Pater
1360 1172 1517 1221 meus,
1544 1166 1589 1210 et
1620 1173 1764 1210 mau-

187 1262 360 1316 siouem
387 1258 533 1330 apud
561 1274 684 1310 eum
708 1254 947 1326 faciemus
977 1249 1155 1320 (Juun.
1186 1249 1273 1306 14.
1300 1247 1417 1316 23).
1448 1246 1585 1315 Quid
1632 1246 1760 1301 mihi

188 1364 302 1419 opus
331 1359 410 1405 est
458 1348 584 1402 Sole
637 1355 695 1401 et
739 1346 861 1399 luna
900 1351 952 1398 ct
1003 1340 1084 1395 his
1110 1338 1377 1393 miraculis
1405 1379 1420 1403 ,
1470 1354 1589 1392 cum
1648 1338 1761 1407 ipse

188 1443 405 1494 omnium
441 1438 713 1493 Dominus
758 1435 824 1489 ad
853 1443 938 1488 tn'e
975 1429 1281 1491 descendat,
1310 1438 1361 1483 et
1392 1428 1529 1495 apud
1561 1442 1646 1482 me
1672 1429 1759 1481 tir-

188 1547 291 1586 uius
316 1539 534 1584 maneat
565 1537 624 1582 et
650 1524 887 1581 stabilis?
918 1523 1019 1575 hoc
1056 1519 1184 1574 mihi
1210 1534 1311 1573 non
1336 1529 1417 1574 est
1438 1532 1590 1587 opus,
1619 1517 1755 1585 Quid

190 1609 316 1659 cnint
346 1607 481 1659 mibi
540 1607 658 1660 ullo
688 1608 875 1659 horum
904 1620 1035 1675 opus
1073 1610 1199 1661 est?
1247 1608 1359 1676 ipse
1382 1609 1483 1663 erit
1534 1609 1664 1661 tnihi
1709 1608 1759 1660 in

186 1695 335 1749 solem
353 1707 409 1750 et
426 1696 621 1751 lunam
645 1706 699 1750 et
724 1696 917 1750 lucem.
944 1695 1096 1761 Nam,
1126 1695 1212 1749 die
1235 1696 1383 1761 mihi,
1402 1697 1527 1766 quid
1549 1697 1758 1764 malles,

187 1786 368 1854 regiam
395 1788 701 1856 ingressus,
735 1802 801 1839 an
822 1784 1017 1856 aliquid
1047 1795 1398 1841 transmutare
1428 1802 1609 1841 eorum
1642 1778 1759 1856 qua:

187 1875 273 1927 lixa
300 1885 446 1941 sunt,
480 1892 551 1930 an
585 1893 766 1946 regem
800 1877 890 1930 tibi
923 1885 1067 1930 tanta
1098 1876 1420 1946 conjungere
1472 1876 1760 1932 familiari-

186 1975 297 2030 tate,
319 1977 372 2021 ut
401 1968 453 2023 ei
475 1967 809 2037 persuadeas
836 1977 887 2019 nt
918 1966 981 2019 ad
1017 1975 1067 2021 te
1087 1965 1359 2021 deveniat?
1388 1983 1564 2023 nonne
1589 1968 1757 2021 multo

184 2056 333 2123 magis
359 2057 481 2121 hoc,
516 2072 683 2126 quam
720 2057 879 2110 illud?
906 2056 1040 2122 Quid
1094 2058 1266 2110 vero?
1300 2072 1403 2111 non
1452 2059 1665 2124 mirum,
1709 2061 1750 2113 si

182 2163 286 2213 qure
312 2146 474 2203 hmno
506 2148 759 2218 imperat,
791 2149 903 2203 haec
929 2163 1138 2218 quoque
1163 2149 1439 2205 Christus?
1468 2151 1571 2206 Sed
1601 2152 1753 2225 Chri-

182 2246 299 2296 stus.
322 2239 513 2308 inquit,
548 2255 657 2293 non
689 2249 833 2309 rogat
863 2241 1093 2306 Patrem,
1112 2241 1205 2295 sed
1230 2256 1326 2297 sua
1354 2242 1479 2298 facit
1522 2247 1752 2299 auctori-

173 2336 293 2390 ,Late.
318 2328 483 2384 Recte
517 2348 531 2383 :
568 2331 801 2400 primum
824 2345 950 2401 ergo
972 2330 1227 2386 confitere
1252 2332 1392 2402 quod
1416 2315 1628 2389 i’atrcm
1645 2350 1749 2389 non

184 2426 333 2485 rogat,
361 2428 414 2471 ct
439 2434 539 2473 sua
571 2420 697 2473 facit
717 2420 1067 2486 auctoritate;
1090 2430 1144 2475 et
1184 2430 1306 2476 tunc
1335 2438 1398 2477 ex
1433 2434 1483 2477 te
1505 2423 1747 2478 sciscita-

184 2507 284 2573 hnr,
322 2509 428 2564 imo
483 2520 539 2565 te
568 2498 773 2565 docebo
818 2509 960 2565 circa
990 2512 1368 2581 precationem,
1418 2529 1574 2582 qnam
1605 2514 1746 2579 facit,

186 2603 355 2659 fecisse
385 2622 484 2674 per
510 2608 1009 2676 attemperationem
1028 2614 1081 2661 et
1107 2608 1456 2662 oeconomiam
1486 2606 1614 2677 (non
1636 2614 1750 2660 erat

183 2693 305 2744 enim
335 2695 583 2764 Christus
606 2697 783 2750 minor
799 2695 923 2750 Jesu
950 2695 1140 2763 Nave),
1172 2695 1385 2764 etquod
1417 2704 1622 2763 poterat
1653 2707 1749 2747 nos

184 2780 355 2835 docere
395 2785 516 2837 sine
546 2784 813 2838 oratione.
840 2783 987 2839 Sicut
1010 2778 1151 2837 enim
1181 2784 1490 2853 magistrum
1518 2782 1742 2837 audiens

181 2869 554 2927 balbutientem
597 2884 651 2927 et
679 2874 939 2927 elementa
990 2881 1391 2935 recensentem,
1441 2886 1547 2926 non
1602 2870 1738 2927 dicis

183 2961 331 3029 ipsum
371 2964 663 3033 ignorare;
696 2973 749 3019 et
785 2958 999 3032 quando
1035 2964 1363 3033 interrogat:
1402 2961 1498 3015 Ubi
1538 2971 1618 3016 est
1647 2960 1747 3015 hoc

181 3051 533 3107 elementum?
572 3055 681 3107 scis
724 3052 864 3121 quod
896 3066 1001 3106 non
1026 3051 1280 3121 ignorans
1302 3051 1613 3119 interrogat,
1652 3050 1744 3104 sed

182 3140 474 3211 discipulum
509 3141 699 3196 volens
738 3141 1017 3196 instituere
1047 3157 1061 3194 :
1090 3141 1163 3195 ita
1187 3139 1346 3195 etiam
1371 3138 1613 3194 Christus
1642 3155 1741 3194 non

182 3233 398 3286 oratione
425 3231 677 3300 indigens
724 3231 930 3295 orabat,
960 3230 1053 3285 sed
1101 3239 1152 3286 te
1180 3228 1432 3283 inducere
1469 3229 1655 3282 volens
1685 3238 1742 3282 ut

186 3321 375 3384 assidue
403 3324 481 3378 sis
515 3329 751 3376 attentus
779 3322 1045 3383 orationi.
1103 3329 1161 3374 ut
1206 3334 1325 3374 eam
1370 3320 1583 3374 emittas
1630 3320 1747 3399 sine

183 3412 581 3479 intermissione,
598 3423 656 3467 ut
682 3413 875 3475 sobrie,
896 3421 1089 3466 etcum
1109 3411 1273 3465 multa
1294 3410 1581 3480 vigilantia.
1603 3410 1749 3481 Vigi-

184 3500 277 3559 lare
297 3515 469 3561 autem
502 3520 611 3559 non
632 3504 752 3560 dico
767 3506 937 3559 solum
958 3514 1116 3575 noctu
1132 3504 1448 3573 expergisci,
1468 3502 1561 3557 sed
1584 3503 1743 3557 etiam

185 3590 387 3649 interdiu
400 3595 641 3651 sobrium
665 3596 852 3650 essein
880 3593 1157 3663 precibus:
1188 3592 1237 3647 is
1268 3592 1411 3648 enim
1443 3591 1747 3662 appellatur

183 3683 399 3754 vigilans.
449 3688 636 3742 Potest
673 3689 815 3741 enim
859 3702 978 3741 esse
1008 3694 1064 3740 ut
1094 3686 1210 3756 quis
1240 3695 1398 3739 noctu
1427 3700 1589 3739 orans
1618 3685 1746 3739 dor-

184 3776 311 3839 miat,
353 3786 406 3831 et
435 3777 672 3831 interdiu
705 3793 808 3830 non
838 3790 997 3831 orans
1037 3776 1257 3845 vigilet,
1288 3774 1500 3844 quando
1536 3776 1745 3828 animus

184 3864 318 3921 fuerit
340 3869 402 3923 ad
446 3871 616 3923 Deum
648 3869 881 3922 intentus
900 3867 1133 3938 quando,
1156 3868 1352 3935 cogitat
1373 3882 1490 3921 eum
1514 3883 1618 3937 quo
1644 3868 1756 3920 dis-

184 3968 324 4022 serat,
354 3961 418 4016 ad
461 3975 624 4029 quem
668 3960 827 4013 verba
873 3958 1049 4023 faciat,
1097 3957 1307 4026 quando
1334 3958 1381 4011 ci
1412 3958 1463 4010 iu
1512 3968 1742 4012 mentem

184 4049 307 4101 venit
328 4049 467 4119 quod
492 4050 666 4119 angeli
689 4048 899 4103 adstent
918 4063 1037 4102 cum
1068 4036 1299 4102 tremore
1312 4056 1367 4102 et
1394 4047 1605 4111 timore,
1632 4049 1745 4116 ipse

183 4148 333 4192 autem
362 4139 573 4195 accedit
598 4141 830 4195 oscitans
857 4146 911 4193 et
935 4153 995 4193 se
1016 4138 1227 4193 fricans.

248 4225 450 4283 Precum
482 4239 671 4300 quanta
696 4230 761 4283 sit
791 4231 970 4283 vis.—
996 4228 1179 4297 Magna
1201 4243 1348 4281 arma
1380 4239 1497 4281 sunt
1534 4243 1739 4297 preces,

184 4318 219 4369 si
244 4336 350 4374 cum
385 4338 453 4376 ca
484 4337 587 4390 qua
613 4337 705 4390 par
731 4331 814 4376 est
840 4330 1018 4374 mente
1048 4325 1193 4375 liant.
1227 4320 1289 4372 Et
1311 4330 1370 4372 ut
1392 4335 1575 4373 earum
1627 4321 1741 4371 vim

184 4408 449 4481 intelligas,
485 4412 607 4466 hinc
635 4411 903 4480 perpende
935 4427 948 4463 :
978 4409 1360 4478 impudentiam
1404 4391 1738 4478 et‘iniqnita-

190 4503 293 4559 tem,
319 4498 690 4553 crudelitazem
730 4508 784 4551 et
813 4500 1167 4565 importunam
1215 4496 1488 4549 audaciam
1521 4494 1740 4545 vincunt

188 4588 387 4643 assidua:
424 4603 646 4656 preces:
677 4587 860 4640 Audite
911 4588 1070 4648 enim,
1108 4587 1295 4654 inquit,
1338 4586 1459 4653 quid
1489 4584 1625 4635 dicat
1649 4582 1742 4650 ju-

189 4677 266 4729 αα
308 4679 587 4747 iniquitatis
616 4676 763 4745 (Luc.
809 4677 859 4732 8.
891 4676 973 4745 6).
1007 4677 1071 4729 Et
1115 4690 1298 4729 rursus
1342 4675 1559 4727 vincunt
1603 4672 1743 4726 desi-

190 4764 305 4819 diam
336 4786 349 4821 :
388 4777 444 4821 et
469 4768 607 4836 quod
641 4783 744 4820 non
787 4766 909 4820 fecit
948 4767 1193 4829 amicitia,
1229 4766 1331 4817 hoc
1359 4763 1566 4815 assidua
1620 4761 1744 4815 fecit

192 4853 525 4924 interpellatio
552 4875 563 4907 :
596 4856 656 4908 Et
682 4859 841 4910 sinon
869 4873 925 4909 cu
956 4857 1089 4925 quod
1115 4859 1177 4907 sit
1199 4855 1525 4924 ejusamicus,
1552 4852 1737 4918 inquit,

192 4944 302 4997 dubii
325 4950 391 5009 ei,
422 4947 511 5000 sed
537 4958 699 4999 tamen
731 4957 935 5014 propter
963 4947 1070 5014 ejus
1095 4946 1457 5013 impudentiam
1481 4983 1497 5007 ,
1534 4959 1741 5009 surgens

191 5037 302 5091 dabit
324 5042 373 5094 ei
403 5028 554 5108 (Luc.
594 5041 677 5093 11.
709 5039 783 5108 8).
818 5039 881 5092 Et
920 5054 1035 5092 eam
1089 5053 1204 5106 qum
1237 5046 1351 5090 erat
1394 5035 1620 5100 indigna,
1659 5034 1741 5085 di-

193 5145 318 5197 gnam
346 5134 473 5189 fecit
520 5133 803 5186 assiduitas
836 5113 862 5182 ί
881 5130 1000 5183 Non
1050 5141 1141 5193 est,
1176 5130 1362 5198 inquit,
1397 5130 1581 5180 bonum
1610 5128 1741 5178 acci-

194 5236 285 5282 νινε
322 5241 507 5294 partem
536 5219 775 5292 ﬁliorum,
807 5231 851 5274 et
901 5223 1022 5273 dare
1049 5220 1271 5272 canibus.
1328 5218 1515 5279 Etiam,
1542 5218 1733 5284 inquit,

196 5312 381 5371 Domine
412 5335 429 5370 :
457 5335 574 5370 nam
602 5327 649 5370 el
668 5316 823 5370 catuli
865 5316 1129 5369 comedunt
1160 5331 1185 5367 e
1229 5329 1396 5365 mensa
1423 5311 1740 5363 dominorum

193 5422 369 5464 suorum
393 5411 607 5481 (Matth.
640 5410 723 5465 15.
749 5408 837 5462 26.
868 5406 983 5477 ‘27).

246 5500 287 5554 5.
329 5501 682 5556 Attendamus
726 5514 854 5568 ergo
879 5498 1106 5552 orationi
1139 5516 1151 5551 :
1183 5507 1304 5552 sunt
1352 5512 1537 5564 magna
1589 5510 1735 5548 arma

196 5600 369 5657 Preces,
414 5594 456 5647 si
492 5592 619 5645 fiant
664 5599 865 5644 attente
894 5600 947 5644 et
978 5588 1211 5651 aSsidue,
1257 5590 1301 5643 si
1355 5588 1557 5656 ahsqtlc
1598 5587 1737 5639 inani

193 5680 350 5749 gloria,
377 5686 418 5739 si
448 5700 569 5738 cum
631 5699 765 5751 puro
795 5692 849 5738 et
897 5683 1109 5737 sincero
1150 5680 1361 5735 all‘cctu.
1390 5680 1569 5734 Oratio
1603 5681 1737 5733 bella

192 5774 368 5844 [γει-ω,
393 5775 504 5844 ipsa
535 5782 753 5843 gentem
788 5774 1046 5843 inti-grain
1078 5782 1129 5827 ct
1182 5772 1447 5843 indignam
1482 5773 1737 5827 benclicio

1847 621 1929 657 eos
1985 603 2271 657 liberandos
2315 600 2507 674 tExud.
2540 601 2592 655 5.
2623 599 2716 668 8):
2745 598 2916 653 oratio
2966 607 3049 653 est
3079 598 3422 669 pharmacum

1846 694 2095 758 salutare,
2118 701 2169 746 et
2195 690 2484 763 prohibens
2514 698 2755 763 peccata,
2777 698 2829 743 et
2856 688 3305 743 medicamentqu
3328 689 3425 744 de-

1848 784 2113 836 lictorum.
2146 780 2202 835 ln
2227 796 2287 835 ea
2327 789 2441 835 crat
2476 779 2688 833 aSsidne
2735 778 2889 833 vidua
2937 778 3024 832 illa
3066 779 3250 832 relicta
3281 779 3416 850 sola,

1847 875 1978 929 Nam
2005 875 2046 928 si
2077 889 2292 929 oremus
2332 889 2453 927 cum
2488 872 2805 935 lmmilitate,
2854 872 2899 924 si
2929 870 3421 940 pectus-pulsantes

1847 978 1900 1019 ut
1933 966 2246 1035 publicanus
2266 1006 2281 1031 ,
2314 964 2358 1018 si
2395 979 2456 1019 ea
2484 978 2602 1033 qua:
2633 963 2720 1017 ille
2751 963 3029 1032 loquentes
3049 1001 3062 1025 ,
3091 961 3135 1014 si
3158 961 3417 1029 dicamus,

1846 1055 1970 1116 Esto
2016 1057 2265 1127 propitius
2315 1056 2439 1108 milii
2467 1054 2717 1125 peccaturi
2752 1052 2901 1123 (Luc.
2943 1054 3031 1108 18.
3076 1054 3189 1122 15),
3241 1055 3419 1107 omnia

1844 1164 2253 1218 consequemur.
2298 1147 2428 1203 Nam
2471 1147 2568 1202 etsi
2602 1161 2705 1199 non
2734 1160 2919 1200 sumus
2948 1144 3232 1213 publicani.
3257 1145 3421 1200 habe-

1846 1254 1962 1293 mus
1986 1240 2086 1293 alia
2113 1247 2328 1309 peccata
2357 1238 2497 1292 illius
2521 1237 2753 1305 peccatis
2784 1250 2887 1289 non
2921 1236 3149 1289 minora.
3184 1235 3259 1291 Ne
3288 1236 3419 1290 mihi

1845 1331 2044 1386 dixeris
2091 1338 2143 1385 te
2194 1331 2245 1385 in
2285 1329 2511 1399 quadam
2546 1343 2702 1398 parva
2735 1343 2792 1382 re
2824 1342 3075 1396 peccasse
3107 1345 3121 1381 :
3161 1342 3247 1382 res
3276 1329 3417 1385 enim

1844 1423 2086 1478 eamdem
2125 1421 2286 1476 habet
2311 1431 2573 1475 naturam.
2605 1419 2755 1475 Sicut
2780 1419 2921 1475 enim
2958 1419 3209 1476 similiter
3228 1421 3417 1476 dicitur

1843 1512 2127 1579 homicida,
2162 1522 2215 1567 et
2243 1513 2331 1582 qui
2361 1525 2551 1582 parvos
2581 1526 2773 1582 pueros
2810 1512 3103 1576 interemit,
3133 1523 3189 1568 et
3216 1515 3305 1583 qui
3337 1515 3416 1567 vi-

1844 1620 1959 1659 rum
1986 1620 2000 1658 :
2030 1606 2101 1658 ita
2126 1605 2288 1658 etiam
2317 1613 2400 1660 est
2427 1618 2637 1669 avarus,
2662 1612 2716 1658 et
2737 1605 2826 1674 qui
2858 1605 2907 1657 in
2940 1605 3139 1671 multis,
3160 1615 3213 1659 et
3240 1609 3328 1675 qui
3361 1607 3414 1660 in

1839 1695 2020 1762 paucis
2042 1692 2252 1747 fraudat
2278 1694 2601 1763 quempiam.
2643 1694 2707 1748 Et
2737 1695 2943 1763 injuria:
2970 1706 3203 1766 accepta:
3232 1711 3414 1750 recor-

1840 1783 2004 1849 datio,
2038 1800 2139 1839 non
2171 1796 2253 1840 est
2281 1800 2519 1854 parvum,
2546 1788 2637 1841 sed
2668 1802 2918 1857 magmtm
2944 1798 3221 1854 peccatum
3255 1807 3269 1841 :
3305 1788 3413 1843 Eu-

1839 1891 1952 1929 rum
1981 1880 2119 1930 enim
2141 1877 2226 1943 qui
2248 1877 2454 1948 injuria:
2476 1887 2696 1948 accepta:
2719 1889 2837 1932 sunt
2870 1896 3132 1946 memores,
3162 1882 3256 1935 via:
3297 1893 3413 1936 sunt

1836 1960 1901 2009 ad
1923 1958 2326 2029 murtem(l’rou.
2353 1960 2439 2015 i2.
2468 1961 2594 2031 9.3);
2630 1973 2706 2028 et,
2743 1966 2844 2030 Qui
2878 1968 3114 2022 imscitur
3139 1975 3286 2039 fratri
3320 1991 3411 2028 suo

1838 2048 1948 2102 sine
1971 2065 2147 2115 causa,
2178 2052 2271 2104 erit
2312 2052 2556 2106 obnoxius
2576 2057 2817 2127 gelteuuge
2864 2058 3074 2126 (diuttlt.
3112 2063 3165 2117 5.
3194 2063 3320 2132 22);
3355 2074 3410 2120 et

1836 2140 1923 2207 qui
1982 2151 2134 2195 vocat
2184 2143 2400 2197 fratrem
2449 2159 2601 2199 smun
2644 2146 2842 2201 fatuum
2873 2161 2926 2203 et
2954 2152 3313 2222 insipientem,
3351 2167 3407 2212 et

1835 2234 1933 2286 alia
1967 2233 2214 2301 plurima.
2254 2222 2690 2290 Reverendorum
2746 2239 2906 2292 etiam
2953 2235 3407 2303 sacramentorum

1837 2325 2129 2393 participes
2156 2340 2340 2380 sumus
2384 2327 2620 2397 indigne,
2647 2338 2697 2383 et
2750 2329 3071 2400 invidemus,
3104 2344 3156 2389 ct
3180 2338 3407 2392 maledi-

1836 2420 1938 2470 ctis
1982 2418 2280 2487 appetimns
2312 2438 2323 2471 :
2355 2420 2569 2489 quidam
2605 2436 2671 2476 ex
2723 2422 2876 2477 nobis
2915 2438 3056 2496 sape
3103 2429 3261 2480 etiam
3289 2441 3409 2483 sunt

1838 2507 2103 2561 inebriati.
2138 2507 2335 2561 liorum
2386 2525 2517 2564 vero
2549 2511 2961 2583 unumquodque
3011 2516 3181 2584 ipsum
3232 2534 3327 2586 per
3352 2534 3411 2573 se

1837 2597 2028 2652 sufﬁcit
2049 2599 2113 2652 ad
2142 2600 2509 2668 expellendum
2528 2616 2557 2655 c
2578 2617 2743 2671 regno
2769 2618 2784 2657 :
2812 2604 3026 2673 quando
3053 2615 3228 2662 autem
3250 2610 3406 2663 simul

1838 2702 2240 2757 congeruntur,
2294 2706 2579 2761 quamnam
2630 2693 2942 2750 habebimus
3002 2697 3411 2761 defensionem?

1839 2777 2018 2840 Multa,
2059 2793 2089 2833 ο
2137 2778 2339 2844 dilecti,
2389 2782 2542 2835 nobis
2586 2797 2721 2853 opus
2748 2793 2831 2839 est
2864 2787 3195 2856 pmnitentia,
3245 2791 3409 2847 multa

1838 2871 2277 2935 oratione,multa
2314 2873 2617 2943 tolerantia,
2637 2875 2803 2929 multa
2822 2877 3155 2943 assiduitate,
3183 2888 3242 2935 ut
3271 2882 3408 2936 bona
3434 2910 3438 2914 -

1840 2963 1991 3017 nobis
2023 2964 2281 3032 promissa
2331 2965 2595 3035 possimus
2624 2967 2857 3037 assequi.
2884 2969 3131 3027 Dicamus
3163 2988 3289 3045 ergo
3315 2989 3414 3030 nos

1839 3068 2067 3124 quoque,
2100 3052 2366 3122 Propitius
2395 3064 2499 3108 esto
2527 3056 2653 3108 mihi
2682 3059 2973 3125 peccaturi;
3013 3061 3122 3116 imo
3150 3077 3280 3118 vero
3305 3077 3412 3118 non

1840 3144 2009 3198 solum
2054 3144 2311 3208 dicamus,
2336 3144 2430 3199 sed
2474 3146 2631 3199 etiam
2654 3148 2949 3204 sentiamus
2984 3166 3047 3206 ac
3099 3154 3413 3224 cogitemus,

1840 3233 1959 3287 etsi
1988 3233 2122 3286 alius
2148 3248 2241 3288 nos
2272 3233 2351 3287 sic
2370 3244 2605 3301 accuset,
2636 3251 2703 3291 ne
2735 3237 3046 3295 irascamur.
3068 3242 3281 3297 Audivit
3300 3244 3411 3311 ille,

1843 3323 1963 3378 Non
1988 3340 2101 3377 sum
2129 3325 2254 3379 sicut
2275 3326 2575 3395 publicanus
2603 3328 2734 3394 iste,-
2781 3345 2881 3386 nec
2920 3332 3107 3400 iratus,
3141 3336 3233 3392 sed
3264 3352 3415 3392 com-

1844 3423 2068 3485 punctus
2092 3424 2175 3470 est
2204 3433 2216 3468 :
2246 3416 2521 3471 victoriam
2548 3417 2792 3483 obt’nuit,
2819 3432 2870 3475 et
2890 3423 3232 3492 opprobrium
3250 3428 3415 3496 depo-

1842 3505 1967 3559 suit.
2001 3504 2260 3560 lndicavit
2286 3506 2374 3561 ille
2400 3508 2623 3575 vulnus;
2658 3509 2742 3563 hic
2769 3511 3114 3579 pharmacum
3147 3519 3413 3587 quaesivit.

1843 3597 2088 3650 Dicamus
2116 3612 2263 3666 ergo,
2292 3596 2555 3666 Propitius
2575 3611 2681 3653 esto
2702 3603 2827 3655 milii
2847 3608 3099 3672 peccaturi
3119 3622 3140 3671 ;
3168 3609 3262 3663 sed
3288 3619 3342 3666 ct
3370 3613 3417 3666 si

1840 3688 1976 3741 alius
2020 3687 2180 3753 dicat,
2210 3704 2278 3743 ne
2326 3689 2689 3759 indignemur.
2734 3692 2826 3747 Sin
2869 3706 3045 3774 autem
3074 3700 3172 3767 ipsi
3198 3699 3413 3770 quidem

1842 3778 2079 3833 dicamus
2104 3779 2170 3834 de
2195 3780 2346 3834 nobis
2374 3780 2510 3835 mala
2538 3782 2964 3850 innumerabilia,
3000 3796 3056 3843 et
3088 3790 3155 3843 ab
3183 3792 3300 3847 aliis
3320 3808 3412 3847 au-

1841 3869 2049 3923 dientes
2077 3870 2389 3936 irascamur,
2423 3886 2528 3924 non
2552 3883 2627 3926 est
2664 3872 2766 3928 hoc
2794 3876 2975 3946 utique
3022 3878 3294 3936 humilitas
3317 3900 3410 3939 ne-

1842 3976 1945 4029 que
1970 3958 2256 4026 confessio,
2275 3960 2365 4015 sed
2394 3964 2680 4017 ostentatio
2702 3973 2756 4019 et
2773 3966 2942 4021 inanis
2962 3969 3147 4039 gloria.
3169 3972 3416 4029 Ostenta-

1844 4054 1986 4105 tione
2002 4058 2104 4112 est,
2122 4051 2306 4117 inquit,
2323 4052 2558 4120 seipsnm
2573 4067 2763 4107 vocare
2776 4067 3106 4123 peccatorem
3122 4059 3416 4117 ?Maxime:

1843 4137 2154 4193 humilitatis
2196 4139 2337 4192 enim
2370 4141 2763 4198 existimatione
2810 4142 3054 4214 fruimur,
3105 4148 3157 4201 in
3185 4151 3419 4205 admira-

1844 4233 1984 4286 tione
2014 4231 2290 4295 habemur,
2326 4231 2569 4287 laudibus
2599 4234 2945 4289 cxtollimur:
2980 4240 3021 4291 si
3054 4254 3181 4293 vero
3225 4240 3292 4295 de
3320 4257 3418 4295 no-

1842 4323 1922 4376 bis
1949 4322 2172 4375 dicimus
2198 4322 2542 4387 eontrarium,
2567 4322 2914 4393 dc5picitnur.
2937 4328 3291 4394 Quamobrem
3320 4332 3421 4387 hoc

1842 4428 2052 4484 quoque
2079 4412 2302 4466 facimus
2335 4424 2548 4481 propter
2574 4415 2819 4483 gloriam.

1919 4502 2195 4555 llumilitas
2243 4503 2363 4571 quid
2390 4504 2472 4556 sit.
2507 4535 2576 4544 —
2604 4506 2738 4571 Quid
2769 4516 2852 4561 est
2897 4518 3073 4563 autem
3114 4510 3418 4567 humilitas?

1844 4593 2037 4647 Pt-obra
2068 4593 2267 4660 ingesta
2299 4592 2454 4658 ferre,
2483 4604 2753 4661 peccatum
2798 4613 3104 4666 agnoscere,
3136 4601 3274 4655 ferre
3306 4618 3419 4655 ma-

1845 4686 2053 4737 ledicta.
2090 4684 2161 4737 Ne
2191 4685 2289 4737 hoc
2320 4686 2530 4752 quidem
2564 4685 2723 4739 fuerit
2754 4687 3090 4753 humilitatis,
3124 4692 3218 4745 sed
3265 4692 3410 4745 heni-

1840 4766 1926 4836 gni
1954 4766 2115 4819 animi
2146 4775 2198 4818 et
2220 4765 2618 4833 ingenui.Nunc
2634 4775 2809 4819 autem
2832 4781 2928 4819 nos
2957 4768 3171 4835 quidem
3190 4768 3416 4823 dicimus

1842 4866 2170 4927 peccatores,
2223 4855 2487 4924 indignos,
2514 4865 2566 4909 et
2592 4856 2692 4907 alia
2740 4857 3185 4919 innumerabilia;
3231 4858 3326 4912 sed
3374 4861 3417 4913 si

1840 4948 1957 5015 quis
1982 4946 2115 4999 alius
2140 4946 2290 5000 nobis
2322 4962 2481 4999 unum
2536 4962 2597 4999 ex
2632 4946 2713 4999 his
2741 4947 2977 5015 objiciat,
3008 4964 3147 5016 aegre
3176 4948 3415 5013 ferimus,

1842 5038 2145 5091 etl'cramur.
2198 5036 2355 5091 Vides
2387 5037 2525 5105 quod
2559 5038 2657 5091 hoc
2689 5054 2792 5091 non
2826 5040 2893 5090 sit
2924 5039 3212 5103 confessio,
3244 5056 3418 5109 neque

1842 5131 2001 5185 animi
2054 5130 2391 5199 ingenuitas?
2426 5131 2607 5183 Dixisti
2660 5132 2885 5199 teipsnm
2930 5147 3047 5187 esse
3106 5133 3308 5187 uilem:
3353 5151 3420 5187 ne

1843 5222 2106 5286 irascaris,
2149 5223 2191 5274 si
2237 5221 2303 5274 ab
2346 5222 2461 5274 aliis
2492 5222 2539 5273 id
2571 5222 2719 5275 audis
2764 5233 2817 5276 et
2846 5224 3122 5291 argueris;
3156 5240 3275 5278 nam
3325 5225 3415 5277 tibi

1840 5316 1916 5369 sic
1948 5314 2082 5370 levia
2121 5316 2416 5369 redduntur
2440 5326 2676 5384 peccata,
2704 5318 2915 5386 quando
2940 5319 3027 5371 alii
3057 5320 3414 5386 exprobrant;

1840 5410 1939 5463 sibi
1987 5408 2126 5462 enim
2170 5423 2306 5461 onus
2352 5408 2669 5477 imponunt,
2722 5418 2772 5463 te
2818 5420 2994 5463 autem
3039 5410 3296 5463 inducunt
3350 5412 3415 5464 ad

1843 5500 2250 5569 philosophiam.
2288 5500 2421 5551 Audi
2450 5500 2575 5569 quid
2610 5500 2749 5554 dicat
2778 5500 2964 5554 beatus
2996 5501 3177 5563 David,
3207 5502 3417 5571 quando

1838 5606 1959 5644 eum
1993 5590 2372 5644 exsecrahatur
2398 5590 2575 5644 Setnei
2610 5609 2623 5643 :
2661 5590 2867 5644 Dimitte
2901 5609 3033 5655 cum,
3064 5592 3269 5659 inquit:
3307 5592 3415 5645 Du-

1838 5682 1999 5733 miuus
2028 5682 2070 5733 ei
2102 5679 2372 5746 mandavit,
2403 5691 2455 5733 ut
2484 5681 2642 5735 videat
2664 5683 2994 5736 humilitatem
3014 5700 3172 5735 meam
3198 5700 3214 5735 :
3237 5694 3279 5736 ct
3301 5688 3414 5735 νεά·

1836 5774 1915 5827 εἰεί
1948 5774 2068 5827 milii
2104 5772 2343 5837 Dominus
2375 5774 2503 5829 bona
2534 5793 2623 5842 pro
2655 5777 2760 5841 eius
2794 5778 3131 5831 txsctratiouc
3174 5792 3284 5849 qua:
3318 5778 3415 5833 fuit
