4094 6412
672 424 762 478 i9]

679 544 824 597 hodie
863 541 937 609 (2.
982 542 1103 608 περ.
1140 537 1220 592 l6.
1275 536 1357 590 l0.
1404 534 1513 605 t2).
1542 535 1620 589 Tu
1661 542 1833 587 autem
1864 530 1931 585 de
1967 539 2016 585 tc
2043 528 2225 614 dicens

674 633 879 675 summa
908 620 1065 684 mala,
1090 619 1135 672 si
1167 629 1271 671 non
1298 618 1363 669 ab
1384 616 1499 668 aliis
1531 614 1712 667 audias
1753 624 2056 681 untguuruut
2089 625 2225 662 τιτι).

676 728 793 767 rum
820 722 872 766 et
892 712 1149 781 justorum
1186 707 1387 773 laudes,
1419 705 1676 761 ell'craris.
1716 704 1873 758 Vides
1908 700 2046 771 quod
2090 700 2224 754 ludis

677 800 733 856 in
762 802 917 856 rebus
945 816 1046 855 non
1088 797 1335 852 ludicris?
1386 795 1570 850 laudes
1595 795 1734 850 enim
1764 792 2064 862 repellimus
2093 788 2225 842 alia-

676 907 792 945 rum
820 889 1027 944 laudmn
1053 887 1337 952 desiderio,
1358 896 1413 941 ut
1443 888 1630 941 iterum
1656 886 1853 951 majora
1880 893 2224 951 asSequamur

675 980 934 1042 cncomia,
968 987 1022 1032 ut
1065 978 1116 1031 in
1144 977 1349 1047 majore
1392 976 1680 1031 habeamur
1716 974 2082 1028 admiratione.
2120 969 2226 1025 Nos

678 1069 856 1139 itaque
877 1083 982 1123 non
1009 1068 1354 1123 admittentes
1396 1066 1578 1122 laudes
1612 1076 1667 1121 ut
1711 1082 1802 1120 cas
1821 1077 2103 1134 augeamus
2131 1063 2230 1116 hoc

1310 414 1366 471 S.
1404 409 1675 470 JOANNIS
1708 404 2175 470 CIIRYSOSTOMI
2214 401 2525 463 ARClllEP.
2560 390 3083 457 CONSTANTINOP.

3793 383 3814 433 Ι
3832 386 3916 436 fl'.’

2322 519 2561 584 facimus,
2585 527 2638 572 et
2676 514 2850 570 omnia
2891 529 2918 564 a
2968 508 3117 564 nobis
3156 506 3286 560 fiunt
3314 502 3380 557 ad
3409 500 3654 569 gloriam,
3680 509 3787 549 non
3827 493 3909 544 ad

2322 613 2618 668 veritatem.
2643 608 2919 674 Propterea
2942 611 3064 655 sunt
3091 597 3267 651 omnia
3291 593 3489 657 inania,
3506 588 3681 643 omnia
3702 585 3908 639 dubia.

2325 701 2677 771 Quamobrem
2711 712 2838 767 rogo
2865 704 2922 747 ut
2946 706 3085 747 unuc
3112 689 3298 742 saltem
3322 680 3632 739 abstineatis
3660 694 3693 732 a
3717 685 3914 730 matre

2328 797 2583 851 malorum
2632 792 2771 844 inani
2814 785 2977 857 gloria
3002 825 3016 849 ,
3048 790 3103 837 et
3130 780 3313 833 \‘iratis
3340 787 3396 831 ut
3436 777 3543 831 Deo
3572 773 3742 841 placet
3776 785 3792 825 :
3847 776 3913 819 ιιι

2332 890 2501 943 futura
2544 894 2755 949 quoque
2784 878 2920 932 bona
2969 884 3377 942 consequamur,
3428 867 3480 921 in
3527 862 3743 921 Christo
3763 858 3915 913 Jcsn

2336 976 2557 1030 Domino
2583 980 2784 1027 nostro.

684 1205 3782 1232 ΨΜ

1928 1259 2268 1322 HOMILIA
2308 1255 2599 1318 XXVIII.

683 1398 808 1453 Cu.
834 1398 917 1451 Η.
958 1412 1008 1448 v.
1036 1396 1125 1451 37.
1170 1394 1477 1450 Circuierunt
1504 1394 1555 1447 in
1581 1391 1792 1456 metatis,
1818 1390 1871 1444 in
1898 1390 2108 1459 pellibus
2132 1403 2212 1441 σαι

752 1487 929 1556 prinis,
955 1496 1170 1557 egentes,
1192 1485 1487 1555 angustiati,
1515 1482 1710 1552 amicti;
1734 1480 1821 1536 58.
1848 1479 2026 1548 quibus
2044 1476 2227 1546 dignus

752 1593 849 1630 non
877 1586 982 1630 erat
1008 1574 1247 1638 mundus;
1273 1574 1325 1626 in
1352 1570 1704 1626 solitudinibus
1733 1578 1973 1632 errantes,
2003 1568 2056 1620 in
2084 1582 2227 1619 mon-

754 1666 901 1723 tibus:
926 1666 977 1718 in
1000 1664 1251 1734 speluncis
1276 1672 1323 1716 et
1350 1665 1403 1715 ia
1429 1661 1649 1715 cavernis
1678 1670 1841 1713 terra.

756 1758 806 1814 ι.
844 1757 1066 1824 Semper
1090 1752 1324 1825 quidem,
1358 1752 1587 1807 maxime
1612 1759 1787 1807 autem
1816 1748 2026 1820 quando
2053 1747 2229 1817 cogito

685 1861 772 1901 res
793 1854 969 1915 gestas
992 1854 1315 1907 sanctorum,
1345 1852 1467 1899 tunc
1492 1840 1621 1895 mihi
1648 1841 1791 1895 venit
1836 1840 1887 1893 in
1914 1848 2143 1893 mentem
2167 1835 2235 1891 de

685 1916 1258 2007 tne-desperare.quod
1307 1949 1406 1990 nec
1448 1934 1501 1988 in
1545 1933 1746 1988 somnis
1790 1932 2001 2001 quidem
2032 1930 2234 2001 experti

685 2041 888 2091 smnus,
919 2028 969 2079 in
1001 2027 1192 2095 quibus
1220 2025 1319 2078 viri
1351 2024 1427 2079 illi
1458 2032 1568 2078 toto
1595 2032 1834 2091 tempore
1861 2028 1986 2076 sunt
2012 2020 2232 2087 versati,

687 2131 789 2167 non
821 2123 1151 2183 peccaturum
1182 2128 1362 2183 pinnas
1388 2114 1611 2176 luentes,
1631 2112 1723 2167 sed
1752 2126 1837 2167 res
1853 2112 2017 2167 bonas
2042 2126 2104 2165 ex
2122 2111 2231 2166 vir—

679 2200 788 2247 tute
805 2203 1046 2262 gerentes
1063 2209 1115 2248 et
1131 2210 1339 2265 semper
1355 2196 1554 2253 afﬂicti.
1572 2198 1700 2254 Nam
1717 2200 1885 2270 cogita
1904 2199 2029 2254 mihi
2049 2200 2238 2262 Etiam,

694 2282 757 2335 ad
804 2299 957 2353 quem
991 2284 1149 2339 hodie
1176 2286 1312 2339 redit
1335 2288 1503 2343 oratio
1529 2304 1544 2343 :
1570 2288 1637 2345 de
1666 2290 1755 2343 illo
1788 2290 1928 2344 enim
1968 2290 2053 2344 hic
2080 2289 2239 2356 dicit,

689 2377 1000 2430 Circuierunt
1055 2378 1107 2429 ia
1150 2377 1367 2438 metatis.
1407 2388 1457 2433 et
1513 2381 1564 2433 in
1614 2395 1733 2435 eum
1782 2382 2030 2436 desinunt
2076 2382 2241 2450 ipsius

690 2464 929 2533 exempla
963 2482 976 2518 :
1007 2464 1146 2533 quod
1179 2473 1293 2519 erat
1321 2465 1581 2523 familiare
1608 2468 1723 2524 istis
1752 2478 1805 2523 ct
1843 2470 2133 2539 praprium.
2174 2468 2242 2522 Et

694 2554 999 2607 memoratis
1042 2554 1300 2621 apostolis
1346 2556 1487 2625 quod
1537 2557 1589 2611 in
1635 2558 1903 2612 occisione
1937 2558 2096 2628 gladii
2137 2560 2241 2612 sint

693 2643 882 2696 mortui
910 2684 925 2708 ,
966 2641 1105 2711 quod
1152 2642 1364 2711 lapidati
1391 2686 1405 2708 ,
1445 2647 1685 2701 ascendit
1714 2661 1901 2701 rursus
1931 2648 1995 2702 ad
2027 2647 2195 2700 Etiam
2223 2688 2237 2711 ,

691 2731 779 2795 qui
820 2730 1001 2785 eadem
1026 2746 1141 2799 qua:
1169 2732 1265 2801 ipsi
1304 2747 1490 2800 passus
1518 2742 1619 2789 est.
1659 2734 1790 2788 Nam
1832 2736 2083 2805 quoniam
2126 2743 2240 2789 erat

694 2821 977 2874 verisimile
1002 2835 1093 2874 eos
1122 2820 1189 2875 de
1229 2822 1482 2889 apostolis
1526 2823 1759 2878 nendum
1806 2832 2002 2878 tantam
2044 2839 2237 2878 concc-

698 2914 834 2980 pisse
877 2910 1207 2978 opinionem,
1238 2912 1303 2964 ab
1342 2926 1407 2966 co
1454 2912 1540 2981 qui
1591 2914 1684 2966 fuit
1730 2922 2060 2981 assumptus,
2088 2924 2142 2968 et
2185 2915 2237 2967 in

694 2998 920 3051 maxima
938 2998 1144 3052 habitus
1165 3009 1245 3051 est
1266 2999 1634 3065 admiratione,
1654 3000 1806 3055 achrt
1821 3001 2245 3054 exhortationem

690 3100 743 3138 et
763 3086 1197 3141 consolationem.
1223 3086 1531 3143 Circuierunt
1553 3105 1715 3156 enim,
1741 3090 1928 3159 inquit,
1955 3090 2006 3141 in
2030 3090 2245 3152 metatis,

689 3174 739 3224 in
771 3174 982 3241 pellibus
1011 3176 1254 3245 caprinis,
1283 3188 1500 3248 egentes,
1524 3179 1817 3248 angustiati,
1844 3179 2048 3248 afﬂicti:
2071 3180 2247 3247 quibus

690 3262 871 3331 dignus
897 3280 995 3316 non
1024 3278 1131 3317 erat
1164 3267 1399 3320 mundus.
1428 3266 1504 3323 Ne
1531 3279 1728 3321 Vestem
1760 3270 1972 3337 quidem
1995 3310 2009 3331 ,
2042 3270 2242 3338 inquit,

691 3351 951 3406 habebant
976 3364 1194 3423 propter
1217 3371 1477 3410 summam
1508 3356 1851 3413 afﬂictiouem
1871 3400 1885 3424 ,
1919 3374 2023 3412 non
2054 3360 2243 3413 civita-

630 3452 633 3457 '
689 3452 811 3505 tem,
844 3458 946 3497 non
975 3442 1214 3512 domum,
1244 3463 1344 3501 non
1379 3447 1732 3502 habitaculum
1760 3467 1772 3504 :
1796 3449 1897 3504 hoc
1917 3450 2054 3519 quad
2085 3449 2241 3504 Chri-

686 3542 800 3584 stus
850 3530 1086 3596 diccbat,
1126 3533 1291 3588 Filius
1338 3546 1502 3590 autem
1554 3538 1769 3591 hominis
1815 3555 1914 3592 non
1967 3540 2111 3592 habet
2158 3540 2242 3592 ubi

684 3631 836 3686 caput
864 3622 1068 3676 reclinet
1101 3623 1316 3694 (Matth.
1345 3627 1397 3680 8.
1425 3625 1539 3696 9.0).
1568 3627 1703 3696 Quid
1733 3628 1872 3691 dico,
1907 3644 2009 3683 non
2040 3629 2241 3683 habita-

685 3710 896 3763 culum?
929 3728 995 3766 ne
1038 3715 1318 3769 stationem
1363 3716 1574 3784 quidem
1601 3735 1615 3771 :
1648 3734 1766 3771 nam
1798 3734 1969 3788 neque
1999 3734 2116 3773 cum
2148 3735 2239 3773 ve-

687 3802 890 3857 nissent
919 3804 970 3859 in
1003 3808 1338 3861 solitudinem
1364 3848 1377 3870 ,
1407 3809 1638 3876 quietem
1667 3810 1891 3878 agebant
1918 3827 1931 3863 :
1966 3826 2070 3863 non
2098 3812 2238 3865 enim

680 3894 827 3958 dicit,
855 3893 1123 3950 Sedebant
1155 3898 1204 3949 in
1235 3898 1536 3961 solitudine,
1562 3900 1655 3952 sed
1682 3907 1735 3953 et
1760 3917 1877 3953 cum
1907 3902 2012 3954 illic
2035 3911 2235 3968 essent,

682 3986 948 4055 fugiebant
978 3998 1029 4041 et
1057 3990 1201 4043 illinc
1226 3990 1649 4058 expellebantur,
1678 4008 1780 4044 non
1812 3992 1983 4045 solum
2008 4007 2070 4046 ex
2098 4002 2234 4045 terra

684 4074 935 4139 habitata,
960 4079 1051 4131 sed
1080 4080 1235 4132 etiam
1260 4095 1324 4134 ex
1352 4078 1698 4134 iahabitabili.
1750 4081 1813 4134 Et
1845 4081 1893 4134 in
1924 4082 2234 4135 tncmoriam

679 4164 757 4217 eis
787 4176 998 4219 revocat
1028 4168 1137 4221 loca
1169 4169 1219 4221 in
1249 4170 1439 4233 quibus
1470 4168 1721 4223 sederunt
1744 4211 1757 4229 ,
1791 4180 1843 4223 et
1873 4186 1958 4225 res
1984 4188 2099 4240 qua:
2132 4172 2237 4226 illic

681 4255 834 4309 facta:
863 4266 985 4310 Sunt
1012 4274 1023 4309 :
1057 4256 1290 4326 ligentes,
1316 4260 1503 4329 aﬁlicti.
1537 4260 1736 4314 Deinde
1774 4276 1888 4325 vos,
1922 4261 2118 4330 inquit,
2150 4277 2236 4315 ac-

676 4356 862 4400 cusant
911 4358 1129 4416 propter
1159 4348 1454 4415 Christum,
1489 4361 1542 4403 et
1595 4349 1693 4402 hoc
1736 4352 2012 4417 patrabant
2049 4360 2235 4404 contra

681 4438 849 4490 Ellam
883 4455 895 4491 :
924 4438 1048 4507 quid
1098 4440 1361 4500 habebant
1387 4440 1454 4494 tie
1485 4457 1589 4509 quo
1617 4458 1735 4494 eum
1763 4451 2110 4506 accusarent,
2142 4456 2236 4496 cur

675 4530 1036 4596 expellerent,
1073 4543 1516 4599 persequerentur
1547 4542 1597 4585 ct
1627 4548 1744 4586 cum
1777 4534 1911 4588 fame
1939 4534 2231 4589 conﬂictari

675 4618 1128 4686 cogerent'iQnod
1153 4620 1201 4672 hi
1229 4636 1436 4688 quoque
1463 4632 1583 4675 tunc
1617 4623 1944 4691 patiebantur
1969 4643 1980 4676 :
2004 4635 2233 4693 propter-

674 4723 736 4757 ιιι
767 4708 889 4759 alihi
925 4707 1157 4773 diccbat,
1189 4709 1567 4776 Dcrrcreruut,
1598 4712 1784 4780 inquit,
1811 4713 2022 4765 mittere
2046 4714 2120 4766 eis
2143 4715 2230 4781 qui

674 4798 975 4865 uflliguntur
1004 4814 1065 4852 ex
1095 4800 1384 4870 discipulis.
1413 4802 1668 4868 Quantam
1697 4814 1964 4873 suppetunt
1981 4804 2128 4857 alicui
2148 4811 2231 4874 fa-

674 4891 895 4953 cultates,
915 4902 1194 4945 statuerunt
1238 4896 1569 4964 unusquisque
1595 4912 1765 4949 eorum
1794 4898 1985 4949 mittere
2003 4897 2053 4950 in
2086 4899 2231 4949 mini-

673 4982 875 5032 sterium
907 4982 1241 5036 habitantibus
1270 4984 1319 5035 in
1344 4984 1526 5036 Judaza
1556 4986 1793 5052 fratribus
1824 4986 1957 5057 (Act.
1985 4988 2073 5040 ll.
2096 4986 2163 5041 29
2186 4991 2226 5055 ).

672 5070 821 5136 Quod
868 5072 1053 5126 horum
1099 5089 1308 5143 quoque
1364 5085 1496 5128 erat.
1544 5076 1737 5144 amicti,
1780 5078 1975 5146 inquit;
2030 5078 2080 5131 id
2127 5090 2228 5143 est,

672 5162 808 5213 male
853 5163 1146 5228 patientes,
1192 5165 1241 5216 in
1288 5165 1425 5229 viis,
1478 5168 1527 5217 in
1574 5169 1817 5235 periculis
1845 5185 1858 5221 :
1887 5168 2024 5236 quod
2069 5170 2226 5222 etiam

672 5253 857 5304 horum
889 5266 1023 5307 crat.
1074 5256 1382 5309 Cirraicrunt
1412 5267 1605 5321 autem,
1638 5260 1760 5328 quid
1787 5262 1900 5313 est?
1946 5259 2008 5311 In
2051 5262 2228 5314 solitu-

669 5342 883 5405 dinibus,
920 5344 1091 5412 inquit
1113 5387 1125 5410 ,
1154 5358 1375 5399 errantes
1404 5358 1448 5400 ct
1476 5351 1725 5403 ntotitibns
1751 5362 1793 5402 et
1822 5352 1871 5403 in
1898 5352 2152 5418 speluncis
2180 5366 2227 5404 et

668 5434 885 5485 cavernis
917 5444 1079 5491 terrm.
1110 5436 1379 5505 Tanquam
1412 5438 1636 5507 fugititi,
1668 5441 1854 5509 inquit,
1882 5443 2222 5506 Clt‘t'ttlct'ttttl,

669 5532 714 5571 ut
752 5522 837 5587 qui
865 5538 893 5577 e
919 5525 1029 5578 suis
1056 5526 1285 5595 migrant
1314 5529 1549 5593 sedibus,
1578 5542 1841 5600 tamquam
1866 5534 1954 5601 qui
1988 5537 2221 5603 turpissi-

670 5629 874 5665 mmutn
908 5616 1161 5669 scelerum
1201 5627 1324 5671 sunt
1348 5621 1609 5684 com-icti,
1654 5633 1919 5688 tamquam
1967 5641 2031 5678 ne
2080 5626 2221 5690 digni

670 5696 880 5763 quidem
926 5700 1086 5753 solcm
1135 5704 1325 5757 lltlUCti
1357 5745 1369 5767 ,
1403 5722 1465 5758 nc
1495 5722 1555 5757 rx
1588 5708 1867 5760 Millllltilllt,‘
1899 5708 2107 5775 quidem
2139 5710 2211 5761 in-

2336 1395 2591 1437 venerunt
2631 1384 2915 1454 effugium,
2954 1387 3048 1442 sed
3093 1402 3306 1460 semper
3348 1392 3626 1458 Oportebat
3673 1393 3925 1462 fugere.

2333 1476 2610 1542 oportebat
2653 1477 2867 1534 latibula
2913 1493 3189 1549 quaerere,
3214 1481 3500 1549 oportebat
3540 1498 3602 1537 se
3645 1483 3801 1539 viros
3858 1485 3920 1539 in

2334 1574 2525 1619 terram
2570 1565 2849 1634 infodere,
2893 1585 3107 1639 semper
3147 1585 3267 1626 esse
3313 1574 3363 1625 in
3406 1580 3567 1627 metu.
3601 1573 3692 1628 39.
3736 1572 3805 1627 Et
3857 1576 3920 1628 lii

2332 1674 2501 1711 omnes
2542 1659 2818 1713 testimonio
2860 1660 3054 1730 probati
3086 1678 3173 1729 per
3198 1662 3387 1730 ﬁdem,
3432 1679 3534 1717 non
3574 1664 3920 1718 obtinuerunt

2331 1748 2786 1817 rcpromissiouem,
2812 1750 2902 1803 40.
2930 1749 3040 1803 Deo
3068 1766 3159 1819 pro
3188 1752 3329 1805 nobis
3358 1753 3539 1807 melius
3554 1754 3750 1821 aliquid
3780 1772 3920 1823 pro-

2332 1838 2542 1904 ridente,
2565 1851 2619 1892 ut
2644 1857 2705 1893 ne
2722 1842 2828 1895 sine
2852 1844 2991 1897 nobis
3009 1856 3497 1898 Consummarentur.
3520 1846 3648 1912 Qua:
3665 1856 3748 1901 est
3769 1864 3915 1917 ergo

2331 1942 2534 1989 merces
2559 1939 2719 1984 tantm
2743 1932 2892 2001 spei?
2916 1948 3033 2001 qua:
3059 1934 3451 1988 remuneratio?
3478 1935 3643 1989 Tanta
3669 1949 3826 1991 certe
3852 1946 3913 1989 ut

2330 2018 2571 2073 oratione
2596 2020 2820 2088 exprimi
2848 2036 2951 2074 non
2984 2023 3168 2090 possit.
3197 2022 3277 2075 Ea
3306 2024 3447 2077 enim
3469 2063 3482 2084 ,
3516 2024 3685 2094 inquit
3712 2064 3725 2087 ,
3759 2041 3913 2093 pra-

2330 2112 2522 2177 pararit
2552 2109 2683 2165 Deus
2709 2111 3030 2181 diligentibus
3055 2129 3192 2176 eum,
3220 2130 3335 2182 qua:
3358 2131 3518 2183 neque
3544 2115 3720 2168 oculus
3745 2116 3909 2177 vidit,

2328 2218 2417 2255 nec
2439 2203 2578 2256 auris
2605 2203 2794 2255 audivit
2821 2244 2835 2265 ,
2866 2219 2958 2257 nec
2986 2204 3038 2258 in
3062 2221 3148 2257 cor
3174 2204 3393 2259 hominis
3432 2206 3771 2259 ascenderunt
3802 2211 3822 2275 (
3854 2208 3911 2259 ι.

2328 2290 2444 2345 (.‘or.
2472 2290 2528 2346 2.
2557 2290 2648 2362 9).
2706 2293 2810 2347 Sed
2848 2293 3072 2346 nondum
3113 2303 3433 2363 acceperunt,
3478 2309 3664 2348 verum
3712 2296 3910 2347 adhuc

2327 2389 2656 2448 exspectant,
2683 2396 2803 2436 cum
2836 2382 2889 2435 iu
2921 2390 3061 2435 tanta
3090 2382 3422 2437 decesserint
3447 2382 3757 2438 afﬂictione.
3791 2385 3912 2439 Tot

2327 2482 2449 2523 sunt
2476 2470 2601 2523 anni
2628 2486 2692 2524 ex
2721 2486 2828 2541 quo
2855 2473 3127 2538 vicerunt,
3158 2481 3211 2527 et
3255 2473 3489 2527 nandum
3521 2488 3857 2543 acceperunt
3886 2497 3904 2532 :

2328 2578 2419 2617 vos
2442 2572 2616 2617 autem
2643 2563 2768 2616 dum
2794 2563 2967 2617 adhuc
2989 2564 3224 2629 certatis,
3256 2567 3431 2619 Intnin
3456 2566 3620 2619 estis?
3647 2569 3908 2637 Cogitate

2331 2667 2425 2705 vos
2456 2650 2665 2723 quoque
2692 2655 2815 2723 quid
2847 2664 2901 2708 et
2929 2664 3181 2723 quantum
3210 2655 3299 2719 sit,
3329 2656 3518 2710 sedere
3544 2656 3815 2714 Abraham
3846 2671 3913 2715 et

2326 2745 2542 2799 Paulum
2586 2747 2884 2814 apostolum
2927 2756 3300 2814 exspectantes
3350 2748 3565 2815 quando
3622 2758 3675 2802 tu
3727 2749 3905 2807 fueris

2324 2849 2757 2899 consummatus,
2790 2846 2845 2894 ut
2876 2846 2999 2890 tmte
3031 2840 3235 2906 possint
3270 2839 3514 2907 accipere
3560 2842 3898 2896 mercedem.

2324 2928 2476 2992 Nam,
2511 2928 2607 2981 nisi
2637 2943 2733 2981 nos
2761 2943 2974 2998 quoque
3001 2927 3349 2998 adfuerimus,
3385 2930 3627 2997 prmdixit
3656 2932 3735 2985 eis
3765 2931 3902 2987 Ser-

2326 3029 2476 3072 vator
2500 3033 2560 3072 se
2586 3033 2689 3071 non
2720 3018 2964 3071 daturum
2994 3035 3007 3069 :
3031 3020 3167 3071 sicut
3189 3019 3232 3071 si
3262 3028 3412 3086 pater
3436 3019 3728 3074 benevolus
3750 3022 3903 3076 dicat

2325 3107 2505 3177 probis
2534 3108 2655 3162 filiis
2676 3116 2730 3160 et
2753 3121 2841 3177 qut
2872 3124 3006 3175 opus
3036 3106 3404 3167 confecerunt.
3427 3122 3485 3161 se
3513 3125 3615 3161 non
3639 3110 3896 3164 daturum

2325 3200 2462 3270 quod
2488 3199 2647 3253 edant
2669 3240 2683 3259 ,
2720 3200 2817 3252 nisi
2853 3198 3099 3251 venerint
3129 3212 3314 3251 eorum
3355 3199 3565 3253 fratres.
3599 3200 3677 3253 Tu
3707 3210 3895 3255 autem

2325 3304 2463 3359 a-gre
2494 3288 2599 3344 fers
2626 3287 2764 3358 quod
2799 3289 3095 3341 mercedem
3128 3289 3363 3341 nondum
3408 3291 3722 3357 acceperis?
3752 3294 3896 3358 Quid

2324 3395 2451 3451 ergo
2478 3380 2633 3434 faciet
2662 3380 2809 3442 Abel,
2838 3381 2926 3448 qui
2959 3389 3085 3433 ante
3110 3393 3296 3432 omnes
3324 3380 3447 3433 ιὶείι
3469 3420 3483 3443 ,
3517 3390 3571 3435 et
3599 3382 3751 3437 sedet
3782 3398 3895 3437 non

2323 3469 2638 3525 coronatus?
2658 3467 2779 3536 quid
2806 3484 2929 3522 vero
2950 3467 3060 3521 Noe
3075 3468 3099 3519 ?
3117 3467 3242 3535 quid
3263 3467 3318 3529 ii,
3339 3468 3426 3536 qui
3456 3469 3561 3523 illis
3585 3469 3731 3525 fuere
3756 3482 3897 3524 tem-

2324 3563 2569 3632 poribus,
2600 3561 2688 3629 qui
2722 3570 2770 3614 te
2801 3570 2855 3613 et
2884 3575 2977 3613 eos
3001 3560 3091 3628 qui
3128 3569 3247 3625 post
3278 3568 3328 3613 te
3355 3568 3511 3613 erant
3538 3571 3851 3629 exspectant
3871 3565 3896 3613 ἲ

2394 3650 2791 3704 Christianorum
2833 3651 3023 3717 aptiora
3054 3648 3296 3701 conditio.
3321 3677 3391 3687 —
3424 3648 3582 3703 Vides
3609 3650 3751 3720 quod
3786 3653 3895 3705 illis

2324 3753 2506 3793 sumus
2533 3740 2858 3804 superiores,
2882 3754 2934 3791 et
2963 3738 3149 3792 melior
3174 3737 3241 3791 sit
3268 3747 3451 3792 nostra
3482 3754 3639 3807 quam
3669 3741 3889 3794 illorum

2324 3828 2589 3882 conditio?
2610 3825 2684 3880 Dc
2702 3827 2839 3880 uobis
2861 3832 3012 3891 cnim,
3039 3826 3230 3895 inquit,
3253 3828 3449 3895 aliquid
3464 3829 3642 3883 melius
3655 3833 3893 3897 prwridit

2327 3916 2481 3969 Deus.
2503 3915 2581 3971 Ne
2602 3917 2904 3970 viderentur
2918 3917 3057 3969 enim
3080 3930 3200 3969 esse
3220 3916 3456 3970 melioris
3472 3933 3631 3985 quam
3650 3934 3747 3970 nos
3761 3936 3889 3972 con-

2326 4003 2561 4067 ditionis,
2608 4006 2650 4056 si
2684 4004 2835 4071 primi
2888 4014 3293 4069 coronarentur,
3350 4002 3589 4056 dclinirit
3636 4004 3889 4056 omnibus

2329 4108 2488 4144 unum
2523 4101 2728 4160 tempus
2771 4106 3116 4156 curouarum;
3160 4103 3211 4147 et
3238 4094 3324 4163 qui
3354 4100 3455 4147 tam
3485 4095 3662 4147 multis
3685 4106 3808 4149 ante
3841 4107 3893 4147 te

2327 4181 2481 4234 anuis
2508 4181 2650 4243 vicit,
2673 4191 2841 4235 tecum
2870 4182 3057 4249 accipit
3084 4197 3355 4253 coronam.
3384 4181 3545 4236 Vides
3583 4184 3673 4236 Dei
3702 4200 3889 4238 curam

2328 4279 2382 4323 ct
2430 4268 2851 4337 proridcntiun?
2902 4269 3012 4324 Non
3059 4270 3208 4335 dixit,
3240 4270 3313 4326 Ne
3366 4273 3480 4326 sine
3529 4273 3680 4326 nobis
3728 4290 3889 4327 coro-

2331 4369 2553 4423 nentur;
2610 4360 2724 4424 sed,
2780 4359 2846 4413 Ut
2896 4378 2994 4415 non
3044 4362 3150 4415 sine
3188 4364 3327 4416 nobis
3374 4377 3892 4418 consummarcntnr:

2330 4450 2504 4519 itaque
2535 4461 2656 4504 tunc
2686 4461 2941 4519 apparent
2986 4453 3229 4519 perfecti.
3274 4453 3670 4508 Praecesserm't
3693 4456 3742 4507 in
3773 4472 3896 4509 cer-

2332 4540 2647 4606 taminibus,
2702 4540 2795 4592 sed
2867 4558 2968 4592 non
3034 4542 3337 4608 prazccdunt
3380 4544 3429 4597 in
3484 4546 3716 4595 Coronis.
3773 4545 3892 4598 Non

2331 4628 2447 4681 illos
2496 4630 2649 4693 lmsit,
2702 4630 2793 4681 sed
2842 4646 2939 4684 nos
2987 4631 3316 4685 honoravit:
3355 4633 3451 4700 ipsi
3504 4634 3643 4686 enim
3696 4634 3894 4690 fratres

2328 4727 2655 4779 exspectant.
2690 4717 2822 4771 Nam
2874 4719 2917 4770 si
2973 4733 3159 4773 omnes
3206 4735 3388 4773 smnus
3440 4738 3599 4774 lttttlttl
3657 4738 3891 4792 corpus,

2329 4808 2533 4859 exsistit
2581 4806 2700 4861 huic
2743 4809 2951 4877 corpori
3000 4810 3170 4877 major
3214 4810 3476 4880 voluptas.
3504 4812 3715 4882 quando
3743 4830 3895 4868 com-

2330 4897 2556 4950 muniter
2598 4909 2904 4960 coronatur,
2959 4907 3012 4951 et
3060 4916 3164 4952 non
3190 4902 3518 4970 singulatim.
3573 4903 3782 4957 Etenim
3840 4908 3891 4959 in

2330 4986 2429 5037 hoc
2458 5001 2668 5054 quoque
2691 4996 2812 5039 sunt
2832 4987 2959 5056 justi
2983 4988 3346 5055 admirabiles,
3372 4993 3510 5060 quod
3534 4993 3775 5047 tenuatur
3799 4998 3892 5049 Im-

2329 5076 2409 5126 nis
2439 5075 2657 5127 fratrum
2694 5085 2960 5144 tamquam
2993 5079 3124 5131 Suis.
3159 5078 3514 5146 Quamobrem
3550 5084 3649 5137 hoc
3679 5103 3892 5156 quoque

2328 5166 2432 5218 illis
2460 5166 2599 5218 cedit
2625 5182 2687 5219 ex
2719 5169 2880 5221 animi
2910 5170 2989 5222 sui
3021 5173 3305 5232 sententia,
3333 5172 3478 5241 quod
3507 5166 3627 5227 cum
3660 5180 3893 5245 propriis

2329 5256 2580 5308 nteanhris
2611 5256 2716 5309 sint
2738 5259 2977 5311 coronati
3006 5276 3017 5311 :
3049 5259 3189 5327 quod
3214 5261 3354 5314 enim
3382 5263 3536 5316 simul
3560 5264 3662 5315 siut
3690 5268 3891 5333 gloriti-

2325 5348 2447 5408 cati,
2472 5363 2657 5416 ntagna
2688 5360 2767 5402 est
2792 5350 3055 5419 Voluptas.
3098 5350 3246 5421 (Cap.
3278 5353 3365 5421 1?.)
3399 5354 3447 5407 l.
3478 5354 3699 5425 ideoque
3723 5369 3767 5410 rt
3797 5376 3889 5412 nos

2328 5449 2520 5491 (initam
2545 5439 2775 5493 habentes
2801 5441 3087 5503 impositam
3117 5442 3294 5496 nubem
3325 5445 3543 5497 testium.

2394 5532 2447 5583 9..
2490 5533 2759 5598 Scriptura
2790 5543 2930 5599 ξενιιο
2958 5535 3149 5602 accipit
3178 5538 3597 5591 consolationem
3627 5538 3680 5592 3':
3712 5544 3885 5611 malis,

2324 5640 2351 5676 ιι
2381 5623 2535 5675 rebus
2563 5640 2678 5691 qua:
2706 5624 2953 5678 accidunt
2982 5644 2991 5677 :
3021 5637 3071 5678 ut
3101 5628 3311 5695 quando
3332 5628 3463 5683 dicit
3492 5632 3742 5699 pmpitcta
3768 5656 3778 5688 :
3805 5636 3886 5689 Er

2323 5725 2465 5779 asta,
2501 5724 2542 5766 ct
2572 5716 2776 5780 duritie,
2810 5728 2854 5769 tl
2887 5718 3125 5771 imbribus
3158 5721 3332 5787 eripiet
3363 5732 3409 5774 te
3438 5721 3587 5777 limi.
3632 5726 3671 5777 i.
3710 5730 3805 5791 li);
3838 5741 3886 5781 ct
