4094 6432
190 390 276 444 103
1037 396 1101 452 ΙΝ
1140 395 1345 452 El‘lST.
1395 396 1480 449 AD
1521 393 1799 449 "Elin/Et

1920 396 2073 452 ΟΜ).
2116 401 2226 455 ΧΗ.
2272 403 2502 459 noun-
2547 406 2770 461 XXVIII.

192 518 371 580 David,
409 516 517 570 Per
541 518 693 572 diem
719 518 799 570 sol
821 532 921 569 non
945 526 1052 568 uret
1078 524 1144 577 te,
1170 530 1329 584 neque
1350 517 1473 565 luna
1496 521 1799 581 pernoctant

196 606 369 679 (Psal.
393 602 527 665 ﬁt).
561 609 650 678 ϐ).
684 609 802 662 lloc
823 608 981 661 etiam
1008 606 1092 659 hic
1115 605 1261 669 dicit,
1287 604 1427 674 quod
1453 604 1663 657 illorum
1686 620 1800 659 san-

204 712 414 757 ctorum
441 701 789 766 recordatio,
822 701 959 754 sicut
986 698 1154 753 nubes
1182 712 1301 752 cum
1333 696 1423 765 qui
1456 698 1629 751 ttritur
1653 714 1680 751 a
1710 714 1797 751 ea-

210 794 398 849 lidiore
422 793 581 847 radio
610 792 924 856 obumbrat,
955 790 1023 843 ita
1047 789 1243 843 excitat
1265 799 1314 842 et
1337 800 1545 843 recreat
1565 790 1797 842 animam

219 902 335 955 qua:
363 885 515 939 malis
547 884 787 937 laborat.
821 881 887 936 Et
913 897 1018 935 non
1049 880 1201 946 dixit,
1236 879 1290 933 In
1317 880 1481 933 altum
1508 893 1673 949 super
1693 896 1797 943 no.

228 979 436 1041 elatam,
462 974 579 1039 sed,
615 973 781 1027 Nobis
808 972 1090 1041 impositam
1117 986 1134 1024 :
1162 970 1305 1040 quod
1333 970 1548 1040 quidem
1574 980 1688 1025 erat
1710 972 1802 1024 illo

229 1066 472 1135 amplius.
492 1073 551 1119 ut
571 1080 670 1133 per
693 1063 795 1118 hoc
815 1061 1141 1127 ostenderet,
1162 1060 1302 1130 quod
1326 1061 1481 1115 nobis
1504 1062 1553 1115 in
1575 1062 1798 1116 circuitu

228 1156 504 1224 impositus
536 1156 706 1225 magis
744 1168 959 1209 securos
986 1152 1192 1208 reddet.
1218 1151 1404 1208 Testes
1426 1152 1555 1207 dicit
1580 1168 1684 1206 non
1709 1168 1805 1207 eos

226 1240 400 1293 solum
429 1240 516 1310 qui
549 1248 677 1294 sunt
707 1245 759 1292 In
790 1239 937 1292 Novo
959 1281 971 1302 ,
1016 1242 1108 1293 sed
1155 1243 1316 1293 etiam
1350 1259 1441 1296 eos
1470 1243 1556 1312 qui
1590 1256 1716 1296 sunt
1746 1246 1796 1298 in

229 1327 409 1383 Veteri
440 1346 454 1383 :
483 1343 605 1382 nam
642 1328 743 1397 ipsi
785 1343 997 1398 quoque
1040 1331 1273 1383 tulerunt
1324 1333 1688 1388 testimonium
1742 1335 1806 1388 de

226 1420 321 1475 Dei
354 1420 718 1490 magnitudine
740 1438 751 1471 :
775 1430 829 1474 ut
850 1431 958 1475 tres
982 1422 1149 1489 pueri,
1178 1432 1229 1476 et
1260 1423 1423 1489 Elius,
1451 1434 1503 1478 et
1531 1425 1806 1493 prophva

222 1526 432 1566 omnes.
464 1511 785 1581 Deponentes
813 1530 959 1567 omne
999 1515 1220 1582 pondus.
1263 1515 1457 1581 Omne,
1493 1517 1807 1585 quodnam?

220 1600 502 1665 Somnum,
525 1602 922 1671 negligentiam,
945 1604 1075 1658 viles
1097 1615 1149 1658 et
1172 1605 1407 1674 abiectas
1429 1607 1802 1676 cogitationes,

220 1693 404 1744 tltllztla
424 1693 671 1745 humana.
691 1690 759 1744 Et
781 1694 1111 1747 circumstans
1132 1711 1222 1747 nos
1246 1707 1528 1763 peccatum.
1549 1698 1804 1767 Aulquod

223 1794 325 1832 nos
354 1779 504 1836 facile
526 1782 893 1845 circumsistit,
924 1792 1015 1836 aut
1041 1784 1181 1853 quod
1212 1785 1366 1840 facile
1394 1788 1591 1855 patitur
1617 1798 1675 1842 ut
1696 1789 1802 1843 cir-

225 1873 599 1925 rumveniatur
624 1890 637 1925 :
667 1872 768 1926 hoc
795 1882 971 1928 autem
1005 1876 1180 1945 potius
1210 1894 1222 1929 :
1254 1877 1408 1932 facile
1438 1880 1602 1945 enim,
1640 1882 1681 1933 si
1718 1897 1804 1934 ve-

224 1964 421 2027 limus,
454 1979 736 2035 possumus
758 1979 1342 2036 superarepeccatum.
1376 1970 1480 2024 Per
1507 1974 1804 2041 patientiam

218 2070 488 2107 curramus
510 2056 822 2125 prapositum
844 2056 985 2110 nobis
1006 2066 1280 2112 certamen.
1302 2059 1415 2114 Non
1435 2061 1589 2128 dixit,
1606 2062 1805 2131 Pugne-

218 2158 366 2205 mus,
392 2159 581 2212 neque,
613 2145 921 2209 Luctemnr,
952 2163 1146 2217 neque,
1179 2150 1383 2204 Bellum
1410 2166 1681 2221 geramus,
1706 2154 1799 2207 sed

215 2238 365 2305 quod
391 2248 507 2291 erat
534 2234 783 2295 clunibus
812 2240 1001 2307 levius,
1026 2257 1220 2311 nempe
1248 2259 1464 2298 cursum
1488 2245 1537 2297 in
1566 2245 1796 2300 medimn

218 2329 416 2381 attulit.
465 2328 650 2398 Neque
674 2329 840 2398 dixit,
870 2331 1060 2386 Cursui
1087 2332 1402 2401 adjiciamus
1428 2374 1443 2398 ,
1474 2334 1568 2389 sed
1594 2376 1608 2400 ,
1645 2334 1699 2388 In
1737 2351 1802 2390 eo

220 2418 339 2485 ipso
367 2419 730 2474 sustineamus
756 2431 810 2476 et
842 2424 1224 2491 persistamus,
1257 2440 1323 2479 nc
1350 2424 1519 2479 simus
1547 2426 1797 2481 dissoluti

217 2522 271 2564 et
318 2514 580 2568 enervati.
626 2513 936 2581 Curramus,
970 2516 1178 2585 inquit,
1208 2534 1420 2589 agonem
1464 2520 1798 2589 propositum.

222 2604 418 2659 Deinde
445 2606 830 2661 consolationis
853 2616 907 2663 et
927 2610 1315 2663 exhortationis
1343 2620 1525 2680 caput,
1555 2611 1695 2680 quod
1721 2622 1802 2665 est

215 2708 267 2750 et
300 2702 527 2767 primum
552 2710 606 2755 ct
633 2701 897 2767 ultimum,
924 2704 1093 2772 ponit,
1118 2705 1387 2759 Christum
1416 2725 1427 2759 :
1456 2706 1512 2762 9..
1536 2708 1799 2777 Aspicien-

214 2798 305 2850 trs,
335 2790 528 2860 inquit,
552 2791 606 2843 in
628 2801 883 2845 auctorem
908 2793 1029 2861 ﬁdei
1052 2804 1097 2848 et
1125 2807 1576 2850 consummatorem
1601 2795 1635 2850 J
1641 2815 1799 2850 esum.

214 2878 365 2945 Quod
391 2882 510 2949 ipse
530 2897 744 2951 quoque
767 2883 1011 2937 Christus
1033 2885 1249 2940 assidue
1270 2886 1481 2941 dicebat
1509 2888 1619 2942 suis
1642 2888 1805 2943 disci-

212 2974 353 3042 pulis
402 2990 418 3028 :
472 2973 535 3029 Si
588 2982 781 3043 patrem
830 2975 1056 3046 familias
1101 2975 1381 3030 Beelzebub
1436 2979 1800 3047 appellarunt,

212 3075 405 3131 quanto
434 3066 599 3135 magis
629 3065 929 3122 domesticos
957 3068 1067 3137 ejus
1089 3066 1305 3137 (Matth.
1340 3070 1427 3123 10.
1454 3071 1585 3139 25)?
1610 3080 1663 3124 et
1687 3086 1804 3124 rur-

212 3169 323 3217 sus,
360 3154 483 3209 Non
512 3164 585 3208 est
616 3156 898 3224 discipulus
925 3173 1081 3226 supra
1109 3157 1427 3228 magistrum,
1454 3177 1610 3229 neque
1631 3178 1803 3215 servus

214 3261 361 3313 super
390 3245 657 3298 dominum
682 3262 830 3299 suum
858 3246 877 3318 (
911 3244 1041 3301 Ibid.
1071 3264 1118 3301 υ.
1146 3247 1281 3317 21).
1328 3250 1641 3319 Aspicientes
1672 3293 1687 3315 ,
1721 3252 1801 3305 in.

214 3336 325 3403 quit
354 3351 371 3389 :
407 3337 511 3390 hoc
538 3346 645 3402 est,
679 3344 737 3390 ut
762 3338 1033 3393 discamus
1060 3353 1298 3407 currere,
1334 3341 1613 3395 videamus
1645 3343 1796 3397 Chri-

215 3436 377 3479 stum.
414 3426 567 3482 Sicut
588 3429 732 3482 enim
758 3429 807 3482 in
839 3430 1088 3485 omnibus
1108 3431 1314 3486 artibus
1340 3442 1394 3487 et
1420 3433 1802 3489 certaminibus

217 3517 281 3570 ad
314 3518 602 3586 magistros
634 3519 975 3587 aspicientes,
1009 3520 1079 3574 ita
1110 3520 1164 3574 in
1194 3532 1376 3576 mente
1406 3533 1577 3577 artem
1611 3524 1799 3592 impri-

220 3610 449 3669 mimus.
486 3624 583 3678 per
617 3609 828 3665 videndi
872 3610 1178 3667 facultatem
1216 3612 1473 3683 quasdam
1525 3625 1799 3671 sumentes

220 3700 435 3768 regulas
470 3718 483 3754 :
516 3702 589 3755 ita
643 3701 729 3757 hic
778 3718 1029 3774 quoque,
1076 3705 1121 3759 si
1171 3706 1398 3761 velimus
1440 3722 1698 3772 currere,
1746 3718 1801 3763 et

221 3780 427 3838 discere
455 3798 602 3841 recte
628 3803 863 3856 currere,
891 3795 1178 3862 aspicimus
1203 3797 1269 3849 ad
1296 3797 1571 3853 Christum
1604 3809 1785 3854 aucto-

222 3887 328 3927 rem
356 3874 483 3930 ﬁdei
522 3887 577 3931 et
615 3893 1100 3939 consummatorum
1126 3886 1329 3942 Jcsum.
1361 3887 1497 3956 Quid
1542 3890 1643 3944 hoc
1672 3890 1793 3945 est?

227 3962 277 4017 id
305 3975 424 4027 est.
454 3966 571 4036 ipse
597 3970 753 4024 nobis
779 3972 934 4028 fidem
961 3974 1180 4044 indidit,
1208 3980 1320 4048 ipse
1346 3982 1665 4050 principium
1690 3982 1790 4037 de-

226 4053 316 4109 dit.
361 4056 519 4125 Quod
549 4060 759 4125 dicebat
794 4063 1040 4121 Christus
1069 4066 1388 4139 discipulis:
1422 4070 1545 4126 Non
1583 4089 1668 4127 vos
1716 4091 1795 4128 me

226 4148 456 4219 elegistis,
485 4155 575 4206 sed
605 4168 693 4224 ego
718 4154 849 4226 elegi
874 4173 959 4212 eos
985 4158 1165 4231 (Joan.
1191 4163 1279 4218 15.
1308 4162 1421 4235 16).
1453 4164 1647 4220 Paulus
1672 4176 1799 4235 quo-

229 4253 323 4331 que
355 4241 485 4297 dicit
513 4261 526 4296 :
559 4242 700 4300 Tunc
728 4263 1029 4320 cognoscam
1056 4253 1185 4307 sicut
1212 4264 1260 4309 et
1297 4258 1527 4328 cognitus
1556 4275 1666 4313 sum
1696 4258 1715 4331 (
1741 4259 1793 4314 1.

229 4324 338 4383 Cor.
362 4330 451 4387 15.
486 4332 615 4405 12).
646 4334 703 4391 Si
747 4346 927 4394 autem
970 4340 1084 4411 ipse
1115 4344 1270 4399 nobis
1310 4324 1562 4417 imposuit
1590 4324 1797 4420 princi-

230 4419 365 4511 Pillm
384 4462 399 4485 .
427 4421 546 4492 ipse
571 4440 788 4499 quoque
816 4431 970 4486 nobis
1002 4432 1160 4489 tinem
1191 4436 1438 4506 imponit.
1485 4419 1800 4511 Quipropo—

230 4508 319 4563 sita
340 4510 435 4565 sibi
459 4514 650 4585 gaudio
676 4520 914 4574 sustinuit
933 4539 1151 4589 crucem,
1172 4529 1468 4600 confusione
1491 4508 1795 4602 contempta.

234 4598 340 4655 lloc
368 4613 447 4657 est
474 4646 489 4669 ,
524 4605 717 4663 licebat
757 4610 809 4664 ci
848 4611 982 4668 nihil
1025 4616 1167 4685 pati,
1199 4618 1243 4672 si
1270 4598 1545 4676 voluisset
1577 4640 1590 4675 :
1627 4598 1798 4693 neque

233 4696 367 4748 enim
396 4709 672 4765 peccatum
698 4700 843 4769 fecit,
875 4720 1051 4776 neque
1076 4708 1324 4765 inventus
1345 4721 1429 4767 est
1452 4712 1608 4769 dolus
1632 4716 1682 4769 in
1708 4730 1801 4771 ore

231 4786 342 4854 ejus
371 4786 535 4859 (lsai.
562 4791 652 4846 53.
685 4792 757 4865 9)
785 4812 798 4848 :
827 4794 965 4851 sicut
993 4797 1111 4869 ipse
1139 4816 1353 4873 quoque
1377 4802 1508 4860 dicit
1538 4805 1589 4859 in
1621 4805 1800 4860 Evan-

234 4878 414 4946 geliis:
455 4880 597 4936 Venit
627 4886 804 4938 mundi
829 4889 1083 4959 princeps,
1114 4902 1160 4945 et
1185 4894 1238 4947 in
1267 4912 1345 4949 me
1364 4902 1464 4949 nbit
1489 4896 1635 4952 habet
1658 4899 1802 4968 quid-

234 4986 377 5040 quam
405 4972 583 5043 (lacn.
612 4977 702 5032 14.
729 4979 846 5047 50).
878 4981 1006 5037 Erat
1032 4998 1160 5055 ergo
1185 4986 1234 5041 ei
1264 4998 1570 5059 promptum
1589 5033 1604 5057 ,
1633 4992 1677 5045 si
1707 5007 1802 5049 vo-

245 5060 419 5120 luisset
446 5079 549 5119 non
579 5070 762 5125 venire
787 5070 851 5125 ad
879 5086 1090 5129 crucem
1118 5093 1131 5129 :
1161 5074 1463 5133 Potestatem
1502 5081 1643 5137 enim
1668 5123 1683 5148 ,
1713 5084 1799 5137 in-

238 5153 362 5224 quit,
383 5155 538 5210 habeo
559 5160 783 5228 ponendi
806 5165 1027 5217 animum
1047 5182 1229 5226 meant.
1257 5178 1306 5222 et
1331 5181 1623 5238 potestatem
1643 5175 1802 5230 habeo

240 5257 402 5336 rursus
429 5247 709 5302 reciniendi
736 5267 846 5305 eam
877 5251 1054 5322 (Joan.
1092 5257 1175 5311 10.
1210 5259 1319 5330 18).
1352 5258 1427 5333 (a)
1469 5261 1522 5317 Si
1553 5280 1681 5335 ergo
1709 5266 1800 5336 qui

246 5333 446 5392 minime
492 5354 718 5395 necesse
756 5340 983 5399 habebat
1024 5348 1259 5420 οι·υοίῦεί
1281 5392 1295 5415 ,
1329 5364 1547 5423 preptcr
1574 5333 1673 5413 nos
1705 5333 1801 5413 fuit

242 5428 504 5487 cruciﬁxus
529 5449 545 5487 :
572 5442 780 5501 quanto
808 5439 973 5510 magis
1005 5454 1099 5507 par
1122 5450 1207 5497 est
1235 5453 1293 5497 ut
1321 5460 1420 5500 nos
1448 5448 1623 5503 omnia
1655 5448 1804 5505 forti-

246 5528 316 5573 ter
341 5519 612 5581 feramus?
640 5524 745 5590 Qui
774 5531 1052 5595 proposito,
1086 5532 1288 5602 inquit,
1311 5536 1406 5589 sibi
1428 5540 1616 5609 gaudio
1644 5541 1802 5595 susti-

243 5614 331 5668 iniit
351 5632 550 5672 crucem
577 5657 593 5681 ,
626 5617 932 5686 confusione
964 5624 1433 5694 contempta.,Quid
1473 5640 1552 5686 cst
1571 5671 1588 5699 ,
1616 5629 1806 5701 Confu-

294 5780 355 5846 (α)
376 5778 599 5833 Gnatis
619 5776 703 5825 hic
718 5773 878 5827 hiatus
900 5787 975 5831 est
996 5782 1043 5832 iu
1067 5783 1282 5837 Colbert.

3386 408 3480 461 Ilii

1905 516 2046 570 sione
2075 528 2362 589 contempta
2380 522 2405 573 Ρ
2430 519 2775 590 Probrosam,
2810 524 3008 594 inquit,
3038 525 3198 597 elegit
3229 537 3476 585 mortem.

1907 604 2036 661 Esto
2060 609 2201 662 enim
2224 651 2238 675 ,
2271 610 2473 680 inquit,
2509 620 2591 667 est
2618 623 2903 679 mortuus;
2946 632 3044 673 cur
3093 617 3486 689 ignominioso?

1906 696 2021 751 Non
2049 710 2270 767 propter
2294 700 2457 764 aliud,
2487 717 2645 771 quam
2671 720 2768 759 nos
2794 705 3016 772 docens,
3041 717 3097 763 ut
3118 710 3340 778 gloriam
3365 726 3487 779 qum

1907 790 1973 843 ab
2016 789 2316 846 hominibus
2355 792 2512 846 datur
2547 792 2698 849 nihili
2726 794 3004 852 ducamus.
3038 798 3331 869 Propterea
3360 816 3484 857 cum

1908 894 2011 933 non
2034 891 2173 935 esset
2202 890 2417 950 peccato
2439 883 2732 953 subjectus,
2760 901 2876 941 eam
2901 889 3082 958 elegit,
3111 890 3365 947 erudiens
3386 908 3488 947 nos

1910 980 1964 1024 ut
1993 970 2249 1025 adversus
2273 987 2389 1026 eam
2417 974 2586 1027 simus
2608 975 2840 1031 audaces
2866 1018 2879 1039 ,
2911 988 2965 1032 et
2990 995 3108 1033 eam
3140 982 3292 1036 nihili
3320 982 3491 1038 facia-

1910 1075 2048 1114 mus.
2070 1061 2244 1127 Quare
2270 1078 2374 1117 non
2399 1062 2552 1125 dixit,
2580 1064 2825 1133 Tristitia,
2855 1067 2947 1122 sed
2977 1068 3327 1139 Confusione?
3348 1072 3493 1140 Quo-

1914 1152 2054 1203 niam
2088 1167 2191 1204 non
2225 1152 2338 1206 lucc
2372 1152 2575 1209 ferebat
2604 1170 2723 1210 cum
2756 1159 2991 1214 tristitia.
3035 1162 3163 1226 Quis
3201 1170 3378 1217 autem
3423 1165 3494 1219 sit

1912 1239 2030 1293 linis
2050 1240 2171 1293 audi
2202 1258 2214 1294 :
2238 1241 2401 1310 Atque
2418 1243 2470 1297 in
2492 1245 2700 1299 dextera
2720 1248 2853 1301 sedis
2878 1248 2971 1302 Dei
2995 1251 3148 1304 sedet.
3168 1251 3329 1307 Vides
3357 1270 3495 1323 pra:-

1898 1325 2061 1378 mium
2092 1328 2442 1382 certaminis?
2468 1328 2622 1396 Quod
2659 1331 2855 1389 Paulus
2887 1351 3101 1407 quoque
3129 1342 3374 1399 scribens
3398 1346 3480 1400 di-

1895 1418 1968 1469 cit
2000 1434 2011 1468 :
2048 1415 2267 1483 Propter
2292 1418 2429 1487 quod
2455 1428 2500 1471 et
2530 1419 2668 1476 Deus
2695 1423 2848 1477 istum
2874 1431 3289 1500 superexaltavit,
3315 1445 3363 1488 et
3388 1436 3481 1489 do-

1895 1509 2031 1558 navit
2060 1507 2138 1558 illi
2167 1524 2365 1571 nomen,
2408 1510 2543 1578 quod
2591 1521 2660 1565 est
2702 1529 2853 1583 super
2896 1532 3043 1571 omne
3083 1536 3286 1586 nomen,
3326 1534 3382 1577 ut
3425 1526 3478 1580 in

1896 1600 2097 1651 nomine
2120 1598 2244 1652 Jesu
2276 1616 2422 1653 omne
2451 1618 2582 1670 genu
2612 1604 2848 1672 ﬂectatur
2878 1605 3139 1681 (Philipp.
3171 1611 3225 1665 2.
3260 1614 3312 1668 9.
3345 1615 3476 1685 10

1900 1688 2036 1742 Dicit
2059 1690 2197 1759 quod
2222 1700 2305 1744 est
2331 1693 2622 1746 secundum
2646 1709 2885 1751 carnem.
2910 1702 3083 1769 Atque
3109 1704 3338 1759 maxime
3363 1707 3480 1775 qui-

1898 1778 2058 1845 dem,
2103 1782 2312 1835 etiamsi
2361 1783 2563 1837 nullum
2616 1796 2759 1839 esset
2813 1791 3144 1859 propositum
3197 1796 3478 1864 praemium

1898 1874 2224 1938 certaminis,
2259 1874 2535 1929 sufficeret
2580 1880 2882 1948 exemplum
2932 1882 2998 1935 ad
3047 1887 3478 1953 persuadendum

1900 1973 1957 2017 ut
1997 1965 2174 2019 cinnia
2216 1976 2398 2019 nostra
2433 1977 2623 2034 sponte
2653 1973 3044 2028 sustineremus
3075 1992 3088 2029 :
3124 1992 3266 2034 nunc
3294 1990 3477 2035 autem

1901 2054 2053 2107 nobis
2082 2056 2239 2109 etiam
2270 2070 2644 2125 proponuntur
2672 2065 2908 2130 praemia,
2942 2082 3046 2119 non
3075 2069 3347 2137 qualibet,
3380 2072 3477 2126 sed

1900 2158 2086 2215 magna
2132 2156 2184 2199 et
2226 2146 2533 2202 ineffabilia.
2584 2150 2945 2219 Quamobrem
2976 2171 3073 2211 nos
3102 2174 3317 2230 quoque
3355 2176 3476 2216 cum

1900 2234 2098 2304 aliquid
2128 2237 2233 2291 tale
2265 2239 2403 2306 passi
2436 2239 2714 2308 fuerimus,
2746 2256 2871 2299 ante
2900 2249 3175 2315 apostolos
3203 2251 3480 2309 Christum

1901 2326 2213 2393 cogitemus.
2239 2327 2446 2395 Quare?
2472 2330 2604 2396 Quia
2629 2340 2733 2386 tota
2757 2334 2873 2403 ejus
2909 2337 3013 2390 vita
3044 2339 3198 2409 plena
3227 2340 3327 2396 luit
3352 2358 3481 2398 cun-

1901 2415 2136 2468 tmncliis
2166 2434 2178 2467 :
2213 2431 2425 2487 semper
2452 2421 2593 2474 enim
2626 2424 2764 2478 male
2790 2426 3066 2495 audiebat,
3096 2440 3154 2484 ut
3181 2434 3268 2503 qui
3300 2448 3471 2489 voca-

1902 2516 2049 2559 retur
2071 2504 2324 2570 furiosus,
2349 2508 2601 2565 seductor
2624 2522 2677 2566 ct
2701 2516 3085 2587 prmstigiator:
3115 2529 3169 2575 et
3191 2523 3481 2593 aliquando

1902 2595 2115 2665 quidem
2139 2596 2387 2651 dicebant
2409 2599 2599 2667 Judzci,
2633 2602 2733 2657 llic
2752 2622 2852 2660 non
2873 2617 2946 2661 est
2970 2624 3001 2662 a
3022 2608 3168 2676 Deo;
3197 2613 3484 2682 aliquando

1902 2694 2099 2749 autem.
2135 2685 2255 2739 Non
2277 2729 2290 2751 ,
2320 2689 2407 2742 sed
2430 2692 2622 2746 seducit
2652 2694 2861 2762 turbas;
2889 2706 2944 2752 et
2972 2714 3159 2756 rursus
3179 2744 3194 2767 ,
3224 2701 3480 2758 Seductor

1903 2776 1991 2830 ille
2017 2777 2212 2830 dicebat
2241 2779 2408 2833 adhuc
2434 2783 2751 2848 uivens,Post
2780 2794 2878 2841 tres
2903 2789 3007 2843 dies
3032 2806 3311 2862 resurgam.
3344 2795 3485 2851 Prte-

1903 2866 2176 2935 stigiarum
2205 2883 2417 2939 quoque
2457 2881 2511 2926 et
2551 2876 2770 2943 magica:
2818 2878 2948 2932 artis
2995 2894 3118 2935 eum
3160 2886 3485 2943 accusabant

1903 2958 2142 3012 dicentes
2171 2976 2182 3011 :
2212 2957 2279 3011 In
2311 2959 2589 3016 Beelzebub
2616 2965 2752 3034 ejicit
2778 2967 3030 3023 dieiiionia
3084 2971 3272 3042 (Jonn.
3304 2975 3359 3030 9.
3394 2977 3481 3033 l6.

1906 3059 1949 3102 et
1977 3050 2027 3101 7.
2062 3048 2150 3114 12ς
2184 3050 2372 3106 Matth.
2396 3051 2485 3105 27.
2515 3054 2604 3108 65.
2631 3065 2676 3109 et
2705 3056 2791 3111 12.
2816 3058 2908 3130 24)
2937 3078 2947 3112 :
2975 3072 3029 3116 ct
3056 3065 3195 3131 quod
3226 3067 3489 3124 insnniret

1906 3148 1959 3193 et
1992 3140 2211 3195 haberet
2240 3142 2565 3199 dtemonium
2596 3166 2608 3199 :
2646 3147 2767 3204 Non
2799 3151 2919 3207 bene
2945 3154 3258 3225 dicebamus,
3289 3161 3487 3231 inquit,

1905 3231 2039 3300 quod
2065 3231 2210 3285 habet
2239 3233 2547 3289 dwmonium
2577 3250 2625 3292 et
2653 3240 2843 3296 insanit
2887 3243 3082 3313 (Joan.
3114 3248 3203 3304 10.
3228 3250 3299 3305 20
3320 3254 3383 3323 )‘l
3422 3254 3490 3310 Et

1909 3323 2023 3376 lucc
2048 3322 2116 3376 ab
2146 3322 2251 3379 illis
2282 3326 2564 3391 audiebat,
2591 3345 2712 3384 cum
2755 3348 2849 3389 eos
2890 3335 3169 3394 beneﬁciis
3208 3322 3448 3400 afﬁceret
3472 3387 3488 3409 ,

1908 3416 2164 3469 miracula
2197 3416 2418 3486 faceret,
2454 3419 2547 3474 Dei
2582 3437 2743 3492 opera
2775 3425 3106 3485 ostenderet.
3138 3430 3267 3486 Nam
3297 3434 3489 3505 siqui-

1871 3504 2027 3560 “dem
2059 3505 2190 3560 nihil
2222 3507 2421 3563 faciens
2454 3510 2570 3565 haec
2595 3514 2806 3569 audiret
2831 3557 2845 3579 ,
2879 3518 3011 3572 nihil
3042 3529 3189 3576 esset
3216 3522 3353 3579 adeo
3385 3504 3491 3582 ini-

1909 3612 2063 3651 rum:
2088 3598 2131 3650 si
2159 3608 2336 3653 autem
2379 3600 2581 3657 docens
2619 3620 2738 3673 qua:
2767 3608 3037 3676 pertinent
3074 3612 3140 3667 ad
3187 3617 3491 3685 veritatem,

1910 3688 2163 3745 audiebat
2192 3706 2252 3745 se
2278 3694 2456 3747 vocari
2483 3695 2843 3765 seductorem,
2873 3710 2927 3755 et
2947 3701 3222 3761 dzemones
3245 3706 3490 3777 eiiciens.

1909 3780 2159 3835 audiebat
2179 3797 2237 3837 se
2264 3784 2461 3852 probro
2483 3787 2660 3854 appeti
2682 3790 2824 3857 quod
2848 3790 3072 3849 haberet
3094 3795 3417 3864 dzcmonem,
3439 3812 3492 3858 et

1910 3887 2257 3943 quaecumque
2282 3884 2437 3929 erant
2464 3880 2731 3932 contraria
2758 3884 3325 3949 evertens,dicebatur
3356 3905 3496 3960 prm-

1910 3962 2156 4031 stigiator
2180 3982 2191 4017 :
2213 3980 2370 4034 quam
2402 3966 2643 4023 mirabile
2668 3968 2793 4025 illud
2814 3974 2933 4027 est?
2963 3974 3165 4031 ﬂorum
3194 3980 3335 4034 enim
3367 3996 3492 4039 eum

1910 4053 2125 4108 assidue
2149 4056 2490 4112 accusabant.

1987 4145 2043 4201 3.
2082 4144 2138 4199 Si
2164 4144 2245 4198 vis
2267 4150 2445 4197 autem
2485 4144 2670 4197 audire
2712 4142 2933 4197 dicteria
2978 4150 3034 4198 et
3056 4143 3337 4200 irrisioncs
3360 4161 3495 4216 quas

1918 4236 1972 4292 ln
2001 4251 2122 4293 eum
2148 4235 2482 4301 emittebant,
2502 4234 2642 4305 quod
2668 4244 2879 4289 nostros
2903 4234 3135 4293 maxime
3155 4237 3365 4293 mordet
3388 4240 3503 4295 ani-

1916 4342 2054 4392 mos,
2086 4326 2208 4381 audi
2242 4328 2466 4396 primum
2497 4340 2526 4379 a
2548 4340 2782 4396 genere:
2808 4324 2930 4379 Non
2960 4337 3033 4380 est
3072 4326 3172 4391 hic,
3214 4325 3404 4397 inquit,
3428 4329 3495 4397 fi-

1914 4422 2014 4476 lius
2041 4420 2191 4491 fabri,
2217 4419 2363 4489 cujus
2384 4434 2477 4471 nos
2497 4419 2724 4471 nouimus
2750 4427 2944 4487 patrem
2966 4428 3011 4472 et
3039 4420 3289 4472 matrem?
3327 4434 3497 4476 nonne

1915 4514 2097 4581 fratres
2118 4513 2227 4582 ejus
2257 4527 2430 4564 omnes
2449 4509 2587 4579 apud
2614 4524 2704 4562 nos
2725 4517 2840 4563 sunt
2862 4508 3077 4579 (Matth.
3113 4511 3197 4565 15.
3222 4510 3311 4579 55)
3335 4509 3358 4563 ἲ
3381 4520 3434 4565 ct
3462 4526 3495 4567 a

1916 4602 2085 4672 patria
2113 4616 2234 4655 eum
2262 4601 2593 4655 ludiﬁcantes
2622 4598 2870 4654 dicebant
2897 4614 3020 4653 eum
3068 4612 3186 4654 esse
3215 4614 3282 4655 ex
3325 4598 3493 4654 Naza-

1915 4693 2054 4748 t'etlt.
2084 4693 2148 4747 Et
2169 4705 2353 4747 rursus
2375 4709 2387 4745 :
2418 4689 2705 4759 Interroga,
2732 4691 2921 4759 inquit,
2949 4699 2995 4744 et
3015 4690 3128 4743 vide
3147 4690 3283 4761 quod
3306 4706 3369 4743 ea:
3389 4688 3496 4745 ϐας

1913 4784 2050 4837 tilica
2079 4798 2181 4836 non
2210 4781 2371 4852 surgit
2413 4781 2659 4852 propheta
2707 4779 2885 4852 (Joan.
2934 4781 2991 4834 7.
3036 4778 3242 4851 5‘2):et
3289 4780 3495 4836 ferebat

1912 4890 2032 4927 cnnt
2064 4872 2148 4926 his
2180 4878 2526 4942 appeteretur
2549 4870 2849 4925 calumniis.
2881 4869 2948 4924 Et
2976 4885 3165 4925 rursus
3196 4870 3442 4925 dicebant
3473 4887 3489 4925 :

1911 4965 2094 5017 Annon
2117 4963 2236 5015 dicit
2258 4960 2528 5030 Scriptura
2551 4960 2687 5031 quod
2705 4977 2768 5015 ex
2782 4959 3041 5015 Bethleem
3058 4961 3164 5015 uico
3184 4961 3315 5015 venit
3338 4960 3460 5015 Chri
3474 4990 3493 5002 ο

1910 5064 2017 5107 stus
2056 5052 2162 5125 (Ib.
2190 5068 2239 5106 υ.
2272 5050 2403 5121 4‘3)?
2428 5052 2519 5107 Vis
2548 5052 2711 5107 etiam
2746 5050 2933 5107 audire
2972 5052 3251 5107 irrisiones
3297 5052 3492 5122 quibus

1909 5144 1961 5198 in
1992 5158 2115 5198 cum
2137 5143 2236 5199 sub
2274 5142 2388 5212 ipsa
2429 5156 2594 5199 cnice
2618 5142 2939 5198 utebantur?
2977 5141 3259 5198 ittudentes
3284 5143 3484 5199 adora-

1911 5234 2203 5302 bantcum,
2234 5243 2287 5300 et
2325 5234 2694 5304 percutiebant
2731 5244 2786 5290 et
2822 5234 3081 5305 colaphos
3101 5235 3485 5307 impingebaut,

1908 5325 2260 5395 dicebantque
2278 5340 2294 5377 :
2321 5323 2419 5379 Dic
2442 5325 2585 5380 nobis
2607 5326 2721 5395 quis
2734 5335 2807 5381 est
2826 5328 2912 5398 qui
2931 5338 2976 5382 te
2990 5329 3271 5398 percussit?
3291 5337 3347 5384 et
3363 5343 3490 5384 ace-

1910 5428 2019 5471 tum
2049 5415 2345 5472 oﬂ‘erebant
2362 5418 2432 5483 ei,
2462 5417 2703 5473 dicentes
2726 5436 2740 5473 :
2764 5417 2827 5474 Si
2846 5435 2897 5473 es
2916 5417 3087 5475 Fitius
3110 5420 3222 5486 Dei,
3244 5421 3490 5477 descende

1907 5510 1969 5563 de
1997 5525 2143 5563 cruce
2178 5507 2389 5580 (Matth.
2422 5507 2513 5564 26.
2543 5509 2633 5564 68.
2660 5520 2707 5564 et
2731 5509 2823 5565 27.
2846 5511 2959 5583 ιο).
2989 5511 3256 5567 Przeterea
3298 5526 3489 5569 servus

1906 5615 2119 5671 quoque
2143 5600 2414 5670 pontificis
2441 5599 2590 5655 dedit
2631 5601 2680 5656 ei
2710 5600 2941 5671 alapam,
2986 5611 3039 5655 et
3066 5601 3230 5656 dicit:
3265 5602 3327 5657 Si
3355 5602 3490 5658 male

1906 5692 2146 5761 loquutus
2184 5708 2316 5765 sunt,
2373 5692 2707 5746 testimonium
2750 5692 2953 5763 per/sibe
2990 5693 3053 5747 de
3079 5694 3213 5747 uiola
3233 5711 3252 5749 :
3272 5694 3315 5749 si
3341 5695 3483 5761 bene,

1905 5782 2027 5849 quid
2056 5800 2133 5839 me
2160 5783 2312 5850 cedis
2344 5781 2522 5854 (Joan.
2555 5782 2642 5838 18.
2665 5782 2794 5855 23)?
2820 5782 2886 5839 Et
2909 5782 3197 5841 irridentes
3220 5786 3488 5855 imposue-
