4094 6404
613 362 703 416 ἰτρῐί

612 492 734 539 runt
760 481 809 536 ei
846 476 1200 547 chlamydem,
1244 481 1296 525 ct
1337 476 1591 540 spnerunt
1621 468 1670 519 in
1704 465 1818 534 ejus
1859 464 2075 521 facium;
2107 472 2158 513 et

615 578 928 628 temtatinncs
952 572 997 626 ei
1021 581 1226 637 semper
1252 558 1587 625 adhibebant,
1615 574 1732 613 eum
1761 565 2043 612 tentantes.
2075 555 2161 608 \‘is

612 666 769 718 etiam
800 662 980 716 videre
1019 656 1399 716 accusationes,
1448 665 1567 720 quin
1603 650 1758 711 clam,
1800 662 1915 716 qua:
1965 645 2156 715 palam,

612 773 731 825 qua:
758 756 913 809 etiam
941 751 1007 803 ab
1033 748 1159 817 ipsis
1182 745 1375 801 ﬂebant
1398 740 1704 809 discipulis?
1730 736 1868 791 Nam
1889 746 1933 790 et
1955 752 2058 799 vos,
2084 735 2161 788 in-

614 846 744 913 quit,
772 843 914 895 vultis
942 838 1116 891 abire?
1142 846 1213 898 et,
1249 833 1561 888 Dtentouium
1600 830 1747 882 habes
1773 826 1950 897 (Joau.
1985 825 2037 879 6.
2070 825 2159 879 68.

615 947 660 988 et
687 937 738 988 7.
768 932 884 1000 20).
915 929 1189 984 dicebatur
1217 926 1283 980 ah
1311 927 1374 979 iis
1398 925 1486 994 qui
1523 923 1630 991 jam
1671 919 2025 974 crediderant.
2070 917 2161 969 Dic

614 1037 787 1079 autem
816 1022 963 1088 mihi,
994 1034 1170 1074 nonne
1199 1019 1311 1086 ipse
1326 1030 1531 1086 quoque
1549 1026 1758 1080 semper
1785 1009 2033 1077 fugiebat,
2054 1006 2156 1061 ali-

614 1115 822 1185 quando
851 1112 1060 1182 quidem
1089 1111 1139 1165 iu
1170 1108 1456 1170 Galilaeam,
1484 1100 1769 1173 aliquando
1786 1109 1961 1154 autem
1993 1099 2043 1152 in
2071 1097 2162 1151 ,ιιι-

615 1205 819 1260 dmam?
846 1219 1020 1257 annon
1051 1202 1117 1254 ab
1147 1199 1276 1269 ipsis
1307 1194 1616 1250 lllCUltablllS
1638 1192 1736 1245 fuit
1762 1188 1924 1243 multa
1954 1186 2161 1256 appeti-

617 1309 701 1351 tus
723 1293 1043 1350 tentatione?
1066 1305 1238 1345 annon
1261 1303 1404 1351 eum,
1445 1300 1562 1339 cum
1591 1292 1733 1339 esset
1760 1280 1950 1345 infans,
1994 1288 2165 1333 mater

615 1384 832 1440 deduxit
858 1384 908 1436 in
928 1379 1245 1450 Egyplum?
1273 1377 1489 1445 Propter
1512 1373 1622 1427 lucc
1638 1370 1811 1426 omnia
1829 1370 1957 1424 dicit
1978 1384 1992 1421 :
2018 1367 2163 1436 Aspi-

616 1478 794 1528 cienm
823 1475 875 1526 in
902 1482 1152 1524 auctorem
1179 1470 1297 1538 ﬁdei
1325 1478 1370 1521 et
1398 1473 1841 1521 consummatorem
1866 1460 2060 1525 Iesum,
2078 1461 2164 1529 qui

621 1557 873 1624 proposito
893 1557 984 1609 sibi
1007 1557 1191 1625 gaudio
1220 1556 1451 1609 sustinuit
1479 1570 1690 1617 crucem,
1721 1552 2012 1617 confusione
2034 1565 2158 1599 wn-

616 1654 820 1715 tempta,
849 1656 995 1715 atque
1022 1644 1073 1697 in
1101 1644 1303 1696 dextera
1332 1644 1463 1697 sedis
1487 1641 1581 1695 Dei
1603 1643 1754 1695 sedet.
1787 1640 1863 1693 Ad
1892 1655 2010 1693 cum
2036 1652 2163 1707 ergo

614 1736 926 1804 aspiciamus
952 1744 1002 1788 et
1018 1734 1083 1788 ad
1104 1736 1218 1802 ejus
1236 1731 1538 1802 discipulos,
1564 1732 1795 1799 legentes
1810 1745 1925 1798 quzu
1944 1743 2158 1797 perpes-

614 1838 705 1876 sos
729 1835 806 1876 est
831 1824 1036 1881 Paulus.
1062 1835 1113 1878 ct
1139 1823 1407 1876 audientes
1430 1837 1547 1875 cum
1575 1820 1833 1875 dicentem
1860 1836 1871 1872 :
1896 1818 1923 1871 Ι
1931 1837 1961 1871 ιι
2004 1820 2162 1870 multa

615 1916 874 1982 patientia,
888 1916 938 1966 iu
956 1915 1365 1977 tribulationibus,
1384 1918 1433 1965 in
1451 1911 1887 1975 uecessitatibus,in
1904 1924 2162 1977 persequu-

615 2004 846 2067 tioaibus,
866 2005 915 2056 in
932 2005 1191 2071 angustiis,
1212 2005 1261 2055 in
1278 2004 1459 2072 plagis,
1477 2004 1527 2054 iu
1540 2001 1892 2064 carceribus,in
1909 2000 2163 2052 seditioni—

612 2094 1099 2162 bus,in)e]uniis,in
1127 2092 1411 2156 laboribus,
1427 2092 1479 2142 in
1502 2091 1761 2152 castitate,
1778 2088 1830 2139 in
1852 2084 2157 2149 scientiaﬂ.

610 2183 729 2236 Cor.
744 2188 795 2237 6.
812 2183 949 2252 4:6);
970 2192 1019 2236 ct
1033 2197 1238 2245 rursus,
1258 2180 1503 2249 Usquead
1512 2179 1835 2232 hanchoram
1846 2175 2099 2248 esurimus
2110 2182 2158 2227 et

612 2275 839 2333 sitintus,
852 2283 900 2327 et
911 2272 1037 2325 nudi
1046 2289 1155 2326 sum
1164 2289 1240 2331 us,
1255 2282 1303 2324 et
1315 2270 1545 2338 colaphis
1554 2268 1822 2326 credimur,
1833 2274 1880 2318 et
1893 2262 2158 2317 instabiles

612 2376 803 2423 sumus,
834 2369 889 2412 et
906 2358 1187 2411 laboramus
1213 2365 1471 2424 operante;
1511 2352 1734 2405 manibus
1769 2350 1982 2420 nostris:
2008 2348 2164 2400 malc-

614 2449 844 2513 tlicimur,
893 2457 938 2500 et
981 2446 1345 2507 benedirimus;
1390 2442 1806 2512 persequutionem
1837 2440 2071 2508 patimur,
2118 2448 2161 2487 et

614 2538 942 2598 sustinemus;
969 2536 1388 2603 blasphemamur,
1418 2542 1464 2585 et
1506 2531 1819 2585 obsecramus
1862 2527 1936 2598 (ί.
1958 2526 2077 2580 Cor.
2106 2526 2157 2578 5.

617 2626 783 2680 11-15
801 2625 843 2695 ).
873 2625 1129 2680 Passusne
1156 2632 1237 2677 est
1264 2620 1541 2691 quispiam,
1570 2619 1653 2674 Vel
1682 2619 1949 2672 minimam
1975 2615 2161 2670 harum

618 2715 854 2783 partem?
880 2714 1170 2783 Tamquam
1214 2711 1540 2774 seductorcs,
1569 2709 1773 2776 inquit”
1790 2715 2052 2770 tamquam
2080 2703 2163 2756 iu-

616 2806 803 2869 fames,
852 2815 1114 2873 tamquam
1146 2801 1274 2855 nihil
1325 2800 1581 2853 habentes
1618 2794 1709 2868 ’(2.
1749 2796 1866 2852 Cor.
1906 2795 1958 2850 6.
1996 2795 2085 2863 8):
2114 2803 2166 2848 et

620 2909 823 2959 rursus,
855 2894 898 2946 Α
935 2892 1129 2945 Judaris
1168 2890 1426 2960 quinquies
1451 2888 1816 2958 quadragenas,
1844 2902 1948 2939 una
1980 2888 2159 2950 minus,

618 2984 785 3051 accepi
803 3000 822 3047 ;
850 2992 923 3036 ter
941 2982 1089 3051 uirgis
1108 2996 1264 3035 caesus
1284 2997 1413 3043 sunt,
1436 2979 1586 3032 semel
1600 2977 1851 3043 lapidatus
1867 2992 1975 3032 sum
1991 2993 2009 3041 ;
2025 2986 2167 3028 nocte

619 3085 666 3129 et
691 3075 771 3127 die
793 3074 845 3126 in
874 3071 1121 3141 profundo
1144 3071 1296 3122 maris
1321 3069 1415 3138 fui,
1437 3079 1481 3121 et
1504 3069 1554 3120 in
1578 3067 1832 3120 itineribus
1853 3080 2004 3135 stupe,
2036 3064 2165 3134 αῃιέ-

621 3165 880 3229 ctionibus,
905 3163 1152 3232 angustia,
1181 3160 1315 3229 fame
1337 3158 1410 3231 (2.
1442 3157 1559 3213 Cor.
1592 3159 1676 3212 11.
1703 3157 1915 3222 24-26).
1942 3157 2007 3210 Et
2025 3155 2165 3224 quod

620 3258 734 3309 inec
762 3255 868 3307 Deo
898 3253 1182 3321 placerent,
1212 3251 1333 3306 audi
1361 3266 1480 3306 eum
1507 3250 1800 3303 dicentem:
1839 3247 2049 3317 Propter
2074 3249 2168 3300 hoc

620 3356 692 3398 ter
723 3344 987 3397 Dominum
1028 3343 1219 3411 rogari,
1260 3351 1305 3394 et
1327 3341 1452 3393 dixit
1478 3340 1633 3393 mihi:
1672 3338 1865 3406 Sit/ﬁcit
1892 3336 1977 3390 tibi
2005 3338 2168 3406 gratia

620 3452 764 3489 trioa:
787 3435 940 3489 uirtus
965 3434 1095 3487 enim
1124 3448 1230 3485 mea
1251 3433 1301 3484 in
1326 3432 1613 3499 inﬁrmitate
1647 3429 1921 3497 perﬁcitur.
1953 3426 2169 3496 Pmpter

619 3525 772 3596 quod,
802 3524 989 3593 inquit,
1017 3524 1187 3591 placeo
1217 3523 1339 3574 mihi
1368 3522 1419 3573 in
1446 3519 1816 3587 infirmitatibus
1842 3518 1980 3582 meis,
2005 3519 2057 3569 in
2084 3520 2168 3586 af-

621 3614 943 3685 ﬁictibnibus,
964 3614 1014 3665 in
1042 3611 1431 3675 necessitatibus,
1464 3610 1517 3662 in
1545 3608 1809 3677 angustiis,
1838 3607 1889 3657 in
1918 3606 2095 3675 plagis,
2119 3606 2171 3657 in

622 3704 921 3768 carceribus,
947 3712 999 3755 ut
1026 3703 1077 3755 in
1104 3718 1181 3755 me
1206 3700 1443 3754 inhabitet
1467 3700 1621 3753 virtus
1642 3698 1825 3751 Christi
1846 3695 1923 3765 (‘2.
1942 3694 2058 3751 Cor.
2082 3694 2168 3747 12.

624 3796 677 3849 8.
700 3795 753 3850 9.
784 3793 891 3863 10).
920 3792 1052 3847 Audi
1075 3800 1248 3865 autem
1278 3790 1447 3859 ipsum
1468 3802 1679 3859 quoque
1703 3786 1967 3841 Christum
1988 3784 2173 3838 dicen-

625 3896 765 3939 tem:
800 3882 864 3937 In
911 3881 1096 3935 mundo
1121 3878 1429 3951 aﬂlictionem
1457 3877 1693 3931 habebitis
1723 3875 1899 3945 (Joan.
1933 3875 2017 3929 16.
2056 3873 2169 3941 55).

622 3978 676 4035 5.
720 3976 1022 4047 Recogitate,
1054 3975 1240 4043 inquit,
1271 3990 1400 4037 eum,
1424 3974 1513 4042 qui
1550 3973 1697 4025 talem
1730 3971 1963 4025 sustinuit
1993 3987 2023 4022 a
2056 3987 2173 4040 pec-

624 4064 869 4119 catoribus
892 4064 1123 4117 adversus
1148 4065 1309 4133 ipsum
1329 4062 1786 4125 contradictionem,
1813 4070 1866 4113 ut
1892 4076 1953 4113 ne
1977 4059 2163 4129 defati-

625 4156 806 4227 gemini
830 4155 1008 4207 animis
1032 4153 1204 4207 vestris
1233 4151 1532 4216 deﬁcientes.
1562 4148 1687 4204 lure
1718 4149 1905 4202 merito
1932 4150 2045 4201 hmc
2077 4146 2173 4200 ad-

626 4245 760 4300 didit
784 4262 796 4298 :
823 4258 942 4296 nam
966 4242 1009 4296 si
1033 4241 1391 4310 proximorum
1418 4252 1515 4291 nos
1534 4237 1766 4291 excitant
1787 4236 2173 4305 perpessiones,

631 4321 806 4401 ipsius
827 4328 1031 4384 Domini
1058 4324 1426 4396 perpessiones
1454 4332 1703 4392 quantam
1734 4318 1888 4374 nabis
1909 4334 2013 4373 non
2043 4335 2185 4390 pm:-

633 4423 830 4479 bcbunt
852 4419 1013 4476 auimi
1040 4416 1401 4473 alacritatem?
1426 4413 1548 4485 quid
1583 4413 1735 4468 nobis
1766 4427 1869 4467 non
1900 4410 2093 4466 faciet?
2121 4409 2189 4466 Et

632 4514 754 4569 vide
779 4510 1049 4583 quomodo
1078 4509 1489 4579 praetermittens
1510 4504 1686 4559 omnia
1713 4502 1912 4570 dicere,
1944 4517 2037 4572 per
2060 4517 2189 4557 con-

636 4604 1000 4660 tradictionem
1039 4610 1204 4655 totum
1231 4598 1577 4668 significavit:
1608 4597 1741 4650 ictus
1767 4596 1906 4649 enim
1935 4594 1988 4649 in
2017 4586 2185 4664 genis,

637 4698 823 4760 risum,
850 4692 1219 4755 contumelias,
1248 4688 1704 4759 exprobrationes,
1736 4686 2026 4754 irrisiones,
2074 4684 2191 4740 hrcc

635 4788 811 4841 omnia
852 4784 1099 4839 indicavit
1147 4796 1242 4851 per
1290 4778 1760 4833 contradictionem
1797 4794 1809 4826 :
1843 4792 2015 4846 neque
2060 4790 2189 4830 vero

635 4878 809 4932 solum
838 4875 947 4941 illa,
981 4874 1073 4930 sed
1098 4884 1153 4927 et
1178 4888 1293 4942 qua:
1322 4873 1531 4925 fuerunt
1560 4869 1611 4922 in
1658 4868 1897 4921 universa
1940 4867 2059 4921 vita:
2088 4866 2187 4921 do-

635 4970 826 5029 ctrina.
873 4966 995 5021 llaec
1027 4965 1202 5033 igitur,
1234 4960 1581 5023 dilectissimi,
1614 4974 1823 5027 semper
1864 4969 2187 5027 reputemus,

637 5068 688 5111 et
708 5065 858 5111 noctu
882 5064 934 5109 et
954 5051 1180 5107 interdiu
1205 5051 1254 5104 in
1284 5050 1474 5103 aiiimis
1493 5049 1687 5101 nostris
1714 5062 2000 5112 versemus,
2022 5048 2192 5101 scicn-

640 5159 716 5203 tes
742 5148 878 5216 quod
901 5144 1093 5200 istbinc
1112 5157 1295 5212 magna
1315 5138 1626 5209 reportaturi
1658 5153 1837 5192 sumus
1868 5138 2023 5203 bona,
2057 5138 2191 5193 mul-

639 5250 850 5307 tamque
876 5236 996 5290 inde
1023 5235 1299 5289 utilitatem
1329 5232 1664 5300 recipiemus.

707 5326 893 5382 Christi
914 5326 1249 5395 perprssiones
1265 5324 1317 5377 in
1345 5322 1631 5376 memoriam
1658 5322 1967 5375 revocandae.
1990 5349 2061 5363 —-
2079 5320 2189 5375 bla-

636 5434 794 5489 gnum
826 5420 988 5482 enim,
1025 5431 1208 5471 revera
1237 5429 1479 5485 magnum
1529 5422 1655 5467 sunt
1702 5414 1950 5467 solatium
1996 5413 2192 5468 Christi

639 5511 1007 5580 perpessiones
1027 5518 1079 5562 et
1099 5507 1462 5578 perpessiones
1483 5506 1861 5575 apostolorum.
1888 5506 2032 5561 Adeo
2050 5521 2192 5562 enim

638 5601 839 5656 sciebat
867 5600 1001 5656 hanc
1027 5602 1165 5656 viam
1195 5600 1404 5655 virtutis
1429 5614 1545 5655 esse
1575 5600 1868 5662 meliorem,
1903 5608 2033 5653 utet
2056 5599 2189 5667 ipse,

640 5694 727 5762 qui
760 5708 819 5748 ea
847 5708 949 5747 non
979 5692 1183 5763 egebat,
1226 5706 1343 5747 eam
1382 5692 1449 5746 sit
1488 5691 1786 5753 ingressus:
1816 5691 1949 5747 adeo
1994 5690 2191 5746 sciebat

1310 350 1367 404 S.
1395 345 1664 404 JOANNIS
1703 342 2164 401 CllliYSOSTlllll
2199 333 2499 390 .\llCllll".P.
2539 324 3062 385 CUNSTANTINUP.

3716 306 3805 359 lilii

2249 453 2605 507 alliictiomem
2652 450 2860 519 juvara,
2892 455 2949 496 ut
2974 457 3089 512 qua:
3122 438 3286 504 magis
3326 438 3393 490 sit
3422 450 3579 490 causa
3620 434 3813 504 quietis

2249 560 2303 602 rt
2329 546 2678 602 remissionis.
2710 541 2842 595 Audi
2870 539 3011 589 enim
3045 531 3500 602 ipsumChristtnn
3523 530 3811 583 dicentem:

2253 641 2314 694 Si
2348 639 2459 708 quis
2501 654 2599 689 non
2631 635 2773 688 tollat
2812 644 3009 683 crucem
3052 641 3216 687 suam,
3248 634 3294 677 et
3321 639 3398 675 nte
3426 630 3682 689 sequatur,
3713 636 3815 672 non

2250 742 2321 784 est
2349 746 2426 782 me
2454 729 2636 797 dignus
2674 722 2883 794 (Matth.
2918 719 3003 773 10.
3039 716 3152 783 58).
3187 718 3265 768 Ac
3292 714 3334 766 si
3364 712 3598 765 diceret:
3626 709 3682 764 Si
3732 724 3814 773 es,

2250 822 2444 892 inquit,
2475 817 2787 886 discipulus,
2832 814 3038 866 imitare
3066 808 3402 876 Magistrum;
3436 803 3539 858 hoc
3563 801 3709 855 enim
3735 810 3819 854 est

2251 910 2515 980 discipuli.
2533 909 2588 964 Si
2610 917 2784 960 autem
2815 905 2928 971 ipse
2945 899 3153 970 quidem
3174 896 3315 951 venit
3331 910 3425 965 per
3445 892 3816 954 afflictionem,

2255 1012 2307 1056 tu
2330 1012 2505 1055 autem
2528 1013 2622 1067 per
2636 998 2865 1066 quietem
2891 999 2946 1043 et
2972 988 3360 1049 remissionem,
3388 999 3492 1037 non
3518 982 3707 1042 eadem
3734 981 3819 1033 vin

2254 1089 2548 1160 ingrederis
2571 1103 2669 1155 qua
2702 1084 2792 1138 ille
2820 1092 2901 1137 est
2928 1081 3219 1157 ingressus,
3248 1073 3339 1129 sed
3380 1073 3505 1125 alia.
3534 1069 3821 1138 Quomodo

2252 1196 2377 1252 ergo
2402 1178 2643 1248 sequeris
2673 1192 2774 1229 non
2802 1168 3067 1242 sequens?
3092 1165 3358 1237 quomodo
3398 1178 3458 1219 es
3499 1162 3820 1233 discipulus,

2253 1251 2356 1327 non
2384 1284 2611 1340 sequens
2650 1262 2996 1334 Magistrum?
3038 1259 3148 1313 lloc
3180 1257 3370 1311 Paulus
3398 1268 3610 1323 quoque
3644 1251 3776 1305 dicit
3805 1267 3820 1303 :

2255 1363 2366 1428 Nos
2388 1362 2595 1430 inﬁruti,
2624 1374 2707 1413 vos
2729 1368 2894 1410 autem
2922 1358 3104 1424 fortes;
3138 1365 3228 1403 nos
3255 1348 3510 1418 ignobiles,
3543 1360 3627 1398 vos
3648 1354 3823 1403 autem

2254 1452 2443 1508 nobiles
2475 1452 2523 1518 (1
2542 1488 2555 1502 .
2587 1448 2704 1504 Cor.
2738 1449 2792 1501 4.
2817 1444 2927 1516 10).
2955 1445 3059 1497 Ant
3085 1439 3350 1511 quomodo
3371 1445 3456 1491 est
3478 1435 3668 1487 rationi
3692 1448 3825 1487 Con-

2253 1552 2565 1596 sentaneum
2590 1552 2686 1592 nos
2713 1532 2947 1589 mandari
2970 1528 3256 1590 contraria,
3276 1535 3329 1582 ιι
3350 1541 3379 1579 ν
3393 1540 3447 1579 ss
3466 1523 3679 1592 quidem
3698 1535 3826 1575 esse

2256 1630 2564 1699 discipulos,
2601 1641 2696 1681 nos
2721 1636 2897 1678 autem
2926 1620 3241 1695 magistros?
3262 1617 3447 1686 Magna
3471 1630 3598 1684 ergo
3621 1629 3709 1668 res
3737 1624 3819 1665 est

2253 1721 2487 1781 afflictio,
2519 1732 2552 1771 ο
2578 1715 2751 1769 dilecti
2776 1732 2787 1767 :
2812 1717 2918 1766 duo
2946 1694 3107 1764 enim
3134 1707 3316 1771 efficit,
3346 1719 3519 1773 eaque
3560 1704 3820 1761 maxima,

2252 1819 2306 1863 et
2332 1818 2540 1878 peccata
2574 1806 2734 1870 delet,
2761 1813 2815 1858 et
2843 1801 2963 1855 iacit
2994 1799 3156 1853 fortes
3182 1805 3237 1851 et
3265 1796 3529 1850 robustos.

2318 1877 2373 1957 i,
2419 1888 2553 1954 Quid
2603 1902 2748 1949 vero,
2798 1887 2985 1955 inquit,
3028 1884 3071 1938 si
3111 1879 3360 1937 everterit
3388 1891 3443 1935 et
3473 1877 3812 1949 perdiderit?

2249 1979 2361 2035 Non
2390 1980 2492 2033 hoc
2522 1976 2645 2031 facit
2672 1976 2909 2040 afflictio,
2933 1974 3024 2029 sed
3054 1982 3231 2027 nostra
3260 1972 3483 2042 ignavia.
3508 1968 3809 2037 Quomodo,

2251 2070 2454 2140 inquit?
2483 2070 2536 2123 Si
2567 2067 2728 2122 sobrii
2758 2066 2942 2131 simus,
2974 2065 3016 2117 si
3053 2065 3212 2116 Deum
3243 2074 3489 2130 rogemus
3520 2072 3574 2112 ut
3605 2074 3707 2111 non
3735 2059 3813 2111 si-

2251 2172 2339 2216 nat
2367 2176 2462 2215 nos
2494 2160 2679 2214 tentari
2713 2158 3006 2227 plusquam
3041 2154 3178 2208 ferre
3204 2152 3489 2223 possimus,
3520 2150 3564 2204 si
3596 2150 3643 2203 ei
3670 2163 3813 2203 sem-

2254 2268 2346 2323 per
2375 2252 2665 2306 hmreanms
2687 2292 2700 2314 ,
2735 2249 2936 2302 fortiter
2965 2246 3217 2301 stabimus
3237 2251 3293 2298 et
3317 2243 3368 2297 in
3394 2242 3524 2297 acie.
3550 2240 3814 2309 Quamdiu

2252 2358 2370 2398 cum
2408 2342 2743 2397 habuerimus
2772 2338 3067 2407 adjutorem
3090 2377 3106 2400 ,
3135 2334 3342 2389 etiamsi
3370 2330 3613 2387 omnibus
3641 2329 3815 2383 ventis

2253 2434 2613 2489 vehementius
2650 2430 2896 2500 spirarint
2925 2428 3241 2484 tentationcs
3260 2469 3274 2493 ,
3305 2433 3460 2480 erunt
3486 2423 3637 2478 nobis
3664 2422 3813 2492 palea

2252 2536 2306 2581 et
2330 2524 2508 2580 folium
2539 2523 2676 2595 quod
2720 2522 2906 2575 leviter
2945 2530 2999 2575 et
3042 2529 3239 2574 temere
3269 2517 3454 2571 fertur.
3497 2513 3629 2569 Audi
3677 2513 3820 2567 Pau-

2254 2618 2361 2671 lum
2392 2617 2650 2670 diteutem
2686 2631 2699 2667 :
2732 2611 2798 2666 In
2819 2613 2895 2665 his
2922 2612 3149 2665 omnibus
3176 2621 3503 2679 superamus;
3526 2616 3578 2660 et
3604 2619 3816 2669 rursus,

2256 2708 2503 2764 Existimo
2529 2707 2658 2760 enim
2685 2704 2816 2773 quod
2843 2720 2941 2756 non
2963 2712 3077 2755 sunt
3103 2699 3365 2770 condigna:
3385 2697 3641 2767 passiones
3662 2695 3819 2764 hujus

2257 2798 2490 2868 temporis
2527 2796 2594 2848 ad
2634 2798 2855 2865 futuram
2884 2792 3096 2862 gloriam
3127 2806 3238 2859 qua:
3266 2788 3563 2841 revelabitur
3589 2786 3641 2838 in
3675 2784 3819 2837 nobis

2258 2890 2429 2962 (Rom.
2458 2888 2511 2943 8.
2542 2888 2628 2941 37.
2659 2896 2704 2939 et
2733 2884 2817 2955 18)
2836 2888 2865 2949 ;“
2885 2896 2934 2938 et
2965 2872 3179 2947 rursus,
3217 2879 3300 2955 Id.
3320 2879 3454 2947 quod
3489 2880 3543 2931 in
3586 2878 3821 2945 prtesenti

2257 2992 2327 3035 cst
2370 2988 2768 3032 momentauenm
2810 2986 2857 3029 et
2900 2976 3005 3028 leve
3045 2972 3381 3027 tribulationis
3420 2979 3624 3035 nostra,
3667 2986 3822 3036 supra

2257 3070 2458 3122 modum
2474 3077 2711 3121 teternum
2728 3064 2903 3135 glorite
2918 3062 3111 3132 pondus
3126 3071 3363 3131 aperatur
3381 3059 3431 3111 in
3454 3058 3592 3112 nobis
3604 3058 3681 3127 (Ξ.
3701 3058 3819 3111 Car.

2268 3160 2311 3213 1.
2349 3156 2452 3229 lb).
2488 3156 2618 3210 Vide
2653 3164 2845 3225 quanta
2882 3154 3145 3223 pericula,
3178 3150 3483 3221 naufragia.
3517 3154 3824 3220 frequenti-8

2258 3252 2589 3310 alﬂictiones,
2631 3259 2683 3302 et
2710 3263 2827 3316 qua:
2854 3254 2976 3300 sunt
3020 3242 3343 3312 hujusmodi,
3376 3252 3528 3296 vocat
3558 3242 3691 3295 levia
3725 3259 3735 3293 :
3767 3251 3825 3295 et

2261 3342 2507 3396 tumulare
2534 3339 2672 3391 hunc
2696 3338 3026 3391 adamantem
3058 3333 3159 3388 hoc
3186 3348 3411 3401 corpore
3449 3332 3637 3386 leviter
3658 3343 3710 3386 et
3740 3342 3824 3387 tc-

2262 3445 2407 3485 tncre
2444 3429 2702 3483 indutum.
2749 3426 2823 3482 Es
2864 3426 2915 3479 in
2948 3422 3299 3495 paupertate?
3339 3423 3433 3476 sed
3463 3437 3567 3475 non
3598 3422 3650 3475 in
3680 3430 3824 3474 tanta

2260 3530 2452 3591 quanta
2484 3519 2675 3574 Paulus
2697 3560 2710 3585 ,
2742 3520 2829 3588 qui
2861 3532 2980 3571 cum
3010 3517 3174 3581 fame,
3214 3515 3296 3568 siti
3326 3526 3379 3568 et
3421 3513 3661 3568 nuditate
3687 3528 3823 3567 con-

2261 3612 2556 3667 ﬂictabatur
2585 3628 2597 3661 :
2630 3626 2732 3664 non
2755 3611 2894 3663 enim
2925 3623 3082 3661 unum
3110 3606 3250 3660 diem
3280 3605 3379 3659 hoc
3401 3616 3481 3660 est
3503 3619 3707 3674 passus,
3728 3608 3824 3658 sed

2263 3714 2517 3776 perpetuo
2560 3703 2659 3759 hoc
2701 3701 3013 3769 patiebatur.
3063 3698 3209 3755 Unde
3258 3699 3357 3752 hoc
3398 3697 3643 3751 constat?
3687 3698 3823 3751 Audi

2263 3811 2381 3851 eum
2426 3792 2685 3848 dicentem
2722 3810 2736 3846 ε
2771 3790 2937 3860 Usque
2974 3792 3025 3843 in
3072 3790 3201 3842 hanc
3238 3790 3413 3841 horam
3461 3790 3744 3853 esurimus,
3775 3798 3826 3841 et

2263 3887 2475 3949 sitimus,
2509 3894 2553 3938 et
2590 3881 2709 3936 nudi
2738 3898 2912 3936 sumus
2940 3882 3014 3949 (l.
3047 3879 3164 3934 Cor.
3198 3880 3257 3934 b.‘
3284 3881 3399 3945 11).
3429 3879 3617 3947 Ρειιιωε
3651 3894 3823 3949 quan-

2265 3987 2368 4029 tam
2398 3974 2616 4045 gloriam
2659 3973 2766 4041 jam
2814 3979 3128 4043 assequutus
3176 3970 3230 4022 in
3275 3968 3667 4039 pricdicatione,
3719 3980 3826 4023 tam

2264 4068 2426 4129 multa
2456 4062 2677 4129 ferebat,
2706 4075 2760 4119 et
2779 4065 2885 4133 jam
2918 4064 3097 4132 viginti
3123 4076 3290 4116 annos
3330 4062 3381 4114 in
3410 4076 3469 4114 ea
3503 4060 3825 4124 Conieccral,

2266 4156 2479 4228 quando
2508 4156 2621 4211 haec
2648 4140 2955 4211 scribebat?
2985 4153 3105 4207 Scia
3136 4152 3288 4214 enim,
3333 4150 3529 4219 inquit,
3576 4151 3829 4205 hominem

2262 4259 2380 4303 aute
2407 4264 2564 4301 unitos
2589 4244 3000 4315 quatuordecim,
3048 4244 3151 4297 sire
3193 4244 3245 4295 in
3284 4258 3513 4311 corpore,
3545 4243 3647 4295 sive
3684 4252 3830 4296 extra

2264 4355 2444 4409 corpus
2485 4339 2648 4392 nescio
2694 4336 2767 4406 (Ξ.
2817 4335 2934 4388 Cor.
2978 4334 3061 4397 12.
3114 4333 3209 4403 2);
3254 4343 3307 4387 et
3336 4349 3538 4395 rursus,
3571 4332 3693 4388 Post
3718 4329 3831 4388 tres

2264 4444 2422 4482 annos
2442 4468 2454 4491 ,
2486 4426 2687 4496 inquit,
2718 4425 2919 4478 ascendi
2944 4423 3312 4493 Jerosolgmant
3342 4420 3482 4490 (Gal.
3520 4426 3566 4477 1.
3606 4423 3715 4493 18).
3761 4423 3833 4477 Et

2265 4534 2449 4573 rursus
2483 4518 2605 4572 audi
2645 4531 2765 4571 eum
2802 4515 3064 4569 dicentem
3098 4532 3111 4568 :
3153 4513 3348 4567 Bonum
3388 4523 3460 4567 est
3507 4514 3625 4566 mihi
3669 4513 3833 4584 magis

2265 4614 2413 4679 mori,
2440 4624 2588 4680 quam
2610 4620 2664 4662 ut
2683 4608 2896 4679 gloriam
2921 4622 3083 4664 meam
3107 4605 3216 4675 quis
3240 4614 3457 4658 evacuet.
3485 4602 3592 4658 Nec
3619 4603 3719 4659 hoc
3744 4620 3833 4658 so-

2266 4706 2374 4759 lum
2395 4745 2407 4763 .
2438 4702 2530 4757 sed
2558 4704 2715 4756 etiam
2748 4713 2931 4753 rursus
2960 4696 3200 4751 scribens
3227 4695 3438 4749 dicebat
3469 4712 3482 4748 :
3516 4694 3662 4748 Sicut
3707 4711 3837 4759 pur-

2267 4796 2499 4860 gamenta
2524 4783 2696 4838 mundi
2728 4786 2845 4853 {acts
2872 4797 3043 4835 sumus
3071 4778 3147 4852 (1.
3175 4778 3291 4835 Cor.
3320 4779 3377 4836 9.
3416 4779 3501 4834 15.
3540 4787 3586 4832 et
3623 4778 3678 4833 ι.
3710 4778 3827 4849 13).

2270 4876 2404 4944 Quid
2434 4878 2573 4931 fame
2599 4873 2848 4945 gravius?
2875 4871 2999 4941 quid
3029 4870 3247 4940 frigore,
3279 4867 3402 4941 quid
3429 4868 3630 4924 insidiis
3659 4883 3688 4921 a
3722 4867 3835 4923 fra-

2273 4968 2475 5033 tribus,
2514 4980 2645 5035 quos
2692 4965 2851 5018 etiam
2889 4961 3118 5031 appellat
3174 4960 3335 5015 falsos
3377 4955 3608 5013 fratres?
3657 4972 3837 5014 nonne

2273 5058 2556 5113 vocabatur
2578 5055 2723 5110 orbis
2757 5064 2911 5109 terrm
2942 5052 3221 5122 pernicies,
3264 5066 3368 5105 nou
3408 5051 3683 5121 impostor,
3726 5065 3835 5102 non

2271 5147 2527 5205 eversor?
2560 5162 2736 5201 annon
2764 5143 3207 5200 conscindebatur
3247 5141 3427 5211 ﬂagris
3467 5137 3681 5196 caesus!
3707 5137 3835 5194 ιιωε

2274 5240 2427 5293 nobis
2451 5238 2662 5293 veniant
2691 5236 2743 5290 in
2772 5246 3001 5289 mentem
3023 5274 3037 5297 ,
3071 5247 3103 5287 ο
3133 5232 3330 5297 dileCti,
3372 5230 3489 5286 hac
3520 5229 3834 5299 cogitemus,

2276 5333 2389 5387 lucc
2419 5329 2815 5385 meiniuerimus
2841 5337 2889 5380 et
2914 5339 3196 5394 numquam
3221 5322 3572 5378 dissolvemur
3596 5332 3651 5376 et
3678 5334 3838 5375 ener-

2276 5424 2534 5487 vabimur,
2578 5420 2782 5476 etiamsi
2829 5418 3017 5487 injuria
3062 5415 3350 5470 afficiantur
3379 5454 3393 5478 ,
3436 5412 3645 5468 etiamsi
3695 5411 3836 5466 bona

2274 5525 2451 5571 nostra
2484 5512 2817 5582 diripiantur,
2850 5510 3051 5565 etiamsi
3083 5507 3220 5563 mala
3248 5507 3508 5577 patiantur
3536 5503 3833 5558 innumera.

2278 5610 2438 5663 litetur
2466 5606 2615 5661 iuibis
2639 5616 2695 5659 ut
2720 5605 2769 5659 in
2798 5601 2941 5657 cmlis
2968 5601 3021 5655 in
3048 5602 3184 5656 bona
3214 5600 3379 5654 simus
3408 5594 3794 5653 existimatione
3815 5634 3833 5659 ,

2280 5710 2329 5754 ct
2359 5710 2477 5753 sunt
2504 5698 2678 5753 miinia
2710 5691 2999 5752 tolerabilia
3028 5708 3042 5745 :
3089 5692 3242 5747 detur
3283 5701 3338 5747 ut
3379 5690 3487 5746 illic
3515 5699 3599 5743 res
3625 5694 3833 5741 nostras
