4094 6418
221 372 308 428 l9?

212 763 458 826 cstgrave
481 769 587 809 nec
608 761 816 819 natura,
839 766 937 807 nec
953 760 1216 823 tempore.
1242 752 1378 821 Quid
1396 752 1538 807 enim
1562 754 1779 810 viscum

220 833 577 917 illisgravibus
600 856 655 901 et
678 846 946 900 atrocibus
966 845 1341 901 conferamus?
1360 846 1485 917 quid
1513 861 1633 902 cum
1661 848 1783 918 igne

215 939 290 1008 qui
316 953 419 993 non
453 946 641 1007 potest
674 937 983 1009 exstingui?
1009 954 1132 994 cum
1156 953 1336 995 verme
1362 940 1453 1009 qui
1484 954 1589 994 non
1620 940 1784 995 mori-

212 1028 331 1085 tur?
355 1029 486 1102 quid
517 1044 586 1083 ex
619 1030 681 1083 iis
708 1044 826 1097 qua:
853 1028 941 1084 hic
968 1038 1093 1084 sunt
1130 1039 1304 1099 potest
1336 1030 1515 1086 dicere
1544 1045 1637 1101 par
1660 1046 1781 1088 esse

211 1126 413 1182 stridori
430 1124 704 1191 dentium,
735 1124 979 1187 vinculis,
1004 1124 1238 1179 tenebris
1259 1126 1639 1192 exterioribus,
1663 1125 1778 1193 im,

209 1214 514 1281 afﬂictioni,‘
544 1214 853 1284 angustias?
878 1216 948 1268 At
977 1214 1248 1283 tempore?
1274 1214 1343 1269 Et
1372 1215 1497 1284 quid
1527 1224 1650 1269 sunt
1683 1215 1779 1272 de-

206 1311 305 1361 cies
348 1307 499 1361 mille
538 1306 669 1360 anui
707 1305 772 1359 ad
809 1305 1002 1360 sarcula
1046 1304 1248 1358 inﬁnita
1290 1314 1343 1358 et
1383 1320 1499 1373 quae
1530 1320 1633 1359 non
1680 1304 1779 1360 de-

204 1396 412 1451 sinunt?
435 1412 623 1451 nonne
650 1402 902 1466 quantum
927 1408 1083 1463 parva
1094 1404 1237 1465 gutta
1257 1395 1322 1449 ad
1337 1395 1585 1466 abyssum
1604 1395 1779 1449 infini-

205 1489 342 1542 tam?
370 1491 440 1542 At
474 1486 828 1542 conferentur
855 1500 974 1540 cum
998 1485 1153 1540 bonis
1178 1486 1202 1538 ?
1227 1485 1330 1541 Sed
1359 1487 1467 1541 illic
1496 1488 1667 1555 major
1695 1496 1779 1542 est

201 1583 538 1654 exsuperatio
568 1599 583 1635 :
619 1579 830 1647 Oculus,
846 1579 1036 1650 inquit,
1058 1596 1159 1633 non
1183 1580 1326 1647 uidit,
1348 1596 1437 1635 nec
1466 1581 1606 1635 auris
1629 1579 1779 1634 andi-

201 1676 281 1737 rit,
302 1686 347 1729 et
374 1674 428 1729 in
447 1690 545 1728 cor
573 1672 791 1727 [taurinis
809 1687 910 1726 non
930 1670 1261 1726 ascenderunt
1277 1673 1353 1741 (l.
1377 1671 1496 1728 Cor.
1525 1671 1579 1725 ἃ.
1601 1671 1677 1743 9).
1709 1672 1777 1727 Et

204 1770 310 1826 haec
354 1784 553 1825 rursus
594 1766 837 1824 eruntin
865 1766 1078 1821 sazculis
1118 1765 1361 1821 infinitis.
1394 1766 1496 1820 Pro
1524 1765 1608 1820 his
1647 1780 1776 1837 ergo

200 1878 366 1917 annon
398 1863 609 1919 bonum
635 1869 716 1916 est
742 1858 936 1914 millies
961 1858 1235 1913 conscindi
1257 1898 1273 1923 ,
1305 1858 1573 1923 interimi,
1599 1856 1772 1947 exuri.

198 1937 334 1993 mille
357 1937 552 1994 subire
592 1950 827 2003 mortes,
857 1941 1083 2010 quodvis
1120 1955 1282 2011 grave
1322 1952 1379 1997 et
1422 1957 1669 2011 asperum
1715 1942 1771 2001 et

195 2030 361 2084 verbis
402 2039 461 2085 et
510 2030 681 2086 rebus
716 2031 845 2101 ipsis
886 2031 1185 2088 sustinuere?
1222 2032 1354 2088 Nam
1382 2035 1428 2088 si
1458 2034 1571 2089 fieri
1604 2035 1774 2104 poem

197 2129 247 2174 ut
284 2121 337 2175 in
378 2122 511 2192 igne
550 2122 656 2178 usti
696 2123 1026 2189 viveremus,
1056 2120 1241 2178 annon
1269 2134 1542 2195 oporteret
1582 2126 1765 2182 omnia

197 2213 413 2281 perpeti,
442 2223 508 2267 nt
538 2213 678 2268 bona
704 2212 792 2267 illa
821 2213 1083 2284 promissa
1110 2215 1558 2285 assequeremur?

262 2300 604 2374 Efesmosyna
628 2320 858 2372 quisnam
887 2320 1000 2360 sere
1026 2305 1129 2357 dici
1156 2306 1334 2374 possit.
1378 2334 1451 2345 —
1492 2304 1599 2361 Sed
1621 2305 1769 2385 .quid

198 2394 303 2451 hoc
342 2396 468 2452 dico
516 2395 756 2451 delirans
796 2396 936 2466 apud
986 2395 1231 2451 homines
1276 2396 1364 2467 qui
1410 2410 1477 2451 ne
1517 2397 1771 2466 pecunias

198 2484 396 2553 quidem
408 2486 728 2556 despiceere
740 2486 922 2553 velint,
938 2486 1029 2542 sed
1048 2494 1312 2557 tamquam
1335 2487 1660 2543 immortales
1679 2499 1770 2543 eas

198 2584 531 2632 assectantur
554 2586 608 2631 et
633 2576 709 2649 eis
736 2574 1128 2639 adhaerescunt.
1155 2587 1209 2633 et
1234 2578 1277 2632 si
1304 2593 1370 2633 ex
1398 2578 1577 2634 multis
1599 2593 1768 2650 pauca

198 2665 474 2732 dederint,
508 2675 679 2721 totum
721 2681 779 2721 se
813 2666 1120 2723 existimant
1159 2667 1393 2723 fecisse?
1419 2667 1534 2724 Non
1559 2669 1770 2727 esthoc

198 2757 533 2827 eleemosyna
574 2756 957 2826 :eleemosyna
998 2765 1083 2811 est
1125 2756 1267 2812 illius
1313 2757 1486 2813 vidua:
1532 2758 1768 2816 eleemoo

198 2856 338 2915 syna,
370 2861 498 2918 quas
536 2845 812 2901 universas
847 2861 972 2902 suas
1001 2845 1235 2916 profudit
1267 2848 1549 2905 facultates
1574 2849 1767 2920 (Marc.

200 2934 277 2990 12.
306 2935 415 3008 44).
450 2936 513 2992 Si
545 2947 726 2991 autem
756 2935 809 2991 iu
842 2947 891 2991 te
919 2952 1023 2991 non
1063 2938 1225 3004 cadit,
1255 2947 1313 2993 ut
1343 2949 1548 2995 tantum
1578 2956 1769 3013 eroges

198 3037 441 3094 quantum
490 3026 584 3081 illa
632 3024 809 3091 vidua,
854 3041 1013 3096 eroga
1044 3027 1235 3083 saltem
1274 3028 1529 3100 quidquid
1558 3040 1643 3087 est
1674 3048 1767 3088 su-

200 3131 606 3186 pervacaneum,
639 3115 775 3171 habe
808 3131 929 3186 quin
970 3116 1261 3185 sufficiunt,
1290 3134 1396 3173 non
1427 3136 1545 3188 qua:
1574 3135 1767 3191 snper-

198 3205 294 3261 llua
334 3193 486 3262 sunt.
534 3205 640 3261 Sed
690 3220 849 3260 nemo
892 3216 975 3261 est
1009 3207 1099 3276 qui
1128 3214 1311 3276 eroget
1348 3224 1415 3262 ne
1442 3223 1506 3265 ea
1553 3211 1765 3280 quidem

198 3312 305 3365 qua:
330 3306 459 3353 sunt
486 3312 885 3367 supervacanea
916 3313 1074 3353 :nant
1104 3301 1354 3368 quamdiu
1384 3301 1548 3357 habes
1574 3306 1766 3361 multos

200 3386 434 3453 famulos,
459 3396 517 3443 et
542 3397 717 3444 vestes
743 3389 941 3444 sericas
964 3428 980 3453 ,
1015 3388 1129 3443 hzcc
1155 3391 1332 3445 omnia
1356 3401 1481 3447 sunt
1507 3406 1766 3481 superva-

199 3493 372 3535 cauea.
408 3479 551 3534 Nihil
579 3489 663 3534 est
685 3481 1043 3534 necessarium
1070 3495 1167 3535 nec
1189 3482 1308 3535 usui
1336 3482 1577 3538 serviens
1602 3485 1652 3539 in
1678 3479 1764 3551 iis,

200 3573 303 3625 sine
322 3573 521 3640 quibus
544 3572 723 3627 vivere
755 3586 1035 3639 possumus
1061 3588 1077 3633 ;
1102 3587 1165 3628 ea
1195 3581 1317 3628 sunt
1346 3588 1765 3644 supervacanea,

200 3674 246 3715 et
265 3672 412 3717 extra
443 3672 569 3716 sunt
617 3662 808 3730 posita.
842 3661 977 3729 Quid
1008 3663 1076 3716 sit
1113 3679 1243 3734 ergo
1279 3664 1351 3731 id,
1392 3665 1509 3721 sine
1531 3682 1636 3737 quo
1662 3684 1767 3723 non

202 3753 456 3816 possimus
486 3752 688 3817 vivere,
717 3751 1010 3817 videamus,
1040 3753 1084 3808 si
1110 3753 1301 3823 placet.
1323 3755 1436 3810 Etsi
1464 3758 1608 3811 solus
1634 3756 1769 3813 duos

204 3838 481 3896 habeamus
522 3839 769 3904 famulos,
820 3854 1102 3910 possumus
1130 3843 1329 3898 vivere.
1360 3844 1491 3898 Nam
1523 3845 1610 3900 ubi
1644 3858 1769 3902 sunt

203 3930 349 4000 aliqui
370 3932 461 4001 qui
493 3931 680 3984 vivunt
709 3930 911 3999 absque
938 3930 1169 3997 famulis,
1199 3947 1356 4002 quam
1389 3934 1649 3991 habemus
1670 3953 1768 3994 nos

203 4020 608 4083 excusationem,
643 4021 687 4073 si
717 4035 822 4073 non
846 4021 1013 4074 simus
1032 4024 1265 4075 contenti
1294 4022 1545 4078 duobus?
1578 4028 1769 4081 Possu-

205 4127 309 4168 mus
334 4114 496 4168 etiam
525 4127 592 4167 ex
636 4096 889 4166 lateribus
924 4112 1122 4167 habere
1153 4114 1368 4168 domum
1410 4127 1767 4173 constructam

206 4205 347 4258 trium
387 4205 814 4257 habitaculorum
862 4220 874 4255 :
913 4213 967 4258 et
1004 4203 1106 4259 hoc
1154 4204 1421 4259 sufﬁceret
1468 4208 1637 4262 nobis.
1677 4210 1769 4265 Die

204 4298 330 4349 enim
363 4296 511 4358 llziIIi,
534 4310 711 4346 annon
736 4303 859 4346 sunt
880 4294 1039 4361 aliqui
1064 4296 1150 4362 qui
1174 4310 1292 4347 cum
1320 4297 1499 4349 liberis
1525 4310 1578 4351 et
1602 4315 1769 4352 uxore

211 4396 349 4435 unam
396 4383 596 4435 habent
644 4381 904 4436 domum?
948 4383 1065 4436 Sint
1104 4392 1300 4446 autem,
1343 4384 1387 4437 si
1426 4385 1576 4449 velis,
1607 4385 1766 4440 etiam

209 4468 298 4522 duo
318 4471 521 4525 famuli.
550 4471 612 4524 Et
637 4472 904 4539 quomodo
925 4514 939 4537 ,
974 4473 1180 4542 inquies
1205 4514 1219 4537 ,
1249 4488 1355 4527 non
1383 4484 1464 4529 est
1489 4477 1658 4545 pudor
1686 4479 1768 4531 in-

208 4573 418 4624 genuam
450 4562 702 4616 incedere
737 4577 855 4616 cum
899 4563 1104 4617 duobus
1132 4563 1384 4618 famulis?
1415 4570 1628 4636 Apage,
1660 4584 1766 4623 non

208 4662 272 4701 ρει
304 4655 474 4721 pudor
503 4652 743 4720 ingenuae
773 4653 1018 4708 incedere
1043 4668 1159 4707 cum
1181 4655 1385 4709 duobus
1417 4657 1645 4724 famulis,
1672 4659 1766 4714 sed

210 4744 363 4805 pudor
391 4753 471 4796 est
503 4743 790 4811 procedere
807 4760 923 4797 cum
950 4747 1147 4801 multis.
1173 4747 1419 4803 Fortasse
1449 4749 1631 4805 ridetis
1652 4752 1766 4808 haec

207 4831 487 4885 audientes.
517 4832 753 4897 Credite,
787 4833 887 4886 hoc
906 4845 985 4887 cst
1011 4836 1198 4903 pudor,
1225 4853 1343 4890 eum
1372 4840 1550 4893 multis
1577 4856 1765 4909 proce-

208 4920 337 4975 dere.
364 4922 517 4977 Sient
543 4924 632 4992 qui
663 4939 790 4977 oves
820 4927 1067 4991 vendunt,
1097 4938 1187 4981 aut
1215 4930 1351 4983 sicut
1379 4945 1765 4999 Cauponatorcs

207 5015 605 5083 mancipiorum,
643 5030 890 5083 magnum
921 5017 1190 5086 quidpiam
1222 5020 1539 5075 existimatis
1578 5039 1765 5091 proce-

205 5100 317 5157 dere
358 5119 478 5157 cum
512 5105 692 5158 multis
723 5105 952 5159 famulis.
1004 5108 1111 5162 lloc
1153 5120 1235 5164 est
1280 5110 1445 5166 fastus
1492 5123 1547 5167 et
1596 5116 1767 5169 inanis

205 5193 353 5258 gloria
385 5214 397 5247 :
429 5196 560 5248 illud
588 5208 667 5250 est
704 5196 1037 5266 philosophia
1061 5210 1113 5253 et
1153 5202 1419 5257 honestas.
1450 5204 1577 5257 Nam
1619 5206 1765 5276 inge-

207 5298 347 5337 uuam
382 5301 488 5338 non
534 5302 599 5341 ex
640 5288 976 5345 multitudine
1023 5292 1461 5361 pedissequorum
1511 5311 1766 5364 apparere

206 5386 444 5439 oportet:
505 5392 625 5444 qua:
671 5380 813 5432 enim
869 5390 951 5433 est
995 5383 1162 5436 virtus
1213 5384 1300 5437 illa
1352 5386 1514 5440 multa
1565 5388 1765 5444 habere

207 5468 446 5534 mancipia
472 5467 495 5519 ?
528 5468 635 5521 Hoc
665 5486 769 5521 non
798 5480 877 5523 est
898 5473 1090 5527 animm
1116 5491 1128 5524 :
1167 5475 1306 5543 quod
1348 5488 1521 5531 autem
1552 5495 1655 5532 non
1686 5490 1766 5533 est

206 5556 377 5611 auimre
400 5598 415 5618 ,
464 5574 568 5609 non
600 5560 832 5611 ostendit
874 5561 1177 5630 ingenuam.
1218 5566 1439 5632 Quando
1470 5580 1553 5623 est
1585 5572 1765 5638 paucis

205 5657 457 5711 contenta,
494 5658 616 5701 tunc
650 5665 773 5704 vere
795 5664 876 5704 est
904 5655 1129 5722 ingenua
1162 5676 1174 5709 :
1210 5660 1421 5723 quando
1447 5672 1620 5716 autem
1644 5674 1765 5733 eget

205 5739 388 5805 multis,
422 5754 500 5796 est
534 5744 725 5795 ancilla
756 5756 807 5795 et
834 5744 1067 5798 deterior
1100 5750 1393 5819 mancipiis.

514 5826 788 5889 ΡΑτιιοι.
840 5834 949 5892 Gn.
1006 5838 1223 5903 LXIII.

933 386 996 441 IN
1035 384 1249 442 EPIST.
1294 386 1381 441 AD
1421 384 1775 443 IIEBIirEOS.
1815 384 1967 439 CAP.
2010 384 2125 442 XII.
2170 386 2401 442 IIOMIL.
2445 387 2678 443 XXVIII.

220 485 340 537 bene
367 493 649 550 geramus,
685 487 741 535 ct
779 492 961 534 eorum
992 495 1111 549 quae
1142 479 1228 534 hic
1253 488 1375 534 sunt
1404 480 1544 534 nulla
1572 479 1673 534 erit
1698 493 1787 534 ra-

219 574 285 627 tio
330 572 877 643 cujusmodicumque
924 571 1138 635 fuerint,
1172 570 1287 626 hac
1330 581 1454 626 sunt
1499 572 1684 627 umbra
1732 581 1787 628 et

216 665 496 719 somnium.
518 663 578 717 ιη
598 663 705 718 illis
734 677 849 734 qua:
870 670 1148 731 sperantur
1163 672 1213 716 et
1242 670 1638 730 exspectantur,
1655 662 1785 718 nihil

3354 386 3452 442 1'38

1960 491 2014 547 5.
2048 490 2139 545 Dic
2166 490 2315 557 mihi,
2338 491 2509 561 angeli
2530 506 2707 545 annon
2727 491 2826 546 soli
2849 491 3030 547 orbem
3056 504 3211 550 terra:
3247 496 3466 561 obeunt,

1888 590 1942 635 et
1973 598 2080 635 nun
2122 593 2279 652 egent
2326 582 2507 653 aliquo
2536 584 2626 653 qui
2668 584 2737 639 sit
2779 598 2873 640 eos
2924 588 3291 654 sequuturus?
3337 607 3465 646 num

1889 682 2169 741 propterea
2197 683 2323 728 sunt
2362 673 2539 741 nobis,
2569 674 2657 744 qui
2683 688 2902 746 egemus
2920 716 2937 742 ,
2963 675 3264 734 deteriores
3311 680 3345 735 ii
3375 683 3469 753 qui

1886 778 1991 818 non
2019 763 2220 833 egent?
2243 762 2299 819 Si
2329 778 2459 834 ergo
2485 779 2553 820 ne
2578 766 2799 821 omnino
2825 756 3038 837 quidem
3082 784 3243 840 egere
3262 775 3465 830 assccla

1885 851 1965 906 vel
1992 851 2312 922 pedissequo
2338 862 2417 907 est
2445 853 2765 923 angelicum,
2792 870 3038 926 quantam
3064 860 3235 929 magis
3259 862 3468 919 accedit

1880 942 1945 995 ad
1976 941 2134 996 vitam
2176 943 2507 1013 angelicam,
2538 959 2672 999 eane
2717 959 2838 1015 qure
2890 946 3072 1004 multis
3116 949 3356 1021 indiget,
3394 967 3463 1007 an

1879 1048 1998 1103 qua:
2027 1033 2244 1104 paucis?
2270 1035 2456 1090 Nonne
2490 1044 2573 1090 est
2607 1035 2709 1091 hoc
2748 1036 2957 1107 pudor?
2995 1038 3165 1109 pudor
3205 1052 3290 1097 est
3317 1044 3461 1100 enim

1879 1123 2076 1193 aliquid
2107 1134 2262 1195 turpe
2293 1125 2467 1181 facere
2494 1135 2549 1182 et
2571 1126 2885 1183 absurdum.
2914 1129 3006 1185 Dic
3028 1131 3183 1198 mihi,
3214 1147 3461 1204 quanam

1876 1216 1941 1270 ad
1972 1230 2031 1271 se
2055 1217 2319 1272 convertit
2344 1232 2437 1272 eos
2461 1233 2581 1288 qum
2609 1229 2736 1274 sunt
2764 1220 2816 1275 in
2848 1218 2985 1285 foro,
3014 1237 3149 1278 eane
3174 1240 3296 1295 qum
3320 1227 3457 1283 mul-

1878 1314 1959 1359 tos
1992 1320 2171 1363 secum
2200 1308 2364 1375 ducit,
2393 1324 2460 1363 an
2482 1322 2543 1365 ea
2571 1326 2690 1380 quze
2722 1313 2967 1381 paucos?
2995 1314 3092 1370 hac
3122 1327 3303 1373 autem
3335 1334 3460 1390 quas

1875 1409 2070 1461 paucos
2114 1396 2292 1460 ducit.
2345 1414 2523 1455 annon
2570 1415 2633 1457 ea
2684 1404 2854 1473 magis
2888 1418 3009 1473 qua:
3062 1406 3176 1461 sola
3226 1421 3450 1479 apparet

1872 1502 1976 1542 non
2010 1487 2277 1557 praevisa?
2307 1488 2463 1545 Vides
2492 1491 2633 1561 quod
2676 1493 2805 1549 illud
2832 1494 2902 1550 sit
2943 1496 3145 1565 pudor?
3192 1501 3450 1568 Quaenam

1870 1577 1922 1633 in
1968 1592 2029 1634 se
2053 1581 2315 1635 convertit
2342 1595 2436 1637 eos
2469 1584 2559 1653 qui
2589 1594 2714 1639 sunt
2740 1585 2795 1639 in
2825 1587 2973 1653 foro,
3018 1604 3156 1646 cane
3179 1606 3298 1661 qua
3326 1593 3449 1663 pul-

1867 1667 2025 1723 chras
2046 1678 2221 1738 gestat
2240 1682 2435 1738 vestes,
2468 1687 2536 1727 an
2565 1689 2683 1744 quae
2708 1675 3021 1746 simpliciter
3049 1687 3133 1735 est
3178 1684 3368 1738 vestita
3395 1696 3451 1741 et

1867 1759 2014 1814 nullo
2036 1770 2343 1832 comparato
2362 1764 2508 1820 cultu
2529 1775 2582 1822 et
2609 1771 2966 1825 ornamento?
2989 1788 3233 1841 quanam
3266 1792 3449 1832 rursus

1867 1850 2036 1920 magis
2059 1851 2128 1907 ad
2157 1866 2218 1908 se
2245 1856 2511 1910 convertit
2538 1871 2632 1912 eos
2655 1859 2748 1928 qui
2775 1872 2900 1916 sunt
2927 1862 2979 1916 in
3010 1862 3145 1931 foro,
3170 1880 3305 1923 eane
3328 1882 3450 1938 qua

1866 1940 2024 1995 mulis
2052 1942 2261 1997 vehitur
2286 1953 2340 2000 et
2366 1945 2623 2014 inauratis
2647 1952 2917 2020 stragulis,
2954 1967 3023 2006 an
3063 1969 3126 2009 ea
3155 1970 3274 2026 qua:
3313 1958 3449 2014 sim-

1865 2030 2075 2099 pliciter
2103 2043 2156 2087 et
2195 2037 2714 2109 quomodocumque,
2762 2042 2857 2097 sed
2901 2041 3097 2101 decoro
3137 2057 3191 2103 et
3226 2047 3451 2107 honeste

1865 2121 2100 2177 incedit?
2128 2138 2196 2180 an
2250 2124 2388 2183 hanc
2412 2144 2481 2185 ne
2509 2130 2800 2189 viderimus
2844 2136 3063 2205 quidem
3094 2146 3150 2194 et
3175 2145 3451 2211 aspexeri-

1863 2225 2005 2278 mus,
2029 2212 2174 2268 illam
2205 2224 2382 2273 autem
2435 2234 2543 2275 non
2572 2222 2745 2277 solum
2775 2233 2832 2279 ut
2864 2226 3080 2283 videant
3113 2240 3307 2301 urgent
3343 2234 3449 2289 ali-

1862 2303 1974 2372 qui,
2006 2303 2100 2359 sed
2130 2307 2290 2362 etiam
2316 2319 2510 2380 rogant
2534 2328 2780 2383 quaenam
2804 2317 2874 2372 sit
2894 2327 2949 2375 et
2972 2320 3152 2377 unde?
3176 2323 3327 2380 Mitto
3352 2341 3449 2382 au-

1866 2402 1971 2449 tem
2001 2396 2181 2455 dicere
2210 2411 2407 2471 quanta
2440 2404 2566 2461 hinc
2607 2407 2814 2464 oriatur
2846 2410 3062 2469 invidia.
3103 2416 3244 2484 Quid
3293 2434 3444 2491 ergo,

1863 2484 1951 2541 dic
1981 2488 2133 2556 mihi,
2162 2499 2245 2546 est
2285 2502 2461 2565 turpe,
2492 2496 2658 2552 videri
2703 2513 2772 2553 an
2828 2516 2933 2556 non
2973 2504 3180 2563 videri?
3234 2484 3447 2579 quando

1861 2587 1947 2633 est
1974 2580 2146 2651 major
2172 2584 2361 2653 pudor,
2403 2588 2618 2657 quando
2644 2604 2834 2648 omnes
2859 2593 2925 2650 ad
2966 2611 3085 2652 eam
3110 2604 3441 2669 aspexerint,

1863 2684 1930 2723 an
1960 2672 2173 2741 quando
2198 2675 2378 2729 nullus
2397 2676 2423 2730 ?
2454 2680 2671 2749 quando
2699 2696 2887 2739 omnes
2911 2684 2978 2739 de
3012 2701 3073 2743 ea
3103 2703 3347 2759 quanam
3377 2695 3450 2751 sit

1862 2762 2182 2829 resciscunt,
2211 2780 2277 2820 an
2302 2768 2514 2836 quando
2541 2786 2607 2826 ne
2627 2783 2817 2829 curant
2833 2776 3091 2846 quidem?
3121 2779 3281 2838 Vides
3303 2786 3444 2853 quod

1862 2866 1969 2905 non
2016 2863 2233 2923 propter
2273 2858 2552 2926 pudorem,
2594 2863 2686 2919 sed
2720 2876 2938 2935 propter
2964 2868 3177 2928 inanem
3219 2874 3443 2945 gloriam

1860 2946 2036 2998 omnia
2076 2946 2322 3017 agimus?
2349 2950 2451 3005 Sed
2482 2955 2732 3022 quoniam
2764 2957 2870 3015 hoc
2898 2959 3014 3019 ﬁeri
3047 2979 3151 3021 non
3187 2978 3361 3037 potest
3386 2982 3448 3027 ut

1858 3047 1957 3087 nos
1981 3034 2048 3089 ab
2079 3036 2183 3089 illis
2212 3038 2563 3110 abducamus,
2596 3045 2797 3102 sufficit
2820 3051 2949 3106 mihi
2989 3034 3206 3112 interim
3246 3068 3303 3115 ut
3345 3078 3445 3119 vos

1858 3123 2073 3180 discatis
2099 3126 2202 3183 hoc
2229 3145 2333 3185 non
2360 3147 2478 3189 esse
2510 3138 2913 3206 turpitudinem.
2955 3144 3140 3207 Solum
3166 3164 3442 3221 peccatum

1858 3223 1939 3268 est
1966 3217 2258 3287 turpitudo,
2301 3223 2443 3290 quod
2475 3240 2632 3287 nemo
2659 3231 2929 3289 existimat
2981 3251 3101 3294 esse
3146 3217 3401 3310 pudorem
3424 3288 3441 3313 ,

1856 3303 1950 3361 sed
1990 3307 2201 3376 quidvis
2238 3313 2404 3382 magis
2434 3329 2592 3385 quam
2634 3318 2826 3387 ipsum.
2865 3303 3192 3385 Vestimenia
3245 3334 3352 3388 sint
3378 3303 3441 3391 eti

1854 3410 1974 3464 qua:
1994 3408 2117 3451 sunt
2145 3402 2283 3465 υευί,
2304 3417 2409 3459 ηοη
2430 3416 2608 3462 autem
2628 3422 3021 3479 supervacanea
3056 3436 3071 3473 ε
3092 3432 3345 3479 cmterum
3373 3444 3443 3483 ne

1856 3484 1910 3538 itt
1940 3485 2130 3542 nimias
2159 3504 2253 3545 vos
2294 3494 2612 3550 concludam
2642 3504 2941 3570 angustias,
2976 3507 3105 3563 illud
3148 3513 3439 3583 admoneo,

1853 3573 1995 3643 quod
2044 3592 2148 3631 non
2199 3580 2269 3634 sit
2315 3582 2466 3639 vobis
2496 3600 2633 3655 opus
2668 3591 2847 3646 aureis
2892 3602 3225 3657 ornamentis
3266 3573 3442 3677 neque

1853 3668 2138 3727 subtilibus
2186 3674 2325 3729 telis.
2380 3677 2447 3733 Et
2478 3680 2589 3735 hare
2635 3699 2739 3739 non
2785 3701 2884 3755 ego
2923 3689 3045 3745 dico
3080 3709 3093 3743 :
3123 3709 3243 3750 nam
3294 3668 3437 3769 quod

1854 3776 1958 3814 non
1986 3778 2102 3817 mea
2139 3765 2247 3819 sint
2266 3767 2450 3833 verba,
2481 3771 2603 3827 andi
2652 3775 2863 3830 beatum
2896 3780 3116 3837 Paulum
3147 3765 3435 3857 diceniem,

1854 3860 1904 3903 et
1934 3852 2242 3909 mulieribus
2270 3860 2688 3930 prtecipientem,
2724 3864 2792 3920 Ut
2823 3885 2875 3922 se
2894 3881 3093 3938 ornent,
3117 3880 3291 3932 nonin
3332 3852 3438 3935 tor;

1878 3948 1938 3999 tis
1965 3949 2183 4003 crinibus
2210 3962 2295 4003 aut
2322 3968 2469 4015 auro,
2508 3966 2591 4008 aut
2627 3960 2932 4026 margaritis,
2964 3970 3051 4013 aut
3077 3974 3209 4017 veste
3233 3972 3453 4035 pretiosa

1881 4037 1953 4103 (l.
1986 4036 2114 4089 Tini.
2148 4038 2201 4093 2.
2230 4040 2306 4109 9).
2335 4040 2438 4096 Sed
2471 4043 2583 4108 dic,
2635 4047 2903 4115 quomodo
2946 4052 3024 4104 vis
3056 4061 3111 4106 ut
3148 4065 3389 4123 ornetur,
3420 4074 3455 4111 ο

1876 4125 2073 4181 Paule?
2100 4128 2340 4185 fortassis
2367 4133 2508 4187 enim
2544 4136 2723 4191 dicent
2750 4140 2859 4193 sola
2892 4156 3052 4196 aurea
3077 4158 3193 4200 csse
3220 4150 3449 4215 pretiosa

1875 4227 1929 4269 et
1959 4229 2287 4287 sumptuosa,
2324 4226 2552 4291 pretiosa
2584 4237 2759 4281 autem
2790 4239 2842 4284 ct
2868 4242 3174 4301 sumptuosa
3198 4252 3301 4289 non
3333 4253 3451 4293 esse

1873 4308 2039 4361 serica
2066 4309 2184 4363 :die
2210 4327 2336 4381 ergo
2363 4319 2632 4382 quomodo
2661 4321 2737 4373 vis
2778 4330 2835 4374 ut
2866 4327 3163 4377 ornentur?
3196 4326 3450 4384 Habentes

1872 4406 2037 4449 autem
2077 4400 2313 4455 alimenta
2353 4415 2397 4456 et
2436 4408 2614 4474 quibus
2646 4419 2892 4479 lcgantur,
2941 4415 3002 4466 iis
3032 4420 3249 4469 contenti
3293 4420 3449 4475 simus

1871 4489 1949 4555 (l.
1981 4488 2113 4544 Tim.
2150 4493 2200 4546 6.
2232 4494 2311 4565 8).
2344 4496 2617 4564 Ejusmodi
2664 4504 2733 4555 sit
2767 4505 2925 4560 vestis
2969 4516 3023 4559 ut
3060 4510 3230 4561 solum
3284 4520 3443 4579 tegat.

1871 4579 2154 4649 Pmpterea
2183 4587 2320 4640 enim
2350 4591 2502 4644 nobis
2542 4607 2602 4645 ea
2631 4593 2777 4647 dedit
2804 4596 2945 4651 Deus
2987 4608 3042 4653 ut
3075 4608 3311 4670 legamus
3344 4622 3445 4656 nu-

1868 4670 2120 4737 ditatem;
2154 4676 2252 4730 hoc
2280 4689 2454 4734 autem
2484 4692 2655 4750 potest
2697 4685 2869 4742 facere
2907 4692 3311 4761 vestimentum,
3342 4700 3444 4752 etsi

1868 4760 1936 4812 sit
1967 4763 2080 4817 vilis
2116 4769 2289 4833 pretii.
2344 4770 2590 4828 Fortasse
2641 4776 2826 4831 ridetis
2875 4796 2993 4849 qua:
3023 4793 3199 4837 vestes
3226 4760 3446 4854 εὐειδής

1866 4853 2306 4918 scricas;revera
2335 4862 2474 4916 enim
2514 4874 2726 4934 Oportet
2768 4869 2961 4923 ridere.
3010 4872 3142 4938 Quid
3193 4880 3446 4947 prcerepit

1866 4939 2099 4995 Paulus?
2126 4948 2249 5014 quid
2296 4964 2391 5003 nos
2442 4968 2569 5006 vero
2618 4954 2875 5010 facimus?
2906 4960 3017 5013 Non
3059 4974 3235 5018 autem
3266 4967 3440 5021 solum

1865 5033 2112 5088 mulieres
2162 5040 2421 5107 allquor,
2478 5045 2570 5097 sed
2614 5047 2771 5099 etiam
2829 5050 2991 5104 viros.
3039 5052 3244 5108 Czrtera
3297 5058 3441 5113 enim

1863 5125 2036 5176 omnia
2078 5143 2197 5195 qua}
2242 5131 2499 5187 habemus
2534 5148 2656 5189 sunt
2686 5152 3100 5206 supervacanea.
3155 5145 3262 5199 Soli
3312 5164 3444 5215 pau-

1864 5230 2018 5283 peres
2068 5236 2170 5273 non
2220 5225 2491 5290 possident
2550 5243 2941 5296 supervacanea
2994 5252 3006 5287 :
3066 5237 3289 5293 fortasse
3340 5256 3440 5293 au-

1864 5316 1964 5361 tem
1996 5310 2066 5363 illi
2098 5327 2307 5381 quoque
2356 5328 2567 5385 propter
2598 5324 2969 5379 necessitatem
3001 5344 3012 5378 :
3048 5328 3114 5381 ita
3158 5338 3216 5382 ut
3240 5372 3254 5396 ,
3288 5334 3329 5385 si
3370 5334 3439 5386 li-

1860 5411 2042 5467 ceret,
2074 5419 2138 5456 ne
2169 5406 2240 5457 illi
2289 5408 2501 5475 quidem
2536 5411 2889 5468 abstinerent.
2925 5416 3119 5471 Verum
3174 5421 3279 5483 illi,
3324 5423 3439 5477 sive

1860 5501 2115 5556 prmtextu
2157 5506 2209 5548 et
2244 5500 2543 5564 occasione,
2590 5502 2701 5556 sive
2728 5506 2801 5557 rei
2834 5508 3073 5569 veritate,
3106 5525 3207 5561 non
3239 5510 3436 5569 habent

1856 5598 2268 5651 Sttpcrvacanea.
2302 5587 2447 5641 Talia
2482 5607 2610 5659 ergo
2653 5605 2921 5660 gestCtntts
2969 5601 3281 5651 vestitttcnta
3312 5620 3432 5670 qua:

1857 5691 2005 5729 usuin
2046 5679 2312 5744 impleant.
2346 5682 2477 5746 Quid
2520 5687 2658 5737 enim
2688 5686 2784 5739 sibi
2816 5690 2923 5741 \‘llIl
2956 5691 3177 5743 multum
3209 5704 3435 5745 aurum?

1854 5766 2085 5822 Sec-uicis
2121 5770 2232 5823 haec
2256 5775 2573 5827 t'un‘ienittut
2610 5793 2617 5802 ’
2652 5776 2761 5830 Inut-
2795 5778 2859 5831 ab
2891 5780 2991 5832 illis
3011 5792 3127 5832 sunt
3152 5787 3431 5851 gestanda.

3063 5870 3137 5939 i3
