4094 6406
659 418 755 472 199

1318 399 1375 456 Β.
1413 395 1682 454 JOANNIS
1718 380 2180 447 CIIRYSOSTUMI
2224 379 2534 435 ARCHIEP.
2573 374 3095 433 CONSTANTINOP.

3730 365 3834 420 200

665 532 775 578 time
812 528 930 576 sunt
960 513 1310 577 meretricum,
1338 522 1453 579 qua:
1481 505 1652 561 omnia
1694 502 1890 557 faciunt
1914 498 1979 553 ad
2023 496 2121 551 hoc
2149 504 2206 551 ut
2277 500 2543 557 pugnans,
2575 498 2627 540 et
2656 485 2943 579 ostendens
2972 484 3111 579 quod
3149 484 3359 540 etiamsi
3388 485 3580 541 millies
3620 484 3735 579 haec
3763 488 3842 541 di-

664 576 987 686 spectentur.
1008 610 1231 665 Ornctur
1262 576 1491 670 ilia—quae
1519 606 1599 653 est
1619 597 1669 651 in
1698 607 1873 655 scena,
1906 591 1989 644 illa
2015 604 2130 659 qua:
2153 587 2205 641 in
2280 592 2379 641 cut,
2408 593 2513 686 non
2544 576 2920 686 converteris?
2950 576 3044 686 sed
3077 592 3201 686 npm
3233 587 3495 686 tamquam
3524 592 3627 686 tuo:
3652 576 3838 686 doctjoo

665 666 967 765 δ’έέίιέςιης
1012 698 1115 751 wn
1145 693 1284 749 enim
1330 666 1515 745 omnes
1555 686 1619 741 ad
1662 699 1721 738 se
1746 679 2011 736 attrahere
2048 690 2209 746 :qum
2279 683 2367 765 res
2386 668 2567 765 volens
2609 666 2925 765 redarguere
2950 666 3064 765 hac
3107 666 3298 765 [rus-trs
3327 666 3505 723 dicere
3524 668 3715 765 1{Nam
3740 668 3843 765 die

872 755 991 844 ﬁge
1021 786 1265 855 pietatem
1296 777 1589 849 promum,
1626 788 1727 828 non
1755 772 1831 826 sic
1860 775 2095 835 ornetur,
2118 764 2209 821 sed
2277 758 2428 855 mihi,
2449 758 2505 855 si
2546 756 2662 826 quis
2700 755 2917 855 Francus
2939 756 3273 855 etiiuiideiis
3286 771 3434 855 ‘cum
3462 757 3693 855 audierit
3730 758 3840 855 legi

667 885 818 937 aliter
860 878 1043 933 habeat
1071 881 1316 929 ornatum
1341 869 1431 923 illo
1458 867 1611 937 longe
1641 863 1910 931 majorem.

2276 848 2417 902 hunc
2448 847 2643 913 locum,
2668 844 2755 902 ubi
2784 846 2896 899 haec
2923 844 3050 899 dicit
3079 846 3261 900 beatus
3286 845 3498 911 Paulus,
3530 847 3843 917 pracipiens

738 935 939 1021 Mulieri
961 962 1275 1018 Christiane.
1305 987 1376 999 —
1399 935 1569 1011 [labes
1613 963 1666 1008 et
1708 962 1761 1005 tu
1805 949 2063 1004 theatrum
2098 964 2109 999 :
2146 944 2212 999 ad
2276 936 2602 1001 mulieribus,
2635 944 2691 990 ut
2718 949 2783 989 ne
2805 949 2955 1001 auro,
2994 945 3214 1004 argento
3242 944 3295 990 et
3323 935 3641 1005 margaritis,
3668 949 3843 1005 neque

671 1041 795 1095 illud
843 1042 1102 1095 theatrum
1151 1053 1200 1094 re
1256 1052 1424 1103 orna,
1477 1037 1563 1089 illo
1610 1045 1663 1088 tu
1720 1033 1912 1087 mundo
1965 1032 2205 1086 induere.
2278 1026 2521 1097 pretiosis
2548 1025 2780 1079 vestibus
2806 1034 3025 1079 ornetur
3056 1022 3131 1095 (i.
3160 1023 3469 1096 Tim.2.9);
3502 1036 3702 1081 etcum
3730 1026 3844 1095 ipse

667 1128 937 1195 Quodnam
980 1138 1060 1183 est
1089 1138 1232 1182 tuum
1264 1124 1565 1180 theatrum?
1607 1121 1821 1184 Caelum,
1854 1119 2077 1190 populus
2114 1134 2205 1171 an-

668 1218 938 1285 gelnrum:
969 1233 1073 1271 non
1098 1218 1214 1270 dico
1243 1215 1409 1269 solum
1436 1213 1714 1283 virginum,
1744 1209 1836 1265 sed
1863 1209 2020 1265 etiam
2057 1224 2205 1262 mun-

666 1309 917 1362 danarum
962 1322 1055 1361 seu
1086 1306 1412 1362 saecularium
1452 1320 1466 1355 :
1498 1316 1839 1372 qiuccumque
1862 1300 2074 1355 Christo
2097 1314 2212 1353 cre-

663 1398 819 1460 dunt,
848 1397 1043 1451 habent
1072 1395 1196 1450 illud
1227 1395 1508 1448 theatrum.
1533 1392 1679 1447 Talia
1708 1392 1983 1461 loquamur
2011 1400 2068 1444 ut
2096 1390 2213 1447 illos

671 1486 994 1540 oblectemns
1018 1492 1373 1553 spectatores:
1404 1481 1593 1536 talibus
1622 1479 1856 1541 induere.
1886 1490 1942 1533 ut
1968 1480 2085 1535 illos
2116 1479 2210 1533 lte-

671 1578 781 1631 titia
811 1577 1007 1631 amcias
1037 1573 1132 1646 (a).
1161 1573 1289 1628 Nam
1328 1573 1413 1628 dic
1452 1571 1599 1637 mihi,
1629 1572 1672 1625 si
1712 1570 1954 1626 meretrix
1985 1570 2214 1626 dimissis

672 1666 994 1721 ornamentis
1020 1663 1194 1719 aureis
1224 1662 1646 1731 sumptuosisque
1690 1660 1922 1715 vestibus
1944 1668 1998 1715 et
2027 1660 2133 1714 risu
2162 1668 2217 1716 et

674 1756 847 1810 verbis
876 1755 1087 1810 urbanis
1136 1763 1188 1809 et
1215 1752 1496 1818 obscaenis,
1540 1752 1629 1805 vili
1665 1758 1811 1808 veste
1855 1750 2118 1817 induatur,
2162 1761 2217 1806 et

678 1845 947 1899 illabente
972 1844 1109 1899 cultu
1124 1844 1410 1912 composita
1429 1840 1771 1911 ingrediatur,
1800 1852 1852 1898 et
1871 1842 2112 1913 loquatur
2134 1843 2214 1911 pia

674 1944 728 1988 et
747 1934 987 2002 religiosa
1018 1934 1192 1994 verba,
1223 1944 1273 1987 et
1298 1931 1522 1987 disserat
1548 1932 1614 1986 de
1634 1933 1998 2001 temperantia,
2022 1932 2215 1987 etnihil

677 2032 826 2090 turpe
854 2022 1011 2088 dicat,
1043 2037 1215 2074 annon
1244 2035 1428 2075 omnes
1466 2018 1720 2090 surgent?
1749 2035 1922 2075 annon
1966 2020 2219 2076 dissolve-

678 2122 760 2168 tur
786 2114 887 2168 ltoc
904 2112 1160 2167 theatrum
1181 2114 1203 2166 τ
1230 2128 1404 2167 annon
1430 2127 1545 2168 eam
1570 2112 1781 2182 ejicient
1802 2122 1857 2166 ut
1882 2128 1996 2183 qua:
2021 2116 2219 2166 nesciat

676 2217 967 2271 congruere
990 2202 1201 2272 populo,
1230 2212 1421 2272 etquae
1445 2201 1588 2256 dicat
1610 2201 1782 2256 aliena
1805 2201 1871 2257 ab
1894 2201 1985 2255 illo
2014 2201 2217 2256 theatro

676 2290 953 2346 satanico?
984 2293 1054 2345 ita
1084 2301 1139 2346 tu
1163 2307 1389 2362 quoque,
1418 2291 1462 2347 si
1504 2290 1643 2347 illius
1673 2291 1994 2347 vestimentis
2032 2291 2220 2347 amicta

679 2382 991 2451 ingrediaris
1025 2382 1288 2436 theatrum
1316 2383 1588 2447 caelorum,
1630 2390 1682 2437 te
1709 2383 1922 2450 ejicient
1958 2390 2222 2452 spectato-

680 2485 785 2524 res.
816 2471 928 2528 lllic
955 2471 1096 2525 enim
1126 2486 1228 2525 non
1272 2486 1403 2540 opus
1430 2480 1510 2526 est
1540 2471 1621 2525 his
1660 2470 1986 2527 vestimentis
2026 2472 2220 2539 aureis,

682 2562 775 2616 sed
811 2564 948 2617 aliis.
997 2564 1360 2630 Quibusnam?
1405 2563 1709 2633 Cujusmodi
1753 2564 1877 2618 dicit
1913 2564 2171 2635 Propheta
2200 2580 2220 2620 :

681 2651 748 2706 In
796 2654 1001 2722 ﬁmbriis
1039 2655 1201 2708 aureis
1243 2655 1567 2720 circumdata,
1609 2656 1858 2725 variegata
1915 2655 2083 2725 (Psai.
2133 2658 2223 2713 ιι.

684 2742 772 2812 ii)
806 2760 818 2795 :
847 2758 947 2797 non
973 2756 1025 2797 ut
1049 2758 1238 2812 corpus
1258 2743 1450 2798 reddas
1476 2743 1757 2799 candidum
1785 2756 1838 2799 et
1863 2746 2223 2814 reaplendens,

683 2831 776 2885 scd
806 2842 863 2884 ut
892 2846 1046 2886 ornes
1076 2835 1301 2886 animam
1332 2848 1347 2887 :
1376 2847 1435 2887 ea
1462 2845 1541 2888 est
1561 2834 1700 2887 enim
1728 2848 1845 2902 quae
1871 2833 1978 2889 illic
2005 2845 2226 2891 conten-

684 2920 762 2974 dit
780 2930 831 2975 et
858 2922 1109 2976 decertat.
1149 2923 1321 2976 Omnis
1368 2924 1528 2993 gloria
1554 2924 1675 2992 ﬁlia:
1720 2924 1867 2994 Regis
1912 2926 2227 2993 intrinsecus,

688 3012 871 3080 inquit.
900 3011 969 3066 iis
993 3012 1206 3067 induere
1235 3031 1248 3067 :
1278 3028 1396 3069 nam
1426 3025 1480 3069 et
1502 3014 1569 3067 ab
1609 3013 2079 3070 innumerabilibus
2112 3019 2229 3073 aliis

689 3100 1181 3166 malisteliberabis,
1202 3102 1443 3160 maritum
1466 3118 1495 3155 a
1517 3102 2016 3171 sollicitudine,ette
2033 3120 2062 3159 a
2078 3120 2229 3163 cura.

690 3188 778 3242 Sic
792 3189 930 3242 enim
944 3190 1047 3243 eris
1064 3190 1252 3243 marito
1267 3189 1793 3260 veneranda,quando
1810 3193 1984 3261 paucis
2001 3196 2227 3265 egueris.

762 3278 814 3332 6.
862 3278 1005 3332 Solet
1028 3278 1165 3332 enim
1218 3279 1377 3335 homo
1415 3282 1631 3350 quilibet
1658 3282 2018 3348 dissimulare,
2048 3296 2102 3339 et
2134 3303 2227 3343 eos

679 3374 968 3443 despicatui
997 3375 1215 3442 habere,
1247 3380 1332 3447 qui
1356 3380 1470 3449 ipso
1504 3380 1736 3451 indigent
1768 3385 2011 3453 :quando
2050 3393 2224 3440 autem

683 3464 875 3519 viderit
900 3481 1002 3520 non
1024 3480 1157 3537 Opus
1187 3468 1400 3534 habere,
1439 3470 1633 3524 fastum
1660 3471 1925 3541 deprimit,
1956 3491 2059 3543 quo
2086 3475 2143 3529 lit
2170 3484 2228 3530 ut

680 3555 791 3623 pari
832 3564 999 3608 tecum
1032 3557 1229 3611 honore
1252 3556 1495 3612 disserat.
1526 3558 1745 3625 Quando
1790 3562 1981 3617 viderit
2008 3564 2228 3618 maritus

678 3652 731 3697 te
754 3643 807 3696 in
834 3644 976 3697 nullo
1008 3644 1121 3713 ejus
1148 3660 1301 3715 cgere
1329 3656 1380 3701 et
1410 3647 1524 3716 ejus
1544 3648 1681 3702 dona
1706 3650 1995 3719 despicere,
2022 3653 2227 3706 etiamsi

685 3737 925 3805 ingentes
959 3736 1074 3805 ejus
1102 3739 1314 3806 spiritus
1342 3748 1395 3794 et
1420 3755 1605 3810 magna
1648 3743 1808 3796 animi
1837 3744 1995 3797 elatio
2024 3754 2148 3799 tunc
2178 3752 2229 3799 te

678 3826 844 3896 magis
861 3828 1207 3893 reverehitur,
1229 3844 1385 3898 quam
1415 3830 1645 3885 indutam
1668 3833 1840 3887 aureis
1864 3835 2187 3889 ornamentis
2211 3851 2224 3888 :

680 3930 776 3969 nec
801 3916 907 3970 eris
950 3917 1175 3986 amplius
1200 3918 1312 3988 ejus
1336 3920 1544 3973 ancilla.
1584 3919 1714 3973 Nam
1741 3937 1962 3990 quorum
1988 3938 2223 3991 egemus,

678 4021 896 4061 necesse
942 4006 1195 4062 habemus
1225 4023 1321 4063 nos
1345 4010 1422 4063 eis
1450 4010 1757 4080 submittere
1782 4028 1795 4064 :
1823 4010 1901 4065 sin
1927 4022 2101 4067 autem
2133 4029 2229 4068 nos

675 4097 1069 4165 abduxerlmus,
1105 4114 1210 4152 non
1251 4100 1443 4154 erimus
1472 4101 1698 4169 amplius
1723 4101 1936 4156 obnoxii
1963 4120 1977 4168 ;
2010 4104 2102 4158 sed
2130 4106 2229 4159 scit

675 4190 813 4259 quod
844 4199 1057 4258 prepter
1080 4189 1171 4243 Dei
1200 4191 1442 4245 timorem
1469 4192 1515 4246 ei
1541 4192 1771 4261 aliquam
1801 4194 2078 4249 tribuimus
2098 4196 2226 4252 obe-

673 4279 948 4345 dientiam,
982 4294 1083 4332 non
1115 4288 1328 4348 propter
1354 4295 1411 4335 ea
1440 4296 1557 4350 quae
1573 4282 1769 4351 abipso
1802 4284 2225 4351 proficiscuntur.

672 4369 801 4425 Nam
828 4386 966 4425 nunc
986 4372 1221 4441 quidem,
1253 4380 1310 4425 ut
1338 4373 1423 4440 qui
1454 4388 1637 4442 magna
1677 4373 1831 4427 nobis
1855 4375 2034 4443 donet,
2065 4393 2230 4447 quan-

673 4469 1009 4529 tumcumque
1032 4461 1287 4515 honorem
1310 4461 1463 4515 fuerit
1486 4470 1818 4531 asscquutus,
1842 4480 1945 4519 non
1964 4466 2229 4522 existimat

673 4567 728 4605 sc
752 4562 913 4605 totum
936 4567 1054 4607 esse
1070 4562 1431 4622 assequutum;
1452 4563 1576 4609 tunc
1590 4565 1762 4611 autem
1784 4559 1986 4613 etiamsi
2008 4575 2226 4630 parvum

672 4640 829 4695 inierit
853 4652 1185 4712 asscquutus,
1216 4644 1429 4699 habebit
1458 4646 1675 4715 gratiam
1698 4667 1711 4701 :
1733 4663 1835 4703 non
1863 4652 2224 4719 exprobrabit,

672 4748 769 4786 nec
790 4734 902 4801 ipse
930 4744 1146 4802 cogetur
1167 4742 1381 4803 propter
1411 4744 1461 4789 te
1505 4752 1597 4805 per
1622 4740 1892 4793 avaritiam
1918 4742 2051 4796 alios
2076 4742 2227 4797 bonis

670 4824 933 4876 fraudare.
976 4824 1110 4887 Quid
1158 4825 1295 4879 enim
1335 4835 1414 4879 est
1456 4840 1485 4879 a
1534 4830 1736 4883 ratione
1780 4830 2024 4897 alienius,
2069 4846 2225 4901 quam

670 4928 829 4967 aurea
860 4925 1170 4969 ornamenta
1201 4914 1387 4971 adhoc
1416 4932 1743 4985 comparare,
1774 4928 1832 4973 ut
1852 4921 2225 4976 circumferan-

672 5014 754 5056 tur
786 5002 838 5055 in
866 5002 1069 5058 balneis
1091 5014 1143 5057 et
1171 5004 1222 5058 in
1255 5004 1421 5060 foris?
1447 5006 1551 5061 Sed
1580 5010 1630 5061 in
1658 5009 1859 5065 balneis
1887 5023 1940 5066 et
1968 5012 2095 5066 foris
2124 5030 2225 5069 non

670 5104 749 5148 est
788 5094 1007 5149 fortasse
1032 5098 1220 5149 mirum
1250 5113 1261 5148 :
1288 5097 1338 5150 in
1366 5097 1643 5153 ecclesiam
1663 5111 1840 5155 autem
1868 5102 2023 5156 etiam
2047 5118 2111 5157 eo
2137 5104 2227 5157 ha-

672 5186 784 5238 bitu
815 5195 1051 5239 ornatam
1086 5178 1393 5256 procedere,
1426 5204 1515 5248 res
1540 5200 1622 5244 est
1648 5192 1801 5248 valde
1828 5193 2065 5248 ridicula.
2095 5194 2224 5249 Nam

670 5289 763 5329 cur
804 5273 903 5327 huc
944 5275 1235 5343 ingreditur
1281 5291 1440 5332 aurea
1484 5289 1701 5348 gestans
1739 5292 2079 5348 ornamenta,
2110 5298 2225 5352 qua:

669 5365 826 5419 debet
863 5364 1064 5433 ingredi
1097 5374 1153 5419 ut
1181 5367 1355 5420 audiat
1385 5378 1630 5437 oportere
1663 5387 1720 5427 se
1760 5374 1932 5425 ornari
1963 5389 2066 5427 non
2096 5389 2225 5428 auro

672 5470 767 5510 nec
809 5456 1126 5525 margaritis,
1174 5472 1343 5526 neque
1369 5470 1517 5516 veste
1556 5463 1904 5531 sumptuosa?
1945 5462 2047 5518 Cur
2098 5480 2223 5535 ergo

668 5546 981 5617 ingrederis,
1013 5562 1046 5601 o
1073 5548 1299 5602 mulier?
1349 5553 1600 5622 numquid
1627 5562 1885 5624 tamquam
1918 5569 2036 5609 cum
2065 5556 2222 5613 Paulo

717 5710 789 5765 (α)
812 5707 896 5756 Hic
920 5707 1095 5755 desiuit
1120 5706 1307 5753 liomiliu
1336 5707 1379 5752 in
1406 5704 1537 5753 Colb.

2285 1112 2478 1167 habeat
2500 1126 2718 1167 uxorem
2751 1112 2983 1179 ﬁdelem,
3007 1112 3184 1168 videat
3207 1113 3350 1167 illam
3377 1114 3589 1168 ornatui
3610 1114 3850 1178 studere,

2287 1212 2347 1259 et
2365 1217 2525 1259 aurea
2559 1203 2959 1274 circumponere
2989 1213 3047 1259 ut
3073 1204 3395 1273 ingrediatur
3437 1205 3487 1258 in
3520 1203 3803 1260 ecclesiam
3835 1220 3849 1255 :

2287 1307 2462 1348 annon
2493 1293 2635 1349 dicet
2657 1294 2795 1363 apud
2825 1295 3093 1365 seipsum,
3120 1295 3305 1350 videns
3345 1309 3462 1350 eam
3507 1294 3558 1349 in
3607 1293 3854 1350 cubiculo

2289 1398 2349 1439 se
2376 1392 2561 1438 ornate
2590 1393 2994 1453 componentem
3020 1394 3074 1440 et
3102 1384 3470 1454 disponentem
3498 1402 3511 1439 :
3542 1383 3677 1452 Quid
3711 1384 3856 1438 intus

2289 1482 2469 1529 manet
2498 1474 2685 1528 mulier
2713 1474 2763 1529 in
2790 1474 3072 1531 cubiculo?
3100 1473 3226 1544 quid
3253 1473 3571 1529 cunctatur?
3603 1472 3731 1543 quid
3760 1490 3854 1526 au-

2290 1581 2380 1620 rea
2411 1566 2760 1637 circumponit
2789 1576 3098 1623 ornamenta
3123 1568 3143 1621 τ
3171 1582 3276 1636 quo
3312 1567 3423 1625 vult
3449 1567 3593 1622 abire
3617 1568 3641 1621 ἲ
3670 1569 3725 1621 in
3768 1580 3857 1622 ec-

2290 1656 2548 1711 clesiam?
2572 1657 2780 1726 quare?
2804 1667 2861 1711 ιιι
2886 1656 3083 1723 audiat,
3118 1654 3238 1710 Non
3265 1657 3318 1710 in
3360 1666 3492 1711 veste
3520 1666 3813 1726 sumptuosa
3832 1657 3860 1711 .’

2292 1745 2412 1801 Non
2450 1746 2673 1802 ridebit?
2720 1762 2825 1802 non
2871 1747 2923 1801 in
2952 1746 3236 1802 cachinnos
3280 1748 3563 1815 erumpet?
3597 1762 3701 1801 non
3744 1761 3857 1801 rem

2296 1835 2550 1890 ludicram
2580 1847 2630 1891 et
2661 1836 3028 1907 deceptionem
3058 1851 3143 1892 res
3170 1845 3377 1892 nostras
3417 1851 3538 1891 esse
3584 1836 3861 1891 existima-

2295 1914 2408 1979 bit?
2432 1925 2785 1993 Quamobrem
2827 1940 2974 1997 rogo,
3009 1933 3067 1981 ut
3104 1940 3261 1980 aurea
3291 1936 3597 1981 ornamenta
3650 1927 3861 1997 pompis

2296 2014 2640 2081 dimittamus,
2670 2014 2866 2081 scenis,
2896 2023 2951 2069 et
2995 2015 3051 2069 in
3094 2014 3289 2069 tabulis
3335 2014 3665 2069 omcinarum
3697 2028 3864 2084 expo-

2296 2106 2441 2160 sita:
2494 2105 2586 2159 Dei
2632 2113 2807 2159 autem
2840 2104 3012 2174 imago
3053 2119 3156 2160 non
3212 2104 3293 2158 his
3339 2114 3595 2171 ornetur;
3641 2115 3864 2159 ornetur

2296 2197 2521 2267 ingenua
2544 2196 2789 2252 libertate
2823 2213 2836 2250 :
2872 2211 2902 2251 a
2937 2197 3179 2252 libertate
3218 2205 3393 2250 autem
3424 2196 3573 2250 abest
3612 2194 3779 2251 fastus
3810 2206 3865 2253 et

2297 2295 2515 2341 ornatus
2534 2286 2845 2355 ,indecorus.
2875 2285 3024 2354 Quod
3050 2287 3095 2341 si
3126 2286 3283 2340 etiam
3304 2284 3435 2340 velis
3463 2285 3530 2338 ab
3558 2283 3864 2340 hominibus

2299 2376 2519 2447 gloriam
2545 2376 2819 2447 consequi,
2852 2390 2966 2431 eam
3008 2377 3089 2431 sic
3132 2375 3449 2445 assequeris.
3494 2375 3678 2429 Divitis
3718 2374 3863 2431 enim

2301 2467 2530 2523 hominis
2558 2482 2780 2522 uxorem
2812 2482 2915 2524 non
2964 2469 3032 2521 ita
3076 2466 3455 2521 admirabimur
3496 2479 3654 2520 aurea
3704 2482 3866 2521 orna-

2300 2566 2474 2612 menta
2517 2566 2809 2628 gestantem
2840 2566 2895 2613 et
2942 2556 3140 2613 sericas
3184 2567 3392 2624 vestes;
3448 2555 3548 2612 hoc
3593 2566 3672 2612 est
3721 2560 3865 2614 enim

2302 2664 2585 2705 commune
2632 2649 2912 2715 omnibus;
2947 2658 3005 2704 ut
3032 2648 3245 2716 quando
3292 2649 3452 2705 fuerit
3498 2649 3679 2704 induta
3718 2661 3869 2706 veste

2303 2739 2549 2808 simplici,
2596 2747 2652 2794 et
2680 2754 2743 2793 ex
2796 2740 2912 2793 lana
2964 2748 3164 2794 tantum
3210 2748 3495 2795 contexta:
3527 2739 3628 2794 hoc
3678 2754 3869 2795 omnes

2305 2828 2730 2895 admirabuntur,
2783 2830 2884 2885 hoc
2910 2845 3028 2885 cum
3070 2832 3257 2901 plausu
3297 2831 3584 2900 excipient.
3634 2830 3764 2886 Nam
3814 2833 3868 2887 in

2304 2920 2396 2973 illo
2424 2918 2634 2988 quidem
2666 2920 2862 2973 mundo
2897 2929 3328 2975 ornamentorum
3356 2930 3411 2975 et
3436 2930 3867 2990 sumptuosamm

2305 3010 2528 3064 vestium
2579 3009 2769 3064 multas
2803 3008 2958 3064 habet
2997 3010 3207 3074 socias;
3238 3020 3292 3065 et
3337 3011 3381 3064 si
3434 3011 3569 3066 hanc
3615 3020 3869 3081 superat,

2305 3109 2585 3169 superatur
2608 3099 2675 3154 ab
2703 3099 2802 3153 alia
2827 3118 2840 3163 ;
2868 3109 2921 3154 et
2942 3100 2986 3155 si
3016 3115 3201 3155 omnes
3228 3101 3453 3168 excedit,
3489 3102 3556 3155 ab
3584 3102 3698 3173 ipsa
3724 3114 3873 3160 certe

2307 3191 2487 3259 regina
2540 3190 2812 3243 vincitur:
2857 3190 2945 3243 hic
2990 3199 3163 3245 autem
3218 3191 3383 3247 vincit
3431 3208 3658 3259 omnes,
3710 3196 3871 3251 etiam

2308 3281 2477 3349 ipsam
2510 3294 2727 3333 uxorem
2754 3279 3092 3347 imperatoris
3123 3298 3136 3335 :
3165 3283 3275 3337 sola
3302 3282 3441 3337 enim
3464 3284 3514 3337 in
3540 3283 3740 3339 divitiis
3761 3286 3876 3341 ele-

2310 3361 2384 3439 git
2405 3384 2522 3438 qua:
2546 3376 2668 3422 sunt
2690 3382 2997 3437 pauperum.
3017 3369 3391 3437 Quamobrem,
3406 3372 3613 3426 etiamsi
3633 3388 3875 3428 amemus

2309 3457 2550 3527 gloriam,
2581 3458 2666 3512 hic
2690 3466 2772 3512 est
2799 3458 2967 3528 major
2992 3458 3177 3529 gloria.
3205 3459 3321 3514 Non
3353 3461 3523 3515 solum
3556 3462 3678 3517 dico
3698 3463 3877 3518 viduis

2311 3558 2361 3603 et
2385 3548 2659 3613 divitibus;
2689 3549 2774 3602 hic
2791 3549 2930 3603 enim
2947 3549 3353 3604 necessitatibus
3378 3551 3647 3607 viduitatis
3666 3553 3877 3607 videtur
3900 3600 3907 3605 .

2312 3638 2413 3693 hoc
2435 3638 2637 3703 facere;
2671 3638 2761 3692 sed
2791 3638 2854 3691 iis
2878 3640 3038 3693 etiam
3068 3654 3189 3709 qua:
3215 3640 3384 3694 virum
3418 3641 3633 3696 habent.
3665 3644 3732 3698 At
3759 3658 3874 3697 ma-

2312 3728 2434 3793 rito,
2465 3728 2651 3795 inquit,
2680 3742 2783 3781 non
2820 3728 3019 3796 placeo.
3046 3728 3154 3784 Nec
3179 3729 3261 3784 vis
3293 3731 3481 3786 marito
3509 3730 3736 3800 placere,
3778 3733 3875 3788 sed

2313 3817 2635 3871 multitudini
2665 3818 3101 3886 paupereularum
3130 3820 3446 3885 mulierum;
3479 3824 3583 3876 imo
3609 3838 3735 3877 vero
3767 3839 3874 3877 non

2314 3907 2543 3974 placere,
2573 3906 2665 3960 sed
2692 3921 2782 3961 eas
2811 3907 3112 3963 tabefacere
3141 3919 3190 3963 et
3221 3909 3405 3964 dolore
3432 3910 3667 3971 afﬁcere.
3700 3922 3754 3967 et
3782 3929 3876 3966 ea-

2328 4004 2445 4044 rum
2470 3991 2723 4057 rrtajorem
2761 3992 2931 4047 facere
2959 4005 3338 4063 paupertatem.
3370 3997 3535 4064 Quam
3564 4003 3723 4053 multa
3756 4014 3884 4069 pro-

2328 4088 2445 4150 pter
2472 4087 2523 4133 te
2560 4078 2805 4133 dicuntur
2835 4080 3177 4149 blasphemai
3215 4084 3293 4140 Ne
3317 4085 3404 4151 sit,
3433 4086 3619 4157 inquit,
3660 4099 3889 4156 pauper-

2330 4179 2408 4223 tas
2440 4186 2453 4221 :
2488 4169 2628 4223 Deus
2655 4170 2776 4223 odio
2805 4169 2963 4225 habet
2987 4186 3206 4241 egenos,
3257 4175 3397 4230 Deus
3440 4191 3548 4230 non
3583 4175 3752 4246 diligit
3789 4191 3887 4235 eos

2324 4260 2411 4330 qui
2448 4271 2568 4314 sunt
2592 4259 2644 4313 in
2683 4271 3006 4330 paupertate.
3036 4261 3165 4317 Nam
3196 4265 3335 4333 quod
3384 4280 3487 4320 non
3515 4267 3644 4321 velis
3674 4267 3888 4336 placere

2327 4349 2517 4403 marito
2545 4389 2562 4416 ,
2608 4364 2706 4404 nec
2754 4365 2813 4405 ea
2852 4350 2919 4406 de
2946 4366 3105 4406 causa
3134 4354 3359 4418 orneris,
3408 4355 3655 4409 omnibus
3702 4356 3887 4411 reddis

2325 4442 2661 4508 perspicuum
2684 4455 2750 4494 es
2778 4441 2840 4495 iis
2880 4457 2996 4509 quae
3023 4442 3133 4511 ipsa
3174 4442 3319 4497 iacis.
3374 4442 3504 4497 Nam
3546 4459 3665 4499 cum
3715 4446 3879 4499 limen

2260 4536 2263 4545 ‘
2324 4529 2534 4583 thalami
2562 4530 2855 4595 transieris,
2882 4530 3161 4585 confestim
3201 4531 3424 4601 deponis
3463 4536 3661 4600 omnia,
3702 4544 3755 4589 et
3786 4550 3881 4589 ve-

2320 4631 2447 4686 stes,
2482 4631 2536 4675 et
2557 4633 2867 4677 ornamenta
2894 4638 3073 4689 aurea,
3107 4634 3161 4677 et
3202 4626 3546 4695 margaritas;
3576 4626 3662 4679 illa
3684 4627 3883 4695 quippe

2318 4712 2459 4766 domi
2487 4727 2592 4766 non
2620 4721 2817 4781 gestas.
2854 4713 2910 4767 Si
2947 4721 3123 4768 autem
3155 4714 3235 4768 vis
3262 4714 3485 4769 omnino
3510 4715 3719 4784 placere
3765 4733 3882 4771 ma-

2318 4804 2441 4869 rito,
2470 4816 2591 4858 sunt
2616 4820 2709 4873 per
2739 4820 2855 4874 qute
2902 4807 2973 4860 sis
3003 4807 3282 4876 placitura,
3328 4822 3421 4875 per
3446 4808 3734 4875 leuitatem,
3784 4827 3882 4881 per

2319 4894 2794 4957 mansuetudinem,
2826 4910 2917 4962 per
2937 4896 3286 4951 honestatem.
3316 4896 3445 4951 Nam
3470 4899 3627 4954 crede
3662 4900 3818 4967 mihi,
3845 4917 3878 4956 o

2316 4984 2503 5038 nntlier
2526 5024 2540 5049 ,
2572 4985 2781 5039 etiamsi
2829 4984 3049 5039 maritus
3073 4996 3189 5042 tuus
3212 4988 3282 5041 sit
3307 4989 3497 5043 millies
3520 4990 3585 5046 ad
3624 4989 3873 5049 inferiora
3942 4990 3953 5019 ³

2316 5088 2625 5142 propensus,
2644 5074 2755 5127 bmc
2776 5076 2940 5144 magis
2961 5091 3078 5129 eum
3100 5077 3383 5143 attrahent,
3398 5080 3606 5148 lenitas,
3628 5097 3878 5139 mansue-

2317 5162 2459 5226 tudo,
2487 5165 2826 5231 temperantia
2858 5175 2911 5219 et
2935 5166 3245 5231 moderatio,
3264 5182 3294 5222 a
3324 5168 3458 5224 fastu
3480 5187 3596 5227 esse
3621 5172 3875 5239 alienam,

2315 5268 2414 5305 nun
2433 5267 2549 5307 esse
2566 5256 3053 5322 sumptuosam,sed
3079 5258 3329 5313 humilem
3359 5267 3414 5314 et
3438 5260 3877 5321 dimissam.Nam

2312 5345 2408 5397 etsi
2428 5344 2573 5399 mille
2591 5345 2711 5399 talia
2734 5348 3019 5416 excogites,
3042 5348 3361 5418 impudicum
3385 5362 3439 5407 et
3456 5353 3871 5411 incontinentem

2312 5450 2415 5489 non
2444 5436 2763 5490 continebis:
2791 5437 2891 5491 hoc
2914 5438 3086 5491 sciunt
3105 5455 3220 5508 qua:
3245 5442 3375 5496 tales
3402 5441 3825 5501 habentmaritos
3857 5466 3870 5504 :

2309 5540 2427 5579 nam
2468 5528 2956 5599 quomodocumque
3004 5540 3052 5585 te
3081 5547 3333 5597 exornes,
3360 5533 3468 5599 ille,
3503 5546 3555 5589 ut
3583 5537 3673 5606 qui
3698 5540 3764 5593 sit
3790 5541 3873 5595 in-

2304 5618 2598 5683 continens,
2628 5619 2735 5673 abit
2762 5619 2826 5674 ad
2859 5620 3015 5675 aliam
3047 5636 3206 5678 :eum
3245 5632 3419 5678 autem
3448 5627 3533 5695 qui
3556 5640 3636 5681 est
3668 5638 3870 5700 tempe-

2305 5723 2425 5762 rans
2456 5720 2505 5762 et
2536 5709 2785 5777 pudirus,
2815 5727 2917 5767 non
2953 5713 3033 5768 his
3060 5714 3235 5785 capies
3256 5756 3271 5780 ,
3301 5716 3391 5770 sed
3442 5720 3756 5788 contrariis;
3787 5724 3865 5781 his
