4088 6452
201 476 286 532 152)

202 587 392 657 ἀνδρας.
416 586 602 640 Πάντα
630 588 735 658 γάρ
763 588 829 641 τά
862 589 1046 652 λοιπά,
1070 589 1212 660 άπερ
1242 590 1456 658 ἔχομεν,
1474 590 1719 659 περιττά·

201 671 331 736 μόνοι
355 672 402 723 οἱ
432 673 663 742 πένητες
685 673 745 726 ού
772 673 996 743 περιττά
1024 674 1316 743 κέκτηνται
1339 689 1352 702 ·
1385 673 1525 741 τάχα
1553 672 1609 724 δέ
1634 673 1753 724 κά-·

201 756 344 806 κεῖνοι
375 754 440 806 δι’
471 751 738 824 ἀνάγκην,
759 754 855 818 ὡς,
887 756 938 808 ετ
967 773 1027 824 γε
1059 755 1208 825 ἐξῆν,
1243 756 1343 808 ούκ
1363 757 1428 810 ἂν
1452 755 1568 807 οὐδὲ
1591 757 1731 807 ἐκεῖ·

201 852 267 887 νοι
294 837 607 906 ἀπέσχοντο.
644 837 786 908 Πλὴν
831 837 965 899 ἀλλ’,
995 839 1104 892 εἴτε
1128 838 1415 909 προφάσει,
1459 838 1566 890 εἴτε
1597 837 1732 904 ἀληο

873 472 939 528 IN
993 472 1208 530 EPIST.
1246 474 1335 529 AD
1374 472 1726 529 ΠΕΒΠᾹΞΠΞ.
1769 471 1916 528 CAP.
1961 469 2071 524 XII.
2118 465 2347 522 HOMIL.
2390 466 2626 522 XXVIII.

3293 466 3398 520 eun

1842 587 2040 658 κλησία
2069 586 2211 638 οὕτω
2244 583 2718 654 σχηματιζομένην
2753 582 3021 652 προῖέναι,
3061 581 3224 644 πολὺς
3265 583 3295 633 6
3318 582 3406 650 γέ-

1835 669 1962 732 λως.
1986 669 2050 722 Τί
2071 669 2178 739 γὰρ
2194 667 2394 737 δήποτε
2412 668 2720 736 εἰσέρχεται
2745 664 2943 735 χρυσία
2960 663 3200 734 φοροῦσα
3216 664 3405 716 ἐνταῦ-

1835 751 1925 816 θα,
1948 753 1980 821 ή
1997 749 2284 819 ὀφείλουσα
2306 748 2590 810 εἰσελθεῖν,
2611 748 2695 800 ἵνα
2712 745 2920 818 ἀκούσῃ
2943 749 3164 815 κοσμεῖν
3184 746 3404 807 ἐαυτάς.

1840 833 1915 904 μὴ
1949 834 2157 905 χρυσίῳ
2185 832 2318 903 μηδὲ
2352 830 2738 902 μαργαρίταις,
2769 829 2904 900 μηδέ
2936 828 3214 899 ἱματισμῷ
3243 829 3408 881 πολυ-

203 916 324 986 θεία,
352 918 486 980 τέως
520 920 719 972 ἐκεῖνοι
745 907 829 972 ίτά
870 919 1097 990 περιττά
1130 907 1458 990 ούκέχουσι.
1496 919 1732 974 Τοιαῦτα
1835 919 2004 984 τελεῖ;
2041 917 2198 979 Τίνος
2227 912 2321 970 οὖν
2368 916 2552 969 ἱνεκεν
2600 915 2846 986 εἰσέρχῃ,
2886 907 2932 966 ὧ
2964 913 3155 981 γύναι;
3191 908 3300 981 ἄρα
3332 911 3409 974 ὡς

202 1001 358 1053 τοίνυν
379 999 637 1069 φορῶμεν
683 1002 891 1071 ίμάτια,
941 1002 1010 1055 τά
1053 1003 1152 1074 τὴν
1175 1004 1364 1073 χρείαν
1402 1002 1730 1073 πληροῦντα.

202 1084 256 1135 Τί
279 1085 377 1154 γὰρ
423 1083 676 1151 βούλεται
729 1086 758 1137 ό
801 1085 965 1149 πολὺς
993 1086 1228 1156 χρυσός;
1267 1089 1380 1149 τοῖς
1410 1087 1500 1138 ἐπὶ
1532 1086 1735 1156 σκηνῆς

203 1165 352 1218 ταῦτα
380 1167 664 1235 ἁρμόττει,
688 1167 858 1220 ταῦτα
906 1169 1128 1221 ἀκείνων
1161 1169 1228 1220 τά
1254 1170 1566 1241 φορήματα,
1606 1184 1737 1239 πορ-

203 1249 292 1301 νῶν
323 1251 434 1302 ἐστι
461 1250 759 1317 γυναικῶν,
801 1251 977 1304 πάντα
1001 1251 1139 1321 πρὸς
1167 1251 1229 1303 τὸ
1261 1250 1518 1325 θεαθῆναι
1553 1266 1732 1303 ποιου-

206 1330 312 1383 σῶν,
345 1332 783 1398 Καλλωπιζέσθω
813 1334 992 1405 ἐκείνη
1025 1336 1057 1404 ή
1090 1335 1181 1386 ἐπὶ
1199 1335 1299 1405 τῆς
1336 1334 1558 1404 σκηνῆς,
1584 1335 1617 1404 ή
1645 1332 1739 1386 ἐπὶ

202 1414 290 1481 τῆς
330 1415 635 1484 ὀρχήστρας
660 1433 673 1447 ·
711 1413 916 1480 πάντας
959 1419 1066 1488 γάρ
1119 1416 1363 1486 βούλεται
1385 1417 1520 1486 πρὸς
1542 1416 1738 1486 ἑαυτὴν

205 1495 590 1550 ἐπισπάσασθαι
618 1512 632 1527 ·
668 1498 700 1568 ή
730 1497 788 1550 δὲ
816 1499 1266 1568 ἐπαγγελλομένη
1302 1497 1630 1562 θεοσέϐειαν,
1666 1497 1739 1568 μὴ

205 1576 331 1630 οὕτω
356 1578 803 1646 καλλωπιζέσθω,
833 1581 970 1634 ἀλλά
1002 1584 1203 1652 έτέρως
1218 1582 1330 1653 ἔχει
1354 1581 1742 1651 καλλωπισμὸν

207 1660 322 1711 πολὺ
353 1661 566 1732 ἐκείνης
591 1664 831 1731 μείζονα.

271 1741 442 1811 Ἔχεις
469 1744 565 1797 καὶ
598 1745 661 1797 σὺ
702 1744 963 1815 θέατρον·
1002 1745 1138 1816 πρὸς
1182 1747 1358 1800 έκεῖνο
1403 1743 1739 1808 καλλωπίζου

207 1823 507 1895 τδθέατρον,
540 1827 749 1880 ἐκεῖνον
782 1827 1088 1898 περιτίθεσο
1109 1828 1199 1881 τὸν
1227 1829 1449 1898 κόσμον.
1470 1829 1627 1881 Ποῖόν
1650 1826 1741 1880 σού

209 1906 308 1958 ἐστι
327 1908 384 1958 τδ
411 1907 675 1978 θέατρον;
711 1909 770 1970 '0
798 1910 1046 1980 οὐρανὸς,
1080 1913 1108 1965 6
1142 1911 1249 1964 τῶν
1273 1912 1520 1981 ἀγγέλων
1547 1912 1708 1980 δῆμος
1727 1929 1740 1942 ·

209 1989 314 2057 οὐχὶ
346 1989 448 2043 τῶν
470 1992 758 2062 παρθένιον
777 1993 920 2062 λέγω
950 1995 1128 2063 μόνον,
1165 1996 1300 2048 ἀλλά
1323 1996 1415 2049 καὶ
1437 1995 1541 2048 τῶν
1563 2009 1747 2065 κοσμι-

212 2072 305 2124 κῶν
335 2090 348 2103 ·
395 2075 588 2137 πᾶσαι,
634 2077 754 2130 ὅσαι
783 2077 860 2146 τῷ
906 2077 1128 2148 Χριστῷ
1170 2078 1538 2139 πιστεύουσιν,
1573 2080 1750 2131 ἐκεῖνο

211 2153 371 2223 έχουσι
408 2156 467 2208 τὸ
505 2156 760 2228 θέατρον.
785 2159 1025 2214 Τοιαῦτα
1046 2159 1429 2229 φθεγγώμεθα,
1481 2161 1566 2213 ἵνα,
1604 2161 1749 2212 ἐκεί-

212 2252 306 2298 νοις
338 2238 628 2308 τέρπωμεν
648 2244 776 2305 τοὺς
801 2241 1020 2306 θεατάς·
1054 2241 1277 2295 τοιαῦτα
1301 2243 1627 2313 περιτίθεσο,
1665 2244 1750 2295 ἵνα

213 2317 431 2382 ὶκιίνους
449 2322 731 2392 εὐφράνης
754 2335 802 2375 ι.
819 2322 969 2394 [265]
987 2325 1122 2377 Εἰπέ
1143 2325 1249 2394 γάρ
1274 2342 1384 2394 μοι,
1410 2326 1504 2378 ἐὰν
1526 2327 1558 2395 ή
1583 2324 1750 2395 πόρνη

215 2403 336 2472 γυνὴ
364 2405 560 2472 ἀφεῖσα
580 2407 648 2458 τά
663 2406 869 2476 ’χρυσία
891 2409 985 2460 καὶ
1008 2411 1076 2462 τά
1103 2409 1292 2476 ἱμάτια
1315 2412 1409 2462 καὶ
1432 2410 1520 2462 τὸν
1544 2409 1753 2477 γέλωτα

216 2485 296 2535 καὶ
315 2485 378 2536 τά
409 2488 632 2556 ῥήματα
682 2489 750 2542 τά
797 2490 984 2542 ἀστεῖα
1036 2491 1129 2542 καὶ
1160 2491 1228 2542 τά
1276 2492 1498 2560 αἰσχρά,
1545 2491 1754 2552 εὐτελὲς

216 2566 408 2633 ἱμάτιον
462 2570 850 2639 περιϐάληται,
908 2573 1002 2625 καὶ
1030 2573 1464 2642 ἀνεπιτηδεύτως
1506 2575 1758 2626 συνθεῖσα

215 2648 392 2718 ἐαυτὴν
449 2652 699 2722 εἰσέλθῃ,
744 2653 837 2706 καὶ
888 2653 1111 2724 θεοσεϐῆ
1162 2654 1467 2725 φθέγγηται
1516 2657 1759 2725 ῥήματα,

216 2731 296 2782 καὶ
317 2734 438 2802 περὶ
469 2736 828 2803 σωφροσύνης
853 2735 1190 2807 διαλέγηται,
1218 2739 1312 2790 καὶ
1349 2738 1513 2808 μηδὲν
1537 2739 1761 2808 αἰσχρὸν

215 2809 349 2883 λέγῃ,
369 2815 486 2883 οὐχὶ
517 2817 914 2885 ἀναστήσονται
961 2819 1201 2884 πάντες;
1232 2821 1351 2889 οὐχὶ
1378 2820 1762 2890 διαλυθήσεται

214 2892 352 2946 τοῦτο
389 2897 447 2947 τὸ
481 2897 745 2965 θέατρον;
777 2899 900 2967 οὐχὶ
950 2900 1272 2954 ἐκϐαλοῦσιν
1320 2904 1508 2967 αὐτὴν,
1559 2904 1633 2965 ὼς
1663 2904 1762 2956 οὐκ

215 2973 394 3029 εἰδυῖαν
416 2978 764 3048 ἁρμόσασθαι
792 2980 865 3049 τῷ
885 2980 1064 3052 δήμῳ,
1095 2984 1189 3036 καὶ
1219 2984 1473 3054 ἀλλότρια
1499 2983 1763 3051 λέγουσαν

215 3055 295 3108 τοῦ
327 3058 551 3129 θεάτρου
609 3062 819 3114 ἐκείνου
862 3062 955 3115 τοῦ
1005 3066 1328 3129 σατανικοῦ;
1371 3067 1525 3118 Οῦτω
1552 3068 1642 3118 καί
1675 3068 1760 3130 σὺ,

216 3139 296 3191 ῖάν
348 3142 412 3194 τά
466 3144 683 3213 ἐκείσης
733 3143 1060 3216 περιθεμένη
1115 3148 1195 3210 εἰς
1247 3149 1309 3200 τὸ
1362 3148 1470 3199 τῶν
1521 3148 1765 3215 οὐρανῶν

217 3222 422 3292 θέατρον
451 3225 725 3297 εἰσέλθῃς,
758 3225 1050 3280 ἐκϐαλοῦσί
1078 3245 1135 3280 σε
1160 3231 1208 3282 οἱ
1230 3228 1440 3282 θεαταί.
1483 3230 1629 3281 Ἐκεῖ
1657 3229 1766 3299 γὰρ

215 3305 266 3355 ού
297 3308 397 3359 τῶν
425 3307 644 3377 χρυσῶν
676 3308 904 3377 ἱματίων
933 3309 1091 3378 χρεία
1123 3310 1351 3374 τούτων,
1393 3310 1507 3363 ἀλλ’
1542 3313 1764 3381 ἑτέρων.

217 3387 406 3455 Ποίων;
439 3391 581 3443 Οῖων
621 3392 648 3442 6
698 3391 982 3460 προφήτης
1027 3393 1228 3461 φησίν·
1274 3394 1370 3446 Ἐν
1402 3393 1767 3460 κροσσωτοῒς

216 3470 446 3536 χρυσοῖς
475 3472 966 3540 περιϐεϐλημένη,
997 3475 1426 3542 πεποικιλμένη
1451 3491 1466 3505 ·
1494 3476 1591 3544 οὐχ
1627 3475 1766 3528 ῶστε

215 3550 268 3601 τὸ
306 3553 460 3621 σῶμα
500 3552 696 3604 λευκὸν
725 3556 1066 3623 ποιῆσαικαὶ
1097 3556 1441 3619 ἀποστίλϐον,
1483 3555 1597 3608 ἀλλ’
1626 3556 1766 3610 ῶστε

216 3633 301 3701 τήν
328 3636 501 3706 ψυχὴν
531 3635 900 3689 καλλωπίσαι·
936 3637 1072 3708 αῦτη
1127 3641 1234 3708 γάρ
1268 3641 1469 3708 ἐστινὴ
1503 3639 1766 3706 ἀγωνιζο-

221 3716 338 3786 μένη
367 3721 479 3770 ἐκεῖ
502 3719 594 3770 καὶ
614 3718 866 3771 ἀθλοῦσα.
895 3719 1069 3774 Πᾶσα
1094 3722 1130 3788 ἡ
1162 3721 1313 3784 δόξα
1346 3721 1454 3789 τῆς
1479 3721 1769 3790 θυγατρὸς

217 3799 308 3850 τοῦ
330 3800 636 3865 βασιλέως
665 3801 910 3865 ἔσωθεν,
946 3804 1099 3870 φησί.
1138 3803 1320 3856 Ταῦτα
1363 3803 1587 3873 περίθου
1615 3820 1626 3832 ·
1665 3821 1768 3874 μυ-

220 3879 337 3945 ρίων
363 3885 466 3951 γάρ
501 3885 594 3934 καὶ
624 3883 798 3936 ἄλλων
824 3885 1181 3947 ἀπαλλάττεις
1209 3887 1414 3954 σαυτὴν
1440 3885 1642 3946 κακῶν,
1664 3886 1768 3938 ’καὶ

218 3961 295 4011 τὸν
338 3964 504 4033 ἀνδρα
555 3967 845 4034 μερίμνης,
881 3969 973 4019 καὶ
1015 3968 1216 4037 σαυτὴν
1259 3969 1560 4038 φροντίδος.
1613 3968 1768 4022 Οῦτω

220 4044 310 4112 γὰρ
341 4047 614 4116 αἰδέσιμος
643 4048 740 4117 έση
765 4047 840 4116 τῷ
865 4048 1039 4117 ἀνδρὶ,
1076 4050 1203 4102 ὅταν
1231 4052 1306 4119 μὴ
1342 4051 1550 4103 πολλῶν
1580 4051 1694 4121 δέῃ.

281 4147 347 4212 ς’.
371 4151 483 4214 Πᾶς
507 4150 614 4220 γάρ
629 4152 914 4222 ἄνθρωπος
939 4153 1130 4206 είωθεν
1151 4153 1470 4218 ἀκκίζεσθαι
1489 4157 1628 4208 κατά
1661 4157 1768 4209 τῶν

219 4229 466 4301 δεομένων
529 4235 725 4288 αὑτοῦ·
758 4238 884 4288 ὅταν
917 4236 987 4289 -δὲ
1045 4239 1130 4309 ἴδῃ
1185 4238 1257 4308 μὴ
1304 4238 1493 4307 χρείαν
1525 4238 1763 4309 ἔχοντας,

221 4319 458 4388 κατασπᾷ
508 4318 566 4369 τὸ
619 4319 892 4389 φρόνημα,
930 4320 1069 4373 ὥστε
1114 4321 1391 4390 όμοτίμως
1433 4321 1763 4390 διαλέγεται.

224 4397 372 4451 Ὅταν
403 4401 488 4472 ἴδῃ
521 4403 547 4452 6
567 4403 702 4471 ἀνὴρ
722 4403 883 4454 ὅτιού
913 4405 1102 4473 χρείαν
1132 4405 1296 4457 αὑτοῦ
1327 4404 1469 4474 ἔχεις
1490 4407 1544 4458 ἐν
1568 4406 1764 4471 οὐδενὶ,

221 4478 290 4557 δτι
311 4487 662 4554 καταφρονεῖς
684 4485 792 4536 τῶν
821 4488 945 4556 παρ’
970 4485 1136 4540 αὑτοῦ
1163 4487 1398 4556 δωρεῶν,
1434 4487 1535 4540 κᾶν
1565 4488 1767 4557 σφόδρα

220 4553 249 4629 ᾗ
277 4565 670 4633 φρονηματιῶν,
705 4566 828 4618 τότε
861 4553 916 4620 σε
969 4553 1344 4638 αἰδεσθήσεται
1380 4553 1666 4637 μᾶλλονξῆ
1697 4553 1765 4622 τὰ

221 4647 401 4722 χρυσία
445 4651 865 4720 περικειμένην·
903 4654 995 4704 καὶ
1036 4653 1219 4705 οὐκέτι
1255 4651 1347 4722 ἔσῃ
1388 4652 1552 4705 αὑτοῦ
1579 4653 1758 4720 δούλη.

221 4718 307 4777 Ὅν
334 4728 436 4800 γάρ
464 4729 651 4799 χρείαν
686 4718 900 4801 ἔχομεν,
928 4733 1258 4786 ὑποκύπτειν
1282 4735 1491 4796 τούτοις
1525 4736 1763 4801 ἀναγκα-

220 4804 409 4875 ζόμεθα
435 4827 449 4840 ·
486 4813 577 4864 ἑὰν
608 4812 662 4865 δὲ
692 4815 1088 4885 ἀποστήσωμεν
1141 4816 1384 4876 ἐαυτους,
1429 4816 1609 4867 σῦκέτι
1642 4817 1762 4867 ἐσό-

224 4890 344 4954 μεθα
371 4893 639 4958 ὑπόδικοι,
681 4895 792 4946 ἀλλ’
845 4893 981 4949 οἶδεν
1022 4899 1104 4952 ὃτι
1135 4899 1220 4951 διὰ
1256 4899 1344 4951 τὸν
1376 4899 1467 4950 τοῦ
1502 4898 1636 4950 Θεοῦ
1670 4900 1760 4965 φό·

221 4968 300 5022 δον
325 4974 565 5044 ὑπακοήν
589 4993 707 5030 τινα
735 4979 1076 5048 ἀπονέμομεν
1115 4981 1282 5049 αὐτῷ,
1333 4981 1391 5031 ού
1420 4980 1506 5031 διὰ
1535 4982 1600 5032 τά
1632 4983 1760 5049 παρ’

221 5051 385 5107 αὐτοῦ.
412 5055 527 5108 Νῦν
565 5058 662 5125 μὲν
691 5059 798 5128 γάρ
841 5060 913 5122 ὡς
962 5061 1173 5130 μεγάλα
1214 5065 1345 5129 ἡμῖν
1384 5062 1759 5131 χαριζόμενος,

218 5134 332 5205 ὃᾷης
362 5140 422 5191 ἀν
455 5141 737 5212 ἀπολαύσῃ
767 5144 860 5212 τῆς
882 5146 1067 5213 τιμῆς,
1090 5145 1185 5212 ούχ
1211 5147 1425 5215 ήγεῖται
1459 5147 1554 5214 τῆς
1586 5148 1764 5213 πάσης

219 5216 656 5274 ἀπολελαυκέναι·
689 5227 806 5276 τότε
836 5225 889 5278 δὲ
920 5225 1019 5278 κάν
1048 5229 1248 5295 μικρᾶς
1271 5227 1426 5296 τύχῃ.
1450 5228 1605 5296 χάριν
1627 5230 1764 5297 ήγήο

220 5313 386 5354 σεται·
421 5306 524 5357 οὐκ
550 5306 780 5370 ὀνειδιεῖ,
813 5309 910 5360 οὐκ
939 5307 1415 5378 ἀναγκασθήσεται
1451 5312 1572 5362 οὐδὲ
1603 5312 1762 5372 αὐτὸς

219 5383 544 5440 πλεονεκτεῖν
593 5389 679 5441 διά
711 5389 790 5441 σέ.
827 5390 888 5442 Τί
922 5392 1030 5460 γάρ
1070 5393 1409 5462 ἀλογώτερον
1443 5394 1535 5445 τοῦ
1566 5395 1763 5462 χρυσία

219 5467 287 5527 εἰς
310 5469 462 5521 τοῦτο
497 5469 1061 5534 κατασκευάζειν,’ἵνα
1114 5476 1472 5543 περικέωνται
1505 5479 1563 5527 ἐν
1602 5476 1764 5544 βαλαο

219 5547 361 5613 νείοις
401 5551 548 5623 [266]
581 5554 671 5606 καὶ
696 5555 755 5606 ἐν
779 5557 1036 5624 ἀγοραῖς;
1083 5557 1223 5608 Ἀλλ’
1250 5561 1305 5608 ἐν
1342 5557 1643 5625 βαλανείοις
1673 5560 1762 5611 καὶ

220 5628 267 5677 ὲν
291 5631 504 5703 ἀγοραῖς
532 5636 680 5689 ουδέν
729 5638 856 5698 ἴσως
885 5637 1228 5706 θαυμαστόν·
1261 5641 1318 5692 τὸ
1364 5640 1418 5692 δὲ
1449 5641 1539 5693 καὶ
1587 5643 1642 5692 ἐν
1671 5645 1760 5694 ἐκ·

271 5839 287 5862 ³
306 5842 430 5894 Finis
453 5846 661 5896 homilizr
689 5847 736 5895 in
764 5847 899 5896 Eoth.

1841 1000 2123 1069 μαχομένη
2145 1000 2220 1069 τῷ
2239 998 2458 1067 Παύλῳ,
2473 997 2567 1051 καὶ
2584 996 2904 1050 δεικνύουσα
2926 997 3008 1049 ὅτι
3031 995 3133 1049 κάν
3151 995 3408 1065 μυριάκις

1807 1124 1809 1126 .
1838 1082 2010 1135 ταῦτα
2036 1081 2189 1152 λέγῃ,
2209 1083 2308 1134 οὐκ
2334 1080 2639 1152 ἐπιστρέφῃ
2659 1097 2672 1144 ;
2696 1078 2808 1131 ἀλλ’
2826 1079 2900 1141 ὠς
2919 1079 3045 1142 τοὺς
3061 1077 3411 1138 διδασκάλους

1840 1166 1985 1234 ήμάς
2005 1163 2220 1230 ἐλέγξαι
2248 1163 2545 1233 βουλομένη
2574 1163 2750 1232 μάτην
2775 1161 2948 1214 ταῦτα
2974 1159 3408 1229 διαλεγομένουςς

1841 1248 1975 1301 Εἰπὲ
2000 1249 2107 1319 γάρ
2137 1265 2247 1317 μοι,
2289 1247 2384 1300 ἐάν
2427 1263 2513 1308 τις
2549 1246 2745 1315 Ἕλλην
2777 1244 2872 1297 καὶ
2915 1245 3138 1307 ἄπιστος
3174 1243 3410 1304 ἀκούσας

1841 1331 2349 1400 ἀναγινωσκομένου
2401 1328 2494 1382 τοῦ
2549 1328 2746 1398 χωρίου
2807 1327 3032 1391 τούτου,
3094 1327 3222 1380 ἔνθα
3243 1326 3413 1379 ταῦτα

1842 1413 1991 1482 λέγει
2026 1416 2054 1466 6
2088 1414 2355 1483 μακάριος
2386 1411 2616 1475 Παῦλος,
2644 1413 2974 1482 παρεγγυῶν
3004 1415 3120 1472 ταῖς
3174 1409 3414 1478 γυναιξὶ,

1847 1498 1982 1567 μήτε
2033 1495 2243 1566 χρυσῷ,
2307 1498 2444 1566 μήτε
2507 1494 2896 1566 μαργαρίταις,
2944 1496 3079 1565 μήτε
3138 1491 3417 1564 ἱματισμῷ

1846 1579 2130 1632 πολυτελεῖ
2159 1583 2383 1649 κοσμεῖν
2411 1580 2631 1642 ἐαυτάς,
2663 1581 2756 1631 καὶ
2779 1579 2917 1648 ἔχων
2942 1580 3175 1645 γυναῖκα
3194 1575 3414 1645 πιστὴν,

1848 1663 1933 1735 ῖδῃ
1959 1663 2040 1715 ὅτι
2076 1661 2242 1714 πολὺν
2272 1663 2504 1716 ποιεῖται
2551 1661 2707 1728 λόγον
2752 1660 2846 1714 τοῦ
2899 1659 3287 1730 καλλωπισμοῦ
3321 1658 3419 1711 καὶ

1846 1744 2046 1814 χρυσία
2097 1745 2454 1815 περιτίθεται,
2507 1744 2595 1798 ἵνα
2622 1744 2860 1817 προέλθῃ
2900 1745 2957 1796 ἐν
2988 1743 3273 1814 ἐκκλησίᾳ,
3310 1738 3422 1812 ἆρα

1846 1828 1946 1879 οὐκ
1969 1828 2087 1896 ἐρεῖ
2112 1826 2246 1897 πρὸς
2275 1827 2488 1889 ἑαυτὸν,
2519 1827 2660 1896 όρῶν
2685 1827 2854 1897 αὐτὴν
2899 1828 2956 1880 ἐν
2986 1825 3062 1895 τῷ
3089 1823 3421 1894 κοιτωνίσκῳ

1848 1908 2018 1961 ταῦτα
2037 1909 2454 1981 περιτιθεμένην
2480 1911 2572 1962 καὶ
2592 1909 2924 1964 διατιθεῖσαν
2952 1910 3151 1973 καλῶς.
3176 1908 3240 1961 Τί
3269 1908 3421 1976 μένει

1851 1990 1995 2043 ἔνδον
2029 1992 2063 2058 ή
2113 1991 2250 2060 γυνὴ
2286 1993 2366 2055 είς
2397 1991 2490 2045 τὸν
2521 1991 2906 2056 κοιτωνίσκον;
2940 1993 2992 2044 τί
3025 1991 3308 2062 βραδύνει;
3367 1989 3422 2042 τί

1852 2072 2192 2144 περιτίθεται
2251 2075 2316 2128 τά
2343 2075 2573 2146 χρυσία;
2607 2075 2708 2129 ποῦ
2741 2075 2996 2130 ἀπελθεῖν
3023 2077 3164 2146 έχει;
3219 2078 3296 2135 εἰς
3324 2074 3424 2143 τὴν

1853 2156 2180 2222 ἐκκλησίαν;
2209 2157 2299 2210 διά
2326 2159 2378 2210 τί
2401 2174 2414 2222 ;
2445 2158 2530 2211 ῖνα
2557 2157 2788 2228 ἀκούσῃ,
2809 2157 2904 2224 Μὴ
2923 2156 3216 2227 Ιμιιτισμῷ
3244 2159 3426 2209 .1ko-

1856 2241 2048 2305 τελεῖ;
2079 2243 2154 2295 υὺ
2183 2241 2506 2308 γελάσεται;
2537 2241 2634 2294 ούκ
2678 2241 3087 2310 ἀνακαγχάσει;
3122 2240 3183 2293 οῦ
3225 2239 3426 2310 χλεύην

1834 2324 1953 2376 ’καὶ
1976 2327 2190 2394 ἀπάτην
2211 2320 2348 2375 εἶναι
2383 2326 2562 2391 νομιεῖ
2587 2322 2657 2375 τά
2685 2323 2956 2392 ήμέτερα;
2981 2323 3071 2376 Διὸ
3100 2321 3424 2391 παρακαλῶ,

1856 2407 1926 2459 τά
1960 2407 2159 2478 χρυσία
2193 2409 2314 2468 ταῖς
2348 2409 2592 2476 πομπαῖς
2614 2406 2863 2477 ἀφῶμεν,
2891 2409 3013 2470 ταῖς
3045 2408 3430 2475 σκηναῖς,ταῖ;

1860 2490 2164 2560 προθήκαις
2187 2491 2306 2549 ταῖς
2329 2489 2422 2540 ἐπὶ
2452 2488 2560 2540 τῶν
2590 2489 2969 2558 ἐργαστηρίων
2993 2505 3007 2519 ·
3038 2491 3070 2559 ή
3095 2487 3152 2541 δὲ
3181 2488 3273 2541 τοῦ
3293 2486 3429 2539 Θεοῦ

1861 2570 2023 2624 εἰκὼν
2075 2571 2149 2641 μὴ
2199 2569 2409 2632 τούτοις
2468 2570 2995 2642 καλλωπιζέσθω·ή
3047 2570 3307 2641 ἐλευθέρα
3362 2573 3430 2639 τῇ

1864 2653 2146 2724 ἐλευθερίᾳ
2194 2652 2532 2721 κοσμείσθω·
2586 2653 2868 2724 ἐλευθερία
2913 2654 2971 2706 δὲ
3013 2653 3073 2707 τδ
3097 2653 3322 2721 ἄτυφον,
3373 2653 3435 2703 τὸ

1864 2735 2236 2803 ἀκόμπαστον.
2259 2732 2320 2786 Et
2349 2733 2403 2786 δὲ
2431 2734 2526 2786 καὶ
2550 2733 2707 2802 δόξης
2733 2734 2909 2802 βούλει
2936 2735 3035 2805 τῆς
3055 2737 3205 2807 παρά
3225 2735 3438 2804 ἀνθρὼ-

1866 2833 1982 2868 πων
2003 2817 2303 2885 ἐπιτυχεῖν,
2324 2814 2498 2878 οὕτως
2517 2817 2771 2886 ἐπιτεύξῃ
2799 2818 2910 2886 Τήν
2935 2819 3044 2888 γὰρ
3062 2817 3254 2888 ἀνδρὸς
3279 2818 3442 2870 πλου-

1864 2897 2083 2960 τοῦντος
2103 2894 2266 2952 οὖσαν
2282 2901 2516 2966 γυναῖκα
2537 2901 2637 2968 οὐχ
2652 2899 2794 2952 οὓτω
2819 2899 3216 2971 θαυμασόμεθα
3238 2900 3439 2972 χρυσία

1867 2979 2138 3050 φοροῦσαν
2165 2982 2259 3032 καὶ
2289 2980 2493 3050 σηρικά
2510 2981 2688 3045 (τοῦτο
2716 2982 2825 3048 γάρ
2851 2983 3028 3036 κοινὸν
3052 2983 3325 3051 ἀπασῶν),
3361 2983 3438 3045 ὡς

1867 3064 1994 3116 ὅταν
2026 3062 2169 3113 λιτὸν
2218 3062 2430 3129 ἱμάτιον
2465 3065 2559 3114 καὶ
2602 3063 2831 3127 ἁπλοῦν,
2868 3066 2961 3118 καὶ
2982 3065 3041 3130 ἐξ
3074 3065 3220 3135 ἐρίου
3253 3068 3442 3135 εἰργα-

1871 3145 2065 3212 σμένον
2100 3143 2259 3212 μόνον
2310 3146 2666 3216 περικειμένη
2713 3146 2957 3216 τυγχάνῃ
2987 3160 3000 3174 ·
3032 3146 3190 3200 τοῦτο
3228 3147 3444 3217 θαυμά-

1869 3241 2051 3277 σονται
2106 3225 2329 3289 πάντες,
2375 3225 2530 3278 τοῦτο
2573 3229 2952 3296 κροτήσουσιν.
3000 3229 3091 3282 Ἐν
3121 3231 3314 3300 ικείνῳ
3343 3231 3443 3299 μὲν

1869 3307 1976 3374 γὰρ
2007 3306 2082 3375 τῷ
2113 3307 2300 3376 κόσμῳ
2329 3305 2408 3376 τῷ
2445 3307 2552 3360 τῶν
2584 3309 2824 3377 χρυσίων
2855 3311 2949 3362 καὶ
2996 3311 3104 3364 τῶν
3134 3310 3443 3363 πολυτελῶν

1873 3390 2125 3459 ἱματίων,
2176 3387 2375 3452 πολλὰς
2429 3389 2541 3460 ἔχει
2574 3391 2671 3453 τάς
2717 3394 3078 3457 κοινωνούσας
3111 3394 3282 3465 αὐτῇ·
3341 3395 3445 3448 κάν

1869 3469 2072 3536 ταύτην
2104 3470 2527 3542 ύπερακοντίσῃ,
2563 3472 2666 3524 ὑπὸ
2693 3473 2793 3540 τῆς
2819 3475 3012 3544 ἐτέρας
3044 3478 3306 3545 ἡττᾶται·
3341 3477 3445 3530 κάν

1871 3553 2049 3614 πάσας
2081 3552 2474 3624 ὑπερϐάληται,
2507 3555 2610 3606 ὑπὸ
2634 3556 2734 3623 τῆς
2777 3555 3047 3625 βασιλίδος
3076 3559 3244 3629 αὐτῆς
3289 3562 3445 3613 νικᾶ-

1869 3652 1987 3690 ται·
2025 3636 2257 3690 ἐνταῦθα
2285 3637 2340 3689 δέ
2374 3641 2553 3700 πάσας
2581 3643 2726 3710 νικᾷ,
2758 3643 2855 3693 καὶ
2872 3642 3040 3713 αὐτὴν
3061 3645 3156 3713 τὴν
3172 3645 3263 3696 τοῦ
3293 3644 3445 3714 βασι-

1870 3721 2006 3782 λέως
2063 3723 2320 3788 γυναῖκα·
2359 3721 2496 3791 μόνη
2529 3723 2635 3791 γάρ
2662 3726 2718 3776 ἐν
2750 3725 2966 3794 πλούτῳ
3019 3726 3199 3796 πολλῷ
3237 3728 3303 3780 τά
3338 3729 3445 3779 τῶν

1872 3803 2021 3874 [267]
2058 3805 2306 3873 πενήτων
2361 3805 2554 3860 είλετο.
2581 3807 2742 3860 Ὥστε
2799 3810 2892 3861 καὶ
2925 3810 2973 3860 εἰ
3007 3810 3165 3878 δόξης
3205 3811 3442 3881 ἐρῶμεν,

1871 3886 2104 3938 ἐνταῦθα
2132 3885 2332 3956 μείζων
2366 3887 2564 3956 ήδόξα.
2594 3891 2668 3940 Οὐ
2694 3889 2830 3958 προς
2854 3892 2952 3954 τάς
2979 3893 3154 3961 χήρας
3173 3892 3315 3959 λέγω
3352 3898 3448 3965 μό-

1871 3983 1980 4029 νον,
2019 3969 2113 4020 καὶ
2165 3969 2263 4030 τὰς
2305 3968 2599 4033 πλουσίας·
2654 3972 2889 4026 ἐνταῦθα
2938 3975 3046 4042 γάρ
3091 3975 3298 4046 δοκεῖή
3344 3979 3445 4045 τῆς

1871 4051 2098 4120 χηρείας
2151 4051 2365 4122 ἀνάγκη
2421 4052 2579 4105 τοῦτο
2628 4058 2833 4108 ποιεῖν·
2888 4057 3026 4110 ἀλλά
3056 4057 3150 4110 καὶ⁵
3184 4059 3443 4128 πρὸςτὰς

1874 4133 2181 4202 ὑπάνδρους
2212 4133 2397 4195 ούσας.
2425 4135 2566 4186 Ἀλλ’
2589 4137 2687 4189 οὐκ
2709 4138 2946 4207 ἀρέσκω,
2987 4139 3140 4209 φησὶ,
3167 4140 3245 4208 τῷ
3265 4142 3439 4211 ἀνδρί.

1874 4217 1949 4268 Ού
1985 4215 2060 4284 τῷ
2087 4215 2242 4284 ἀνδρὶ
2293 4216 2469 4284 βούλει
2503 4218 2780 4287 ἀρέσκειν,
2813 4219 2948 4274 ἀλλά
2980 4222 3055 4291 τῷ
3092 4222 3285 4292 πλήθει
3333 4225 3443 4275 τῶν

1874 4297 2145 4365 γυναικῶν
2193 4299 2300 4352 τῶν
2355 4300 2625 4369 πενιχρῶν
2647 4317 2659 4330 °
2692 4303 2893 4372 μᾶλλον
2943 4304 3000 4356 δὲ
3036 4304 3134 4356 οὐκ
3163 4307 3439 4375 ἀρέσκειν,

1871 4381 2007 4433 ἀλλά
2041 4385 2370 4450 κατατήκειν
2399 4383 2568 4446 αύτάς
2597 4386 2690 4437 καὶ
2738 4385 2952 4456 ὀδυνᾷν,
2990 4387 3083 4438 καὶ
3109 4389 3206 4455 τὴν
3251 4389 3440 4440 πενίαν

1875 4463 2095 4532 μείζονα
2127 4467 2318 4518 ποιεῖν.
2354 4467 2505 4519 Πόσα
2532 4467 2621 4520 διά
2650 4469 2706 4521 σὲ
2735 4469 3031 4540 βλάσφημα
3077 4470 3436 4538 φθέγγονται;

1872 4547 1962 4616 Μὴ
1993 4548 2151 4609 ἔστω,
2171 4550 2498 4617 φησὶ,πενία
2517 4566 2530 4580 ·
2558 4552 2586 4603 6
2607 4551 2738 4615 Θεὸς
2767 4557 2916 4622 μισεῖ
2934 4555 3062 4616 τοὺς
3087 4557 3436 4624 πενομένους,

1872 4633 1898 4682 ὁ
1931 4631 2062 4693 Θεὸς
2092 4633 2152 4684 ού
2191 4633 2333 4700 φιλεῖ
2361 4635 2481 4696 τοῦς
2515 4635 2573 4687 ἐν
2609 4637 2785 4704 πενίᾳ.
2805 4639 2923 4690 Ὀτι
2952 4638 3058 4708 γάρ
3085 4639 3144 4690 ού
3180 4638 3256 4707 τῷ
3285 4640 3440 4708 ἀνδρὶ

1876 4714 2053 4782 βούλει
2077 4716 2349 4783 ἀρέσκειν,
2377 4718 2469 4769 καὶ
2499 4717 2700 4788 ταύτης
2730 4720 2913 4773 ἕνεκεν
2946 4723 3044 4789 τῆς
3093 4719 3273 4784 αἰτίας
3309 4723 3439 4775 καλ-

1873 4796 2100 4867 λωπίζῃ,
2119 4796 2177 4862 ἐξ
2198 4793 2270 4851 ὧν
2285 4799 2420 4868 αὐτὴ
2439 4803 2608 4863 ποιεῖς
2625 4800 2778 4854 τοῦτο
2793 4802 2949 4873 δῆλον
2969 4805 3138 4856 ἀπασι
3156 4804 3436 4874 καθιστᾷς.

1874 4879 2040 4931 Ὅταν
2066 4882 2172 4950 γὰρ
2208 4881 2451 4953 ὑπερϐῇς
2479 4883 2567 4937 τὸν
2597 4885 2749 4937 οὐδὸν
2780 4887 2874 4938 τοῦ
2919 4886 3188 4955 θαλάμου,
3235 4889 3438 4951 εὐθέως

1871 4961 2088 5014 ἅπαντα
2114 4964 2365 5034 ἀποτίθῃ,
2398 4966 2492 5017 καὶ
2520 4967 2586 5018 τά
2636 4967 2846 5036 ἱμάτια,
2878 4971 2970 5021 καὶ
3004 4969 3072 5021 τὰ
3099 4969 3314 5039 χρυσία,
3343 4974 3438 5026 καὶ

1871 5045 1994 5106 τοὺς
2028 5047 2399 5115 μαργαρίτας·
2434 5050 2524 5100 καὶ
2550 5050 2642 5102 ἐπὶ
2671 5050 2767 5117 τῆς
2788 5052 2965 5113 οἰκίας
3005 5053 3239 5120 μάλιστα
3261 5055 3320 5106 ού
3343 5071 3438 5122 φο-

1874 5129 2003 5194 ρεῖς.
2039 5129 2099 5178 Εἰ
2129 5128 2181 5179 δὲ
2210 5129 2344 5189 ὅλως
2387 5129 2566 5196 βούλει
2599 5132 2855 5202 ἀρέσκειν
2883 5134 2960 5203 τῷ
3003 5135 3176 5204 ἀνδρὶ,
3219 5136 3332 5188 ἔστι
3367 5138 3434 5190 δι’

1869 5203 1942 5258 ὧν
1976 5210 2247 5277 ἀρέσκεις,
2282 5211 2348 5262 δι’
2383 5215 2704 5276 ἐπιεικείας,
2753 5215 2838 5266 διά
2873 5203 3192 5286 πραζτητος,
3228 5217 3314 5269 διὰ
3344 5236 3436 5272 κο-

1874 5291 2185 5359 σμιότητος.
2215 5293 2444 5345 Πίστευε
2479 5295 2588 5365 γάρ
2620 5313 2730 5365 μοι,
2761 5296 2943 5363 γύναι,
2977 5300 3082 5351 κάν
3113 5301 3372 5369 μυριάκις

1871 5374 2197 5443 κατωφερὴς
2218 5378 2243 5427 6
2267 5375 2406 5445 ἀνὴρ
2438 5379 2530 5429 καὶ
2555 5379 2820 5448 ἀκρατὴς.
2852 5379 3024 5433 ταῦτα
3060 5381 3257 5450 μᾶλλον
3275 5385 3436 5435 αὑτὸν

1869 5456 2242 5522 ὲφελκύσεται,
2293 5460 2586 5522 ἐπιείκεια,
2636 5464 2949 5534 κοσμιότης,
3006 5465 3067 5517 τὸ
3122 5467 3342 5534 ἄτυφον,
3378 5469 3438 5519 τὸ

1869 5539 2158 5600 ἀδάπανον,
2199 5540 2259 5591 τὸ
2289 5542 2522 5605 εὐτελές.
2557 5546 2658 5596 Τὸν
2693 5546 2793 5614 μὲν
2821 5549 2927 5617 γάρ
2963 5547 3278 5610 ἀκόλαστον,
3333 5552 3436 5604 κάν

1872 5621 2039 5690 μυρία
2075 5621 2300 5675 τοιαῦτα
2330 5625 2571 5694 ἐπινοῇς,
2607 5629 2665 5680 ού
2696 5627 2942 5693 καθέξεις
2965 5646 2976 5657 ·
3008 5631 3102 5683 καὶ
3123 5631 3298 5684 ἴσασιν
3315 5634 3436 5685 ὅσαι

1868 5706 2138 5766 τοιούτους
2161 5707 2454 5776 ἐσχήκασιν
2477 5710 2671 5780 ἄνδρας
2690 5727 2702 5739 °
2732 5710 2806 5773 ὡς
2836 5712 2944 5782 γὰρ
2971 5713 3065 5765 ἐὰν
3088 5714 3433 5786 καλλωπίσῃς

1873 5785 2095 5854 σαυτὴν,
2145 5789 2352 5851 ἐκεῖνος
2387 5793 2681 5856 ἀκόλαστος
2711 5795 2783 5847 ὢν
2819 5792 2950 5866 πρὸς
2994 5798 3182 5865 ἑτέραν
3213 5785 3432 5851 ἄπεισι·

1877 5870 1965 5921 τὸν
1988 5871 2040 5923 δὲ
2066 5871 2318 5942 σώφρονα
2342 5875 2433 5927 καὶ
2459 5878 2683 5946 κόσμιον
2700 5878 2759 5931 οὐ
2777 5877 2982 5943 τούτοις
3006 5881 3272 5950 αἱρήσεις,
3299 5881 3432 5935 ἀλλὰ
