4094 6430
207 386 291 445 ιιιι

216 503 360 554 etiam
382 515 441 556 es
460 501 509 557 ei
527 503 796 571 molesta,
813 512 869 559 ut
890 519 1004 576 qua:
1027 505 1075 561 ei
1096 504 1164 560 de
1184 515 1233 560 te
1252 505 1388 560 hanc
1404 521 1657 578 suggeras
1678 510 1799 579 opi-

211 593 437 661 nionem,
450 593 599 657 quod
618 595 858 651 tenearis
874 609 1055 651 amore
1069 585 1503 654 ornamentorum
1522 607 1575 655 et
1588 600 1795 658 mundi.

213 687 420 743 Etiamsi
436 687 587 744 enim
608 672 883 743 reveritus
898 685 1135 752 maritus,
1153 694 1205 738 ul
1217 683 1307 755 qui
1320 686 1385 737 sit
1402 683 1672 737 modestus
1685 696 1789 735 non

207 777 356 845 dicat,
371 778 517 834 intus
534 786 727 833 tamen
744 776 880 849 apud
906 791 967 832 se
989 784 1040 832 te
1055 774 1412 839 condemnat;
1434 771 1688 827 invidiam
1706 785 1792 825 an.

210 879 304 924 tem
319 884 425 924 non
445 870 803 941 comprimet.
817 870 1009 925 Annon
1030 868 1141 940 jam
1157 881 1373 924 omnem
1394 866 1633 938 expelles
1652 864 1795 919 vnlu-

209 970 419 1031 ptatem,
444 970 507 1016 ut
535 976 664 1032 qua:
692 960 948 1017 adversus
1001 960 1225 1031 teipsum
1256 958 1459 1014 excites
1499 955 1793 1013 invidiam?

270 1051 320 1106 7.
341 1051 512 1124 Agre
533 1052 774 1108 fortasse
792 1051 986 1107 auditis
1000 1064 1123 1121 quae
1140 1048 1411 1117 dicuntur,
1430 1056 1487 1104 et
1507 1060 1791 1103 succense.

212 1140 271 1197 tis
288 1141 535 1198 dicentes
563 1159 579 1197 :
616 1141 730 1198 Iste
754 1142 975 1196 maritos
1006 1139 1176 1211 magis
1195 1139 1369 1195 irritat
1382 1138 1639 1194 adversus
1658 1151 1795 1193 uxo-

210 1248 309 1289 res.
336 1232 465 1288 flare
489 1232 623 1289 dico
654 1246 767 1289 non
786 1232 1002 1289 irritans
1026 1232 1270 1298 maritos,
1298 1230 1391 1287 sed
1427 1230 1550 1287 volo
1577 1245 1607 1284 a
1644 1229 1795 1287 vobis

212 1324 511 1382 lubentibus
540 1324 669 1382 hac
696 1324 959 1398 praestari,
978 1333 1198 1396 propter
1222 1339 1345 1392 vos,
1365 1339 1469 1379 non
1501 1333 1715 1395 propter
1728 1322 1796 1378 il-

213 1414 285 1470 los
304 1432 319 1469 :
340 1430 447 1469 non
475 1424 537 1470 ut
555 1415 686 1471 illos
702 1415 922 1471 liberem
944 1414 1012 1469 ab
1028 1414 1246 1482 invidia,
1268 1413 1364 1470 sed
1388 1423 1445 1469 ut
1465 1427 1558 1469 vos
1574 1413 1799 1469 liberem

212 1518 238 1559 a
256 1505 535 1575 phantasia
559 1520 748 1562 rerum
777 1505 936 1576 hujus
959 1506 1099 1560 vitae.
1118 1504 1213 1560 Vis
1235 1504 1400 1561 videri
1423 1505 1677 1575 pulchra?
1698 1520 1802 1575 ego

214 1608 416 1665 quoque
442 1592 551 1651 hoc
576 1593 729 1662 volo,
758 1594 853 1650 sed
879 1594 1269 1665 pulchritudine
1293 1609 1455 1666 quam
1481 1595 1620 1651 Deus
1647 1608 1800 1665 qua:—

215 1685 297 1750 rit,
312 1701 473 1756 quam
494 1686 620 1743 Rex
645 1687 990 1757 concupiscit.
1009 1685 1303 1756 Quemnam
1326 1687 1405 1742 vis
1430 1686 1626 1743 habere
1647 1702 1801 1743 ama-

216 1787 376 1833 torem
398 1820 414 1845 ,
443 1778 624 1835 Deum
652 1793 723 1833 an
750 1776 1035 1834 homines?
1062 1776 1119 1833 Si
1160 1777 1236 1833 sis
1264 1778 1338 1833 ita
1370 1776 1613 1848 pulchra,
1657 1776 1801 1833 Deus

219 1878 353 1924 tuam
397 1869 761 1941 concupiscet
805 1868 1255 1938 pulchritudinem
1306 1885 1320 1922 :
1366 1869 1451 1925 sin
1494 1880 1672 1926 autem
1701 1870 1803 1927 hoc

218 1960 408 2030 absque
457 1959 556 2015 illo
574 2001 593 2027 ,
630 1959 724 2015 ille
748 1958 965 2030 quidem
988 1967 1041 2015 te
1065 1958 1414 2026 abhorrebit,
1440 1969 1599 2016 erunt
1623 1969 1801 2016 autem

222 2052 289 2105 tui
310 2060 586 2106 amatores
617 2050 719 2105 viri
742 2049 954 2105 scelesti
986 2066 1001 2103 :
1025 2049 1200 2106 nullus
1222 2050 1367 2106 enim
1388 2061 1470 2105 est
1496 2050 1688 2119 bonus,
1711 2046 1801 2123 qui

222 2150 354 2197 amet
379 2139 669 2197 mulierem
691 2141 931 2211 junctam
958 2142 1315 2197 matrimonio.
1359 2141 1473 2198 Hoc
1506 2143 1667 2199 etiam
1706 2159 1801 2201 co-

221 2232 319 2302 gita
357 2231 409 2286 in
452 2230 665 2287 mundo
705 2239 951 2287 esterno.
996 2230 1128 2286 Nam
1161 2231 1249 2287 ille
1285 2230 1502 2301 quidem
1532 2232 1799 2302 mundus,

226 2322 465 2389 mundus,
497 2322 745 2393 inquam,
773 2321 986 2387 anime,
1020 2321 1188 2378 Deum
1221 2320 1476 2389 attrahit;
1514 2322 1598 2378 hic
1625 2334 1804 2379 autem

222 2422 396 2470 contra
440 2415 593 2470 viros
654 2414 967 2469 sceleratos.
1015 2412 1179 2470 Vides
1219 2413 1362 2485 quod
1409 2414 1574 2470 vestri
1620 2430 1802 2472 curam

224 2519 361 2575 gero,
390 2504 539 2577 quod
568 2504 643 2560 de
662 2504 814 2560 vobis
840 2519 957 2560 sum
985 2504 1279 2573 sollicitus,
1310 2516 1371 2562 ut
1393 2506 1513 2563 sitis
1533 2507 1792 2577 pulchrze,

226 2596 348 2655 vere
372 2600 621 2667 pulchra:
640 2606 695 2655 et
719 2600 965 2669 gloriosa:
997 2616 1013 2654 :
1043 2608 1102 2654 ut
1131 2614 1225 2669 pro
1253 2599 1380 2655 viris
1400 2600 1675 2655 sceleratis
1708 2600 1805 2654 ha-

235 2692 391 2747 beatis
436 2701 738 2746 amatorem
793 2690 961 2746 Deum
1019 2689 1257 2744 omnium
1310 2686 1636 2742 Dominum?
1674 2686 1805 2753 Qua:

233 2793 397 2838 autem
419 2784 581 2838 illum
610 2782 770 2838 habet
794 2789 1088 2837 amatorem
1108 2820 1124 2845 ,
1158 2780 1243 2835 cui
1273 2779 1376 2834 erit
1402 2777 1628 2832 similis?
1670 2776 1805 2830 eho-

234 2886 317 2927 ros
340 2874 501 2928 ducet
530 2888 657 2926 cum
678 2869 907 2942 angelis.
952 2868 1085 2924 Nam
1132 2869 1175 2924 si
1218 2883 1337 2939 quze
1364 2882 1393 2921 a
1427 2881 1552 2937 rege
1574 2874 1802 2933 amatur,

235 2974 381 3031 supra
408 2978 609 3019 omnes
630 2963 783 3019 beata
813 2960 1025 3016 ducitur
1048 2978 1063 3016 :
1091 2975 1213 3030 quxe
1240 2975 1271 3015 a
1302 2959 1412 3015 Deo
1438 2957 1603 3013 multo
1621 2971 1805 3013 amore

233 3051 476 3123 diligitur,
511 3054 845 3125 quanta_erit
869 3052 988 3122 ejus
1014 3051 1291 3121 dignitas?
1336 3048 1560 3104 Etiamsi
1602 3048 1803 3104 dixeris

235 3140 404 3197 orbem
449 3152 655 3208 terrae,
705 3142 838 3197 nihil
868 3142 972 3197 erit
999 3141 1215 3211 dignum
1258 3139 1347 3193 illa
1391 3136 1801 3209 pulchritudine.

236 3228 372 3286 lianc
394 3246 527 3304 ergo
554 3232 794 3287 colamus
826 3230 1290 3302 pulchritudinem,
1314 3229 1416 3284 hoc
1431 3232 1628 3283 mundo
1648 3241 1805 3283 orne-

234 3333 361 3383 mur.
384 3330 442 3377 ut
467 3321 540 3377 ad
572 3321 734 3376 caelos
762 3320 1150 3391 perveniamus,
1179 3319 1233 3373 in
1252 3317 1523 3373 cmnacula
1553 3316 1802 3388 spiritua-

233 3406 314 3477 lia,
336 3411 387 3465 in
406 3410 703 3466 thalamum
729 3411 911 3480 sponsi
933 3409 985 3463 in
1003 3423 1159 3479 quem
1178 3406 1351 3462 nullus
1364 3404 1509 3461 cadit
1531 3406 1799 3462 interitus.

232 3496 352 3554 Nam
374 3501 489 3558 iure
510 3501 728 3571 quidem
752 3498 1094 3569 pulchritudo
1110 3498 1177 3553 ab
1192 3497 1438 3553 omnibus
1452 3497 1613 3554 rebus
1626 3511 1798 3567 expu-

229 3602 427 3657 gnatur,
446 3601 507 3647 et
533 3590 745 3661 quando
778 3589 940 3645 etiam
964 3587 1188 3661 pulchre
1215 3586 1505 3655 manserit,
1533 3596 1585 3643 et
1625 3602 1799 3657 neque

231 3682 430 3739 morbus
448 3698 631 3752 neque
658 3681 958 3736 sollicitudo
973 3695 1090 3737 eam
1112 3680 1404 3744 vexaverit,
1418 3677 1559 3749 quod
1584 3678 1796 3748 quidem

233 3770 333 3826 ﬁeri
362 3787 476 3829 non
506 3781 698 3843 potest,
724 3787 829 3826 non
853 3777 1125 3841 permanet
1141 3783 1310 3823 annos
1338 3768 1554 3839 viginti:
1588 3768 1678 3823 illa
1703 3783 1799 3823 au-

232 3871 325 3916 tem
340 3878 561 3935 semper
576 3862 752 3930 ﬂoret,
775 3878 887 3919 sem
895 3877 989 3933 per
1000 3862 1166 3933 viget:
1187 3875 1289 3916 non
1309 3869 1392 3917 est
1412 3860 1518 3915 illic
1536 3859 1675 3931 quod
1696 3875 1801 3917 me-

233 3962 336 4010 tuas
356 3956 734 4024 mutationem,
757 3970 863 4010 non
885 3956 1093 4010 irruens
1109 3963 1353 4010 senectus
1370 3951 1569 4008 inducit
1588 3968 1794 4023 rugam,

233 4060 326 4102 non
350 4048 609 4120 ingruens
635 4048 854 4103 morbus
883 4046 1158 4103 flaceidam
1178 4044 1362 4111 efllcit,
1390 4059 1494 4099 non
1517 4059 1583 4101 ex
1604 4044 1796 4099 anima:

230 4136 534 4205 egritudine
560 4134 800 4206 profecta
829 4150 954 4191 cura
981 4150 1100 4191 eam
1130 4135 1456 4206 corrumpit;
1481 4136 1575 4190 sed
1600 4144 1683 4190 est
1713 4133 1795 4189 bis

231 4227 471 4283 omnibus
498 4224 766 4295 superior.
797 4224 923 4280 llzec
955 4234 1132 4279 autem
1162 4223 1465 4294 priusquam
1491 4223 1795 4293 apparuerit

231 4319 418 4374 recedit
444 4333 463 4382 ;
486 4326 543 4372 et
568 4330 687 4371 cum
714 4315 1041 4385 apparuerit,
1073 4329 1179 4369 non
1210 4314 1406 4369 multos
1432 4313 1591 4370 habet
1619 4313 1792 4368 admi-

230 4414 449 4463 ratores.
480 4404 615 4461 Nam
645 4404 735 4474 qui
768 4412 896 4461 sunt
927 4403 1152 4459 modesti
1173 4412 1227 4459 et
1258 4412 1635 4473 temperantes,
1683 4419 1789 4460 non

230 4493 584 4560 admirantur;
604 4495 699 4563 qui
722 4502 900 4549 autem
921 4492 1275 4560 admirantur,
1302 4507 1422 4549 cum
1452 4492 1672 4549 libidine
1691 4494 1791 4550 ad-

230 4588 499 4644 mirantur.
530 4586 611 4643 Ne
641 4586 777 4643 hanc
799 4600 931 4658 ergo
951 4586 1210 4650 colamus,
1242 4585 1335 4643 sed
1366 4585 1509 4640 illam
1547 4602 1562 4638 :
1590 4584 1664 4640 illi
1689 4585 1789 4641 ad-

234 4673 559 4744 luereamus,
605 4686 665 4732 ut
703 4692 824 4733 eum
869 4677 1143 4747 prmelaris
1166 4675 1495 4747 lampadibus
1523 4676 1577 4731 in
1607 4677 1789 4746 sponsi

233 4765 510 4824 thalamum
536 4768 832 4824 veniamus.
868 4765 985 4822 Non
1009 4767 1152 4823 enim
1178 4767 1469 4839 virginibus
1504 4767 1675 4825 solum
1706 4776 1790 4823 est

234 4852 321 4911 hoc
370 4857 696 4928 promissum
715 4896 733 4922 ,
778 4855 875 4912 sed
902 4855 1182 4911 animabus
1208 4872 1325 4927 qua:
1359 4866 1484 4911 sunt
1510 4856 1740 4928 virgines
1769 4876 1784 4914 :

233 4960 337 5003 nam
362 4949 409 5004 si
432 4948 532 5004 hoc
558 4959 703 5005 esset
727 4948 993 5019 virginum
1018 4956 1242 5015 tantum,
1268 4949 1501 5019 quinque
1524 4962 1629 5004 non
1657 4948 1788 5006 fuis-

233 5048 338 5091 sent
362 5039 609 5094 exclusae.
654 5038 765 5094 lloc
792 5052 922 5109 ergo
944 5045 1029 5094 est
1052 5038 1287 5094 omnium
1315 5055 1435 5109 quae
1459 5047 1585 5095 sunt
1609 5041 1791 5099 anima

232 5126 467 5199 virgines,
496 5144 617 5201 qua:
644 5140 769 5189 sunt
799 5128 1039 5186 liberata:
1063 5128 1133 5185 ab
1159 5127 1317 5200 hujus
1341 5130 1461 5187 vita:
1506 5128 1785 5199 cogitatio-

949 396 1012 454 ΙΝ
1049 396 1264 456 EPIST.
1297 399 1384 455 AD
1423 398 1775 459 ΙῙΕΒΠᾸΞΟΞ.
1817 402 1968 461 CAP.
2004 404 2116 462 XII.
2161 407 2388 465 llOMlL.
2426 408 2654 465 XXVIII.

3355 410 3470 467 203

1891 516 2083 572 nibus:
2116 526 2463 586 corrumpunt
2485 516 2628 572 enim
2656 515 2860 570 animas
2893 512 2976 569 hae
2999 513 3370 584 cogitationes.
3406 517 3460 569 Si

1884 622 2013 678 ergo
2033 622 2344 663 maneamus
2364 607 2553 679 integri
2575 616 2632 663 et
2654 604 2873 673 sinceri,
2895 604 3019 661 illuc
3036 603 3249 671 ibimus,
3276 612 3330 659 et
3356 605 3465 661 illic

1880 699 2225 768 excipientur.

1961 785 2231 857 Virginitas
2271 800 2385 839 vera
2419 797 2550 854 qum.
2571 811 2643 823 -—
2665 776 3083 850 Despondieru'm
3108 790 3227 841 vos,
3258 775 3450 845 inquit,

1878 878 1965 932 uni
1994 877 2118 944 viro,
2148 876 2399 948 virginem
2421 882 2609 928 castam
2637 871 2869 926 exhibere
2894 860 3096 924 Christo
3121 865 3198 938 (2.
3220 865 3341 921 Cor.
3361 865 3452 920 il.

1877 968 1958 1037 2).
2006 966 2131 1022 [late
2155 982 2259 1021 non
2286 965 2502 1020 dicebat
2533 959 2850 1032 virginibus,
2878 958 2975 1015 sed
3000 956 3162 1014 coetui
3190 954 3455 1013 universa

1865 1057 2138 1115 Ecclesiae.
2191 1055 2325 1112 Nam
2374 1056 2525 1126 cujus
2564 1062 2645 1109 est
2688 1052 2865 1107 anima
2894 1050 3227 1119 incorrupta,
3270 1061 3334 1102 ea
3371 1055 3455 1104 eat

1878 1151 2049 1222 virgo,
2074 1149 2174 1206 etsi
2201 1147 2362 1203 habet
2404 1145 2685 1209 maritum;
2716 1143 2888 1215 virgo,
2912 1142 3149 1211 inquam,
3179 1152 3300 1193 cum
3328 1152 3455 1193 vera

1880 1239 2267 1311 virginitate,et
2281 1235 2591 1292 admiranda
2612 1253 2627 1290 :
2649 1249 2772 1291 nam
2791 1232 3033 1303 corporis
3058 1230 3269 1301 quidem
3298 1229 3458 1300 virgi-

1880 1329 2018 1385 nitas
2037 1336 2121 1385 est
2144 1329 2287 1385 illius
2304 1340 2485 1383 comes
2509 1334 2564 1381 et
2588 1323 2774 1379 umbra
2796 1339 2812 1389 ;
2841 1336 2963 1378 vera
2980 1330 3158 1376 autem
3180 1318 3457 1390 virginitas

1878 1426 1960 1474 est
1978 1418 2087 1474 illa.
2107 1418 2254 1472 lianc
2274 1417 2533 1481 colamus,
2563 1422 2617 1470 et
2645 1415 2713 1467 ita
2740 1412 3030 1483 poterimus
3060 1411 3182 1466 imto
3203 1408 3351 1464 vultu
3373 1409 3458 1464 vi-

1877 1507 2009 1564 dere
2032 1522 2309 1579 sponsum,
2328 1514 2382 1563 ct
2408 1520 2527 1561 cum
2556 1502 2957 1575 splendentibus
2985 1499 3189 1571 ingredi
3208 1498 3460 1570 lampadi-

1877 1599 2057 1664 bus,si
2084 1598 2264 1654 oleum
2288 1596 2442 1652 nobis
2471 1609 2576 1651 non
2601 1593 2835 1659 deficiat,
2859 1592 2903 1648 si
2922 1592 3099 1646 aureis
3127 1588 3458 1646 ornamentis

1876 1688 2009 1745 fusis
2028 1697 2083 1744 et
2110 1688 2355 1745 condatis
2375 1683 2637 1757 ejusmodi
2666 1683 2843 1739 oleum
2877 1679 3476 1749 confecerimuquuOd.

1877 1777 2221 1849 splendentes
2249 1774 2423 1831 reddit
2452 1772 2725 1843 lampades
2754 1789 2769 1826 :
2794 1771 2930 1827 illud
2959 1780 3148 1827 autem.
3168 1768 3345 1828 olenm
3372 1778 3472 1829 est.

1876 1869 2069 1924 caritas
2110 1867 2164 1922 in
2208 1865 2472 1921 homines.
2522 1863 2579 1918 Si
2624 1862 2745 1917 aliis
2787 1869 2998 1917 nostras
3042 1858 3471 1930 impertierimus.

1877 1957 2180 2023 facultates,
2204 1955 2249 2009 si
2289 1955 2465 2009 oleum
2493 1968 2585 2009 eas
2614 1951 2935 2019 fecerimus,
2981 1959 3108 2005 tunc
3145 1963 3243 2005 nos
3273 1957 3456 2019 prote-

1876 2058 1967 2120 get
2010 2057 2065 2105 et
2106 2046 2387 2114 defendet,
2442 2054 2497 2102 et
2534 2059 2641 2101 non
2669 2044 2912 2101 dicemus
2945 2043 3001 2099 in
3046 2042 3140 2098 illo
3165 2050 3407 2114 tempore
3438 2059 3455 2097 :

1876 2136 2011 2193 Date
2056 2137 2200 2192 nobis
2243 2137 2446 2203 oleum,
2498 2134 2739 2207 quoniam
2767 2133 3028 2205 lampades
3059 2141 3246 2188 nostra
3267 2130 3458 2187 exstin-

1876 2239 2101 2303 guuntur
2129 2228 2344 2300 (Matth.
2373 2226 2465 2284 25.
2497 2227 2577 2298 8),
2605 2241 2779 2297 neque
2806 2225 2929 2281 aliis
2954 2224 3251 2295 egebimus,
3282 2238 3457 2293 neque

1875 2331 2065 2377 euntes
2094 2318 2162 2375 ad
2194 2332 2290 2375 eos
2315 2319 2406 2390 qui
2431 2317 2707 2382 vendunt,
2740 2316 3087 2373 excludcmur
3109 2356 3125 2383 ,
3153 2331 3327 2388 neque
3354 2331 3454 2371 au-

1874 2411 2084 2466 diemus
2107 2423 2292 2465 vocem
2322 2408 2464 2463 illam
2493 2406 2787 2464 terribilem
2835 2414 2890 2462 ει
2933 2405 3252 2461 horrendam
3273 2448 3286 2471 ,
3335 2404 3454 2477 pul-

1875 2510 2056 2559 santes
2081 2501 2298 2567 ostium,
2322 2499 2511 2555 Nescio
2540 2514 2659 2565 vos;
2684 2496 2780 2555 scd
2810 2512 2909 2554 nos
2935 2508 3188 2569 agnoscet
3206 2539 3223 2564 ,
3254 2509 3308 2555 et
3332 2514 3469 2560 cum

1874 2605 2074 2661 sponso
2104 2588 2457 2657 intrabimus,
2490 2597 2544 2645 et
2570 2588 2621 2643 in
2646 2587 2977 2658 spiritualem
3015 2588 3198 2658 sponsi
3225 2589 3455 2660 ingressi

1877 2682 2163 2737 thalamum
2188 2722 2202 2746 ,
2226 2679 2466 2737 fruemur
2492 2680 2648 2735 bonis
2670 2680 3167 2736 innumerabilibus.
3212 2680 3269 2739 Si
3308 2684 3465 2743 enim.

1876 2773 1962 2829 hic
1984 2773 2118 2829 adeo
2141 2773 2357 2843 elegans
2382 2781 2467 2828 est
2485 2773 2665 2843 sponsi
2689 2772 2973 2838 thalamus,
3004 2772 3142 2831 adeo
3167 2775 3450 2845 splendida

1874 2865 2170 2929 emuacula,
2196 2872 2257 2919 ut
2285 2878 2445 2920 nemo
2463 2864 2749 2920 attendens
2772 2864 2999 2919 satietur
3016 2905 3033 2931 ,
3056 2876 3255 2937 quanto
3283 2870 3457 2939 magis

1876 2958 2016 3013 illic?
2045 2957 2334 3013 Thalamus
2360 2965 2443 3013 est
2485 2956 2673 3012 caelum
2693 2996 2709 3023 ,
2746 2964 2801 3011 et
2824 2956 3006 3027 sponsi
3031 2956 3295 3019 thalamus
3319 2960 3453 3016 emlo

1876 3046 2065 3102 melior
2094 3064 2109 3101 :
2137 3047 2262 3102 illuc
2288 3045 2669 3117 iugrediemur.
2697 3044 2752 3101 Si
2772 3053 2950 3101 autem
2978 3047 3161 3116 sponsi
3190 3046 3455 3105 thalamus

1874 3147 1956 3194 est
1982 3138 2116 3193 adeo
2146 3137 2384 3206 pulcher,
2413 3136 2534 3206 quis
2568 3135 2672 3191 erit
2722 3150 2855 3206 ergo
2894 3136 3011 3205 ipse
3055 3139 3336 3207 sponsus?
3385 3139 3453 3195 Et

1876 3229 2003 3300 quid
2027 3228 2149 3284 dico
2186 3236 2245 3283 ut
2273 3227 2534 3297 depositis
2576 3228 2753 3284 aureis
2780 3228 3132 3294 ornamentis,
3158 3244 3220 3285 ea
3248 3230 3451 3302 imper-

1877 3320 2071 3375 tiamus
2113 3317 2426 3389 egentibus?
2464 3333 2588 3373 nam
2636 3318 2684 3372 si
2726 3326 3000 3387 oporteret
3041 3320 3123 3375 vel
3163 3335 3259 3377 vos
3308 3323 3454 3393 ipsas

1876 3408 2240 3473 venumdare,
2291 3409 2336 3465 si
2373 3424 2469 3479 pro
2504 3409 2685 3464 liberis
2709 3408 2824 3465 fieri
2852 3410 3107 3478 ancillas,
3137 3422 3196 3467 ut
3220 3416 3452 3485 possetis

1874 3514 1996 3556 cum
2040 3499 2130 3553 illo
2164 3512 2285 3555 esse
2316 3512 2538 3569 sponso,
2575 3498 2663 3555 illa
2690 3497 2792 3555 frui
2818 3500 3218 3573 pulchritudine
3237 3546 3253 3571 .
3281 3514 3343 3566 et
3361 3522 3451 3562 so-

1874 3588 1982 3643 lum
2016 3588 2164 3645 illum
2191 3590 2390 3647 vultum
2419 3591 2613 3647 intueri
2641 3609 2656 3647 :
2685 3608 2865 3649 arinen
2894 3600 3169 3665 oporteret
3195 3607 3323 3652 cum
3347 3608 3458 3651 om-

1874 3679 1931 3735 ni
1968 3680 2248 3737 alacritate
2272 3682 2439 3739 animi
2467 3684 2651 3740 omnia
2676 3685 2993 3756 suscipere?
3018 3686 3220 3757 Regem
3250 3686 3340 3758 qui
3373 3697 3469 3749 est.
3546 3736 3549 3739 ι

1874 3769 1928 3825 in
1957 3778 2099 3825 terra
2120 3780 2180 3827 ut
2204 3767 2503 3842 videamus,
2525 3788 2669 3845 saepe
2692 3790 2812 3846 qua:
2837 3784 2963 3831 sunt
2984 3778 3035 3830 in
3064 3776 3313 3833 manibus
3354 3779 3459 3834 etsi

1875 3863 2200 3931 necessaria,
2212 3863 2512 3935 abjicimus.
2531 3864 2758 3934 Quando
2774 3876 2952 3923 autem
2976 3866 3170 3923 videris
3183 3876 3237 3923 et
3257 3867 3461 3939 Regem

1871 3960 1926 4006 et
1947 3965 2222 4023 sponsum,
2240 3954 2409 4010 multo
2430 3956 2597 4027 magis
2613 3956 2666 4013 id
2685 3956 2845 4013 alacri
2867 3958 3047 4013 animo
3066 3968 3346 4029 Oporteret
3364 3975 3461 4015 su-

1873 4045 2099 4114 scipere.
2138 4044 2345 4102 Revera
2381 4048 2497 4105 haec
2520 4048 2735 4120 quidem
2762 4060 2889 4106 sunt
2917 4051 3129 4117 umbra,
3160 4050 3248 4106 illa
3278 4062 3459 4108 autem

1876 4134 2092 4189 veritas.
2110 4134 2184 4192 Ut
2211 4153 2388 4208 regem
2415 4151 2594 4195 autem
2619 4148 2674 4196 et
2698 4154 2952 4211 sponsum
2980 4141 3036 4198 in
3066 4142 3214 4197 calls
3238 4157 3343 4197 non
3371 4158 3461 4199 so-

1873 4225 1985 4281 lum
2012 4227 2199 4286 videre
2223 4230 2478 4300 digneris,
2502 4230 2596 4289 sed
2622 4234 2783 4289 etiam
2811 4233 3223 4305 pmcedascum
3255 4236 3459 4307 lampa-

1873 4317 2052 4385 dibus,
2086 4333 2139 4378 et
2166 4325 2240 4377 sis
2272 4336 2437 4391 prone
2466 4326 2661 4391 ipsum,
2688 4336 2745 4383 et
2772 4337 3035 4395 perpetuo
3054 4328 3129 4382 sis
3153 4343 3274 4384 cum
3302 4329 3459 4399 ipso,

1878 4404 2004 4477 quid
2026 4421 2133 4462 non
2156 4415 2429 4478 oporteret
2458 4408 2636 4466 facere
2656 4451 2673 4477 ,
2701 4411 2828 4482 quid
2856 4418 3331 4487 non,agere,.quid.
3354 4433 3463 4477 non

1886 4496 2158 4554 tolerare?
2177 4498 2303 4556 ldeo
2322 4514 2453 4571 rogo
2471 4514 2568 4555 vos
2592 4503 2865 4574 capiamus
2889 4503 3106 4577 aliquod
3128 4506 3343 4568 illorum
3373 4509 3471 4566 bo.-

1884 4604 2074 4646 norum
2094 4589 2437 4658 desiderium,
2449 4591 2819 4652 desideremus
2836 4596 2985 4658 illum
2998 4611 3281 4669 sponsum.
3294 4602 3468 4664 simus

1882 4694 2007 4736 vera
2050 4681 2356 4752 virginitate
2384 4683 2654 4755 virgines:
2684 4686 2878 4742 anima:
2917 4688 3061 4744 enim
3106 4690 3468 4762 virginitatem

1882 4770 2107 4841 requirit
2152 4771 2431 4829 Dominus.
2456 4772 2591 4830 Cum
2616 4789 2680 4832 ea
2711 4776 2765 4831 in
2810 4778 3005 4835 caelum
3053 4779 3336 4851 intremus,
3364 4798 3468 4842 nec

1882 4860 2175 4919 habeamus
2191 4864 2450 4920 maculam
2468 4875 2560 4921 aut
2575 4880 2783 4937 rugam,
2801 4876 2893 4925 aut
2909 4868 3110 4941 aliquid
3128 4871 3431 4944 hujusmodi
3449 4894 3464 4930 :

1883 4962 1940 5006 ut
1989 4967 2339 5025 assequamur
2394 4956 2531 5013 bona
2585 4959 2893 5029 promissa:
2935 4977 3057 5033 qua
3105 4964 3263 5022 detur
3306 4966 3473 5028 nobis

1879 5045 2135 5117 consequi
2162 5046 2331 5119 gratia
2362 5057 2416 5104 et
2439 5046 2785 5121 benignitate.
