4094 6408
912 487 1241 509 --μό-...η-

703 497 887 508 σς...-

1335 358 1388 412 S.
1428 357 1693 413 JOANNIS
1728 355 2193 414 CllRYSOSTOMl
2235 353 2540 408 AllClllEP.
2580 348 3103 407 CONSTANTlNOP.

3763 342 3863 392 ’11ιά

2673 496 2894 510 W

1969 569 2307 631 HOMILIA
2352 569 2589 630 XXIX.

648 695 770 745 αλιι.
816 694 901 746 12.
944 709 993 745 v.
1031 694 1084 747 4.
1130 690 1369 743 Nondum
1412 655 1565 759 usqu;
1603 692 1671 744 ad
1696 689 1986 761 sanguinem
2022 690 2204 743 restiti-

714 786 803 838 stis
832 786 1062 837 adversus
1089 794 1343 853 peccatum
1373 794 1704 853 repugnantes
1727 799 1746 836 :
1769 782 1821 837 5.
1850 793 1897 835 et
1915 782 2054 836 obliti
2086 784 2204 836 estis

717 876 1086 937 consolationis,
1116 889 1227 943 qui:
1256 874 1391 927 vobis
1419 883 1671 943 tamquam
1697 873 1817 941 ﬁliis
1847 871 2087 941 loquitur,
2117 873 2195 924 di-

716 980 869 1017 cens:
899 962 1001 1016 Fili
1032 965 1133 1027 mi,
1180 965 1281 1016 noli
1308 963 1555 1035 negligere
1594 963 1913 1031 disciplinam
1960 960 2198 1024 Domini,

714 1069 871 1121 neque
893 1054 1116 1124 [aligeris
1146 1054 1264 1106 dum
1290 1054 1352 1105 ab
1380 1068 1437 1107 eo
1466 1052 1751 1121 corriperis.
1775 1052 1842 1106 Β.
1886 1053 2043 1117 Quem
2067 1051 2198 1103 enim

714 1148 875 1217 diligit
905 1144 1174 1209 Dominus,
1192 1146 1405 1215 castigat
1432 1143 1693 1213 :ﬂagellat
1716 1152 1880 1195 autem
1910 1157 2105 1195 onmem
2131 1141 2198 1208 [i-

715 1239 835 1290 lium
864 1253 1009 1305 quem
1038 1237 1230 1305 recipit.
1255 1236 1307 1289 7.
1339 1234 1397 1289 Si
1425 1233 1678 1287 suszinetis
1713 1231 2053 1301 disciplinam,
2079 1247 2196 1300 erga

712 1345 797 1381 vos
827 1338 1077 1395 tamquam
1095 1342 1219 1395 erga
1237 1326 1369 1393 ﬁlios
1394 1323 1635 1394 amcietur
1657 1320 1810 1375 Deus.
1834 1322 1958 1386 Quis
1978 1329 2048 1373 est
2064 1321 2194 1374 enim

714 1422 850 1485 [ilius
876 1435 1017 1486 quem
1044 1433 1140 1471 non
1170 1416 1372 1485 corripit
1400 1414 1577 1483 pater?

714 1510 766 1564 l.
812 1509 931 1561 Duae
958 1515 1079 1561 sunt
1108 1506 1315 1574 species
1339 1502 1751 1564 consolationis.
1797 1516 1913 1572 qua:
1952 1500 2195 1555 videntur

643 1614 759 1654 esse
786 1599 921 1652 inter
947 1611 1006 1652 se
1026 1595 1306 1660 contrarias
1327 1636 1342 1661 ,
1389 1608 1628 1664 magnam
1655 1601 1831 1646 autem
1858 1606 2038 1646 secum
2086 1592 2189 1644 vim

640 1687 866 1743 alierum
896 1702 912 1741 :
941 1700 1071 1755 quas
1096 1686 1184 1740 hic
1214 1685 1386 1754 posuit
1414 1684 1616 1738 ambas.
1658 1680 1773 1738 Una
1816 1682 2027 1752 quidem
2077 1691 2189 1748 est,

639 1778 849 1847 quando
884 1776 1109 1831 dicimus
1152 1776 1360 1846 aliquos
1388 1775 1551 1829 multa
1580 1789 1698 1829 esse
1726 1788 1946 1844 passos:
1978 1774 2191 1841 requie-

643 1867 899 1922 scitenim
921 1868 1146 1932 animus,
1165 1866 1371 1935 quando
1402 1864 1559 1919 habet
1588 1866 1779 1920 multos
1801 1875 1960 1923 testes
1984 1883 2197 1923 suarum

645 1956 1045 2025 perpessionem
1074 1970 1088 2005 :
1119 1967 1272 2023 quam
1304 1952 1515 2022 quidem
1543 1969 1697 2021 supra
1728 1956 1900 2023 posuit
1922 1996 1939 2023 ,
1967 1956 2149 2012 dicens
2183 1976 2197 2013 ε

642 2044 1063 2101 Ilememoramini
1081 2052 1244 2097 autem
1263 2043 1500 2112 pristinos
1517 2044 1641 2108 dies,
1661 2044 1711 2097 in
1732 2044 1909 2114 quibus
1931 2047 2199 2100 illuminati

642 2152 880 2206 magnum
901 2144 1150 2189 certamen
1170 2134 1473 2187 sustinuistis
1495 2133 2063 2205 passionumt'lleerO.
2084 2136 2195 2208 5‘2):

640 2228 807 2280 altera
836 2233 1033 2290 autem,
1061 2223 1270 2294 quando
1300 2223 1545 2290 dicimus,
1566 2222 1681 2279 Non
1708 2240 1765 2279 es
1792 2240 1979 2295 passus
2004 2227 2198 2297 aliquid

641 2332 887 2386 maguum
914 2332 929 2369 ε
962 2330 1081 2369 nam
1114 2314 1215 2369 hoc
1256 2314 1397 2369 dicto
1426 2317 1787 2370 convertimur
1813 2326 1863 2370 et
1884 2318 2196 2385 excitamur,

642 2421 799 2477 atque
820 2407 885 2462 ad
913 2406 1213 2476 patiendum
1248 2407 1533 2461 alacriores
1562 2405 1838 2461 eﬂicimur.
1869 2408 1959 2462 Illa
1987 2410 2196 2477 quidem

643 2498 766 2551 facit
784 2507 840 2550 ut
863 2496 1054 2550 afﬂicta
1071 2506 1124 2550 et
1139 2503 1322 2549 vexata
1342 2496 1577 2565 quiescat
1595 2512 1610 2560 ;
1631 2496 1743 2551 haec
1758 2506 1931 2551 autem
1959 2498 2196 2567 ignavam

641 2589 869 2642 animam
888 2587 1037 2642 sedat
1059 2596 1113 2641 et
1142 2594 1379 2651 recreat;
1400 2587 1599 2655 pigram
1626 2598 1679 2642 et
1708 2589 1948 2659 supinam
1969 2579 2193 2647 converé

642 2678 706 2731 tit
726 2687 779 2730 et
804 2692 832 2729 a
856 2677 1101 2746 superbia
1125 2674 1363 2729 retrahit.
1391 2674 1469 2729 Ne
1493 2677 1649 2748 igitur
1679 2692 1744 2732 cx
1772 2678 1861 2733 illo
1893 2681 2193 2735 testimonio

641 2769 719 2822 eis
746 2774 1047 2822 nasceretur
1071 2764 1257 2831 fastus,
1277 2765 1394 2820 vide
1414 2766 1538 2835 quid
1569 2764 1729 2822 faciat
1761 2785 1772 2820 :
1805 2766 2051 2822 Nondum
2069 2812 2082 2835 ,
2111 2771 2193 2825 iu-

643 2858 777 2926 quit,
804 2872 958 2925 usque
995 2856 1062 2908 ad
1086 2842 1379 2925 sanguinem
1406 2855 1659 2909 restitistis
1684 2856 1919 2911 adversus
1946 2870 2199 2926 peccatum

642 2955 973 3016 repugnantes
1007 2955 1091 3000 :et
1120 2945 1259 2999 obliti
1284 2947 1400 2999 estis
1441 2944 1816 3001 consolationis.
1871 2946 1980 3004 Nec
2022 2952 2201 3007 statim

644 3033 909 3100 subjunxit
956 3046 1072 3101 qua
1122 3040 1431 3101 sequuntur,
1474 3029 1566 3084 sed
1595 3042 1712 3082 cum
1757 3030 1834 3083 eis
1872 3028 2187 3081 ostendisset

641 3134 826 3174 omnes
863 3120 949 3188 qui
996 3119 1060 3173 ad
1099 3120 1405 3187 sanguinem
1445 3131 1609 3186 usque
1650 3116 1966 3178 restiterant,
2002 3114 2192 3169 deinde

642 3210 1020 3278 suhjunxisset,
1046 3208 1407 3277 glorianonem
1438 3220 1557 3262 esse
1584 3204 1778 3261 Christi
1805 3205 2189 3274 perpessiones,

645 3312 767 3354 tunc
802 3298 953 3353 facile
983 3307 1174 3351 cmtera
1200 3306 1278 3352 est
1300 3304 1663 3365 persequutus.
1714 3294 1825 3348 Hoc
1863 3294 2020 3348 etiam
2062 3294 2193 3348 scri-

644 3392 773 3445 heus
807 3389 872 3443 ad
901 3388 1233 3454 Corinthios,
1280 3386 1406 3449 dicit
1437 3405 1451 3440 :
1479 3384 1710 3440 Tentatio
1755 3400 1839 3438 vos
1881 3401 1982 3438 non
2014 3400 2191 3454 appre-

647 3480 858 3543 hendat,
882 3478 978 3532 nisi
1004 3478 1222 3532 humana
1252 3476 1326 3547 (1.
1358 3476 1472 3531 Cor.
1501 3475 1693 3546 10.13)
1712 3514 1729 3541 ,
1757 3474 1859 3529 hoc
1880 3483 1979 3538 est,
2013 3487 2191 3544 pana.

644 3569 755 3623 Hoc
777 3568 918 3623 enim
941 3566 1134 3637 sufﬁcit
1159 3566 1227 3621 ad
1264 3564 1598 3621 excitandum
1643 3574 1699 3620 et
1733 3564 2039 3635 erigendum
2082 3565 2194 3617 ani-

644 3673 822 3723 mum,
861 3657 1072 3727 quando
1096 3656 1403 3725 cogitaverit
1424 3654 1564 3724 quod
1594 3668 1700 3709 non
1726 3654 1789 3708 ad
1823 3662 1986 3706 totum
2010 3666 2193 3707 ascen-

644 3750 743 3814 dit,
766 3758 817 3802 et
841 3748 937 3801 sibi
967 3747 1283 3820 persuaserit
1309 3759 1370 3798 ex
1399 3743 1464 3797 iis
1489 3758 1606 3814 qua:
1632 3750 2031 3814 praecesserunt.
2066 3741 2195 3795 Dicit

645 3853 772 3893 vero
798 3856 812 3890 :
835 3837 1073 3892 Nondum
1118 3846 1339 3890 mortem
1388 3833 1530 3904 passi
1558 3833 1687 3889 estis
1714 3854 1726 3889 :
1756 3847 1923 3905 usque
1947 3831 2011 3885 ad
2040 3845 2197 3901 pecu-

644 3932 758 3984 nias
784 3929 1041 4000 processit
1081 3935 1313 3983 vestrum
1350 3925 1629 3990 damnum,
1656 3939 1819 3993 usque
1855 3923 1921 3978 ad
1952 3922 2192 3994 gloriam,

644 4031 697 4075 et
727 4035 959 4090 eousque
1002 4028 1055 4072 ut
1079 4017 1479 4087 expelleremini
1504 4034 1520 4070 :
1542 4013 1785 4070 Christus
1816 4029 1945 4069 vero
1974 4028 2070 4082 pro
2096 4029 2195 4067 no.

644 4111 727 4163 his
746 4108 878 4163 fudit
897 4109 1225 4178 sanguinem;
1247 4121 1343 4162 vos
1362 4115 1537 4160 autem
1562 4119 1729 4174 neque
1755 4118 1852 4173 pro
1871 4103 2193 4173 vobisipsis:

649 4204 765 4269 ipse
787 4197 852 4253 ad
879 4210 1101 4252 mortem
1128 4211 1292 4266 usque
1317 4194 1635 4257 decertavit.
1663 4192 1859 4248 bellum
1883 4206 2074 4263 gerens
2103 4206 2198 4262 pro

652 4291 893 4355 veritate,
922 4303 1016 4356 pro
1049 4286 1230 4351 vobis;
1268 4299 1362 4341 vos
1394 4292 1571 4339 autem
1598 4282 1830 4337 nondum
1862 4281 2088 4335 venistis
2131 4280 2198 4336 ad

650 4378 879 4448 pericula
901 4384 1122 4431 mortem
1147 4375 1462 4429 minitantia.
1496 4371 1563 4427 Et
1583 4370 1723 4426 obliti
1750 4372 1865 4427 estis
1892 4372 2197 4426 consolatio-

648 4470 744 4528 nis.
776 4467 888 4522 Hoc
926 4475 1029 4531 est,
1074 4474 1127 4520 et
1165 4478 1353 4519 manus
1394 4463 1689 4528 remisistis,
1714 4469 1767 4515 et
1791 4460 2030 4516 dissoluti
2050 4461 2194 4535 estis.

651 4556 893 4611 Nondum
910 4597 927 4620 ,
977 4555 1176 4623 inquit,
1203 4568 1355 4623 usque
1383 4554 1449 4606 ad
1473 4553 1763 4621 sanguinem
1790 4552 2040 4606 restitistis
2060 4592 2076 4616 ,
2102 4551 2197 4604 ad-

650 4660 818 4700 versus
848 4653 1097 4713 peccatum
1131 4650 1479 4711 repugnantes.
1508 4640 1604 4695 llic
1644 4641 1876 4696 ostendit
1920 4650 1976 4697 et
2018 4655 2201 4711 pecca-

652 4744 763 4788 tum
806 4730 1145 4787 vehementer
1193 4731 1428 4798 spirare,
1456 4738 1510 4785 et
1540 4729 1709 4798 ipsum
1749 4743 1866 4785 esse
1904 4739 2198 4788 armatum:

650 4822 777 4882 illud
823 4823 988 4888 enim,
1027 4820 1290 4875 Restitistis
1310 4860 1325 4886 ,
1367 4816 1433 4873 ad
1478 4832 1572 4873 eos
1598 4821 1684 4888 qui
1712 4828 1853 4874 stant
1877 4818 2073 4875 dictum
2098 4828 2198 4875 est.

657 4915 785 4978 Qua
808 4913 942 4967 vobis
962 4922 1209 4982 tamquam
1230 4910 1351 4979 ﬁliis
1379 4910 1595 4979 loquitur
1620 4911 1829 4964 dicens:
1860 4908 1970 4965 Fili
1985 4912 2073 4977 mi,
2099 4911 2203 4965 noli

655 5003 898 5074 negligere
932 5002 1246 5072 disciplinam
1278 4998 1515 5065 Domini,
1553 5017 1708 5067 neque
1741 5001 1964 5072 [atigeris
1997 5001 2117 5054 dum
2142 5001 2203 5055 ab

656 5110 714 5147 eo
744 5092 1023 5161 corriperis.
1043 5090 1470 5146 Consolationem
1489 5101 1541 5146 et
1558 5090 1972 5147 exhortationem
1997 5091 2119 5147 facit
2139 5106 2205 5147 ex

654 5185 813 5241 rebus
835 5181 989 5251 ipsis:
1013 5197 1075 5237 ex
1098 5182 1413 5237 abundantia
1440 5192 1612 5237 autem
1636 5182 1787 5239 aliert
1812 5185 1968 5238 etiam
1996 5198 2058 5239 ex
2086 5200 2208 5239 ver-

656 5274 760 5337 bis,
788 5272 855 5326 ab
876 5271 975 5326 boc
995 5271 1321 5326 testimonio:
1344 5270 1519 5338 Neque
1542 5273 1785 5342 fatigeris,
1805 5272 1992 5342 inquit,
2006 5274 2125 5326 dum
2144 5273 2204 5325 ab

658 5379 719 5420 eo
739 5363 1023 5433 corriperis.
1046 5361 1177 5417 Sunt
1207 5376 1331 5431 ergo
1356 5360 1468 5416 bzuc
1500 5362 1607 5417 Dei.
1638 5362 1747 5416 lloc
1770 5377 1978 5432 quoque
1997 5370 2078 5417 est
2104 5378 2207 5416 non

660 5470 877 5524 parvum
899 5453 963 5507 ad
986 5452 1417 5514 consolationem,
1433 5466 1550 5507 cum
1576 5452 1827 5507 discimus
1851 5453 1989 5523 quod
2017 5454 2112 5509 Dei
2127 5462 2210 5509 est

660 5560 793 5613 opus
814 5553 869 5597 ut
898 5543 1009 5597 hsce
1031 5542 1140 5598 fieri
1170 5542 1391 5611 possint,
1415 5542 1504 5597 illo
1524 5540 1845 5598 concedente
1864 5558 1878 5594 :
1897 5542 2032 5598 sicut
2050 5546 2207 5599 etiam

668 5635 788 5689 dicit
816 5633 1030 5689 Paulus:
1063 5631 1278 5701 Propter
1306 5632 1398 5686 Itoc
1422 5641 1494 5687 ter
1512 5632 1770 5689 Dominum
1794 5634 1984 5704 rogari,
2015 5646 2059 5689 et
2085 5634 2210 5690 dixit

2300 683 2439 750 mihi,
2465 682 2655 753 Suﬁicit
2672 682 2757 735 tibi
2774 683 2933 753 gratia
2960 699 3067 735 mea
3087 699 3105 735 :
3120 700 3235 737 nam
3263 684 3415 738 uirtus
3432 699 3539 735 mea
3556 684 3607 735 in
3630 683 3845 749 inﬁrmi-

2296 783 2395 826 tate
2411 774 2662 840 per/icitur
2683 772 2758 839 (2.
2776 772 3041 826 Cor.l2.8.
3064 772 3139 841 9).
3160 771 3247 827 Ille
3263 788 3388 843 ergo
3408 772 3663 827 concedit.
3690 771 3849 838 Quem

2294 868 2424 914 enim
2450 862 2611 933 diligit
2637 862 2879 915 Dominus
2896 904 2909 925 ,
2940 861 3171 931 castigat,
3208 862 3433 933 flagellat
3459 872 3627 916 autem
3654 876 3849 914 onmem

2294 950 2455 1017 ﬁlium
2482 966 2625 1015 quem
2660 950 2855 1018 recipit.
2876 948 2989 1003 Non
3020 960 3167 1019 potes
3194 950 3375 1006 dicere
3400 954 3538 1021 quod
3565 952 3633 1005 sit
3659 952 3851 1020 aliquis

2290 1041 2461 1108 justus
2480 1041 2676 1108 absque
2700 1039 2985 1096 afﬂictione
3014 1059 3026 1096 :
3059 1042 3263 1097 etiamsi
3304 1043 3445 1097 enim
3472 1043 3549 1098 sic
3574 1050 3847 1112 appareat,

2293 1129 2384 1182 sed
2414 1143 2510 1183 nos
2544 1130 2809 1184 nescimus
2837 1129 2965 1183 alias
2992 1129 3324 1185 alﬂictioues.
3373 1131 3725 1198 Quamobrem
3757 1147 3850 1186 ne-

2293 1235 2442 1274 cesse
2479 1233 2560 1274 est
2606 1230 2662 1273 ut
2710 1219 2880 1290 quivis
2921 1221 3094 1290 justus
3142 1224 3317 1278 veniat
3362 1240 3456 1295 per
3484 1224 3846 1279 al'ﬂictionem.

2294 1309 2386 1363 Est
2416 1311 2554 1363 enim
2583 1309 2779 1365 Christi
2819 1313 3077 1366 sententia
3097 1354 3112 1378 ,
3135 1314 3271 1379 quod
3300 1316 3379 1368 via
3408 1316 3509 1368 lata
3539 1327 3592 1370 et
3616 1316 3851 1384 spatiosa

2292 1399 2508 1454 abducit
2550 1400 2615 1454 ad
2667 1402 2956 1466 interitum,
2988 1414 3132 1459 arcta
3154 1415 3326 1460 autem
3355 1415 3407 1461 et
3426 1417 3644 1477 angusta
3677 1406 3743 1460 ad
3773 1408 3853 1460 vi-

2294 1501 2397 1543 tam
2423 1490 2632 1559 (Matth.
2653 1492 2703 1545 7.
2725 1492 2837 1562 15).
2862 1491 2920 1547 Si
2946 1508 3071 1563 ergo
3098 1495 3219 1549 inde
3246 1496 3367 1551 licet
3385 1498 3563 1552 venire
3582 1497 3646 1551 ad
3665 1498 3852 1566 vitam,

2291 1579 2503 1632 aliunde
2530 1594 2657 1635 vero
2684 1596 2786 1635 non
2814 1581 2933 1637 licet
2966 1601 2980 1637 :
3013 1594 3407 1656 perangustum
3425 1602 3550 1656 ergo
3577 1589 3711 1641 viam
3737 1603 3854 1643 om-

2294 1684 2387 1724 nes
2416 1680 2694 1735 venerunt,
2721 1671 2808 1738 qui
2833 1681 3091 1727 venerunt
3120 1674 3184 1728 ad
3208 1676 3386 1730 vitam.
3417 1676 3479 1731 Si
3508 1678 3851 1749 disciplinam,

2294 1762 2479 1829 inquit,
2505 1762 2776 1828 sustinetis,
2800 1780 2918 1832 erga
2944 1780 3029 1819 vos
3050 1773 3301 1837 tamquam
3314 1784 3434 1839 erga
3458 1770 3590 1838 ﬁlios
3614 1771 3856 1841 (ιρι-ὅτων

2294 1849 2446 1904 Deus.
2478 1851 2601 1917 Quis
2633 1852 2764 1904 enim
2786 1852 2943 1920 ﬁlius,
2978 1869 3121 1923 quem
3149 1870 3247 1909 non
3276 1859 3481 1927 corripit
3503 1859 3686 1927 pater?
3716 1860 3857 1927 Ergo

2293 1942 2356 1997 ad
2384 1944 2791 2012 correptionem.
2836 1958 2939 1998 non
2986 1944 3050 1999 ad
3082 1960 3289 2016 pinnam
3317 1988 3335 2014 ,
3363 1964 3534 2019 neque
3558 1950 3622 2002 ad
3648 1952 3854 2020 suppli-

2294 2034 2451 2096 cium,
2498 2047 2669 2102 neque
2705 2042 2760 2088 ut
2796 2033 2933 2087 male
2960 2034 3254 2104 patiamini.
3286 2036 3421 2093 Vide
3455 2030 3467 2091 ἐ
3498 2038 3638 2094 unde
3664 2042 3855 2095 existi-

2296 2123 2503 2175 mabant
2555 2136 2613 2176 se
2663 2137 2782 2178 esse
2828 2122 3133 2188 derelictos,
3180 2140 3245 2180 ex
3277 2126 3378 2191 his,
3412 2129 3600 2198 inquit,
3633 2132 3857 2184 credant

2294 2212 2431 2281 quod
2463 2228 2566 2267 non
2589 2212 2698 2267 sint
2714 2212 2972 2269 derelicti.
3001 2214 3162 2283 Quasi
3188 2216 3392 2272 diceret
3421 2236 3435 2273 :
3466 2219 3721 2285 Quoniam
3745 2231 3854 2278 tam

2295 2302 2459 2357 multa
2497 2304 2632 2358 mala
2678 2305 2816 2373 passi
2853 2306 3020 2372 estis,
3054 2306 3370 2364 existimatis
3414 2311 3555 2380 quod
3593 2313 3732 2367 Deus
3757 2329 3857 2369 vos

2295 2391 2549 2446 dimiserit
2580 2401 2633 2446 et
2657 2392 2867 2447 oderit?
2907 2394 3013 2449 Sed
3057 2396 3100 2448 si
3148 2410 3252 2451 non
3288 2400 3430 2467 passi
3468 2404 3654 2455 essetis
3676 2442 3693 2467 ,
3726 2411 3857 2460 tunc

2295 2488 2563 2547 Oporteret
2591 2479 2691 2534 hoc
2715 2482 2971 2550 suspicari
3014 2500 3028 2535 :
3062 2498 3181 2537 nam
3220 2486 3262 2538 si
3294 2485 3519 2556 ﬂagellat
3543 2503 3756 2544 omnem
3787 2490 3855 2545 ﬂ-

2295 2570 2421 2623 liutn
2448 2585 2600 2639 quem
2630 2571 2831 2641 recipit,
2862 2572 2952 2641 qui
2991 2588 3094 2628 non
3127 2573 3439 2645 ﬂagellatur,
3472 2579 3695 2636 fortasse
3738 2598 3849 2638 nnn

2296 2669 2377 2714 est
2404 2657 2557 2712 (llius.
2588 2657 2723 2726 Quid
2747 2674 2907 2726 vero,
2943 2662 3147 2731 inquit,
3180 2666 3301 2719 mali
3326 2683 3429 2721 non
3474 2670 3611 2726 male
3647 2675 3859 2740 patiun-

2299 2748 2424 2801 tur?
2444 2748 2721 2803 Patiuntur
2745 2750 2954 2817 quidem
2985 2769 2998 2804 :
3022 2756 3287 2823 quomodo
3312 2759 3454 2811 enim
3479 2776 3580 2814 non
3611 2773 3858 2829 pateren-

2306 2847 2388 2892 tur
2407 2838 2431 2891 i
2452 2838 2543 2892 sed
2575 2852 2678 2891 non
2704 2839 2864 2905 dixit,
2911 2840 3237 2914 Quicumque
3259 2844 3551 2916 ﬂagellatur
3574 2860 3656 2905 est
3674 2852 3816 2908 illius
3837 2896 3854 2917 ,

2300 2928 2416 2994 sed,
2462 2929 2646 2983 Onmis
2672 2929 2811 2985 titius
2846 2931 3160 3001 ﬂagellatur.
3203 2934 3308 2991 Sed
3336 2952 3440 2992 non
3471 2950 3623 3008 potes
3648 2941 3748 2998 hoc
3772 2942 3859 2998 di-

2297 3032 2419 3072 cere
2449 3036 2461 3071 :
2488 3027 2609 3072 sunt
2636 3019 2775 3073 enim
2803 3020 2890 3089 qui
2917 3021 3251 3091 ﬂagellantur
3276 3026 3423 3080 multi
3442 3069 3458 3094 ,
3494 3032 3652 3084 etiam
3686 3034 3809 3086 mali
3836 3075 3853 3097 ,

2298 3118 2356 3161 ut
2387 3107 2691 3168 homicidas.
2721 3108 2985 3179 latrones,
3016 3114 3466 3185 praestigiatorcs,
3488 3121 3857 3189 sepulcrorum

2299 3198 2596 3254 ellossores.
2624 3199 2727 3253 Seu
2754 3198 2825 3253 illi
2855 3214 3073 3256 suorum
3100 3198 3360 3279 scelerum
3395 3206 3523 3261 dant
3549 3224 3763 3279 pinnas,
3796 3225 3854 3268 et

2298 3301 2405 3341 non
2434 3286 2765 3357 ﬂagellantnr
2788 3297 3051 3359 tamquam
3076 3290 3191 3359 lilii,
3219 3276 3311 3349 ﬁed
3340 3276 3627 3363 puniuntur
3651 3310 3709 3354 ut
3733 3276 3854 3357 sce-

2293 3395 2475 3452 lcrati:
2506 3406 2603 3459 vos
2630 3401 2807 3445 autem
2836 3396 3103 3457 tamquam
3130 3384 3243 3439 lilii.
3272 3382 3430 3440 Vides
3456 3380 3722 3451 quomodo
3752 3394 3857 3433 un-

2293 3482 2448 3553 dique
2487 3480 2760 3537 ratiocinia
2793 3487 3005 3542 movet,
3056 3490 3085 3530 a
3133 3474 3285 3529 lactis
3311 3488 3428 3543 qua:
3456 3479 3580 3526 sunt
3623 3470 3677 3526 in
3705 3469 3858 3525 Scri-

2294 3581 2442 3641 ptura
2463 3613 2478 3635 ,
2505 3586 2534 3625 a
2562 3569 2735 3626 verbis
2753 3610 2769 3636 ,
2813 3583 2843 3624 a
2882 3566 3114 3639 propriis
3139 3564 3446 3619 notionihus
3463 3602 3477 3627 ,
3507 3562 3575 3616 ab
3597 3559 3864 3630 exemplis

2293 3680 2409 3733 qua!
2436 3673 2560 3719 sunt
2587 3663 2640 3716 in
2668 3661 2793 3715 vita.
2852 3658 3053 3714 Deinde
3098 3658 3256 3711 etiam
3287 3670 3318 3709 a
3346 3653 3612 3710 communi
3635 3665 3865 3707 censue.

2296 3752 2516 3809 tudine?
2541 3752 2595 3807 8.
2629 3750 2776 3819 Quod
2800 3751 2845 3805 si
2875 3759 3013 3803 extra
3039 3745 3359 3817 disciplima:
3384 3744 3522 3810 estis,
3556 3743 3701 3812 cujus
3734 3750 3863 3812 ‘parb

2295 3843 2468 3911 ticipes
2504 3841 2625 3913 {acti
2665 3848 2781 3895 sunt
2820 3854 2989 3892 omnes
3031 3853 3050 3891 :
3080 3851 3197 3907 ergo
3223 3834 3498 3888 adulterint
3515 3873 3531 3899 ,
3560 3842 3605 3887 et
3634 3847 3735 3885 non
3762 3830 3864 3899 ﬁlii

2294 3932 2428 3985 estis.

2363 4020 2421 4075 2.
2456 4019 2616 4075 Vides
2643 4017 2782 4091 quod
2810 4016 2945 4073 dixit
2971 4015 3023 4071 id
3069 4014 3211 4086 quod
3253 4012 3530 4079 dicebam,
3572 4010 3712 4083 quod
3752 4026 3864 4066 non

2296 4114 2464 4181 possit
2490 4109 2773 4166 esse‘ﬂlins
2799 4109 2888 4179 qui
2915 4120 3019 4161 non
3046 4103 3374 4177 castigatur?
3415 4102 3548 4157 Nam
3594 4102 3868 4172 quomodo

2298 4202 2351 4257 in
2377 4201 2585 4256 familiis
2612 4199 2937 4255 adulterinos
2961 4197 3100 4252 ﬁlios
3119 4195 3417 4265 despiciunt
3435 4207 3630 4266 patres,
3654 4193 3867 4249 etiamsi

2298 4293 2430 4348 nihil
2453 4293 2677 4359 discant,
2705 4289 2917 4347 etiamsi
2944 4303 3049 4343 non
3075 4287 3181 4343 sint
3203 4286 3370 4357 gloria
3400 4285 3666 4356 insignes;
3690 4281 3757 4339 de
3784 4284 3865 4338 le-

2296 4383 2494 4455 gitimis
2511 4394 2682 4438 autem
2713 4382 2837 4437 ﬂliis
2862 4382 3047 4436 timent
3074 4394 3142 4435 ne
3166 4393 3225 4436 se
3245 4379 3442 4435 dedant
3459 4378 3569 4432 otio
3589 4390 3645 4433 et
3672 4392 3866 4433 socor-

2298 4478 2398 4533 di;e
2423 4476 2526 4532 :ita
2551 4477 2709 4532 etiam
2737 4474 2791 4530 in
2822 4473 3088 4543 priesenti.
3113 4470 3168 4528 Si
3189 4480 3271 4527 est
3290 4486 3417 4541 ergo
3442 4470 3865 4526 adulterinornm

2300 4583 2404 4622 non
2420 4565 2640 4631 erudiri,
2656 4563 2885 4635 gaudere
2911 4570 3122 4632 oportet
3139 4561 3208 4616 oh
3228 4560 3582 4630 disciplinam,
3601 4560 3868 4630 siquidem

2299 4671 2359 4711 ea
2382 4655 2660 4709 adhibetur
2686 4655 2737 4708 in
2762 4652 3028 4724 germanis
3052 4658 3109 4707 et
3127 4650 3375 4723 legitimis
3401 4649 3541 4704 ﬁliis.
3570 4649 3867 4720 Tamquam

2300 4748 2419 4801 (iliis
2444 4746 2593 4801 vobis
2619 4760 2677 4801 se
2704 4744 2867 4800 oﬁ'ert‘
2885 4745 3051 4799 Deus:
3071 4753 3287 4813 propter
3313 4742 3413 4795 hoc
3439 4740 3612 4810 ipsum
3637 4740 3781 4794 dicit.
3805 4740 3867 4796 9.

2300 4838 2494 4894 Deinde
2511 4847 2676 4907 patres
2690 4836 2891 4907 quidem
2906 4834 3071 4888 carnis
3088 4843 3276 4887 nostra
3289 4830 3564 4885 eruditores
3579 4830 3866 4897 habuimus,

2300 4938 2345 4984 et
2374 4928 2715 4981 reverebantur
2762 4940 2844 4979 eos
2873 4939 2892 4978 :
2916 4940 3016 4978 non
3056 4925 3215 4977 multo
3240 4922 3399 4993 magis
3424 4920 3873 4989 obtemperabimus

2304 5018 2450 5073 Patri
2474 5017 2759 5087 spirituum,
2788 5023 2835 5069 et
2859 5012 3120 5068 vivemus?
3145 5012 3349 5067 Rursus
3390 5025 3419 5065 a
3466 5012 3694 5080 propriis
3741 5025 3873 5081 per-

2307 5106 2659 5178 pessiouibus,
2687 5106 2755 5160 ab
2781 5104 2843 5158 iis
2872 5118 2991 5173 qua:
3033 5102 3132 5172 ipsi
3181 5101 3513 5172 patiebantur
3538 5140 3553 5165 ,
3599 5098 3869 5157 hortatur.

2304 5199 2447 5256 Sicut
2476 5198 2617 5252 enim
2646 5195 2752 5249 illic
2775 5193 2903 5249 dicit
2937 5210 2948 5246 :
2981 5190 3406 5247 Rememoramini
3433 5190 3671 5259 pristinos
3713 5190 3817 5243 dies
3845 5205 3868 5245 :

2303 5293 2372 5346 ita
2400 5290 2486 5345 hic
2511 5302 2719 5359 quoque
2751 5302 2765 5340 :
2799 5286 2937 5341 Deus
2961 5326 2976 5351 ,
3008 5284 3211 5355 inquit,
3264 5281 3539 5338 nobiscum
3582 5279 3689 5349 agit
3737 5290 3879 5335 tam-

2304 5396 2463 5451 quam
2489 5395 2609 5435 cum
2641 5378 2783 5441 ﬁliis.
2812 5390 2911 5431 nec
2936 5373 3157 5444 potestis
3181 5372 3359 5427 dicere
3382 5412 3397 5436 ,
3443 5369 3560 5426 Non
3588 5384 3876 5440 possumus

2306 5474 2476 5536 ferre:
2503 5482 2557 5526 et
2586 5480 2849 5537 tamquam
2876 5481 2993 5522 cum
3023 5466 3163 5521 caris
3193 5463 3317 5518 ﬂliis
3344 5463 3384 5517 ί.
3418 5460 3552 5517 Nam
3595 5461 3641 5517 si
3695 5474 3880 5533 patres

2372 5585 2387 5614 ί
2416 5580 2556 5639 Illud.
2576 5586 2621 5632 et
2642 5586 2884 5639 tamquam
2906 5588 3015 5627 cum
3036 5574 3171 5639 caris
3183 5572 3317 5639 filiis,
3341 5587 3437 5624 non
3459 5571 3641 5637 legitur
3683 5577 3734 5627 in
3772 5574 3884 5627 ln-

2312 5647 2457 5701 ιὶειιιο,
2470 5650 2518 5692 et
2542 5637 2726 5693 videtur
2747 5637 2957 5690 alienum
2983 5650 3095 5689 esse
3117 5637 3507 5687 additamentum.
3600 5648 3603 5649 '
