4094 6412
202 426 299 488 205

196 525 429 581 carnales
460 525 540 581 illi
582 534 903 584 reverentur
926 567 941 593 ,
968 527 1238 598 quomodo
1267 526 1474 582 Patrem
1514 525 1782 581 cuilestem

194 634 290 675 non
317 618 760 675 reverehimini?
788 620 1116 691 Quamquam
1149 634 1254 675 non
1294 635 1359 675 ex
1385 634 1451 674 eo
1479 619 1595 675 Solo
1625 617 1781 673 dill'e-

194 711 355 765 rcntia
380 720 627 775 constat.
660 721 751 767 aut
775 713 934 769 etiam
958 727 1022 768 ex
1051 712 1294 783 personis
1318 754 1332 777 ,
1362 711 1455 767 sed
1495 721 1546 766 et
1572 710 1640 765 ab
1670 712 1781 780 ipsa

187 809 334 849 causa
354 804 414 850 et
433 809 502 850 ex
533 810 597 851 re
631 796 745 867 ipsa
777 814 790 850 :
826 813 928 852 non
957 798 1099 854 enim
1132 810 1348 869 propter
1374 799 1561 854 eadem
1589 807 1645 855 et
1684 799 1771 858 hic

190 896 239 939 et
279 886 349 938 illi
398 887 693 942 erudiunt.
721 887 951 959 Ideoque
976 889 1249 964 subjungit
1277 907 1290 943 :
1321 889 1412 945 Illi
1442 890 1574 945 enim
1600 894 1779 960 paucis

188 974 351 1031 diebus
374 1017 390 1039 ,
440 988 609 1043 prout
654 978 756 1033 illis
796 980 1088 1045 videbatur,
1134 980 1474 1035 erudiebant:
1509 980 1613 1036 hoc
1641 990 1768 1045 est,

188 1080 321 1132 sanie
341 1067 651 1136 implentes
668 1070 1016 1140 voluptatem,
1035 1087 1140 1127 non
1167 1086 1381 1140 semper
1398 1081 1702 1141 spectantes
1721 1072 1776 1128 id

186 1154 318 1225 quod
338 1164 424 1210 est
451 1158 824 1215 conducibile.
853 1160 949 1215 llic
968 1171 1141 1216 autem
1164 1175 1270 1216 non
1300 1171 1473 1231 potest
1496 1162 1596 1218 hoc
1620 1161 1724 1218 dici
1756 1180 1773 1219 :

188 1260 283 1300 non
338 1247 490 1302 enim
554 1249 666 1304 hoc
718 1250 842 1305 facit
891 1260 1110 1321 propter
1160 1252 1373 1322 aliquod
1434 1252 1773 1309 commodum

188 1350 360 1401 suum,
394 1337 496 1392 sed
527 1348 758 1409 propter
780 1354 876 1396 vos
900 1350 952 1395 et
980 1352 1213 1396 vestram
1244 1342 1412 1395 solam
1445 1343 1724 1398 utilitatem
1757 1359 1773 1397 :

186 1426 255 1481 illi
281 1438 339 1483 ut
365 1441 421 1485 et
450 1430 594 1499 ipsis
622 1431 740 1486 sitis
769 1432 948 1497 utiles,
984 1446 1126 1502 stupe
1148 1446 1325 1488 autem
1350 1435 1507 1489 etiam
1544 1445 1772 1501 temere;

187 1516 266 1574 hic
291 1530 479 1575 autem
508 1522 655 1577 nihil
686 1532 769 1578 est
796 1523 1119 1593 huiusmodi.
1157 1526 1314 1581 Vides
1342 1526 1485 1595 quod
1517 1526 1619 1582 hoc
1642 1542 1771 1597 quo-

186 1623 283 1677 que
309 1610 469 1666 affert
495 1613 968 1669 consolationem?
992 1614 1120 1669 Nam
1151 1632 1272 1669 cum
1302 1616 1406 1671 illis
1433 1617 1663 1673 maxime
1684 1617 1775 1673 be-

186 1702 486 1757 nevolentia
510 1703 913 1774 eoniungimur,
933 1706 1146 1776 quando
1177 1705 1469 1763 viderimus
1496 1707 1637 1778 quod
1668 1723 1775 1762 non

186 1802 398 1863 propter
428 1792 647 1864 aliquid
671 1808 825 1849 suum
853 1805 939 1849 aut
965 1795 1188 1866 iubent,
1232 1805 1324 1851 aut
1364 1797 1633 1863 suadent,
1678 1798 1774 1853 sed

188 1890 401 1953 propter
431 1898 541 1939 nos
571 1894 741 1939 totum
769 1884 837 1940 ab
862 1886 941 1941 eis
970 1886 1184 1957 ponitur
1208 1887 1463 1943 studium.
1496 1887 1609 1945 lloe
1633 1889 1777 1945 enim

186 1974 507 2030 cstsincera
561 1974 784 2031 dilectio
830 1983 886 2031 et
928 1990 1055 2033 vere
1102 1977 1347 2046 dilectio,
1396 1979 1609 2050 quando
1655 1993 1777 2037 cum

188 2062 312 2116 nihil
340 2064 520 2119 simus
548 2064 714 2121 utiles
741 2065 790 2120 ei
820 2066 910 2135 qui
938 2066 1148 2137 diligit,
1177 2067 1246 2122 ab
1287 2083 1353 2125 eo
1388 2079 1564 2125 tamen
1601 2069 1779 2141 diligi-

188 2168 301 2209 mur
330 2172 345 2208 :
375 2154 667 2227 diligimur
694 2155 838 2212 enim
872 2172 975 2210 non
1006 2167 1061 2211 ut
1100 2159 1358 2229 accipiat,
1404 2160 1497 2215 sed
1540 2169 1596 2215 ut
1640 2161 1731 2216 det
1761 2177 1776 2217 :

190 2245 373 2311 erudit,
408 2249 605 2302 omnia
636 2246 779 2315 facit,
808 2263 965 2303 omne
985 2249 1217 2305 studium
1247 2250 1475 2316 confert,
1505 2262 1562 2306 ut
1589 2252 1780 2307 redda-

190 2350 302 2390 ntur
329 2350 561 2392 suorum
597 2340 858 2394 bonorum
886 2354 1131 2410 capaces.
1182 2338 1249 2394 Et
1292 2342 1372 2395 illi
1412 2344 1613 2411 quidem
1638 2384 1654 2411 ,
1695 2344 1779 2397 in-

189 2428 337 2495 quit,
370 2428 427 2483 in
451 2440 691 2499 tempore
718 2447 999 2502 paucorum
1023 2431 1221 2487 dierum
1246 2434 1521 2489 secundant
1547 2436 1782 2495 uolunta-

190 2526 278 2571 tem
309 2536 457 2574 suam
489 2518 797 2576 erudierunt
822 2538 913 2577 nos
943 2538 962 2579 :
987 2523 1068 2578 hic
1094 2534 1262 2579 autem
1288 2526 1356 2579 ad
1392 2526 1449 2580 id
1485 2526 1620 2596 quod
1663 2528 1782 2582 utile

192 2618 296 2671 est,
331 2611 386 2663 in
432 2610 740 2679 recipiendo
788 2613 1239 2683 sanctiﬁcationem
1281 2616 1411 2687 ejus.
1468 2616 1606 2685 Quid
1653 2623 1737 2671 est
1761 2657 1777 2683 ,

196 2697 674 2769 Sanctiﬁcarionem
703 2701 855 2773 ejus?
887 2700 1000 2760 Hoc
1021 2714 1124 2771 est,
1158 2705 1463 2774 puritatem,
1494 2715 1551 2761 ut
1581 2721 1677 2776 pro
1697 2704 1779 2760 vi-

194 2790 335 2845 ribus
361 2791 552 2847 simus
576 2806 644 2846 eo
671 2790 838 2862 digni.
874 2792 969 2848 Ille
1000 2795 1145 2864 ponit
1170 2794 1406 2851 studium
1454 2805 1512 2852 ut
1555 2796 1783 2866 accipia-

197 2878 277 2946 tis,
304 2890 358 2936 et
384 2881 584 2937 omnia
612 2879 736 2937 facit
767 2890 824 2937 ut
852 2882 945 2938 det
974 2883 1130 2940 vobis
1158 2904 1174 2940 :
1204 2901 1298 2941 vos
1327 2895 1505 2941 autem
1542 2886 1780 2942 studium

197 2985 295 3025 non
321 2972 537 3044 ponitis
562 2980 623 3026 ut
648 2972 941 3042 accipiatis.
974 2972 1119 3043 Dixi,
1150 2974 1345 3046 inquit,
1378 2975 1627 3044 Domina,
1677 2974 1783 3030 Do-

198 3063 355 3119 ntiaus
384 3080 541 3118 meus
563 3079 617 3118 es
642 3072 719 3131 tu,
750 3064 989 3134 quoniam
1015 3065 1256 3120 bonorum
1284 3082 1507 3122 meorum
1532 3083 1633 3122 non
1674 3082 1786 3137 eges

201 3153 376 3222 (Psal.
412 3156 523 3213 i5.
549 3155 649 3225 2).
694 3155 890 3211 Deinde
934 3166 1102 3227 patres
1139 3159 1339 3228 quidem
1388 3160 1557 3214 carnis
1600 3170 1786 3213 nostra

201 3246 479 3302 auditores
514 3245 800 3314 habuimus,
832 3256 881 3301 et
903 3248 1248 3303 revaebamur
1272 3264 1354 3305 eos
1381 3266 1401 3305 :
1430 3266 1600 3303 annon
1630 3249 1787 3304 multo

201 3341 353 3408 magis
376 3339 845 3406 obtemperabintus
888 3338 1036 3395 Patri
1082 3341 1352 3411 spirituum
1375 3380 1392 3408 ,
1433 3348 1481 3395 et
1526 3339 1787 3394 vivemus?

197 3427 333 3485 Patri
353 3430 673 3503 spirituum;
697 3427 811 3483 sive
838 3424 1218 3481 charismatum
1242 3420 1371 3477 dicit
1393 3459 1409 3487 ,
1433 3428 1528 3475 aut
1564 3422 1763 3474 oratio-

195 3536 310 3585 num
328 3564 343 3588 ,
373 3522 481 3577 dut
502 3526 824 3591 potestatum
853 3516 1311 3585 lncorporearum.
1340 3511 1398 3567 Si
1440 3509 1519 3567 sic
1562 3509 1762 3565 moria-

190 3627 343 3681 mur,
398 3622 537 3668 tunc
596 3609 857 3665 vivemus.
921 3604 992 3661 Et
1039 3603 1282 3674 apposite
1337 3600 1471 3656 dixit
1512 3614 1527 3651 :
1568 3597 1635 3653 Et
1686 3597 1763 3651 illi

188 3702 375 3775 quidem
429 3703 486 3757 iu
527 3711 747 3772 tempore
788 3710 1064 3765 paucorum
1108 3693 1303 3748 dierum
1348 3687 1639 3745 erudiebant
1680 3702 1763 3741 se-

190 3794 419 3849 cundum
460 3791 768 3847 salutatam
813 3802 1003 3842 suam:
1033 3799 1140 3839 non
1175 3784 1319 3839 enim
1362 3794 1575 3850 semper
1619 3778 1760 3849 quod

193 3891 431 3957 videtur,
461 3894 547 3945 est
568 3882 702 3943 utile
732 3900 748 3938 :
776 3882 862 3939 hic
903 3888 1079 3937 autem
1121 3876 1191 3932 ad
1231 3874 1285 3932 id
1317 3873 1462 3947 quod
1503 3872 1635 3928 utile
1681 3879 1765 3928 est

189 3981 384 4038 erudit.

256 4074 307 4131 3.
341 4072 449 4130 Est
476 4082 606 4140 ergo
630 4065 910 4137 disciplina
938 4062 1085 4119 utilis
1109 4103 1125 4130 ,
1165 4070 1397 4131 estergo
1422 4054 1760 4128 participatio

194 4161 515 4219 sanctitatis.
541 4159 768 4215 Maxime
799 4173 813 4211 :
840 4170 961 4211 nam
1002 4168 1123 4209 cum
1168 4150 1387 4221 expellit
1429 4146 1762 4213 socordiam,

194 4266 304 4310 cum
331 4253 536 4310 malam
563 4248 926 4320 cupiditatem,
949 4259 1071 4301 cum
1098 4257 1335 4298 amorem
1362 4255 1542 4296 rerum
1564 4253 1679 4309 quae
1697 4236 1765 4293 ad

197 4342 323 4402 hanc
342 4344 516 4400 vitam
540 4340 823 4411 pertinent,
840 4352 962 4394 cum
991 4335 1256 4393 convertit
1281 4334 1532 4395 animam,
1551 4345 1671 4385 cum
1689 4328 1769 4385 ef-

197 4432 295 4491 ﬁcit
320 4443 386 4490 ut
411 4443 609 4489 cuncta
632 4446 751 4503 qua:
773 4430 859 4484 hic
879 4436 1003 4483 sunt
1026 4426 1359 4489 damnemus,
1389 4424 1489 4478 hoc
1513 4422 1653 4477 enim
1685 4430 1769 4477 est

199 4526 416 4584 al'llictio
449 4544 463 4579 :
493 4539 671 4579 annon
718 4520 779 4576 Iit
821 4518 1039 4576 sancta?
1064 4530 1239 4573 annon
1287 4513 1507 4568 attrahit
1542 4512 1765 4583 gratiam

197 4618 463 4693 Spiritus?
488 4616 793 4687 Cogitemus
820 4615 997 4684 itaque
1026 4626 1241 4683 semper
1262 4610 1435 4682 iustos
1456 4652 1473 4679 ,
1501 4619 1557 4666 et
1584 4609 1767 4665 videa-

198 4727 307 4768 mus
328 4710 604 4769 undcnam
626 4720 813 4762 omnes
842 4703 1168 4767 claruerunt,
1183 4713 1235 4757 et
1251 4711 1375 4758 ante
1398 4716 1587 4758 omnes
1612 4701 1761 4767 Abel,

200 4802 304 4861 Noe
334 4821 351 4856 :
383 4814 569 4858 nonne
595 4798 662 4853 ab
685 4794 1005 4851 afﬂictione?
1028 4793 1169 4849 Fieri
1196 4794 1339 4848 enim
1377 4807 1480 4849 non
1512 4801 1685 4861 potest
1712 4801 1770 4848 ut

199 4909 295 4949 non
309 4890 643 4959 afﬂigerctur
667 4885 760 4958 qui
788 4885 934 4941 solus
960 4894 1077 4941 erat
1102 4884 1156 4938 in
1183 4892 1288 4938 tam
1317 4883 1479 4938 multa
1509 4882 1770 4938 malorum

198 4982 535 5040 multitudine
561 4994 577 5034 :
608 4978 723 5033 Noe
752 4978 918 5043 enim,
973 4975 1165 5044 inquit,
1194 4991 1311 5029 cum
1337 4983 1462 5030 esset
1481 4975 1622 5029 solus
1664 4992 1769 5043 per-

196 5080 352 5144 fectus
394 5074 450 5127 in
493 5069 814 5142 generatione
848 5083 943 5121 sua
965 5106 981 5131 ,
1028 5065 1135 5122 Deo
1180 5066 1370 5129 placuit
1401 5063 1566 5137 (Gen.
1591 5065 1643 5119 6.
1674 5065 1765 5135 9).

196 5164 319 5220 llam
348 5162 484 5217 mihi
511 5158 708 5231 cogita,
735 5156 782 5212 si
805 5169 945 5211 nunc
970 5169 1093 5211 cum
1131 5153 1421 5209 habeamus
1463 5153 1769 5209 innumera—

198 5257 323 5313 t-iles
349 5266 589 5326 quorum
638 5250 888 5304 virtutem
917 5245 1268 5311 amulemur,
1297 5254 1477 5315 patres
1508 5256 1565 5300 et
1606 5246 1772 5315 magi-

196 5358 368 5413 stros,
402 5344 485 5400 sic
520 5338 826 5412 afﬂigimur,
853 5336 1122 5408 quomodo
1161 5335 1450 5390 verisimile
1493 5344 1575 5391 est
1623 5336 1769 5391 illum

198 5436 354 5492 fuisse
378 5430 633 5489 sﬂ‘ectum
663 5427 835 5485 solum
862 5426 1002 5483 inter
1018 5434 1125 5480 tam
1143 5424 1340 5480 multos
1354 5425 1378 5477 ?
1392 5423 1497 5479 Sed
1520 5440 1641 5481 cum
1660 5424 1768 5493 jam

197 5525 424 5582 dixerim
444 5522 517 5579 de
537 5518 714 5592 pluvia
741 5518 829 5573 illa
849 5515 1023 5572 aliena
1052 5524 1106 5570 et
1135 5514 1294 5585 plane
1322 5513 1660 5569 admirabili?
1685 5513 1770 5569 di-

196 5629 378 5672 camne
400 5614 474 5669 de
497 5608 825 5672 Abrahamo,
851 5606 920 5662 de
945 5604 1155 5662 crebris
1181 5603 1298 5672 ejus
1321 5604 1769 5674 peregrinationi-
1806 5601 1821 5620 '

199 5706 312 5773 bus,
323 5707 392 5763 de
422 5713 579 5775 raptu
607 5700 809 5765 uxoris,
830 5696 899 5753 de
923 5696 1195 5767 periculis,
1214 5696 1281 5751 de
1302 5695 1479 5761 bellis,
1503 5695 1568 5749 de
1596 5705 1771 5751 tenta-

203 5798 459 5859 tionibus?
477 5794 588 5856 Sed
615 5793 683 5853 de
707 5790 875 5849 Iacob
896 5802 1055 5860 quant
1085 5787 1249 5845 multa
1278 5800 1314 5858 p
1334 5802 1464 5843 assus
1483 5789 1549 5842 sit
1566 5788 1767 5859 gravia,

1018 388 1084 481 IN
1121 421 1336 480 EI’iST.
1380 421 1469 476 AD
1511 416 1861 477 IIEBR.~EOS.
1903 417 2056 475 CAP.
2102 419 2211 475 XII.
2254 419 2481 497 HOMIL.
2524 420 2716 477 XXIX.

3363 420 3469 479 206

1900 532 2130 593 undique
2176 532 2361 601 pulsus
2383 571 2400 597 ,
2428 540 2482 585 et
2507 529 2701 585 frustm
2725 528 2991 595 laborans,
3020 536 3071 583 et
3101 528 3221 583 aliis
3250 544 3469 599 operam

1899 621 2246 691 impendens?
2278 613 2479 678 omnes
2519 621 2660 676 enim
2702 618 2818 689 ejus
2838 618 3157 674 tentationes
3188 635 3472 677 recensere

1893 727 1999 767 non
2029 722 2111 768 est
2140 726 2400 774 necesse;
2428 710 2789 765 testimonium
2814 715 2995 762 autem
3025 706 3220 763 afferre
3243 719 3323 763 est
3342 724 3474 764 con-

1891 803 2223 861 sentaneum,
2252 798 2393 868 quod
2415 799 2528 867 ipse
2540 799 2751 854 dicebat
2778 798 3044 855 Pharaoni
3073 814 3088 851 :
3116 799 3252 862 Dies,
3274 801 3465 869 inquit,

1893 886 1991 939 mei
2020 890 2172 956 pauci
2200 898 2317 942 sunt
2337 898 2385 943 et
2413 890 2557 954 mali,
2588 899 2758 944 etnon
2786 900 3118 959 pervenerunt
3145 888 3214 943 ad
3242 891 3347 945 dies
3376 911 3469 960 pu-

1892 983 2025 1028 trunt
2056 992 2279 1031 meorum
2309 978 2463 1049 (Gen.
2493 980 2582 1033 47.
2614 978 2706 1048 9).
2738 979 2839 1033 Sed
2864 980 3109 1035 dicamne
3136 980 3202 1034 de
3230 979 3468 1049 Joscph'l

1889 1065 1982 1120 sed
2004 1067 2070 1121 de
2092 1067 2205 1136 ipso
2231 1068 2433 1140 Moyse,
2460 1068 2528 1125 de
2554 1068 2679 1125 Jesu
2706 1068 2868 1133 Nave,
2907 1069 2974 1124 de
3002 1069 3197 1123 Davide
3218 1109 3237 1135 ,
3264 1069 3330 1125 de
3368 1072 3468 1125 Sa-

1888 1156 2083 1223 muele,
2116 1158 2184 1215 de
2208 1159 2342 1227 Elia,
2369 1160 2436 1215 de
2468 1158 2685 1216 Daniele
2705 1200 2721 1227 ,
2754 1159 2822 1215 de
2853 1160 3103 1215 omnibus
3145 1159 3424 1230 prophetis
3444 1162 3470 1215 ?

1887 1248 1989 1303 Sed
2018 1249 2113 1305 hos
2134 1266 2322 1307 omnes
2347 1253 2582 1307 invenies
2612 1252 2848 1307 evasisse
2889 1252 3070 1307 claros
3115 1268 3180 1306 ex
3219 1251 3469 1307 afﬂictio‘

1886 1338 2063 1394 nibus.
2114 1340 2210 1405 Dic
2251 1354 2352 1410 ego
2397 1341 2526 1395 mihi
2552 1380 2569 1405 ,
2614 1341 2763 1397 visne
2805 1355 2924 1396 esse
2977 1340 3155 1395 clarus
3200 1356 3265 1395 ex
3310 1344 3422 1396 utio
3448 1381 3464 1405 ,

1886 1430 2063 1499 quiete
2083 1440 2137 1485 et
2160 1431 2399 1487 deliciis?
2421 1432 2527 1488 Sed
2572 1446 2677 1487 non
2728 1434 2949 1502 poteris.
2991 1433 3062 1487 At
3106 1432 3350 1488 dicamne
3396 1433 3465 1489 do

1884 1521 2184 1589 apostolis?
2213 1523 2279 1576 At
2310 1521 2361 1576 hi
2386 1538 2600 1592 quoque
2625 1523 2880 1577 :erumnis
2906 1523 3043 1579 alios
3070 1536 3261 1579 omnes
3306 1537 3466 1593 supe-

1884 1621 2157 1663 rmerunt.
2183 1608 2293 1665 Cur
2345 1611 2458 1666 huic
2504 1610 2669 1667 dico?
2697 1609 2939 1667 Christus
2962 1627 3175 1683 quoque
3220 1612 3321 1669 hoc
3375 1613 3462 1668 di-

1884 1697 1953 1751 cit
1984 1715 1997 1752 :
2026 1697 2092 1752 In
2122 1699 2313 1754 mundo
2337 1701 2670 1770 afﬂictionem
2698 1700 2979 1767 habebitis;
3006 1710 3060 1755 et
3099 1716 3284 1757 rursus
3308 1742 3323 1767 ,
3361 1700 3464 1757 Vos

1884 1792 2145 1861 plorabilis
2172 1802 2218 1847 et
2248 1793 2479 1862 lugebitis
2509 1809 2527 1846 :
2560 1792 2781 1849 mundus
2800 1803 2966 1848 autem
2996 1794 3232 1864 gaudebit
3259 1792 3459 1866 (Joan.

1884 1880 1972 1935 ili.
2000 1882 2089 1937 55.
2116 1880 2207 1937 20.
2237 1890 2284 1936 et
2308 1881 2497 1936 Matth.
2522 1883 2577 1937 ‘l.
2607 1883 2673 1939 14
2693 1883 2735 1954 ).

1962 1998 2054 2053 Via
2082 2016 2193 2070 quas
2212 2001 2351 2055 ducit
2370 1997 2441 2055 ad
2457 2002 2630 2069 vitam,
2656 2010 2797 2058 arcta
2821 2019 3023 2073 semper
3048 2012 3141 2058 est.
3158 2003 3294 2058 -Et
3317 2004 3459 2075 quod

1880 2100 2024 2148 arcta
2049 2094 2119 2148 sit
2146 2104 2200 2148 et
2224 2103 2445 2164 angusta
2493 2094 2577 2148 via
2606 2108 2725 2165 quae
2766 2093 2914 2150 ducit
2958 2093 3026 2151 ad
3074 2096 3235 2150 vitam
3261 2136 3278 2162 ,
3326 2097 3460 2152 dicit

1881 2184 1996 2254 ipse
2022 2186 2124 2238 vim
2149 2185 2400 2239 Dominus
2429 2201 2444 2239 :
2478 2194 2531 2240 tu
2561 2194 2739 2239 autem
2770 2185 2969 2255 qumris
2996 2186 3198 2241 latam?
3230 2196 3282 2241 et
3320 2202 3461 2256 quo.

1881 2275 2041 2331 modo
2061 2290 2167 2331 non
2190 2275 2401 2333 esthoc
2439 2276 2766 2331 absurdum?
2801 2277 3091 2345 Propterea
3136 2279 3298 2332 vitam
3346 2295 3453 2334 non

1878 2368 2181 2435 assequeris
2209 2366 2301 2436 qui
2322 2366 2423 2421 alia
2453 2366 2751 2436 ingrederis
2775 2407 2790 2433 ,
2838 2366 2936 2423 sed
2980 2367 3251 2423 interitum
3286 2385 3301 2423 :
3337 2383 3456 2423 eam

1879 2456 2020 2510 enim
2047 2456 2253 2525 eli-gisti
2280 2471 2401 2526 quae
2426 2456 2527 2511 fert
2557 2457 2700 2511 illuc.
2738 2456 2827 2513 Vis
2851 2456 3026 2513 dicant
3052 2466 3105 2512 et
3136 2458 3188 2513 in
3220 2457 3455 2513 medium

1877 2544 2138 2599 adducam
2167 2558 2262 2601 eos
2288 2545 2379 2615 qui
2410 2545 2571 2599 vitam
2599 2553 2823 2615 egerunt
2850 2546 2902 2599 in
2930 2545 3177 2601 deliciis?
3206 2546 3289 2601 Ab
3333 2547 3459 2601 ulti-

1878 2636 1980 2690 mis
1998 2636 2353 2691 aseeudamus
2374 2634 2439 2690 sd
2467 2636 2689 2705 primos.
2722 2635 2882 2691 Dives
2916 2635 3005 2691 ille
3037 2636 3126 2707 qui
3157 2636 3378 2691 ardebat
3403 2638 3456 2694 in

1876 2727 2123 2791 camino;
2166 2727 2255 2796 qui
2278 2726 2449 2780 ventri
2482 2726 2664 2780 vivunt
2688 2726 2879 2793 Judtei,
2909 2740 3134 2797 quorum
3164 2727 3302 2783 Deus
3325 2744 3455 2783 ven-

1879 2827 1958 2873 ter
1985 2828 2061 2872 est
2085 2832 2103 2881 ;
2134 2818 2221 2886 qui
2252 2818 2303 2871 in
2330 2816 2617 2873 solitudine
2638 2830 2854 2887 semper
2877 2817 3191 2887 quaerebant
3210 2819 3377 2873 otium
3402 2828 3458 2874 et

1876 2910 2135 2978 requiem,
2160 2924 2259 2965 cur
2280 2908 2589 2978 perierunt?
2622 2908 2760 2964 sicut
2793 2920 2845 2963 et
2882 2910 2971 2979 qui
3020 2918 3175 2966 erant
3213 2920 3455 2980 tempore

1874 3000 2007 3065 Noe,
2028 3016 2204 3055 annon
2227 3009 2505 3072 propterea
2528 3000 2669 3068 quod
2694 3000 2857 3055 vitam
2878 3001 3155 3073 elegerunt
3184 3002 3378 3057 lautam
3400 3012 3456 3057 ct

1874 3088 2225 3145 dissolutam?
2255 3089 2318 3144 Et
2341 3088 2430 3159 qui
2456 3089 2505 3143 in
2528 3088 2775 3146 Sodomis
2790 3098 3009 3161 propter
3024 3090 3312 3162 ingluviem
3348 3109 3361 3145 :
3387 3092 3456 3147 lu

1872 3182 2135 3237 saturitate
2160 3181 2294 3234 enim
2325 3181 2474 3251 panis
2495 3221 2512 3247 ,
2541 3180 2731 3249 inquit,
2759 3180 3083 3235 lasciviebant
3107 3180 3331 3254 (Eseclt.
3365 3182 3452 3240 l6.

1872 3271 1987 3340 49).
2017 3271 2127 3326 Hoc
2154 3270 2221 3326 de
2248 3270 2313 3326 iis
2349 3270 2565 3336 dicitur,
2598 3271 2688 3340 qui
2720 3269 2947 3340 agebant
2975 3269 3241 3326 Sodomis.
3272 3272 3325 3327 Si
3354 3287 3455 3325 au-

1872 3372 1982 3419 tem
2009 3362 2256 3418 saturitas
2279 3362 2429 3432 panis
2470 3370 2672 3416 tantum
2698 3361 2894 3416 malum
2926 3362 3071 3427 fecit,
3101 3363 3225 3432 quid
3250 3362 3452 3418 dixeri-

1875 3467 1994 3508 mus
2010 3452 2079 3508 de
2106 3452 2224 3508 aliis
2250 3450 2512 3520 placentis
2531 3458 2587 3505 et
2606 3450 2880 3506 bellariis?
2901 3451 3041 3506 Esait
3064 3466 3241 3506 annon
3260 3462 3378 3507 erat
3399 3454 3452 3507 in

1878 3534 2055 3604 quiete
2080 3541 2135 3588 et
2157 3533 2308 3589 otio?
2345 3534 2471 3603 quid
2504 3533 2579 3587 illi
2609 3549 2675 3588 ex
2698 3533 2819 3587 filiis
2846 3533 2937 3588 Dei
2961 3533 3051 3601 qui
3079 3535 3327 3587 viderunt
3350 3548 3461 3587 mu-

1878 3623 2035 3678 lieres
2060 3664 2075 3688 ,
2104 3631 2159 3678 et
2181 3622 2446 3678 deturbati
2470 3633 2593 3677 sunt
2616 3638 2712 3693 per
2733 3621 3058 3693 praecipitia?
3078 3622 3207 3693 quid
3253 3623 3328 3677 illi
3367 3622 3458 3692 qui

1878 3714 1931 3769 in
1959 3712 2225 3770 masculos
2253 3713 2626 3769 insaniebant?
2656 3712 2856 3769 Omnes
2899 3722 3077 3767 autem
3126 3726 3278 3782 rcges
3324 3727 3459 3782 gen-

1879 3804 2047 3866 tium,
2090 3802 2505 3875 Babyloniorum
2552 3814 2608 3859 et
2645 3800 3051 3873 Egyptiorum,
3096 3817 3273 3857 annon
3320 3802 3461 3858 male

1877 3893 2039 3946 vitam
2062 3892 2350 3953 (inierunt?
2377 3907 2554 3948 annon
2585 3893 2781 3948 suntin
2822 3891 3148 3947 tormentis?
3188 3890 3293 3946 Sed
3339 3906 3460 3962 quas

1878 3996 2022 4036 nunc
2049 3981 2212 4048 fiunt,
2244 3983 2331 4038 die
2357 3983 2507 4051 mihi,
2541 3998 2716 4038 nonne
2760 3992 2884 4037 sunt
2928 3981 3273 4051 huiusmodi?
3319 3982 3459 4037 Audi

1877 4070 2147 4127 Christum
2176 4071 2443 4129 dicentem
2468 4088 2483 4125 :
2515 4072 2615 4139 Qui
2644 4072 2876 4126 mollibus
2906 4073 3219 4137 vestiuntur,
3260 4072 3312 4125 in
3358 4071 3457 4125 do-

1879 4162 2040 4216 mibus
2068 4178 2244 4232 regum
2284 4171 2403 4218 sunt
2444 4161 2673 4234 (Matth.
2713 4162 2799 4216 Il.
2842 4160 2942 4231 8);
2991 4162 3081 4231 qui
3128 4170 3305 4215 autem
3350 4177 3457 4217 non

1881 4253 2071 4307 talibus
2100 4254 2418 4319 vestiuntur,
2448 4253 2499 4308 in
2526 4253 2692 4308 cadis.
2719 4250 2850 4307 Nam
2878 4253 3038 4308 vestis
3082 4253 3258 4308 mollis
3296 4252 3458 4307 etiam

1876 4350 2146 4396 austerum
2175 4343 2413 4397 animum
2436 4341 2681 4397 dissolvit
2706 4350 2761 4396 et
2786 4340 2982 4412 frangit
3007 4356 3070 4396 ac
3088 4340 3334 4395 diffundit
3358 4358 3371 4392 :
3397 4350 3455 4395 et

1879 4432 1998 4487 licet
2028 4446 2222 4501 corpus
2264 4434 2531 4503 acceperit
2575 4447 2821 4503 asperum
2868 4444 2924 4488 et
2969 4434 3200 4498 durum,
3248 4434 3355 4487 cito
3403 4434 3456 4488 id

1880 4521 2042 4575 molle
2070 4536 2167 4592 per
2194 4521 2416 4577 delicias
2440 4523 2613 4578 reddit
2640 4532 2695 4578 et
2740 4522 3085 4578 imbecillum.
3132 4521 3265 4578 Nam
3313 4523 3459 4578 unde

1881 4612 1979 4666 nisi
2012 4626 2074 4666 ex
2104 4612 2205 4667 hoc
2234 4614 2426 4681 putatis
2452 4614 2702 4669 mulieres
2746 4628 2867 4675 esse
2911 4614 3046 4670 adeo
3096 4614 3321 4682 molles,
3371 4614 3461 4672 die

1881 4701 2107 4770 quzeso?
2134 4717 2259 4757 num
2288 4718 2353 4758 ex
2381 4704 2499 4758 solo
2522 4705 2690 4759 sexu?
2716 4703 3057 4775 Nequaquam
3080 4748 3095 4771 ,
3123 4705 3216 4760 sed
3262 4721 3327 4761 ex
3376 4707 3459 4761 vi-

1881 4790 2036 4845 vendi
2067 4792 2273 4846 ratione
2324 4802 2377 4848 et
2422 4793 2740 4850 educatione
2772 4812 2785 4849 :
2820 4811 2940 4850 nam
2982 4798 3035 4850 in
3086 4796 3271 4851 umbra
3322 4796 3462 4852 edu-

1880 4884 2042 4948 catio,
2075 4882 2241 4935 otium
2262 4922 2279 4949 ,
2311 4882 2515 4937 lavacra
2536 4926 2551 4949 ,
2582 4892 2849 4954 unguenta
2869 4926 2887 4951 ,
2917 4886 3200 4941 multitudo
3240 4900 3463 4941 aroma-

1883 4982 2015 5037 tum,
2045 4972 2233 5027 cuhilis
2262 4973 2511 5029 mollities
2538 4989 2630 5030 eas
2656 4976 2788 5031 tales
2808 4974 2995 5031 efﬁcit.
3024 4976 3092 5031 Et
3112 4986 3169 5031 ut
3194 4976 3243 5031 id
3284 4977 3458 5044 scias,

1881 5062 2247 5119 animadverte
2272 5065 2338 5118 ad
2371 5065 2421 5119 id
2450 5066 2590 5136 quod
2620 5066 2761 5122 dico.
2812 5067 3010 5138 Accipe
3051 5068 3181 5122 mihi
3228 5068 3463 5139 plantam

1882 5169 1948 5209 ex
1974 5154 2161 5219 hortis,
2193 5157 2281 5225 qui
2322 5164 2447 5211 sunt
2491 5156 2543 5210 in
2574 5156 2808 5224 deserto,
2834 5166 2890 5211 et
2942 5157 3221 5227 pulsantur
3264 5174 3294 5213 a
3329 5175 3463 5215 ven-

1884 5245 1986 5309 tis,
2013 5253 2068 5300 et
2093 5261 2229 5316 pone
2255 5261 2372 5301 eam
2412 5247 2463 5302 in
2497 5248 2615 5304 loco
2644 5247 2860 5305 humido
2886 5259 2939 5305 et
2968 5248 3253 5317 an‘ibroso;
3285 5260 3339 5307 et
3382 5252 3464 5305 in-

1883 5336 2067 5393 venics
2090 5337 2233 5392 illam
2265 5339 2432 5394 multo
2458 5340 2763 5395 inferiorem
2791 5341 2875 5394 illa
2905 5340 3231 5408 conditione,
3262 5357 3327 5397 ex
3358 5360 3463 5413 qua

1886 5441 2000 5482 eam
2025 5430 2298 5499 sumpsisti
2325 5430 2393 5484 ab
2422 5431 2590 5485 initio.
2618 5430 2771 5499 Quod
2794 5443 2971 5487 autem
3000 5434 3102 5489 hoc
3123 5436 3192 5489 sit
3230 5451 3414 5490 verum
3442 5477 3459 5503 ,

1888 5519 2138 5577 mulieres
2166 5536 2284 5587 qua!
2312 5522 2530 5576 aluntur
2560 5522 2610 5577 in
2656 5524 2831 5593 agris,
2870 5533 2995 5578 sunt
3035 5523 3284 5581 fortiores
3328 5528 3460 5582 viris

1886 5602 1976 5671 qui
2007 5602 2059 5656 in
2085 5600 2303 5657 urbibus
2334 5603 2606 5668 habitant,
2638 5615 2694 5660 et
2717 5607 2913 5663 multos
2944 5608 3202 5676 ejusmodi
3254 5610 3360 5665 illae
3408 5613 3463 5668 in

1888 5693 2026 5749 lucta
2056 5696 2456 5764 prostraveriut.
2486 5696 2618 5752 Cum
2645 5708 2819 5753 autent
2846 5712 3039 5768 corpus
3070 5699 3264 5755 factum
3304 5701 3464 5759 fuerit

1888 5783 2122 5853 mollius,
2154 5798 2373 5841 necesse
2402 5794 2485 5842 est
2506 5797 2559 5842 ut
2588 5788 2762 5843 anima
2788 5803 2997 5859 quoque
3017 5788 3194 5846 damni
3225 5790 3311 5847 fiat
3336 5808 3462 5863 par-
