4094 6408
681 378 777 432 207

680 475 841 538 tircps
874 486 887 523 :
918 486 1037 525 nam
1071 486 1251 542 magna
1280 488 1338 526 ex
1372 482 1517 540 parte
1542 476 1656 541 ejus
1697 476 2028 545 operationes
2062 478 2216 530 simul

679 560 975 616 afficiuntur
1002 578 1116 616 cum
1146 563 1287 617 illius
1325 564 1620 618 aiiectione.
1664 564 1870 621 Etenim
1918 567 1969 620 in
2021 567 2218 622 morbis

678 669 859 707 sumus
887 654 998 719 alii,
1028 664 1298 722 propterea
1330 655 1467 723 quod
1498 656 1860 721 emolliamur;
1888 668 1939 711 et
1965 673 2083 712 eum
2105 658 2216 712 sani

678 758 878 809 sumus,
909 759 1087 799 rursus
1106 745 1210 798 alii.
1239 743 1381 799 Sicut
1403 747 1540 800 enim
1571 747 1621 799 in
1647 748 1860 802 chordis
1882 763 1999 801 cum
2027 745 2221 802 fuerint

679 833 791 886 soni
824 833 1005 885 molles
1029 834 1087 885 ei
1109 848 1209 887 non
1234 843 1375 887 recte
1399 835 1598 888 extensi
1621 875 1635 899 ,
1661 836 1789 889 artis
1812 849 2017 905 quoque
2055 836 2231 891 virtus.

682 922 978 987 praeciditur
997 963 1009 982 ,
1054 932 1236 977 coacta
1276 925 1472 978 servire
1500 925 1737 978 mollitia:
1761 925 2076 981 chordarum
2106 943 2119 981 :
2148 928 2217 981 ita

680 1010 836 1063 etiam
862 1010 911 1062 in
938 1024 1159 1077 corpore
1185 1012 1345 1064 multa
1370 1013 1558 1065 damna
1583 1013 1649 1067 ab
1674 1028 1738 1068 eo
1779 1015 1966 1085 accipit
2006 1017 2176 1069 anima
2200 1055 2218 1081 ,

679 1100 871 1153 multas
899 1101 1258 1155 necessitates.
1281 1100 1408 1155 Nam
1429 1116 1546 1155 cum
1570 1102 1727 1156 multa
1757 1114 1905 1172 egeat
1928 1105 2216 1170 curatione,

680 1189 765 1241 illa
813 1188 1054 1243 acerbam
1102 1191 1324 1244 sustinet
1376 1192 1700 1246 servitutem.
1757 1193 1828 1262 (α)
1872 1194 2218 1259 Quamobrem

680 1294 829 1347 rugo.
862 1280 910 1332 id
942 1279 1218 1334 reddamus
1250 1279 1383 1335 forte
1411 1289 1464 1335 et
1497 1280 1769 1335 robustum
1793 1322 1808 1347 ,
1842 1297 1935 1337 nec
1974 1280 2221 1337 faciamus

680 1369 1131 1422 valetudinarium.
1151 1368 1273 1423 “Non
1316 1371 1484 1425 solum
1532 1384 1650 1425 cum
1696 1372 1819 1426 viris
1867 1371 2082 1442 loquor,
2128 1372 2219 1428 sed

682 1460 835 1512 etiam
863 1473 977 1513 cum
1010 1460 1337 1515 mulieribus.
1371 1460 1479 1517 Cur
1503 1464 1641 1518 enim
1672 1464 1838 1533 ipsum
1864 1466 2072 1520 assidue
2116 1465 2223 1521 disc

682 1550 841 1602 snlvis
862 1550 1063 1605 deliciis
1082 1590 1096 1613 ,
1127 1552 1365 1621 cxiieque
1394 1561 1443 1606 et
1470 1536 1740 1607 ﬂaccidnm
1768 1555 1911 1619 facis,
1942 1570 1974 1608 o
1998 1555 2222 1611 mulier?

680 1639 802 1706 quid
821 1641 957 1692 vires
978 1642 1270 1709 corrumpis
1296 1641 1491 1710 adipe?
1514 1641 1674 1711 adeps
1699 1652 1779 1697 est
1805 1644 1852 1697 ei
1876 1644 2031 1698 etiam
2054 1644 2223 1699 molli-

684 1729 802 1793 ties,
831 1744 933 1782 non
963 1728 1141 1782 robur.
1173 1729 1262 1782 Sin
1289 1741 1461 1786 autem
1488 1730 1569 1786 his
1595 1730 1823 1787 dimissis
1850 1741 1970 1789 tunc
1998 1735 2149 1789 aliter
2173 1745 2223 1791 te

680 1833 853 1887 geras,
886 1828 1006 1872 tunc
1030 1829 1082 1873 et
1110 1818 1441 1888 pulchritudo
1469 1822 1707 1891 corporis
1744 1823 1977 1892 procedit
2001 1840 2067 1879 cx
2105 1840 2225 1880 sen-

683 1910 1087 1979 tentia,quando
1109 1920 1160 1966 et
1194 1913 1330 1966 vires
1368 1912 1627 1967 adfuerint
1654 1924 1706 1969 et
1733 1914 1867 1970 bona
1920 1915 2167 1972 habitudo
2208 1938 2222 1973 :

682 2002 761 2053 sin
785 2008 956 2054 autem
987 2001 1153 2071 ipsum
1183 2002 1326 2057 mille
1353 2002 1549 2057 morbis
1576 2004 1817 2061 obsideas
1837 2048 1852 2071 ,
1884 2022 1980 2061 nec
2003 2010 2099 2061 erit
2130 2010 2227 2064 ﬂos

680 2108 955 2179 corporis,
1006 2122 1101 2162 nec
1142 2106 1278 2161 bona
1322 2104 1493 2173 aliqua
1526 2102 1811 2164 habitudo;
1838 2110 2045 2166 semper
2088 2098 2230 2150 enim

681 2201 785 2254 eris
816 2198 867 2252 in
900 2197 1126 2251 tristitia.

751 2291 803 2345 Δ.
834 2286 991 2343 Scitis
1016 2294 1189 2341 autem
1218 2283 1359 2354 quod
1384 2283 1521 2337 sicut
1542 2280 1815 2351 pulchram
1843 2276 2079 2341 domum,
2104 2287 2225 2329 cum

677 2379 730 2432 ei
758 2392 849 2433 aer
867 2374 1127 2439 arriserit,
1153 2372 1330 2427 reddit
1351 2369 1681 2441 splendidam
1715 2384 1729 2422 :
1758 2369 1827 2421 ita
1847 2366 2003 2420 etiam
2028 2362 2233 2433 specio-

680 2484 799 2525 sum
828 2468 1057 2529 vultum,
1103 2464 1150 2520 si
1190 2465 1379 2517 animai
1419 2460 1665 2515 alacritas
1708 2458 2018 2520 accesserit,
2061 2451 2235 2508 reddit

622 2588 627 2593 -
683 2557 955 2613 melinmn
991 2574 1005 2609 :
1041 2554 1121 2608 sin
1163 2562 1338 2608 autem
1370 2552 1437 2605 sit
1465 2550 1517 2604 in
1546 2548 1756 2603 tristitia
1791 2556 1843 2602 et
1879 2558 2144 2609 maerore,
2174 2540 2231 2596 fit

680 2646 986 2701 deformior.
1016 2642 1309 2699 Tris-titiam
1343 2639 1511 2694 morbi
1553 2637 1751 2693 faciunt
1774 2647 1827 2692 et
1852 2633 2229 2704 aegritudines;

682 2737 895 2792 mnrhos
920 2744 1092 2789 autem
1133 2732 1277 2796 facit,
1314 2732 1454 2801 quod
1483 2743 1675 2799 corpus
1702 2726 1899 2783 factum
1929 2726 1997 2780 sit
2022 2723 2234 2779 mollius

631 2884 655 2895 _
681 2842 712 2881 a
749 2826 921 2880 multis
949 2824 1171 2879 deliciis.
1217 2820 1571 2889 Quamobrem
1610 2819 1707 2873 hac
1735 2817 1893 2872 etiam
1923 2814 2126 2870 ratione
2154 2812 2233 2866 fu-

680 2918 787 2987 gite
814 2913 1050 2981 delicias,
1079 2915 1123 2969 si
1161 2912 1288 2967 mihi
1316 2911 1566 2967 credatis.
1610 2910 1677 2964 At
1704 2908 2025 2977 voluptatem
2051 2904 2231 2968 habet,

680 3006 869 3075 inquit,
902 3004 1171 3072 indulgere
1195 3003 1353 3073 genio
1390 3009 1443 3056 et
1462 2999 1685 3055 deliciis.
1726 2997 1829 3055 Sed
1862 3012 1966 3051 non
1998 3003 2077 3051 tot
2104 3003 2233 3065 quot

681 3094 967 3151 molestias.
1000 3093 1246 3163 Alioquin
1272 3101 1447 3147 autem
1476 3089 1719 3160 voluptas
1739 3098 1820 3143 est
1845 3102 2012 3153 usque
2038 3085 2105 3140 ad
2131 3100 2232 3155 gu-

683 3185 808 3249 lam,
854 3199 1021 3253 usque
1068 3183 1132 3237 ad
1174 3182 1405 3252 linguam
1439 3196 1454 3235 :
1487 3193 1667 3234 mensa
1707 3186 1882 3233 autem
1926 3176 2098 3231 ablata
2143 3183 2235 3230 aut

681 3276 801 3329 cibo
839 3275 1109 3340 devorato,
1157 3273 1376 3343 perinde
1406 3287 1465 3327 es
1492 3281 1651 3341 atque
1693 3271 1737 3325 si
1774 3285 1879 3324 non
1919 3266 2083 3323 fueris
2118 3266 2233 3336 ejus

681 3367 975 3436 particeps;
1006 3367 1111 3419 imo
1138 3380 1264 3419 vero
1289 3364 1440 3432 longe
1468 3363 1719 3425 deterior,
1749 3371 1806 3414 ut
1830 3360 1917 3428 qui
1948 3358 2070 3413 inde
2090 3359 2235 3413 aufe-

682 3474 766 3514 ras
795 3456 1149 3526 gravedinem,
1182 3455 1556 3509 distentionem
1587 3460 1640 3507 et
1668 3448 2146 3520 pandicuiatiunem
2176 3456 2232 3503 et

678 3548 948 3618 crapulam
974 3556 1027 3601 et
1053 3560 1294 3602 somnum
1318 3544 1472 3599 morti
1500 3543 1743 3604 similem,
1767 3555 1909 3611 saepe
1929 3554 2054 3594 vero
2072 3540 2228 3594 etiam

682 3639 906 3709 vigiliam
937 3652 999 3692 ex
1029 3637 1303 3691 saturitate
1335 3642 1389 3689 et
1414 3631 1771 3688 ohstructione
1795 3628 2010 3698 spiritus
2029 3638 2083 3683 et
2104 3642 2229 3681 eru-

676 3729 909 3783 ctatione
939 3744 953 3779 :
983 3735 1035 3781 et
1076 3724 1267 3779 millies
1296 3722 1510 3792 quidem
1539 3727 1775 3773 ventrem
1804 3725 2111 3773 exsecratus
2136 3729 2225 3781 es,

683 3832 802 3871 cum
834 3824 1073 3885 oporteat
1092 3806 1549 3882 intemperantiam
1572 3808 1843 3865 detestari.

749 3903 935 3961 Contra
965 3902 1232 3974 ingluuiem
1269 3911 1317 3956 et
1353 3900 1681 3955 saturitatem.
1708 3896 1871 3951 —Ne
1895 3909 2087 3965 corpus
2104 3908 2232 3963 ergo

682 3997 1089 4065 impinguemus,
1116 3993 1207 4049 sed
1238 3992 1514 4047 audiamus
1544 3988 1762 4044 Paulum
1784 3987 2043 4041 dicentem
2076 3982 2233 4039 :Car-

680 4090 759 4142 nis
778 4103 948 4141 curam
967 4103 1034 4140 ne
1053 4084 1265 4156 feceritis
1285 4082 1351 4135 ad
1369 4078 1789 4149 concupiscentias
1806 4075 1978 4149 (Rom.
2002 4075 2089 4129 15.
2119 4074 2228 4143 Η).

683 4178 751 4236 Ut
792 4178 929 4233 enim
958 4176 1000 4230 si
1032 4176 1148 4245 quis
1176 4174 1323 4228 cibos
1348 4168 1646 4239 acceperit,
1686 4178 1740 4223 et
1770 4167 1821 4221 in
1850 4166 2084 4221 cloacam
2107 4177 2234 4234 pro-

677 4268 883 4340 jecerit,
911 4266 979 4320 ita
1024 4264 1183 4319 etiam
1211 4263 1299 4333 qui
1338 4263 1388 4315 in
1417 4269 1657 4315 ventrem
1703 4257 1931 4327 ingerit:
1974 4256 2080 4310 imo
2106 4268 2232 4309 vero

681 4372 785 4412 non
830 4356 897 4409 ita
921 4395 935 4419 ,
966 4354 1057 4409 sed
1095 4353 1251 4422 longe
1282 4351 1449 4421 pejus.
1481 4347 1610 4404 Nam
1647 4346 1734 4402 hic
1760 4344 1969 4416 quidem
1996 4346 2229 4399 cloacam

680 4446 801 4501 facit
827 4444 1023 4511 absque
1060 4444 1169 4497 suis
1200 4441 1352 4495 malis
1384 4457 1399 4504 ;
1441 4438 1547 4492 illic
1572 4445 1751 4491 autem
1777 4444 1831 4491 et
1858 4434 2072 4489 morbos
2104 4450 2231 4504 pro-

672 4545 820 4591 creat
839 4527 1407 4586 innumerabilemNam
1431 4525 1569 4595 quod
1594 4526 1758 4580 nutrit
1782 4535 1862 4580 est
1881 4525 1932 4580 id
1960 4526 2100 4596 quod
2118 4526 2232 4581 sui-

677 4629 808 4683 ttcit.
827 4621 965 4692 quod
989 4621 1147 4675 etiam
1172 4626 1344 4686 potest
1368 4616 1623 4684 concoqui
1652 4632 1667 4669 :
1698 4615 1838 4686 quod
1866 4626 2039 4671 autem
2058 4632 2230 4681 usum,

676 4723 894 4784 supcrat
912 4720 963 4767 et
978 4720 1056 4765 est
1076 4708 1192 4778 plus
1204 4720 1359 4778 quam
1384 4720 1477 4775 par
1494 4706 1579 4772 sit,
1600 4719 1702 4760 non
1730 4707 1896 4761 solum
1919 4722 2021 4762 non
2046 4709 2222 4773 nutrit,

760 4880 831 4938 (α)
852 4878 942 4927 ilic
963 4891 1155 4939 quoque
1178 4878 1333 4926 hiatus
1355 4886 1431 4927 est
1461 4879 1509 4927 ln
1530 4878 1803 4929 Colbertino
1824 4880 2017 4933 Codice.

1332 381 1389 435 S.
1426 377 1694 435 JOANNIS
1729 370 2188 431 CﬂitYSOSTObll
2226 369 2535 427 ARCHIEP.
2572 363 3083 425 CONSTANTINOP.

3788 354 3887 408 208

2321 478 2413 534 sed
2435 477 2641 547 cnrpori
2672 477 2828 530 etiam
2873 488 3063 528 noxam
3101 471 3272 528 all'ert.
3303 472 3372 527 At
3394 471 3571 526 nullus
3599 473 3719 526 haec
3744 471 3883 524 videt

2324 578 2536 639 propter
2562 567 2774 636 vulgare
2814 562 3176 635 praejudicium
3202 574 3256 619 et
3282 563 3711 635 intempestivam
3737 561 3887 615 volu-

2323 655 2637 729 ptatem.Vis
2650 670 2841 724 corpus
2866 653 3104 709 nutrire?
3119 662 3330 723 amputa
3361 652 3497 721 quod
3522 651 3800 715 redundat,
3817 648 3883 705 da

2322 748 2459 819 quod
2491 747 2702 812 suﬂicit,
2723 756 2775 801 et
2803 754 3055 816 quantum
3083 754 3257 814 potest
3280 745 3465 799 confici
3497 752 3550 798 et
3575 742 3832 811 concoqui
3866 761 3878 795 :

2324 841 2431 895 nnii
2462 841 2632 909 ipsum
2658 852 2884 908 gravare
2904 878 2920 903 ,
2958 852 3025 892 ne
3058 836 3272 891 obruas.
3313 836 3460 901 Quod
3491 834 3687 890 sui‘ticit
3722 841 3807 887 est
3833 843 3891 887 et

2323 934 2626 989 alimentum
2660 939 2716 986 et
2755 930 2995 999 voluptas
3025 945 3041 983 :
3070 928 3201 983 nihil
3238 929 3378 982 enim
3406 928 3537 982 adeo
3556 926 3716 983 eflicit
3738 924 3895 979 volun

2324 1033 2540 1094 ptatem,
2588 1033 2645 1077 ut
2675 1022 2823 1078 cibus
2854 1031 2997 1076 recte
3036 1019 3350 1077 confectus:
3384 1020 3511 1073 nihil
3548 1019 3682 1074 adeo
3719 1016 3890 1074 efﬁcit

2324 1114 2641 1176 satiimtem,
2686 1110 2816 1165 nihil
2864 1109 3000 1165 adeo
3038 1124 3257 1165 acumen
3301 1122 3575 1171 sensuum,
3623 1108 3753 1162 nihil
3804 1115 3891 1163 cst

2325 1202 2465 1272 quod
2494 1202 2735 1256 morbum
2767 1214 2915 1269 teque
2942 1199 3237 1269 propulset.
3266 1197 3405 1267 Ergo
3425 1197 3562 1267 quod
3585 1196 3783 1251 sufficit
3802 1204 3890 1251 est

2328 1300 2380 1346 et
2407 1292 2714 1346 alimentum
2751 1298 2804 1345 et
2832 1288 3073 1359 voluptas
3113 1298 3166 1343 et
3195 1290 3391 1343 sanitas
3423 1304 3438 1355 ;
3483 1288 3623 1359 quod
3651 1302 3780 1342 vero
3805 1295 3894 1346 est

2330 1383 2447 1452 plus
2491 1397 2647 1451 quam
2692 1397 2785 1450 par
2825 1380 2914 1445 sit,
2956 1388 3038 1435 est
3085 1389 3139 1434 et
3175 1378 3424 1434 damnum
3464 1387 3518 1435 et
3555 1378 3795 1437 molestia
3836 1387 3893 1434 et

2330 1474 2566 1526 morbus.
2599 1470 2727 1525 Nam
2758 1486 2874 1539 qua:
2913 1469 3035 1523 facit
3062 1468 3247 1533 fames,
3278 1468 3402 1523 facit
3424 1471 3583 1525 etiam
3612 1470 3887 1535 saturitas,

2328 1570 2483 1630 atque
2510 1558 2644 1614 adeo
2673 1560 2913 1628 graviora
2942 1576 2955 1611 :
2982 1574 3100 1613 nam
3128 1559 3216 1613 illa
3243 1559 3457 1628 quidem
3488 1561 3667 1629 paucis
3692 1560 3883 1615 diebus

2328 1648 2539 1703 abducit
2563 1658 2613 1702 et
2656 1647 2843 1703 liberat
2883 1647 3147 1702 hominem
3175 1664 3190 1712 ;
3225 1648 3336 1703 huic
3363 1664 3488 1703 vero
3508 1664 3700 1721 corpus
3728 1664 3891 1703 arro-

2329 1740 2459 1794 dcns
2486 1747 2540 1793 et
2568 1737 2920 1807 putrefaciens
2940 1778 2955 1801 ,
3000 1736 3158 1808 longo
3182 1737 3341 1792 tradit
3368 1738 3552 1793 morbo
3574 1780 3588 1804 ,
3617 1748 3668 1794 et
3694 1738 3894 1796 deinde

2331 1830 2485 1884 morti
2534 1828 2877 1898 gravissimae.
2920 1826 3029 1882 Nos
3073 1840 3245 1882 autem
3287 1826 3478 1883 famem
3519 1829 3731 1899 quidem
3772 1845 3893 1885 rem

2329 1922 2569 1976 ducimus
2592 1918 3026 1986 abominandam,
3055 1917 3119 1974 ad
3150 1919 3481 1974 saturitatem
3508 1935 3636 1975 vero
3670 1920 3891 1975 nimiam

2330 2012 2613 2068 currimus.
2636 2010 2785 2065 Unde
2807 2009 2893 2066 hic
2919 2009 3136 2065 morbus
3161 2009 3185 2063 ἶ
3211 2009 3350 2067 unde
3369 2010 3482 2065 bare
3508 2010 3750 2065 insania?
3774 2011 3892 2067 Non

2330 2102 2449 2156 dico
2481 2110 2538 2155 ut
2579 2115 2675 2155 nos
2704 2100 3025 2167 cruciemus,
3069 2098 3160 2155 sed
3206 2109 3263 2155 ut
3292 2108 3491 2154 tantum
3526 2101 3891 2167 comedamus,

2332 2205 2388 2249 ut
2412 2202 2467 2249 et
2496 2193 2813 2261 voluptatem
2856 2191 3047 2246 habeat
3085 2206 3203 2262 quae
3239 2206 3365 2247 vere
3401 2200 3483 2247 est
3524 2192 3766 2261 voluptas
3790 2234 3807 2259 ,
3839 2201 3897 2247 et

2332 2284 2497 2355 possit
2515 2296 2706 2351 corpus
2720 2281 2863 2336 alere
2884 2291 2936 2335 et
2962 2280 3186 2336 reddere
3214 2290 3393 2351 aptum
3416 2291 3471 2337 et
3489 2282 3890 2346 concinnatum,

2332 2382 2767 2443 compactumque
2807 2380 2955 2427 recte
2982 2380 3036 2425 et
3061 2373 3409 2441 compositum
3446 2371 3509 2426 ad
3538 2372 3729 2426 animm
3763 2386 3896 2441 ope-

2330 2464 2583 2518 rationes.
2608 2459 2828 2529 Quando
2846 2469 3024 2516 autem
3051 2460 3205 2517 fuerit
3234 2462 3452 2517 nimium
3474 2461 3526 2516 in
3555 2461 3605 2517 id
3626 2462 3893 2531 ingestum

2332 2553 2714 2609 nutrimentum
2739 2590 2755 2618 ,
2795 2566 2899 2606 non
2933 2558 3137 2621 potest,
3181 2561 3241 2607 ut
3286 2553 3357 2608 ita
3398 2551 3567 2607 dicam
3590 2592 3605 2616 ,
3635 2551 3818 2607 clavos
3844 2561 3899 2606 et

2355 2639 2662 2695 commissas
2682 2654 2965 2711 compages
2986 2642 3211 2697 retinere
3233 2652 3446 2712 prepter
3464 2640 3872 2697 redundantiam
3898 2662 3916 2699 :

2358 2731 2589 2801 ingressa
2632 2731 2825 2800 quippe
2862 2731 3211 2787 redundantia
3244 2741 3409 2787 totum
3445 2732 3686 2787 dissolvit
3728 2742 3784 2789 et
3809 2733 3918 2788 dif-

2357 2821 2545 2875 fundit.
2575 2820 2781 2888 Carnis,
2823 2823 3018 2893 inquit,
3065 2840 3235 2877 curam
3276 2840 3338 2877 ne
3372 2824 3587 2895 feceritis
3622 2826 3690 2877 ad
3728 2840 3919 2879 cancu-

2352 2911 2618 2980 piscentins
2644 2910 2815 2981 (Rom.
2843 2912 2927 2967 15.
2954 2911 3063 2985 Η).
3085 2911 3248 2968 Recte
3272 2913 3421 2977 dixit,
3448 2912 3527 2966 Ad
3546 2914 3914 2981 concupiscen-

2353 3001 2481 3066 tias;
2508 2999 2709 3056 deliciae
2733 3000 2874 3056 enim
2902 3012 3029 3058 sunt
3064 3002 3280 3057 materia
3307 3002 3571 3058 obscaenis
3600 3002 3914 3073 cupiditati-

2350 3090 2483 3157 bus;
2532 3091 2737 3147 etiamsi
2784 3091 2828 3146 is
2873 3092 2965 3163 qui
3014 3092 3251 3164 indulget
3296 3092 3499 3149 deliciis
3548 3093 3617 3148 sit
3669 3095 3914 3148 omnium

2352 3183 2578 3237 maxime
2607 3182 2969 3252 philosOphus,
2996 3199 3210 3239 necesse
3230 3193 3308 3240 est
3331 3192 3386 3239 ut
3404 3184 3686 3254 aliquando
3709 3184 3915 3239 allicia-

2350 3281 2435 3326 tur
2458 3288 2487 3327 a
2513 3274 2634 3327 vino
2661 3282 2715 3327 et
2752 3273 2914 3338 cibis,
2943 3289 3160 3329 necesse
3200 3283 3281 3330 est
3322 3283 3377 3329 ut
3417 3274 3770 3341 didundatur,
3813 3291 3914 3332 ne-

2346 3382 2493 3423 cesse
2520 3377 2603 3424 est
2626 3377 2683 3423 ut
2710 3370 2963 3437 majorem
2986 3368 3216 3438 perferat
3237 3367 3521 3423 ﬂammam.
3547 3368 3682 3424 Hinc
3701 3378 3910 3439 stupra,

2348 3458 2471 3513 hinc
2497 3458 2753 3513 adulteria
2777 3476 2791 3513 :
2825 3472 2929 3513 non
2958 3468 3130 3529 potest
3156 3460 3295 3513 enim
3318 3473 3549 3513 amorem
3572 3474 3761 3529 parere
3780 3474 3916 3515 ven-

2346 3557 2425 3601 ter
2464 3548 2735 3611 esuriens,
2783 3547 2888 3601 imo
2925 3561 3053 3603 vero
3096 3562 3197 3604 nec
3237 3548 3281 3603 is
3319 3548 3408 3618 qui
3452 3548 3617 3602 utitur
3655 3563 3721 3602 eo
3762 3548 3911 3619 quod

2343 3637 2570 3703 sufiicit;
2601 3638 2688 3708 qui
2716 3651 2844 3692 vero
2870 3638 3004 3707 parit
3032 3636 3309 3693 obscaenas
3339 3637 3637 3705 voluptates
3658 3677 3672 3700 ,
3704 3636 3793 3691 ille
3823 3647 3909 3691 est

2341 3726 2431 3795 qui
2462 3726 2695 3797 indulget
2718 3726 2941 3781 deliciis.
2964 3726 3030 3782 Et
3048 3728 3185 3781 sicut
3205 3735 3340 3781 terra
3366 3725 3516 3781 valde
3538 3724 3748 3780 humida
3774 3740 3909 3795 pro-

2338 3822 2485 3869 creat
2512 3824 2737 3875 vermes,
2769 3820 2821 3865 et
2848 3810 3003 3864 fimus
3025 3810 3113 3879 qui
3134 3810 3390 3866 madescit
3409 3819 3464 3865 et
3494 3812 3713 3865 multum
3745 3810 3913 3867 habet

2339 3903 2648 3967 humorem;
2675 3912 2857 3957 contra
2884 3911 3060 3954 autem
3086 3908 3225 3955 terra
3246 3915 3363 3969 qua:
3383 3909 3464 3955 est
3482 3899 3550 3955 ab
3571 3900 3660 3955 illo
3679 3898 3910 3957 humore

2339 3994 2503 4050 libera
2526 4034 2540 4057 ,
2572 3992 2673 4047 fert
2701 3990 2894 4046 multos
2932 3990 3168 4057 fructus,
3198 4005 3317 4046 cum
3356 3989 3485 4045 nihil
3530 3990 3720 4045 habeat
3760 3992 3909 4059 quod

2338 4083 2552 4139 modum
2587 4080 2852 4137 excedat:
2890 4094 3011 4135 nam
3054 4079 3263 4134 etiamsi
3294 4093 3398 4133 non
3444 4079 3671 4144 colatur,
3708 4078 3913 4136 emittit

2339 4173 2591 4239 herbam;
2622 4173 2703 4227 sin
2734 4181 2908 4228 autem
2932 4172 3157 4236 colatur,
3185 4170 3387 4225 fructus
3410 4188 3423 4223 :
3450 4171 3521 4226 ita
3549 4185 3645 4226 nos
3670 4185 3909 4241 qunque.

2336 4263 2412 4319 Ne
2442 4263 2600 4333 igitur
2623 4277 2836 4317 carnem
2865 4261 3149 4317 reddamus
3172 4260 3437 4323 inutilem,
3466 4275 3637 4331 neque
3662 4261 3905 4327 noxiam,

2338 4355 2430 4411 sed
2456 4354 2507 4410 in
2533 4370 2594 4409 ea
2620 4354 2917 4424 plantemus
2944 4353 3101 4408 utiles
3128 4352 3329 4409 fructus
3356 4362 3412 4409 et
3436 4352 3656 4409 arbores
3681 4352 3908 4423 frugife-

2339 4461 2442 4504 ras.
2473 4454 2525 4499 et
2553 4458 2801 4499 curemus
2825 4458 2891 4498 ne
2913 4458 3003 4499 eas
3026 4442 3377 4498 dissolvamus
3400 4443 3640 4498 deliciis:
3670 4459 3786 4498 nam
3816 4443 3910 4501 ba:

2338 4534 2643 4605 putrefacta
2671 4548 2878 4589 vermes
2904 4548 3000 4602 pro
3035 4533 3290 4588 fructibus
3330 4535 3594 4588 emittunt.
3620 4532 3693 4589 Ita
3735 4534 3904 4592 etiam

2340 4627 2513 4679 innata
2542 4624 2819 4693 cupiditas,
2840 4624 2883 4677 si
2908 4638 3025 4677 eam
3054 4621 3424 4688 madefeceris,
3453 4634 3694 4692 procreat
3716 4632 3907 4693 turpes

2338 4716 2648 4783 voluptates,
2679 4714 2785 4768 imo
2809 4712 3159 4783 turpissimas.
3184 4712 3330 4767 lianc
3356 4713 3530 4782 itaque
3551 4711 3692 4767 luem
3719 4714 3905 4768 omni-

2337 4805 2494 4860 modo
2532 4803 2863 4867 auferamus,
2893 4812 2951 4856 ut
2991 4802 3255 4873 possimus
3295 4802 3431 4856 bona
3475 4802 3732 4873 promissa
3760 4817 3906 4861 eon-

2335 4894 2507 4963 sequi,
2535 4894 2588 4947 in
2610 4893 2819 4947 Christo
2847 4890 2973 4947 Jesu
3005 4891 3227 4947 Domino
3250 4902 3452 4957 nostro,
3477 4903 3579 4947 etc.

2024 5055 2358 5119 HOMIIJA
2414 5055 2626 5118 XXX.

688 5174 812 5230 Car.
836 5176 922 5230 l2.
947 5192 996 5230 ν.
1032 5177 1114 5231 il.
1137 5176 1310 5232 Omnis
1327 5186 1489 5231 autem
1510 5176 1775 5245 disciplina
1802 5176 1852 5229 in
1883 5177 2113 5246 presenti
2127 5176 2239 5243 qni-

758 5268 869 5319 dan
900 5267 1089 5319 videtur
1114 5283 1213 5321 non
1240 5284 1342 5321 esse
1369 5268 1558 5336 gaudii,
1571 5268 1657 5321 sed
1679 5268 1900 5321 maeroris
1917 5282 1936 5328 ;
1956 5276 2123 5335 postea
2143 5282 2240 5319 an-

2345 5168 2609 5239 quoddam
2652 5166 2825 5220 ierunt
2851 5162 3064 5219 tzedium
3098 5170 3153 5216 et
3190 5158 3513 5222 molestiam,
3546 5163 3599 5211 et
3628 5162 3751 5208 tunc
3775 5164 3910 5205 sen-

2348 5263 2483 5314 tiunt
2509 5259 2805 5311 utilitatem.
2834 5254 2978 5309 Talis
2998 5254 3139 5309 enim
3169 5265 3254 5305 res
3280 5258 3362 5303 est
3388 5248 3585 5310 virtus,
3612 5253 3666 5299 et
3691 5244 3793 5297 tale
3818 5243 3910 5295 vi-

740 5365 855 5415 ,tem
884 5358 1097 5425 fructum
1128 5335 1497 5425 pacatissimam
1527 5358 1802 5409 exercitatis
1829 5372 1917 5424 per
1936 5372 2043 5408 eam
2072 5356 2244 5409 reddet
2351 5352 2478 5405 tium
2503 5366 2517 5403 :
2543 5350 2706 5418 prima
2731 5345 2939 5417 quidem
2964 5346 3068 5399 illic
3087 5351 3169 5399 est
3187 5342 3450 5410 voluptas,
3477 5335 3671 5393 deinde
3690 5335 3912 5406 a-gritu-

755 5450 987 5520 justitt'tz.
1022 5447 1108 5504 η.
1143 5447 1361 5517 Propter
1393 5448 1523 5517 quod
1549 5428 1779 5503 remissas
1806 5464 1981 5501 manus
2010 5457 2055 5501 et
2079 5447 2243 5500 soluta
2347 5442 2451 5505 do;
2486 5441 2571 5495 hic
2598 5454 2725 5495 vero
2756 5439 2978 5508 primum
3004 5434 3281 5506 agritudo,
3301 5442 3496 5489 ettunc
3521 5431 3781 5520 voluptas.
3799 5426 3913 5484 Sed

762 5554 924 5607 genua
948 5539 1118 5606 erigite
1144 5554 1164 5592 :
1194 5537 1276 5592 l3.
1300 5548 1347 5591 et
1362 5554 1555 5609 gressus
1579 5547 1734 5592 rectos
1762 5537 1911 5604 facite
1942 5536 2144 5607 pedibus
2162 5551 2245 5589 ae-

764 5628 901 5691 stris,
920 5636 971 5680 ut
988 5644 1085 5681 non
1098 5626 1386 5683 claudicans
1402 5627 1510 5697 quis
1526 5627 1832 5697 erret,magis
1848 5636 2010 5679 autem
2022 5634 2240 5679 sanetur.

767 5721 815 5773 Ι.
847 5719 944 5783 Qui
975 5732 1146 5775 amara
1175 5716 1356 5773 bibttnt
1397 5718 1775 5774 medicamenta
1796 5760 1809 5783 ,
1854 5718 1995 5787 prius
2033 5716 2242 5787 quidem

2350 5533 2566 5587 minime
2600 5539 2722 5585 sunt
2754 5528 2897 5599 paria
2922 5544 2935 5582 :
2962 5542 3069 5582 non
3098 5535 3179 5582 est
3202 5526 3343 5581 enim
3373 5537 3485 5593 par.
3514 5536 3633 5576 cum
3663 5518 3914 5574 molestia

2352 5623 2498 5692 prius
2518 5620 2734 5677 affectus
2756 5619 2937 5686 lueris,
2958 5628 3137 5689 postea
3155 5614 3318 5671 lauari
3339 5629 3355 5678 ;
3377 5622 3431 5666 et
3456 5627 3575 5692 cum
3591 5610 3739 5692 prius
3759 5609 3914 5692 bula-

2353 5684 2434 5768 ius
2447 5710 2629 5777 fueris,
2647 5718 2821 5778 postea
2836 5684 3080 5760 molestia
3100 5692 3535 5763 allici.Quomodo
3548 5691 3572 5744 τ
3586 5690 3681 5748 llic
3700 5684 3915 5759 quidem
