4094 6426
230 370 342 425 209

236 476 571 548 exspectatio
614 475 815 531 futura:
852 476 1081 531 tristitim
1127 486 1440 545 pnusctttem
1469 478 1659 533 minuit
1690 476 1841 531 volu-

241 578 471 640 ptatem;
490 566 608 623 illic
623 574 805 621 autem
829 568 1156 637 exspectatio
1181 565 1367 620 futurm
1390 568 1586 623 ltetitiac
1606 566 1841 623 detrahit

242 662 311 717 de
330 660 670 716 vehementia
694 658 890 729 prioris
914 658 1075 713 animi
1096 658 1423 729 :egritudinis
1446 676 1461 713 :
1482 658 1614 712 adeo
1638 668 1693 712 ut
1713 672 1843 713 con-

244 753 416 821 tingat
441 750 552 804 illie
573 748 792 819 quidem
822 763 1107 817 numquam
1145 748 1334 814 trctari,
1368 748 1451 804 hic
1479 758 1655 805 autem
1686 764 1841 803 nurn-

242 856 407 912 quam
429 840 646 894 tristitia
668 838 835 893 affici.
852 838 966 893 Non
988 839 1158 894 solum
1175 848 1353 894 autem
1380 839 1481 895 hac
1500 840 1730 907 ratione,
1745 839 1839 895 sed

244 933 413 986 etiam
433 931 537 986 alia
562 941 649 986 est
673 928 996 984 differentia.
1015 929 1331 995 Quomodo?
1357 929 1560 1000 Nempe
1580 930 1720 1000 quod
1749 945 1842 986 ne-

244 1038 361 1093 que
379 1022 524 1092 paria
541 1031 668 1076 sunt
690 1029 953 1090 tempora,
968 1020 1060 1075 sed
1086 1021 1240 1092 longe
1258 1022 1458 1091 majora
1482 1031 1536 1076 et
1559 1022 1837 1091 ampliora.

249 1112 356 1166 llic
381 1120 562 1165 autem
585 1117 670 1165 est
690 1110 851 1166 etiam
887 1109 1086 1179 aliquid
1107 1109 1332 1179 amplius
1359 1111 1411 1164 in
1454 1110 1838 1180 spiritualibus.

248 1204 341 1259 Ab
358 1204 463 1258 hoc
484 1216 614 1273 ergo
633 1200 828 1258 Paulus
844 1206 1067 1256 conatur
1092 1201 1513 1257 consolationem
1540 1201 1732 1256 atl'erre
1751 1217 1765 1265 ;
1786 1210 1838 1257 et

249 1306 550 1348 commune
576 1306 768 1347 rursus
792 1292 1017 1346 assumit
1037 1290 1321 1360 judicium,
1348 1290 1433 1344 cui
1460 1290 1638 1345 nullus
1668 1300 1841 1359 potest

249 1385 533 1447 resistere,
549 1396 724 1452 neque
745 1397 864 1437 cum
876 1382 1142 1438 communi
1160 1397 1393 1452 pugnare
1404 1382 1689 1437 sententia.
1708 1380 1839 1436 Nam

251 1490 386 1529 cum
414 1475 615 1530 dixerit
634 1473 756 1544 quis
778 1472 831 1527 id
856 1472 923 1528 de
944 1487 1050 1542 quo
1077 1480 1289 1528 constat
1316 1472 1455 1543 apud
1478 1487 1687 1539 omnes,
1712 1486 1841 1529 con-

252 1577 505 1633 sentiunt
523 1585 730 1631 omnes.
751 1580 805 1622 et
820 1583 977 1622 nemo
990 1562 1335 1618 contradicct.
1356 1562 1608 1622 Mmretis,
1634 1560 1831 1626 iltqml:

256 1665 367 1722 hoc
396 1661 689 1719 secundum
715 1659 976 1715 rationem
1005 1664 1087 1711 est
1110 1672 1122 1706 :
1150 1653 1274 1708 talis
1300 1652 1441 1706 enim
1464 1656 1654 1704 resest
1675 1647 1837 1701 disci-

259 1755 431 1826 plina,
460 1755 567 1809 tale
594 1751 751 1805 habet
775 1746 1112 1819 principium.
1144 1743 1269 1798 Ideo
1297 1743 1376 1796 sic
1402 1740 1580 1794 intulit
1609 1756 1622 1793 :
1659 1736 1836 1791 Omnis

252 1854 441 1899 autem
467 1841 736 1911 disciplina
780 1839 834 1892 in
871 1834 1107 1907 prasenti
1142 1833 1341 1904 quidem
1376 1830 1567 1884 videtur
1601 1843 1701 1880 non
1730 1841 1837 1880 esse

254 1934 474 2006 gaudii,
507 1931 598 1986 sed
634 1929 878 1984 rumoris.
910 1926 1073 1981 Recte
1102 1923 1268 1987 dixit,
1304 1921 1422 1974 Non
1465 1919 1699 1973 videtur:
1731 1930 1833 1969 non

254 2022 405 2079 enim
437 2025 523 2075 est
563 2017 839 2087 disciplina
885 2014 1165 2078 maeroris,
1209 2010 1303 2065 sed
1342 2018 1543 2063 tantum
1582 2008 1831 2063 videtur:

258 2121 375 2161 non
397 2106 511 2160 hac
532 2104 750 2176 quidem
768 2103 1001 2167 videtur,
1021 2104 1110 2157 illa
1141 2117 1271 2165 non,
1294 2100 1385 2157 sed
1406 2098 1584 2155 omnis
1609 2115 1623 2151 :
1653 2096 1838 2151 Omnis

258 2195 410 2251 enim
438 2196 719 2265 disciplina
748 2211 851 2249 non
877 2193 1082 2249 videtur
1117 2208 1231 2247 esse
1277 2190 1489 2260 gaudii,
1532 2189 1624 2243 sed
1654 2201 1839 2242 tmth-

259 2288 372 2349 ris;
400 2287 452 2342 id
486 2294 591 2351 est,
611 2294 666 2341 et
696 2285 929 2341 humana
954 2294 1007 2341 et
1030 2283 1347 2355 spiritualis.
1376 2280 1540 2335 Vides
1564 2294 1687 2334 eum
1711 2294 1841 2333 con-

260 2378 486 2433 tendere
504 2393 571 2432 ex
593 2376 973 2432 communibus
1004 2373 1355 2429 nationibus?
1387 2370 1836 2439 Videtur,inquit,

258 2486 375 2524 esss
421 2470 662 2524 mceroris
696 2485 717 2523 :
753 2469 935 2538 itaque
983 2481 1091 2522 non
1128 2474 1229 2521 est.
1269 2462 1403 2530 Quis
1449 2463 1592 2518 enim
1636 2474 1841 2515 maeror

260 2559 406 2629 parit
448 2559 741 2629 gaudium?
785 2557 974 2613 Nullus
1018 2575 1033 2613 :
1076 2558 1216 2613 sicut
1263 2570 1361 2611 nec
1397 2555 1649 2625 voluptas
1695 2552 1839 2623 parit

258 2648 432 2702 animi
469 2647 840 2717 egritudinetn
871 2655 925 2702 et
951 2647 1224 2701 tristitiam
1246 2643 1343 2715 (a).
1570 2726 1573 2729 Ἰ

336 2736 632 2805 Disciplina:
646 2734 797 2787 bona.
810 2762 879 2774 ——
894 2731 1077 2786 Postea
1093 2742 1256 2786 autem
1275 2736 1470 2803 [ructus
1490 2733 1837 2801 paratissimos

257 2825 427 2879 reddit
468 2826 529 2877 iis
555 2824 642 2891 qui
671 2839 760 2891 per
787 2822 951 2891 ipsam
990 2830 1105 2875 sunt
1146 2820 1405 2874 exercitati
1434 2822 1671 2893 justitite.
1716 2821 1833 2876 Non

258 2914 522 2976 fructum,
570 2912 664 2966 sed
710 2910 909 2965 fructus
935 2910 1104 2974 dixit,
1147 2925 1390 2979 magnam
1437 2912 1831 2967 multitudinem

256 3002 585 3072 significans.
620 2999 724 3053 Per
750 3000 913 3069 ipsam
954 2999 1269 3061 exercitatis,
1301 2999 1500 3069 inquit;
1536 2999 1586 3054 id
1614 3009 1697 3055 est
1719 3041 1734 3064 ,
1765 3002 1833 3057 iis

254 3094 347 3163 qui
377 3092 539 3161 longo
569 3100 805 3159 tempore
831 3090 1200 3142 sustinuerunt
1242 3096 1297 3142 et
1322 3088 1637 3145 tolerarunt.
1672 3090 1832 3146 Vides

255 3194 316 3238 ut
352 3184 513 3237 etiam
561 3183 701 3236 bono
730 3180 893 3234 verbo
932 3189 1015 3234 est
1064 3180 1229 3234 usus?
1271 3180 1555 3250 Disciplina
1582 3198 1707 3251 ergo
1749 3193 1831 3239 est

253 3275 595 3336 exercitatio,
632 3271 821 3326 fortem
844 3270 1071 3325 reddens
1101 3271 1353 3324 athletam
1376 3312 1389 3335 ,
1420 3281 1475 3327 et
1500 3273 1749 3327 invictum
1775 3275 1829 3328 in

254 3364 667 3429 certaminibus,
701 3372 754 3417 et
792 3360 845 3416 in
888 3363 1041 3417 bellis
1087 3362 1569 3432 inexpugnabilem.
1617 3365 1672 3420 Si
1702 3380 1830 3436 ergo

254 3456 432 3510 omnis
470 3453 749 3523 disciplina
796 3461 879 3507 est
923 3453 1076 3518 talis,
1127 3453 1241 3508 hcce
1287 3469 1496 3524 quoque
1542 3457 1642 3510 erit
1690 3459 1826 3514 talis.

254 3546 615 3615 Quamobrem
644 3546 782 3599 bona
805 3554 927 3599 sunt
954 3545 1331 3613 exspectanda,
1355 3555 1407 3600 et
1424 3547 1689 3615 jucundus
1710 3549 1829 3606 ﬁnis

254 3654 318 3693 ac
350 3645 591 3707 pacatus.
625 3636 735 3691 Nec
764 3637 972 3690 mireris
1001 3636 1043 3689 si
1074 3651 1193 3690 cum
1223 3637 1291 3690 sit
1316 3636 1467 3702 dura,
1500 3638 1702 3693 fructus
1728 3640 1828 3696 ha-

254 3731 379 3785 beat
406 3729 592 3783 dulces
618 3745 631 3779 :
665 3742 784 3781 nam
813 3728 970 3782 etiam
1002 3728 1054 3780 in
1100 3728 1377 3783 arboribus
1405 3740 1585 3785 cortex
1612 3733 1826 3801 quidem

252 3829 337 3876 est
368 3836 536 3890 prope
568 3820 741 3875 omnis
779 3833 969 3887 expers
994 3820 1265 3888 qualitatis
1308 3831 1361 3876 et
1401 3837 1577 3893 asper,
1622 3824 1827 3883 fructus

251 3924 434 3964 autem
457 3919 583 3964 sunt
616 3909 822 3966 dulces.
852 3909 956 3963 Sed
988 3910 1087 3963 hoc
1111 3912 1317 3980 accepit
1341 3926 1405 3966 ex
1430 3916 1696 3968 communi
1731 3932 1827 3971 no-

257 4002 423 4055 tione.
452 4000 508 4054 Si
538 4007 747 4068 oportet
775 4013 902 4068 ergo
930 4000 1049 4053 talia
1080 4010 1412 4067 exSpectare,
1441 4004 1563 4071 quid
1592 4004 1826 4062 doletis?

251 4105 349 4143 cur
371 4105 495 4143 cum
522 4088 742 4142 molesta
770 4090 1149 4153 sustinueritis,
1180 4089 1231 4143 in
1264 4090 1414 4144 benis
1440 4092 1629 4161 ignavo
1657 4104 1710 4149 et
1737 4113 1825 4152 re-

255 4179 421 4233 misso
448 4179 632 4233 animo
657 4179 818 4233 estis?
866 4178 1155 4247 lnjucunda
1180 4222 1197 4247 ,
1242 4196 1359 4250 quae
1388 4194 1543 4238 erant
1570 4186 1783 4243 ferenda
1806 4231 1821 4259 ,

257 4262 589 4315 sustinuistis
615 4279 631 4315 :
663 4280 728 4318 ne
756 4266 925 4334 ignavi
954 4283 1082 4337 ergo
1109 4280 1161 4323 et
1191 4274 1395 4326 remissi
1439 4276 1554 4329 sitis
1585 4283 1723 4334 circa
1754 4300 1837 4337 re-

259 4353 705 4405 munerationem.
737 4353 956 4420 Propter
982 4358 1117 4425 quod
1142 4363 1373 4414 remissas
1402 4380 1579 4419 manus
1602 4379 1647 4421 et
1673 4388 1835 4438 genua

256 4439 446 4491 debilia
472 4442 669 4510 erigite,
702 4456 749 4495 et
776 4462 974 4514 gressus
1001 4456 1161 4501 rectos
1196 4450 1347 4517 facile
1386 4453 1592 4522 pedibus
1622 4463 1792 4513 reatris
1816 4502 1831 4525 ,

255 4538 311 4579 ut
336 4544 436 4581 non
466 4530 761 4585 claudicans
786 4534 896 4601 quis
922 4545 1071 4598 erret,
1103 4539 1264 4607 magis
1288 4551 1452 4593 autem
1483 4556 1701 4599 sanetur.
1732 4549 1834 4605 Eos

259 4629 530 4686 tamquam
559 4636 805 4677 cursores
831 4624 1119 4693 alloquitur
1145 4636 1198 4681 et
1225 4631 1424 4697 pugiles
1452 4643 1504 4687 et
1530 4635 1831 4694 bellatores.

263 4705 420 4763 Vides
436 4711 704 4778 quomodo
725 4728 817 4767 eos
839 4725 1027 4781 armet,
1047 4718 1311 4785 quomodo
1328 4735 1419 4775 eos
1437 4725 1629 4778 excitet
1649 4728 1669 4780 ?
1686 4728 1835 4781 (Iros-

255 4816 361 4864 sus,
390 4801 591 4869 inquit,
619 4812 774 4855 rectos
801 4805 987 4872 facile;
1018 4807 1066 4860 id
1097 4818 1195 4873 est,
1229 4821 1373 4865 recte
1403 4815 1689 4871 ambulate.
1738 4821 1831 4874 llic

257 4886 385 4940 dicit
411 4889 479 4941 de
508 4890 632 4957 ipsis
654 4892 1059 4959 cogitationibus
1083 4915 1094 4949 :
1122 4907 1264 4954 recte
1286 4903 1570 4970 ambulate,
1604 4908 1701 4962 hoc
1725 4922 1826 4977 est,

260 4991 364 5029 non
394 4977 716 5034 dubitantes.
752 4982 804 5035 Si
833 4984 973 5037 enim
1006 4986 1279 5056 disciplina
1305 5001 1387 5045 est
1425 5008 1486 5047 ex
1514 4999 1751 5065 caritate,
1787 5004 1829 5055 si

260 5066 440 5133 incipit
462 5084 489 5121 a
517 5082 665 5135 cura,
688 5073 730 5124 si
755 5072 944 5125 desinit
976 5075 1023 5128 in
1053 5076 1248 5131 bonum
1278 5074 1435 5134 fl'hem
1461 5102 1471 5135 :
1496 5085 1593 5140 hoc
1619 5091 1829 5147 enimet

263 5169 351 5220 per
367 5171 471 5222 res,
493 5168 542 5211 et
563 5175 654 5226 per
676 5162 856 5225 verba,
878 5174 929 5216 et
953 5179 1044 5231 per
1068 5168 1243 5220 omnia
1262 5173 1527 5228 ostendit:
1548 5190 1639 5229 cur
1658 5179 1828 5245 ignavi

260 5246 383 5299 estis
409 5258 462 5300 et
488 5250 695 5302 remissi
719 5251 742 5303 ‘3
771 5252 899 5305 tales
918 5257 1054 5306 enim
1085 5267 1209 5310 sunt
1230 5260 1315 5327 qui
1348 5264 1578 5317 animum
1602 5266 1829 5337 despon-

261 5335 460 5404 derant,
485 5341 572 5408 qui
606 5357 674 5395 ne
713 5341 1007 5396 futurorum
1040 5347 1251 5414 quidem
1284 5365 1377 5419 spe
1426 5335 1824 5416 confirmantur.

262 5421 419 5493 Recte,
450 5430 637 5501 inquit,
687 5430 942 5484 ambulate
967 5450 985 5486 :
1017 5444 1071 5488 ut
1117 5452 1219 5490 non
1261 5442 1573 5498 extendatur
1629 5449 1826 5505 claudi-

257 5520 407 5586 catio,
434 5524 529 5580 sed
566 5531 814 5577 mutetur
860 5524 923 5576 ad
952 5527 1162 5592 priora:
1195 5544 1313 5583 nam
1358 5534 1444 5599 qui
1499 5538 1661 5593 currit
1706 5556 1823 5597 cmn

294 5741 359 5807 (π)
396 5740 488 5791 mc
516 5742 738 5799 prorsus
764 5726 927 5778 deﬁcit
953 5730 1145 5783 humilia
1169 5736 1416 5797 trigesima
1443 5744 1488 5790 in
1510 5741 1641 5793 Coll).

1036 368 1099 425 ΙΝ
1138 369 1352 427 EPlST.
1395 372 1484 443 AD
1526 372 1888 432 llEBR/EOS.
1930 376 2085 434 CAP.
2129 378 2241 436 ΧΗ.
2286 378 2520 438 HOMIL.
2565 381 2738 440 XXX.

3402 387 3512 452 2l0

1918 482 2327 549 claudicatione,
2358 484 2554 538 tnalum
2582 485 2805 539 invehit.
2838 484 2997 540 Vides
3052 489 3193 557 quod
3225 488 3277 543 in
3318 502 3503 548 nostra

1918 572 1989 627 sit
2017 581 2280 643 potestate
2321 581 2381 628 ut
2418 576 2708 628 curetnur‘l
2734 574 2820 629 Η.
2868 573 3054 630 Pacem
3092 580 3357 646 sequimini
3384 598 3500 635 cum

1919 665 2147 717 omnibus
2172 674 2218 717 et
2243 664 2650 729 sanctimoniam,
2675 665 2782 718 sine
2811 680 2910 735 qua
2940 681 3085 720 nemo
3105 667 3285 721 videbit
3316 668 3498 724 Domi-

1918 770 2059 807 num.
2085 752 2234 820 Quod
2262 752 2472 808 dicebat
2490 754 2736 822 superius
2762 772 2777 808 :
2806 752 2926 807 Non
2943 754 3223 810 deserentes
3244 757 3500 813 collectio-

1919 860 2029 898 ucm
2050 859 2138 897 seu
2153 846 2587 915 congregationem
2604 854 2826 898 nostram
2844 843 3028 915 (llebr.
3054 846 3141 901 10.
3156 847 3271 917 25),
3296 849 3395 905 ltoc
3412 850 3499 906 hic

1918 947 2128 1003 quoque
2158 933 2313 987 tacite
2339 933 2619 1002 significat.
2639 933 2777 989 Nihil
2800 934 2941 989 enim
2966 935 3031 989 ad
3059 940 3415 1006 superandum
3444 952 3499 998 et

1917 1024 2327 1095 expugnandum
2358 1032 2462 1078 tam
2492 1024 2669 1079 faciles
2700 1024 2825 1078 facit
2851 1025 2903 1078 in
2932 1028 3309 1084 tentatiouibus
3336 1046 3497 1100 quam

1917 1129 2035 1171 esse
2060 1115 2314 1171 divulsos’.
2348 1116 2413 1170 Et
2442 1116 2563 1169 vide
2588 1115 2856 1185 quomodo
2888 1133 2902 1168 :
2930 1116 3203 1187 disrumpe
3241 1122 3409 1175 aciem
3442 1125 3494 1178 in

1918 1206 2093 1271 bello;
2115 1215 2170 1261 et
2189 1222 2255 1260 ne
2272 1207 2453 1262 labore
2466 1205 2680 1276 quidem
2701 1222 2836 1274 opus
2861 1206 3127 1265 habebunt
3152 1210 3378 1277 inimici,
3402 1215 3498 1268 sed

1916 1310 2010 1350 eos
2035 1296 2240 1351 vinctos
2270 1296 2485 1365 capient
2506 1296 2791 1364 separatim
2818 1297 3083 1364 inventos,
3114 1310 3169 1353 et
3194 1314 3255 1354 ea
3290 1303 3501 1359 ratione

1919 1387 2312 1443 imbecilliores.
2342 1385 2552 1453 Pacem,
2579 1388 2769 1456 inquit,
2797 1385 3063 1457 sequimini
3091 1406 3206 1443 cum
3233 1395 3494 1451 omnibus.

1918 1477 2056 1548 Ergo
2093 1478 2253 1531 etiam
2283 1492 2407 1531 cum
2433 1478 2497 1531 iis
2519 1477 2607 1546 qui
2642 1478 2779 1532 male
2819 1486 3004 1547 agunt.
3050 1478 3161 1535 Hoc
3186 1482 3348 1537 etiam
3374 1483 3501 1541 alibi

1921 1568 2087 1623 dicit:
2113 1568 2175 1623 Si
2217 1568 2329 1635 ﬁeri
2359 1577 2549 1636 potest,
2575 1568 2710 1637 quod
2736 1568 2791 1620 in
2833 1568 2976 1623 vobis
3005 1579 3097 1633 est,
3128 1587 3243 1625 cum
3271 1576 3502 1631 omnibus

1916 1660 2202 1713 hominibus
2231 1675 2403 1729 pacem
2435 1659 2671 1711 habentes
2704 1657 2876 1723 (Rom.
2900 1659 2985 1713 i2.
3014 1659 3127 1731 l8).
3156 1662 3308 1729 Quod
3333 1666 3398 1720 ad
3425 1676 3499 1734 te,

1916 1749 2329 1817 iuquit,attiuet,
2350 1763 2531 1817 pacem
2550 1763 2670 1818 age,
2700 1748 2949 1817 pietatem
2978 1750 3112 1807 nihil
3138 1753 3372 1820 ltcdcns,
3402 1759 3499 1813 sed

1919 1839 1971 1893 in
2002 1839 2082 1894 eis
2110 1855 2230 1909 quae
2252 1840 2450 1909 pateris
2473 1854 2536 1895 ea
2564 1842 2641 1893 fer
2667 1838 2788 1893 forti
2818 1847 2872 1894 et
2900 1856 3160 1911 generoso
3179 1846 3378 1903 animo.
3408 1850 3502 1904 Est

1912 1929 2055 1984 enim
2078 1928 2334 1984 malorum
2355 1929 2651 1987 tolerantia.
2668 1945 2853 1999 magna
2870 1933 3101 1996 arma,in
3122 1937 3501 1995 tentatiouibus

1942 2036 2186 2088 magnum
2240 2024 2561 2093 pnesidium.
2595 2026 2687 2081 Sic
2736 2028 2898 2083 etiam
2946 2029 3192 2084 Christus
3219 2030 3513 2098 discipulos

1939 2124 2063 2164 suos
2092 2114 2255 2167 fortes
2278 2112 2523 2181 faciebat,
2550 2114 2769 2172 dicens:
2800 2118 2933 2172 Ecce
2962 2119 3103 2174 mitto
3131 2136 3219 2174 vos
3254 2130 3515 2190 tamquam

1938 2218 2049 2280 oves
2092 2204 2143 2257 in
2181 2204 2343 2258 media
2388 2206 2621 2272 luporum
2664 2225 2687 2263 :
2723 2218 2877 2264 estote
2908 2226 3026 2281 ergo
3067 2210 3338 2279 prudentes
3382 2211 3514 2265 sicut

1937 2303 2206 2361 serpentes,
2229 2304 2275 2349 et
2290 2295 2543 2362 simplices
2571 2299 2701 2352 sicut
2728 2300 2969 2355 columba
3004 2302 3022 2370 (
3048 2300 3236 2355 Matth.
3260 2301 3346 2356 £0.
3379 2303 3446 2357 lli
3468 2303 3509 2371 ).

1936 2381 2070 2450 Quid
2117 2384 2287 2448 dicis,
2345 2385 2399 2441 in
2454 2387 2633 2443 medio
2683 2390 2929 2459 luporum
2984 2407 3207 2454 sumus,
3265 2401 3320 2445 et
3372 2393 3515 2447 sicut

1936 2487 2061 2525 oves
2097 2488 2195 2529 nos
2233 2490 2351 2529 esse
2390 2476 2568 2546 jubes,
2608 2489 2661 2533 et
2708 2480 2846 2535 sicut
2888 2481 3209 2537 columbas?
3256 2481 3507 2548 laxiore,

1938 2562 2126 2633 inquit,
2182 2581 2302 2620 nam
2346 2584 2464 2621 emn
2493 2570 2581 2635 qui
2615 2572 2753 2627 male
2783 2571 2941 2638 facit,
2971 2573 3102 2628 nihil
3138 2573 3275 2629 adeo
3307 2574 3510 2643 pudore

1934 2650 2096 2706 afficit
2116 2692 2131 2717 ,
2164 2661 2219 2707 ut
2249 2657 2461 2724 quando
2509 2672 2605 2713 nos
2650 2659 2853 2714 fortiter
2880 2658 3114 2716 feramus
3140 2677 3202 2717 ea
3229 2678 3349 2732 qua:
3379 2662 3511 2717 infe-

1935 2750 2154 2810 runtur,
2184 2754 2235 2798 et
2264 2760 2435 2814 neque
2467 2748 2630 2803 verbo
2653 2764 2827 2820 neque
2852 2749 2995 2806 facto
3023 2766 3124 2808 nos
3153 2752 3499 2807 ulciscamur.

1934 2831 2046 2887 lloc
2092 2843 2144 2889 et
2187 2850 2285 2891 nos
2312 2838 2485 2892 reddit
2528 2841 2696 2909 magis
2743 2841 3125 2911 philosophos.
3157 2854 3213 2899 et
3242 2843 3503 2912 majorem

1931 2926 2179 2981 conciliat
2205 2931 2526 2998 mercedem,
2560 2942 2615 2987 et
2662 2933 2783 2988 illos
2808 2935 2978 3004 juvat.
3004 2938 3074 2991 At
3101 2937 3189 2992 hic
3220 2938 3301 2992 vel
3334 2937 3425 2993 ille
3454 2948 3509 2994 te

1931 3016 2107 3071 ali’ecit
2135 3022 2502 3077 contumelia?
2544 3032 2596 3078 tu
2628 3040 2755 3081 vero
2798 3042 2919 3082 eum
2956 3028 3111 3084 bonis
3157 3045 3505 3099 prosequere.

1938 3105 2066 3163 Vide
2102 3125 2259 3179 quam
2305 3115 2469 3168 multa
2514 3130 2578 3170 ex
2630 3132 2694 3171 eo
2735 3119 2808 3173 sis
2855 3119 3270 3176 lucrifaeturus:
3301 3122 3504 3177 malum

1929 3200 2227 3254 exstinxisti
2248 3244 2263 3267 ,
2295 3206 2593 3260 mercedem
2628 3207 2718 3260 tihi
2749 3209 3064 3276 conciliasti,
3104 3211 3252 3265 illum
3301 3211 3505 3281 pudore

1929 3287 2171 3355 all'eeisti,
2204 3291 2335 3345 nihil
2378 3309 2438 3348 es
2468 3310 2656 3363 passus
2679 3314 2858 3367 grave.
2886 3298 3071 3353 Pacem
3092 3302 3357 3372 sequimini
3380 3319 3498 3356 cum

1928 3378 2156 3433 omnibus
2196 3390 2242 3433 et
2286 3385 2692 3439 sanctimoniam.
2726 3388 3130 3443 Sanctimoniam
3173 3392 3299 3461 quid
3329 3393 3501 3448 dicit?

1928 3467 2377 3539 Temperantiam,
2404 3476 2733 3532 honestatem
2753 3480 2804 3534 in
2828 3483 3187 3538 matrimonio.
3212 3484 3336 3539 Sive
3357 3487 3507 3554 quis-

1930 3557 2088 3625 piam,
2120 3560 2309 3630 inquit,
2336 3580 2438 3619 non
2466 3567 2534 3620 sit
2557 3568 2775 3637 junctus
2795 3573 3153 3639 matrimonio,
3178 3586 3357 3631 castus
3384 3594 3505 3632 ma.

1928 3659 2068 3715 neat,
2103 3668 2320 3709 uxorem
2362 3656 2517 3711 ducat
2562 3676 2575 3711 :
2624 3662 2735 3715 sive
2774 3663 2844 3717 sit
2880 3664 3095 3731 junctus
3138 3670 3500 3735 matrimonio,

1928 3754 2033 3793 non
2064 3751 2333 3798 scortetur
2359 3786 2374 3812 ,
2407 3746 2499 3801 sed
2537 3763 2705 3805 uxore
2753 3760 2934 3806 utatur
2965 3772 2980 3809 :
3008 3771 3129 3810 nam
3160 3757 3260 3813 hoc
3287 3776 3501 3829 quoque

1926 3838 2006 3883 est
2050 3834 2416 3891 sanctificatio.
2463 3837 2779 3904 Quomodo?
2818 3843 2932 3898 Non
2972 3856 3055 3899 est
3099 3850 3500 3909 matrimonium

1926 3923 2274 3980 sanctiﬁcatio
2298 3968 2314 3991 ,
2347 3929 2439 3983 scd
2464 3931 2863 3988 matrimonium
2889 3951 3169 3993 conservat
3200 3944 3501 3998 sanctiﬁca-

1928 4014 2121 4069 tionem
2150 4033 2267 4086 qua:
2285 4021 2523 4088 procedit
2543 4037 2570 4074 a
2601 4024 2721 4087 fide,
2754 4042 2858 4080 non
2889 4028 3070 4083 sinens
3098 4034 3349 4103 conjungi
3373 4054 3493 4091 eum

3340 4258 3355 4282 ν

1919 4294 2091 4338 tamen
2121 4290 2321 4351 prmbet
2348 4294 2506 4345 etiam
2537 4296 2871 4351 sanctitatem
2896 4341 2909 4361 ,
2942 4301 3046 4354 nisi
3076 4309 3215 4371 quod
3246 4310 3495 4374 prohibet

1916 4388 2020 4427 non
2050 4376 2287 4441 polluere
2317 4396 2435 4432 eam
2464 4397 2581 4449 qum
2623 4385 2742 4439 data
2784 4398 2864 4441 est
2890 4405 2918 4443 a
2950 4390 3071 4444 fide.
3106 4394 3231 4446 Siue
3258 4415 3375 4465 qua,
3414 4400 3495 4452 iu-

1915 4464 2047 4530 quit,
2079 4481 2223 4519 nemo
2252 4468 2432 4522 videbit
2451 4472 2745 4529 Dominum.
2768 4479 2918 4544 Quod
2954 4484 3111 4536 etiam
3140 4464 3275 4540 dicit
3294 4489 3343 4543 in
3368 4491 3494 4559 Epi-

1916 4556 2050 4609 stola
2081 4556 2145 4609 ad
2177 4556 2481 4616 Corinthios
2512 4581 2524 4615 :
2554 4563 2728 4619 Nolite
2764 4585 2933 4624 errare
2960 4589 2978 4625 :
3000 4592 3155 4643 neque
3180 4556 3445 4647 [ornicarii
3477 4626 3490 4649 ,

1914 4663 2071 4715 neque
2090 4649 2238 4702 idolis
2266 4653 2550 4721 servientes,
2574 4673 2730 4727 neque
2758 4665 3091 4718 masculorum
3117 4672 3490 4741 concubitores,

1914 4754 2069 4806 neque
2085 4743 2243 4803 avari,
2264 4760 2418 4811 neque
2435 4750 2587 4815 fures,
2610 4766 2763 4820 neque
2775 4755 2974 4817 ebriosi,
2994 4762 3487 4831 nequedetractorcs,

1913 4847 2069 4900 neque
2100 4842 2325 4899 raptores
2356 4852 2565 4905 regnum
2594 4839 2688 4893 Dei
2717 4846 3040 4910 possidebunt
3071 4850 3159 4920 (1.
3188 4852 3304 4907 Cor.
3339 4856 3388 4909 6.
3426 4860 3479 4913 9.

1915 4924 2038 4991 10).
2070 4925 2345 4989 Quomodo
2364 4929 2504 4981 enim
2529 4933 2615 4998 qui
2640 4948 2831 5003 corpus
2861 4938 3028 4992 factus
3059 4950 3140 4995 est
3167 4952 3485 5019 meretricis,

1914 5016 2105 5081 poterit
2134 5031 2253 5069 esse
2274 5032 2467 5087 corpus
2493 5018 2687 5075 Christi
2720 5024 2875 5093 (Ibid.
2910 5046 2955 5081 υ.
2994 5032 3119 5102 is)?
3150 5037 3233 5089 t5.
3258 5016 3491 5096 ςοηιρηιζ

1913 5105 2106 5169 plantes
2132 5122 2191 5158 ne
2218 5109 2326 5175 quis
2349 5110 2474 5161 desit
2498 5114 2675 5179 gratia:
2697 5114 2790 5168 Dei
2820 5132 2839 5169 :
2866 5135 3039 5184 nequa
3064 5128 3213 5180 rudia:
3238 5136 3486 5187 amaritu-

1912 5194 2045 5245 dinis
2099 5194 2362 5248 desursum
2409 5200 2687 5268 impediat,
2737 5216 2781 5256 et
2834 5224 2926 5275 per
2977 5211 3117 5263 illaut
3166 5217 3491 5285 inquinentur

1912 5286 2057 5336 multi
2083 5303 2101 5338 :
2136 5288 2217 5340 16.
2249 5306 2308 5341 ne
2334 5291 2443 5358 quis
2461 5294 2737 5361 fornicator
2766 5308 2851 5349 aut
2876 5306 3139 5370 profanus.
3171 5308 3329 5365 Vides
3356 5330 3490 5383 quo-

1917 5376 2076 5429 modo
2118 5379 2314 5446 ubique
2360 5383 2644 5451 unicuique
2675 5400 3013 5445 communem
3048 5398 3207 5452 tradit
3238 5376 3485 5461 salutem.

1914 5467 2265 5521 Adhortamini
2296 5487 2378 5524 vos
2404 5513 2418 5535 ,
2451 5472 2619 5542 inquit
2644 5517 2657 5538 ,
2708 5478 2835 5531 alter
2874 5482 3085 5537 alterum
3116 5506 3203 5555 per
3225 5492 3451 5563 singulos
3471 5542 3487 5567 ,

1914 5558 2038 5619 dies,
2069 5559 2224 5612 donec
2252 5561 2401 5614 hodie
2428 5566 2813 5633 cognominatur
2846 5570 3026 5639 (Ilrbr.
3053 5576 3103 5629 ὃ.
3136 5580 3244 5649 l5).

1982 5650 2034 5701 2.
2066 5650 2142 5703 Ne
2164 5667 2290 5721 ergo
2315 5656 2489 5708 omnia
2509 5661 2809 5727 congeratis
2837 5662 2889 5715 iu
2920 5665 3183 5737 doctores,
3210 5689 3275 5728 ne
3299 5676 3363 5730 iis
3394 5683 3485 5747 qui

1913 5752 2138 5809 prmsunt
2193 5744 2367 5799 omnia
2400 5746 2661 5804 tribuatis.
2692 5751 2919 5809 Potestis
2946 5759 3101 5815 etiam
3134 5778 3247 5830 vos,
3282 5744 3482 5839 inquit,
