4094 6418
652 414 745 473 ΞΗ

1327 406 1381 463 S.
1422 400 1692 461 JOANNIS
1714 396 2178 456 CIIRYSOSTOMI
2228 396 2533 455 ARClllEl".
2566 398 3084 457 CONSTANTINOP.

3763 393 3884 449 ‘Zl'l

674 515 808 567 alter
833 512 1054 565 alterum
1085 506 1359 590 azdifirare.
1391 505 1539 571 Quod
1568 506 1724 559 etiam
1746 506 1951 561 dicebat
1977 509 2216 567 scribens
2296 519 2450 581 egent
2478 510 2542 566 iis
2565 510 2654 581 qui
2683 510 2789 565 sint
2811 509 3126 577 prohibituri
3161 525 3172 560 :
3207 522 3326 561 nam
3352 507 3439 576 qui
3472 516 3683 607 tqnetur
3704 506 3859 560 affe-

676 604 741 661 ad
772 600 1263 657 Tltessaloniccnses
1291 614 1302 648 :
1333 596 1469 649 Alter
1494 597 1701 650 alterum
1728 598 1990 666 edi/irate,
2017 601 2141 654 sicut
2169 612 2217 655 et
2295 603 2492 664 ctione,
2540 614 2641 653 non
2688 599 2863 652 statim
2895 597 2993 651 sibi
3048 596 3099 651 in
3130 596 3313 650 morbo
3354 595 3546 664 poterit
3576 595 3867 649 sufficere.

676 694 841 765 [acilia
863 709 881 755 ,°
907 704 959 745 et
988 695 1186 751 rursus,
1221 686 1558 739 Cousofamiui
1594 687 1718 741 alter
1747 689 1958 743 alterum
1984 691 2033 743 in
2061 694 2217 747 verbis
2298 687 2373 743 Te
2414 703 2539 757 ergo
2566 702 2694 741 sano
2720 701 2854 755 opus
2879 687 2942 739 ad
2974 686 3112 739 illius
3136 688 3458 739 curationem
3493 702 3506 735 :
3534 694 3586 738 et
3616 684 3661 738 si
3690 685 3873 737 verbo

676 785 783 837 istis
804 778 878 851 (l.
910 780 1077 834 Thess.
1112 779 1163 831 5.
1195 776 1299 847 ll).
1330 775 1440 829 Hoc
1466 776 1614 829 vobis
1641 792 1848 846 quoque
1869 794 2005 833 nunc
2026 781 2215 835 suade-

680 889 813 930 mus.
855 873 1006 927 Plura
1036 884 1193 939 quam
1221 882 1337 926 nos,
1378 868 1423 922 si
1460 867 1637 933 vultis,
1669 869 1887 937 potestis
1911 871 2045 926 alter
2067 873 2218 929 alteri

681 969 813 1021 bona
856 967 1026 1016 facere
1060 978 1072 1012 :
1106 960 1299 1028 smpius
1322 959 1461 1012 enim
1500 957 1637 1012 inter
1676 974 1769 1013 vos
1798 970 1975 1017 mutuo
2002 977 2221 1019 conver-

678 1055 888 1117 samini,
920 1061 973 1107 et
1002 1065 1089 1105 res
1116 1060 1319 1103 vestras
1352 1047 1483 1102 alter
1519 1048 1733 1102 alterius
1768 1050 1931 1119 magis
1952 1052 2098 1106 scitis
2121 1096 2135 1119 ,
2167 1062 2225 1109 et

680 1150 869 1205 delicta
918 1144 1176 1211 utrimque
1221 1153 1326 1192 non
1379 1136 1743 1205 iguoratis,et
1791 1132 2042 1207 majorem
2086 1140 2222 1196 tldu-

682 1235 817 1289 ciam
847 1233 1068 1297 habetis,
1121 1233 1412 1294 caritatem,
1444 1226 1875 1282 consuetudinem
1905 1240 1919 1278 :
1963 1238 2065 1277 non
2116 1224 2229 1277 lucc

686 1333 807 1379 sunt
836 1332 1006 1377 autem
1035 1338 1188 1391 parva
1209 1322 1271 1375 ad
1296 1320 1611 1382 doctrinam,
1640 1318 1731 1371 sed
1759 1319 1930 1386 magni
1952 1325 2005 1370 et
2034 1331 2227 1385 oppor-

681 1414 793 1465 mtti
825 1411 994 1464 aditus
1020 1431 1032 1464 :
1072 1410 1237 1479 magis
1276 1424 1429 1477 quam
1458 1420 1554 1461 nos
1585 1406 1822 1473 poteritis
1878 1405 2146 1473 increpare
2175 1413 2229 1459 et

683 1502 969 1555 exhortari.
998 1500 1101 1553 Nec
1128 1499 1227 1552 hoc
1255 1498 1421 1551 solum
1444 1511 1459 1561 ;
1488 1494 1579 1549 sed
1606 1494 1853 1562 quoniam
1893 1508 1990 1562 ego
2015 1493 2224 1562 quidem

682 1606 797 1644 sum
827 1604 982 1653 unus,
1013 1604 1103 1642 vos
1123 1597 1293 1642 autem
1318 1586 1485 1648 multi,
1520 1586 1756 1652 poteritis
1782 1585 1939 1638 etiam
1972 1593 2226 1655 quotquot

679 1682 809 1735 estis
843 1694 1025 1733 omnes
1051 1694 1168 1732 esse
1191 1678 1454 1730 doctores.
1504 1674 1853 1741 Quamobrem
1886 1688 2012 1743 rogo
2038 1689 2129 1727 vos
2158 1689 2226 1729 ne

680 1768 955 1837 negiigatis
978 1767 1110 1819 hanc
1126 1766 1374 1834 gratiam:
1399 1764 1764 1831 unusquisque
1788 1762 1947 1816 habet
1967 1775 2178 1817 uxorein
2204 1804 2220 1829 ,

682 1857 838 1910 habet
862 1854 1106 1918 amicum,
1136 1854 1293 1908 habet
1315 1854 1583 1913 famulum,
1614 1852 1768 1905 habet
1806 1851 2028 1905 vicinum
2060 1870 2073 1905 :
2102 1867 2223 1907 eum

682 1948 932 2014 increpet,
959 1960 1078 1999 eum
1103 1945 1397 1997 admoneat.
1430 1941 1701 2008 Quomodo
1726 1942 1864 1995 enim
1896 1956 1999 1994 non
2028 1942 2223 1996 estab-

678 2035 930 2099 surdum,
964 2049 1057 2102 pro
1089 2033 1341 2085 alimento
1386 2031 1596 2098 quidem
1642 2030 1814 2085 facere
1852 2031 2124 2095 convivia,
2169 2042 2223 2086 et

674 2123 813 2176 diem
843 2123 1031 2177 habere
1052 2123 1388 2176 constitutum
1423 2129 1478 2173 ut
1522 2122 1657 2173 inter
1687 2134 1744 2174 se
1784 2122 2096 2176 conveniant
2122 2164 2136 2188 ,
2171 2132 2224 2178 et

672 2212 811 2277 quod
834 2212 1111 2278 unicuique
1139 2212 1287 2263 deest
1313 2210 1531 2277 implere
1569 2224 1661 2276 per
1690 2211 1995 2264 societatem
2030 2228 2043 2263 :
2076 2212 2221 2267 verbi

676 2302 859 2368 gratia,
889 2302 998 2353 sive
1021 2299 1249 2353 euudmn
1273 2300 1340 2351 sit
1368 2303 1432 2351 ad
1462 2299 1616 2352 funus
1644 2298 1988 2363 efferendum,
2011 2302 2123 2355 sive
2151 2302 2217 2357 ad

676 2390 971 2457 prandium,
1003 2390 1112 2442 sive
1139 2388 1205 2441 sit
1233 2388 1281 2440 in
1310 2387 1488 2456 aliquo
1510 2386 1783 2441 ferendum
1809 2390 2046 2455 proximo
2072 2392 2219 2444 auxi-

677 2481 799 2534 lium
830 2497 843 2532 :
873 2479 935 2533 ad
963 2478 1248 2537 docendam
1278 2490 1450 2532 autem
1472 2479 1716 2533 virtutem
1744 2494 1845 2532 non
1879 2480 1978 2535 hoc
2007 2481 2217 2537 facere?

676 2569 845 2622 Etiam
873 2582 997 2635 rogo
1022 2582 1175 2620 nemo
1204 2568 1428 2636 negligat
1454 2583 1468 2618 :
1500 2568 1721 2635 accipiet
1746 2568 1885 2621 enim
1910 2584 2148 2638 magnam
2186 2586 2216 2625 a

675 2658 781 2713 Deo
807 2656 1121 2711 mercedem.
1156 2656 1219 2709 Et
1251 2666 1305 2709 ut
1332 2655 1615 2725 intelligas,
1648 2657 1731 2710 cui
1759 2657 1990 2726 quinque
2013 2660 2215 2714 credita

672 2759 792 2801 sunt
822 2747 1034 2812 talenta,
1060 2748 1102 2800 is
1119 2755 1199 2799 est
1218 2745 1403 2799 doctor
1426 2763 1443 2810 ;
1466 2747 1546 2798 cui
1575 2754 1747 2799 autem
1779 2761 1959 2812 unum,
1982 2748 2216 2817 discipu-

674 2840 773 2891 lus.
810 2838 863 2892 Si
887 2838 1076 2890 dixerit
1103 2835 1392 2903 discipulus
1412 2876 1424 2897 ,
1471 2834 1595 2889 Sum
1624 2835 1911 2903 discipulus
1933 2876 1946 2899 ,
1990 2839 2041 2890 in
2070 2839 2215 2894 nullo

672 2942 854 2981 versor
902 2926 1163 2994 periculo;
1215 2934 1265 2977 et
1311 2938 1643 2977 communem
1687 2923 1822 2977 hanc
1866 2940 2022 2993 quam
2050 2939 2077 2977 a
2110 2926 2215 2982 Deo

671 3016 873 3083 accepit
914 3015 1162 3067 doctrinae
1200 3014 1473 3075 rationem,
1519 3011 1708 3065 nudam
1752 3013 2109 3079 absconderit,
2161 3023 2215 3070 et

671 3121 775 3159 non
805 3104 1151 3164 admonuerit,
1178 3112 1230 3155 et
1256 3118 1359 3155 non
1388 3101 1592 3155 dicendi
1620 3102 1857 3157 libertate
1884 3117 2007 3157 usus
2038 3105 2210 3171 fuerit,

672 3210 775 3248 non
804 3194 1052 3261 arguerit,
1083 3208 1185 3244 non
1204 3192 1426 3245 suaserit
1452 3192 1493 3244 si
1510 3199 1698 3259 potest,
1719 3192 1810 3245 sed
1839 3194 1888 3246 in
1922 3202 2060 3247 terra
2088 3195 2213 3248 abs-

669 3284 905 3339 conderit
933 3300 945 3334 :
980 3297 1102 3336 vere
1130 3283 1267 3335 enim
1298 3290 1378 3334 est
1406 3292 1545 3335 terra
1570 3291 1624 3334 et
1650 3282 1780 3334 cinis
1805 3297 1898 3335 cor
1930 3282 2068 3351 quod
2094 3284 2214 3338 abs-

665 3375 843 3429 condit
872 3374 957 3426 Dei
985 3373 1203 3441 gratiam
1230 3389 1243 3433 ;
1274 3371 1318 3424 si
1345 3386 1470 3439 ergo
1507 3371 1837 3425 absconderit
1864 3382 1955 3425 aut
1998 3383 2211 3441 propter

667 3465 949 3533 pigritiam,
975 3472 1061 3515 aut
1084 3470 1296 3530 propter
1317 3461 1725 3529 improbitatem,
1752 3476 1854 3515 nou
1877 3477 1996 3517 eum
2026 3462 2208 3518 defen-

648 3550 735 3603 det
761 3561 811 3603 et
837 3553 1106 3605 excusabit
1134 3552 1270 3619 quod
1298 3552 1473 3612 dicat,
1514 3548 1682 3601 Unum
1724 3548 1876 3601 habui
1916 3547 2187 3603 talentum.

654 3637 821 3691 Unum
846 3639 1071 3693 habebas
1094 3641 1342 3692 talentum
1366 3638 1666 3703 'oportcbat
1685 3639 1903 3689 alterum
1924 3636 2114 3691 afferre
2138 3645 2192 3691 et

651 3720 899 3778 talcntum
930 3726 1195 3793 duplicare
1231 3742 1243 3778 :
1271 3726 1313 3777 si
1336 3724 1505 3777 adhuc
1535 3740 1693 3777 unum
1721 3724 1983 3779 attulisses
2006 3764 2021 3787 ,
2051 3724 2189 3779 nulla

649 3824 792 3867 esset
820 3814 993 3881 culpa.
1014 3814 1190 3880 Neque
1211 3814 1349 3866 enim
1376 3814 1423 3866 ei
1450 3814 1536 3882 qui
1569 3813 1673 3864 duo
1694 3812 1882 3877 attulit,
1911 3811 2193 3865 dixit:Cur

652 3920 753 3957 non
778 3906 1002 3973 quinque
1022 3904 1236 3957 attulisti
1254 3910 1276 3957 Υ
1295 3904 1383 3957 sed
1407 3919 1524 3957 eum
1553 3902 1735 3956 iisdem
1756 3901 1968 3967 dignum
1989 3902 2192 3955 censuit

647 3993 836 4061 quibus
856 4007 971 4045 eum
992 3993 1075 4062 qtti
1095 3994 1320 4061 quinque
1341 3991 1737 4055 attulit.Quare?
1753 3989 2007 4056 Quoniam
2028 4006 2191 4057 quan-

649 4094 758 4136 tum
784 4084 957 4135 habuit
982 4082 1236 4144 exercuit,
1260 4096 1354 4134 nec
1379 4080 1501 4135 sivit
1523 4094 1641 4133 esse
1664 4081 1909 4143 otiosum,
1941 4094 2037 4133 nec
2056 4094 2190 4148 quo-

650 4174 785 4225 niam
815 4172 983 4223 minus
1004 4173 1200 4238 accepit
1227 4186 1381 4237 quam
1411 4170 1493 4223 cui
1522 4170 1725 4223 fuerant
1749 4168 1935 4222 tradita
1963 4170 2192 4237 quinque

648 4265 863 4328 talenta,
892 4273 1166 4329 propterea
1197 4262 1290 4314 fuit
1314 4262 1582 4330 negligens
1607 4300 1622 4324 ,
1653 4275 1751 4314 nec
1778 4262 2039 4327 paucitate
2064 4273 2190 4313 usus

647 4351 820 4405 estad
861 4351 1048 4405 otium.
1079 4349 1186 4403 Nec
1213 4359 1262 4403 te
1288 4350 1564 4417 oportebat
1590 4350 1827 4416 aspicere
1862 4348 1926 4401 ad
1957 4364 2074 4403 eum
2103 4350 2192 4418 qui

648 4442 749 4493 duo
777 4440 1027 4499 habebat;
1051 4440 1153 4491 imo
1168 4454 1292 4491 vero
1315 4440 1467 4491 etiam
1492 4437 1555 4490 ad
1586 4438 1729 4491 illum
1752 4438 2025 4505 oportebat
2047 4438 2192 4504 aspi-

646 4543 788 4587 cere.
813 4540 864 4581 et
885 4528 1320 4594 quemadmodum
1352 4528 1437 4581 ille
1461 4542 1580 4581 cum
1607 4526 1711 4579 duo
1742 4527 1979 4592 haberet,
2014 4527 2190 4591 imita-

650 4632 731 4674 tus
756 4628 834 4673 est
867 4619 1014 4671 illum
1043 4619 1123 4671 cui
1152 4618 1268 4671 data
1292 4617 1499 4671 fuerant
1522 4618 1747 4685 quinque
1774 4658 1787 4679 ,
1816 4619 1883 4670 ita
1913 4628 1961 4670 te
1984 4633 2191 4687 quoque

649 4710 837 4764 imitari
868 4710 1144 4769 onortehat
1179 4724 1295 4761 eum
1327 4709 1406 4761 cui
1444 4708 1546 4761 duo
1575 4707 1784 4761 fuerunt
1812 4709 2013 4766 tradita.
2060 4711 2191 4764 Nam

646 4804 690 4855 si
722 4802 765 4855 ei
796 4802 878 4867 qui
912 4800 1066 4851 habet
1097 4800 1359 4866 pecunias,
1394 4807 1447 4850 et
1493 4813 1595 4849 non
1642 4799 1913 4866 impertit,
1941 4799 2189 4868 infligitur

646 4889 974 4958 supplicium,
1005 4889 1051 4939 ei
1077 4888 1163 4954 qui
1186 4896 1356 4955 potest
1378 4886 1863 4957 quomodocumque
1884 4888 2187 4956 admonere,

646 4989 699 5032 et
726 4979 822 5030 hoc
852 4992 953 5029 non
985 4977 1107 5029 facit
1136 5017 1148 5038 ,
1178 4976 1438 5045 quomodo
1469 4990 1571 5028 nou
1612 4979 1896 5031 maximum
1934 4979 2192 5048 iufligetur

649 5066 952 5135 supplicium
979 5065 1001 5103 ’
1045 5064 1151 5117 Illic
1177 5080 1367 5131 corpus
1396 5067 1622 5119 nutritur
1648 5106 1661 5128 ,
1694 5066 1777 5119 hic
1804 5069 1974 5121 anima

649 5164 867 5207 mortem
900 5154 1143 5221 prohibes
1174 5155 1532 5221 temporalem,
1568 5155 1653 5207 hic
1673 5163 1948 5212 aeternam.

714 5245 766 5297 3.
802 5242 867 5294 At
905 5256 1005 5294 non
1036 5251 1137 5308 est,
1172 5244 1329 5311 inquit
1359 5285 1372 5308 ,
1408 5244 1533 5297 mihi
1562 5242 1770 5299 dicendi
1804 5245 2043 5303 facultas.
2086 5248 2190 5304 Sed

647 5330 850 5385 dicendi
880 5330 1121 5385 facultate
1164 5347 1266 5385 non
1308 5342 1391 5387 est
1430 5350 1559 5402 opus
1585 5374 1598 5399 ,
1629 5352 1731 5388 non
1782 5337 2100 5408 eloquentia.
2133 5340 2188 5395 Si

648 5424 839 5476 videris
863 5423 1085 5475 amicum
1132 5433 1485 5488 scortantem,
1537 5427 1620 5481 dic
1649 5429 1737 5483 ei:
1782 5430 1885 5485 Res
1927 5442 2008 5486 est
2055 5435 2190 5488 mala

646 5528 800 5579 quam
838 5511 1099 5575 admittis;
1142 5528 1243 5567 non
1288 5524 1338 5568 te
1376 5515 1552 5585 pudet,
1605 5534 1711 5571 non
1759 5522 2069 5576 erubescis?
2110 5535 2192 5578 cst

646 5604 784 5653 enim
814 5603 1023 5654 malum.
1062 5603 1151 5657 Ille
1192 5606 1356 5658 nescit
1381 5648 1393 5667 ,
1422 5608 1659 5676 inquies,
1691 5611 1828 5678 quod
1858 5612 1924 5664 sit
1952 5614 2144 5667 malum
2170 5616 2191 5668 ?

647 5692 802 5743 Certe
832 5689 929 5743 scit
951 5732 963 5753 ,
997 5690 1086 5743 scd
1121 5691 1343 5745 trahitur
1371 5707 1399 5745 a
1427 5696 1729 5763 cupiditate.
1755 5696 1957 5767 ,Εενοιί
1987 5717 2192 5769 quoque

2030 5087 2042 5121 :
2086 5071 2192 5125 illic

2300 794 2402 830 non
2432 776 2583 831 fuerit
2609 789 2911 845 persuasus,
2941 775 3163 828 observa
3193 784 3401 828 euntem
3429 783 3481 828 et
3506 774 3674 827 retine
3698 816 3713 837 ,
3750 773 3872 827 for—

2302 879 2437 921 tasse
2459 868 2656 937 pudore
2675 866 2955 919 afficietur.
2986 864 3209 932 thuid,
3239 865 3427 933 inquit,
3451 864 3621 932 juvat,
3655 864 3697 915 si
3734 880 3875 929 pro-

2303 970 2417 1026 pter
2444 973 2527 1011 me
2556 956 2655 1011 hoc
2681 957 2851 1020 faciat,
2888 966 2941 1011 et
2961 957 3098 1025 quod
3121 972 3149 1009 a
3173 971 3256 1010 me
3288 956 3443 1009 fuerit
3468 966 3709 1010 retentus
3730 955 3756 1006 ἳ
3783 953 3872 1009 Ne

2302 1058 2543 1101 accurate
2571 1047 2819 1100 scruteris
2872 1065 2882 1099 :
2926 1046 3136 1099 interim
3170 1060 3505 1113 quocumque
3533 1044 3688 1098 modo
3730 1058 3868 1098 eum

2302 1138 2469 1192 abduc
2494 1152 2523 1190 a
2555 1138 2686 1190 mala
2712 1137 2919 1190 aetione
2944 1154 2957 1202 ;
2988 1146 3255 1190 assuescat
3284 1152 3387 1189 non
3412 1137 3488 1190 ire
3504 1136 3566 1189 ad
3596 1136 3726 1188 illud
3762 1136 3870 1189 ba-

2305 1226 2577 1290 rathrum;
2607 1225 2718 1278 sive
2760 1240 2853 1292 per
2901 1235 2949 1277 te
2972 1266 2985 1289 ,
3036 1226 3146 1277 sive
3176 1224 3279 1277 alio
3310 1223 3467 1277 modo
3494 1224 3815 1278 cohibeatur
3849 1265 3867 1287 ,

2307 1317 2500 1368 lucrum
2546 1315 2665 1368 hinc
2699 1315 2816 1368 erit.
2862 1314 2990 1367 Cum
3038 1313 3178 1366 enim
3223 1312 3571 1367 assuefcccris
3595 1328 3718 1367 eum
3769 1312 3873 1366 illo

2304 1420 2406 1457 non
2437 1406 2543 1467 ire,
2590 1414 2714 1457 tunc
2737 1404 2932 1471 poteris
2966 1403 3175 1470 paulum
3205 1404 3551 1470 respirantem
3580 1414 3872 1454 assumens

2302 1492 2493 1548 docere
2528 1492 2665 1562 quod
2709 1501 2921 1561 propter
2968 1493 3130 1546 Deum
3174 1502 3379 1560 oportet
3409 1492 3510 1546 hoc
3562 1491 3737 1546 facere
3762 1533 3777 1554 ,
3812 1500 3871 1545 et

2304 1598 2405 1637 non
2450 1594 2664 1651 propter
2711 1582 3005 1637 hominem.
3057 1582 3131 1636 Ne
3179 1583 3312 1636 velis
3342 1583 3645 1637 universum
3702 1583 3870 1636 simul

2303 1676 2563 1742 corrigere
2588 1690 2602 1737 ;
2634 1690 2735 1727 non
2764 1674 2901 1729 enim
2926 1672 3153 1742 poteris;
3183 1672 3275 1727 sed
3298 1674 3493 1727 sensim
3508 1683 3561 1727 et
3576 1673 3864 1742 paulatim.

2302 1761 2355 1817 Si
2386 1763 2576 1818 videris
2600 1779 2720 1818 eum
2748 1774 2960 1818 euntem
2986 1762 3049 1817 ad
3081 1766 3527 1832 compotationem
3558 1772 3612 1817 et
3641 1764 3703 1816 ad
3730 1779 3869 1818 cnn-

2304 1853 2434 1907 vivia
2459 1855 2612 1923 plena
2654 1855 2907 1909 ebrietate
2930 1894 2945 1919 ,
2987 1855 3097 1908 illic
3136 1869 3346 1924 quoque
3378 1853 3463 1908 fac
3504 1854 3772 1923 idipsutn;
3806 1866 3867 1909 et
3916 1840 3919 1843 Α

2302 1958 2482 1997 rursus
2521 1958 2639 1997 eum
2685 1958 2831 2013 roga,
2869 1953 2926 1998 ut
2971 1944 3017 1999 si
3062 1944 3253 1998 Viderit
3280 1945 3331 1997 in
3366 1952 3418 1999 te
3454 1944 3679 2011 aliquem
3706 1943 3870 1998 defe-

2301 2044 2440 2088 ctum
2472 2048 2533 2087 ac
2560 2034 2763 2097 vitium,
2812 2035 2904 2089 tibi
2932 2050 3086 2104 apem
3130 2034 3261 2089 ferat
3298 2045 3353 2089 et
3400 2045 3451 2088 te
3479 2036 3726 2104 corrigat.
3770 2036 3869 2091 Sic

2302 2125 2438 2176 enim
2484 2130 2539 2177 et
2568 2123 2619 2176 in
2665 2137 2723 2177 se
2760 2123 2892 2178 feret
2945 2124 3449 2191 reprehensionem,
3502 2138 3622 2179 cum
3665 2125 3870 2179 viderit

2303 2222 2351 2279 te
2396 2227 2603 2281 quoque
2642 2227 2776 2280 opus
2826 2212 3019 2266 habere
3066 2222 3122 2267 ut
3176 2213 3620 2282 reprehendaris,
3650 2224 3703 2268 et
3753 2232 3866 2268 non

2302 2309 2563 2369 tamquam
2607 2300 2781 2355 omnia
2819 2302 3206 2371 corrigentem,
3245 2317 3415 2371 neque
3456 2313 3719 2371 tamquam
3759 2304 3867 2358 do-

2298 2401 2537 2456 ctorem,
2582 2391 2672 2446 sed
2718 2399 2980 2462 tamquam
3038 2393 3263 2447 amicum
3325 2404 3378 2447 et
3424 2394 3636 2448 fratrem
3698 2410 3864 2464 opem

2301 2477 2453 2533 ferre.
2510 2481 2600 2533 Dic
2640 2480 2689 2535 ei
2738 2498 2751 2534 :
2796 2482 2905 2550 Ego
2947 2482 3036 2535 tibi
3095 2482 3262 2550 profui
3326 2481 3616 2537 admonens
3670 2498 3864 2538 eorum

2300 2584 2415 2636 qua:
2469 2579 2591 2623 sunt
2654 2571 2837 2635 utilia;
2890 2580 2942 2625 et
2999 2582 3050 2624 tu
3098 2571 3238 2641 quod
3286 2572 3337 2625 in
3388 2588 3471 2627 me
3522 2574 3717 2629 videris
3768 2575 3867 2628 dc-

2304 2658 2482 2713 ficiens
2520 2668 2573 2714 et
2606 2661 2852 2714 vitiosum
2878 2675 3063 2715 coerce
3097 2670 3151 2715 et
3187 2663 3400 2731 corrige
3432 2681 3444 2717 :
3478 2664 3519 2717 si
3547 2664 3865 2719 iracundum

2301 2748 2512 2814 videris,
2539 2750 2583 2802 si
2612 2765 2847 2817 avarum,
2879 2752 3125 2819 reprime,
3158 2752 3258 2821 liga
3303 2767 3425 2807 eum
3470 2753 3864 2809 admonitione.

2299 2836 2411 2890 Hoc
2440 2847 2519 2890 est
2543 2838 2767 2892 amicitia
2800 2840 2911 2893 :sic
2938 2839 3101 2895 frater
3125 2855 3153 2893 a
3184 2840 3344 2895 fratre
3365 2841 3598 2909 adjutus,
3634 2846 3693 2898 fit
3719 2854 3865 2899 tam-

2305 2938 2459 2991 quam
2486 2925 2610 2977 urbs
2640 2925 2835 2977 tnunita
2868 2924 3057 2994 (Prov.
3096 2926 3180 2981 l8.
3214 2927 3336 2996 l9).
3370 2928 3479 2983 Non
3519 2933 3657 2985 enim
3714 2950 3862 2989 com-

2305 3010 2460 3065 edere
2485 3022 2535 3066 et
2564 3013 2738 3067 bibere
2761 3013 2953 3067 faciunt
2972 3014 3286 3080 amicitiam;
3315 3018 3471 3073 talem
3489 3021 3627 3074 enim
3656 3022 3863 3079 habent

2304 3103 2459 3155 etiam
2486 3103 2715 3157 latrones
2741 3115 2791 3157 et
2818 3105 3026 3167 sicarii;
3051 3106 3143 3159 sed
3171 3106 3215 3160 si
3245 3122 3426 3163 sumus
3452 3112 3629 3179 amici,
3663 3114 3706 3167 si
3731 3131 3861 3170 vere

2304 3192 2441 3244 alter
2480 3194 2695 3247 alterius
2722 3210 2898 3248 curam
2952 3197 3182 3265 gerimus
3211 3238 3224 3261 ,
3277 3198 3341 3251 ad
3389 3200 3502 3254 hzcc
3542 3202 3674 3257 alter
3704 3204 3858 3261 alteri

2304 3282 2639 3338 conferamus
2666 3301 2678 3335 :
2708 3284 2820 3338 hate
2837 3300 2933 3338 nos
2957 3286 3221 3340 adducunt
3242 3288 3306 3341 ad
3328 3290 3613 3344 amicitiam
3640 3295 3821 3349 utilem
3844 3314 3860 3357 ;

2304 3368 2417 3423 haec
2467 3371 2751 3441 prohibent
2790 3388 2857 3427 ne
2904 3374 3156 3427 ducamur
3198 3377 3263 3429 ad
3303 3378 3620 3446 gehennam.
3671 3382 3855 3452 Neque

2302 3473 2429 3528 ergo
2458 3460 2501 3513 is
2524 3460 2615 3529 qui
2644 3463 2880 3530 arguitur
2914 3478 3051 3532 aegre
3078 3464 3246 3530 ferat;
3295 3481 3476 3521 sumus
3515 3470 3656 3523 enim
3684 3472 3858 3526 homi-

2302 3562 2426 3608 nes.
2458 3561 2510 3603 et
2539 3560 2663 3603 sunt
2708 3552 2757 3603 in
2804 3552 2955 3607 nobis
3018 3554 3141 3607 vitia
3172 3566 3224 3609 et
3260 3557 3494 3612 defectus
3523 3578 3536 3613 :
3570 3576 3735 3631 neque
3764 3565 3854 3632 qui

2300 3638 2468 3705 arguit
2494 3638 2593 3693 hoc
2622 3638 2771 3693 faciat
2819 3652 3083 3711 tamquam
3127 3646 3302 3700 ridens
3332 3658 3383 3702 et
3412 3650 3708 3713 traducens.
3757 3656 3855 3709 sed

2301 3728 2540 3795 privatim
2569 3744 2688 3784 cum
2717 3732 2933 3788 lenitate
2959 3745 3011 3788 et
3036 3740 3444 3793 mansuetudine
3476 3757 3489 3792 :
3521 3743 3680 3797 multa
3708 3748 3850 3799 enim

2302 3818 2512 3872 leuitate
2550 3834 2681 3889 opus
2736 3822 2893 3878 habet
2943 3827 3032 3894 qui
3082 3830 3285 3896 arguit,
3331 3840 3388 3883 ut
3417 3834 3486 3884 ita
3540 3830 3856 3901 persuadeat

2300 3908 2437 3963 ferre
2489 3909 2819 3967 incisionem.
2870 3914 2983 3969 Non
3039 3918 3185 3972 vides
3230 3935 3349 3973 cum
3396 3935 3587 3991 quanta
3638 3926 3853 3984 lenitate

2299 3998 2485 4053 medici
2507 3999 2757 4055 adhibent
2781 4006 3107 4061 curationem
3132 4010 3341 4077 quando
3366 4024 3522 4066 urunt
3550 4024 3603 4067 et
3626 4020 3853 4072 secant?

2299 4086 2457 4140 Multo
2508 4091 2673 4158 magis
2715 4091 2816 4145 hoc
2859 4094 3029 4150 faccre
3076 4109 3289 4164 oportet
3322 4116 3413 4156 eos
3444 4106 3529 4172 qui
3562 4120 3785 4175 arguunt
3836 4130 3849 4163 :

2299 4191 2417 4228 nam
2446 4187 2497 4230 et
2540 4180 2659 4247 igne
2699 4190 2753 4234 et
2782 4183 2924 4237 ferro
2952 4186 3316 4244 vehementius
3361 4194 3700 4260 reprehensio
3731 4199 3854 4255 facit

2297 4266 2508 4320 exsilire
2543 4288 2555 4321 :
2587 4269 2807 4337 ideoque
2830 4273 3019 4327 medici
3047 4291 3289 4345 magnum
3318 4294 3517 4348 ponunt
3543 4286 3767 4340 studium
3796 4301 3852 4343 ut

2301 4355 2485 4410 leuiter
2510 4357 2683 4413 ferant
2714 4362 3019 4418 incisionem
3042 4406 3057 4429 ,
3088 4377 3140 4420 et
3164 4384 3319 4437 quam
3353 4372 3707 4439 placidissime
3738 4380 3849 4435 fieri

2299 4454 2471 4513 potest
2496 4463 2611 4502 eam
2636 4449 2889 4506 adhibent
2912 4494 2926 4517 ,
2952 4462 3005 4507 et
3030 4470 3211 4523 parum
3252 4461 3499 4518 cedentes
3524 4506 3538 4526 ,
3582 4475 3634 4520 et
3657 4468 3848 4525 deinde

2295 4539 2644 4594 concedentes
2689 4552 2743 4595 ut
2790 4546 3070 4613 respirent.
3111 4546 3199 4603 Sic
3231 4561 3353 4605 sunt
3395 4556 3552 4609 etiam
3600 4557 3852 4615 facienda:

2296 4630 2758 4699 reprehensiones,
2788 4644 2842 4687 ut
2872 4637 2957 4703 qui
2986 4650 3278 4707 arguuntur
3314 4659 3415 4698 non
3450 4648 3702 4702 resiliant.
3735 4650 3849 4707 Etsi

2294 4733 2420 4789 ergo
2448 4732 2689 4790 oporteat
2716 4728 3045 4782 contumelia
3072 4729 3228 4793 affici,
3261 4736 3355 4787 etsi
3385 4738 3561 4807 plagas
3585 4742 3844 4809 accipere,

2295 4822 2398 4862 non
2430 4825 2751 4867 recusemus.
2784 4814 2912 4869 Nam
2942 4826 2995 4871 et
3022 4818 3095 4872 illi
3138 4822 3227 4889 qui
3266 4821 3547 4890 secantur,
3592 4830 3766 4885 valide
3792 4845 3847 4887 et

2295 4901 2574 4968 plurimum
2608 4903 2961 4959 vociferantur
2990 4909 3244 4964 adversus
3280 4928 3370 4966 eos
3394 4918 3480 4984 qui
3508 4930 3681 4973 secant
3707 4938 3719 4981 ;
3755 4925 3848 4977 sed

2293 4990 2367 5079 illi
2410 4992 2538 5045 nihil
2572 4991 2759 5047 horum
2791 5007 3031 5079 spectant
3064 5039 3079 5063 ,
3114 5000 3210 5053 sed
3237 5016 3418 5057 eorum
3448 5008 3609 5060 solam
3637 5010 3723 5079 qui
3768 5011 3849 5065 la.

2292 5078 2479 5134 borant
2506 5082 2746 5139 salutem.
2779 5070 2851 5137 lia
2882 5085 2965 5139 hic
2989 5103 3210 5158 quoque
3238 5105 3445 5161 oportet
3474 5070 3849 5158 omnia-facere

2290 5168 2489 5223 utiliter
2508 5170 2572 5223 ad
2603 5172 3089 5241 reprehensionem,
3121 5182 3299 5234 omnia
3339 5182 3497 5250 ferre,
3538 5189 3847 5256 aspicientes

2291 5256 2356 5312 ad
2380 5258 2671 5314 mercedem
2705 5265 3047 5330 propositam.
3074 5265 3223 5330 After,
3255 5270 3440 5341 inquit,
3464 5277 3667 5330 alter-ias
3694 5295 3847 5336 onera

2298 5358 2489 5417 portate
2511 5393 2523 5414 ,
2556 5361 2601 5405 et
2631 5353 2699 5405 ita
2727 5354 2925 5422 implete
2950 5357 3107 5427 legem
3133 5356 3319 5416 Citriin
3361 5364 3380 5434 (
3402 5365 3516 5422 Gal.
3552 5372 3604 5426 6.
3634 5374 3668 5428 2
3689 5377 3729 5444 ).
3756 5376 3848 5437 Sic

2296 5455 2419 5509 ergo
2460 5452 2512 5496 et
2542 5444 3019 5512 reprehendentes,
3048 5458 3100 5503 et
3138 5451 3271 5507 alter
3310 5456 3535 5513 alterum
3577 5460 3843 5537 ferentes,

2295 5546 2570 5599 possumus
2597 5534 2815 5604 implere
2839 5537 3241 5598 aedificationem
3256 5544 3448 5602 Christi
3483 5567 3495 5602 :
3518 5561 3571 5605 et
3594 5554 3670 5609 sic
3694 5534 3847 5615 nobis

2293 5621 2459 5675 levem
2489 5622 2687 5678 facietis
2730 5625 2962 5683 laborem
2985 5671 3000 5695 ,
3030 5632 3181 5688 nobis
3206 5650 3359 5703 opem
3386 5638 3614 5697 ferentes
3644 5647 3695 5700 in
3725 5663 3843 5703 om-

2292 5712 2463 5775 nibus,
2488 5724 2538 5767 et
2566 5729 2775 5768 manum
2805 5720 3119 5787 praebentes,
3149 5723 3321 5780 effecti
3361 5718 3644 5801 participes
3672 5747 3723 5789 et
3749 5752 3838 5791 so-

648 5780 817 5832 δείυηί
848 5793 993 5847 ³(1υπ
1022 5778 1219 5851 Γνίϐίάιη
1262 5791 1437 5851 Pomm
1480 5798 1595 5839 εεδο
1626 5787 1855 5855 "lilium:
1886 5790 1977 5846 sed
2007 5801 2179 5847 “me”
2276 5813 2340 5865 cii
2368 5852 2380 5877 ,
2411 5819 2461 5865 et
2488 5811 2619 5867 alter
2640 5810 2853 5865 alterius
2868 5813 3051 5870 salutis
3080 5822 3131 5870 et
3160 5830 3267 5872 suae
3296 5778 3831 5887 υηῖιειιιιῐεξυοέιῖςξ
