  <div class='ocr_page' id='page_1' title='image "/cluster/home/n/w/nwhite01/storage/ocr_20150623/63/uva.x030486929/220.png"; bbox 0 0 4088 6418; ppageno 0'>
   <div class='ocr_carea' id='block_1_1' title="bbox 157 401 2571 475">
    <p class='ocr_par' dir='ltr' id='par_1_1' title="bbox 157 401 2571 475">
     <span class='ocr_line' id='line_1_1' title="bbox 157 401 2571 475; baseline -0.006 -6"><span class='ocrx_word' id='word_1_1' title='bbox 157 417 237 469; x_wconf 67' lang='grc' dir='ltr'>εει</span> <span class='ocrx_word' id='word_1_2' title='bbox 917 418 982 472; x_wconf 77' lang='lat' dir='ltr'>IN</span> <span class='ocrx_word' id='word_1_3' title='bbox 1020 417 1240 475; x_wconf 82' lang='lat' dir='ltr'>EPIST.</span> <span class='ocrx_word' id='word_1_4' title='bbox 1269 416 1359 473; x_wconf 80' lang='lat' dir='ltr'>AD</span> <span class='ocrx_word' id='word_1_5' title='bbox 1396 410 1755 473; x_wconf 61' lang='lat' dir='ltr'>IIEBRIEOS.</span> <span class='ocrx_word' id='word_1_6' title='bbox 1789 408 1943 465; x_wconf 78' lang='lat' dir='ltr'>CAP.</span> <span class='ocrx_word' id='word_1_7' title='bbox 1988 406 2097 465; x_wconf 77' lang='lat' dir='ltr'>XII.</span> <span class='ocrx_word' id='word_1_8' title='bbox 2134 404 2363 461; x_wconf 76' lang='lat' dir='ltr'>IIOMIL.</span> <span class='ocrx_word' id='word_1_9' title='bbox 2409 401 2571 456; x_wconf 73' lang='lat' dir='ltr'>XXX.</span> 
     </span>
    </p>
   </div>
   <div class='ocr_carea' id='block_1_2' title="bbox 166 533 1713 604">
    <p class='ocr_par' dir='ltr' id='par_1_2' title="bbox 166 533 1713 604">
     <span class='ocr_line' id='line_1_2' title="bbox 166 533 1713 604; baseline -0.003 -16"><span class='ocrx_word' id='word_1_10' title='bbox 166 538 289 600; x_wconf 74' lang='grc' dir='ltr'>ιονς</span> <span class='ocrx_word' id='word_1_11' title='bbox 312 534 383 587; x_wconf 77' lang='grc' dir='ltr'>ἐν</span> <span class='ocrx_word' id='word_1_12' title='bbox 405 534 525 601; x_wconf 79' lang='grc' dir='ltr'>τοῖς</span> <span class='ocrx_word' id='word_1_13' title='bbox 551 535 754 603; x_wconf 74' lang='grc' dir='ltr'>λόγοις</span> <span class='ocrx_word' id='word_1_14' title='bbox 776 536 1023 600; x_wconf 82' lang='grc' dir='ltr'>τούτοις.</span> <span class='ocrx_word' id='word_1_15' title='bbox 1052 533 1219 587; x_wconf 85' lang='grc' dir='ltr'>Τοῦτο</span> <span class='ocrx_word' id='word_1_16' title='bbox 1250 535 1339 587; x_wconf 75' lang='grc' dir='ltr'>καὶ</span> <span class='ocrx_word' id='word_1_17' title='bbox 1366 534 1495 604; x_wconf 85' lang='grc' dir='ltr'>ὑμῖν</span> <span class='ocrx_word' id='word_1_18' title='bbox 1524 549 1713 602; x_wconf 83' lang='grc' dir='ltr'>παραι-</span> 
     </span>
    </p>
   </div>
   <div class='ocr_carea' id='block_1_3' title="bbox 158 624 1713 697">
    <p class='ocr_par' dir='ltr' id='par_1_3' title="bbox 158 624 1713 697">
     <span class='ocr_line' id='line_1_3' title="bbox 158 624 1713 697; baseline -0.003 -18"><span class='ocrx_word' id='word_1_19' title='bbox 158 626 341 694; x_wconf 79' lang='grc' dir='ltr'>νοῦμεν</span> <span class='ocrx_word' id='word_1_20' title='bbox 368 626 469 679; x_wconf 88' lang='grc' dir='ltr'>νῦν</span> <span class='ocrx_word' id='word_1_21' title='bbox 496 629 677 697; x_wconf 83' lang='grc' dir='ltr'>ήμεῖς.</span> <span class='ocrx_word' id='word_1_22' title='bbox 716 625 938 679; x_wconf 86' lang='grc' dir='ltr'>ῐ1λείονα</span> <span class='ocrx_word' id='word_1_23' title='bbox 968 626 1075 695; x_wconf 77' lang='grc' dir='ltr'>γὰρ</span> <span class='ocrx_word' id='word_1_24' title='bbox 1101 625 1273 695; x_wconf 75' lang='grc' dir='ltr'>ἡμῶν,</span> <span class='ocrx_word' id='word_1_25' title='bbox 1304 625 1398 678; x_wconf 85' lang='grc' dir='ltr'>ἐάν</span> <span class='ocrx_word' id='word_1_26' title='bbox 1426 624 1713 695; x_wconf 88' lang='grc' dir='ltr'>βούλησθε,</span> 
     </span>
    </p>
   </div>
   <div class='ocr_carea' id='block_1_4' title="bbox 160 712 1715 785">
    <p class='ocr_par' dir='ltr' id='par_1_4' title="bbox 160 712 1715 785">
     <span class='ocr_line' id='line_1_4' title="bbox 160 712 1715 785; baseline -0.002 -20"><span class='ocrx_word' id='word_1_27' title='bbox 160 718 227 776; x_wconf 85' lang='grc' dir='ltr'>είς</span> <span class='ocrx_word' id='word_1_28' title='bbox 253 716 541 782; x_wconf 77' lang='grc' dir='ltr'>ἀλλήλους,</span> <span class='ocrx_word' id='word_1_29' title='bbox 579 713 953 783; x_wconf 83' lang='grc' dir='ltr'>κατορθώσετε</span> <span class='ocrx_word' id='word_1_30' title='bbox 981 730 995 741; x_wconf 78' lang='grc'>⁸</span> <span class='ocrx_word' id='word_1_31' title='bbox 1030 718 1123 767; x_wconf 71' lang='grc' dir='ltr'>καὶ</span> <span class='ocrx_word' id='word_1_32' title='bbox 1174 714 1281 785; x_wconf 82' lang='grc' dir='ltr'>γὰρ</span> <span class='ocrx_word' id='word_1_33' title='bbox 1334 713 1555 767; x_wconf 80' lang='grc' dir='ltr'>πλείονα</span> <span class='ocrx_word' id='word_1_34' title='bbox 1588 712 1715 763; x_wconf 85' lang='grc' dir='ltr'>σύν-</span> 
     </span>
    </p>
   </div>
   <div class='ocr_carea' id='block_1_5' title="bbox 161 800 1717 871">
    <p class='ocr_par' dir='ltr' id='par_1_5' title="bbox 161 800 1717 871">
     <span class='ocr_line' id='line_1_5' title="bbox 161 800 1717 871; baseline -0.001 -18"><span class='ocrx_word' id='word_1_35' title='bbox 161 816 270 853; x_wconf 84' lang='grc' dir='ltr'>ιστε</span> <span class='ocrx_word' id='word_1_36' title='bbox 332 800 533 870; x_wconf 80' lang='grc' dir='ltr'>χρόνον</span> <span class='ocrx_word' id='word_1_37' title='bbox 558 800 825 869; x_wconf 88' lang='grc' dir='ltr'>ἀλλήλοις,</span> <span class='ocrx_word' id='word_1_38' title='bbox 852 802 945 852; x_wconf 70' lang='grc' dir='ltr'>καὶ</span> <span class='ocrx_word' id='word_1_39' title='bbox 972 801 1038 852; x_wconf 74' lang='grc' dir='ltr'>τὰ</span> <span class='ocrx_word' id='word_1_40' title='bbox 1072 800 1315 870; x_wconf 89' lang='grc' dir='ltr'>ἀλλήλων</span> <span class='ocrx_word' id='word_1_41' title='bbox 1340 802 1540 871; x_wconf 78' lang='grc' dir='ltr'>μᾶλλον</span> <span class='ocrx_word' id='word_1_42' title='bbox 1562 802 1594 871; x_wconf 84' lang='grc' dir='ltr'>ή</span> <span class='ocrx_word' id='word_1_43' title='bbox 1603 800 1717 869; x_wconf 86' lang='grc' dir='ltr'>μῶν</span> 
     </span>
    </p>
   </div>
   <div class='ocr_carea' id='block_1_6' title="bbox 163 888 1717 959">
    <p class='ocr_par' dir='ltr' id='par_1_6' title="bbox 163 888 1717 959">
     <span class='ocr_line' id='line_1_6' title="bbox 163 888 1717 959; baseline 0.001 -19"><span class='ocrx_word' id='word_1_44' title='bbox 163 891 282 952; x_wconf 87' lang='grc' dir='ltr'>ῖστε,</span> <span class='ocrx_word' id='word_1_45' title='bbox 309 891 402 942; x_wconf 78' lang='grc' dir='ltr'>καὶ</span> <span class='ocrx_word' id='word_1_46' title='bbox 436 890 507 942; x_wconf 89' lang='grc' dir='ltr'>τά</span> <span class='ocrx_word' id='word_1_47' title='bbox 536 889 779 959; x_wconf 86' lang='grc' dir='ltr'>ἀλλήλων</span> <span class='ocrx_word' id='word_1_48' title='bbox 804 888 1159 958; x_wconf 80' lang='grc' dir='ltr'>ἐλαττώματα</span> <span class='ocrx_word' id='word_1_49' title='bbox 1187 891 1287 943; x_wconf 74' lang='grc' dir='ltr'>οὐκ</span> <span class='ocrx_word' id='word_1_50' title='bbox 1324 892 1589 959; x_wconf 89' lang='grc' dir='ltr'>ἀγνοεῖτε,</span> <span class='ocrx_word' id='word_1_51' title='bbox 1625 891 1717 942; x_wconf 74' lang='grc' dir='ltr'>καὶ</span> 
     </span>
    </p>
   </div>
   <div class='ocr_carea' id='block_1_7' title="bbox 162 979 1717 1051">
    <p class='ocr_par' dir='ltr' id='par_1_7' title="bbox 162 979 1717 1051">
     <span class='ocr_line' id='line_1_7' title="bbox 162 979 1717 1051; baseline -0.001 -19"><span class='ocrx_word' id='word_1_52' title='bbox 162 983 366 1034; x_wconf 83' lang='grc' dir='ltr'>πλείονα</span> <span class='ocrx_word' id='word_1_53' title='bbox 393 980 490 1033; x_wconf 73' lang='grc' dir='ltr'>καὶ</span> <span class='ocrx_word' id='word_1_54' title='bbox 525 979 835 1051; x_wconf 75' lang='grc' dir='ltr'>παρρησίαν</span> <span class='ocrx_word' id='word_1_55' title='bbox 871 981 963 1032; x_wconf 76' lang='grc' dir='ltr'>καὶ</span> <span class='ocrx_word' id='word_1_56' title='bbox 988 981 1205 1049; x_wconf 80' lang='grc' dir='ltr'>ἀγάπην</span> <span class='ocrx_word' id='word_1_57' title='bbox 1236 980 1384 1049; x_wconf 77' lang='grc' dir='ltr'>εχετε</span> <span class='ocrx_word' id='word_1_58' title='bbox 1444 980 1539 1033; x_wconf 76' lang='grc' dir='ltr'>καὶ</span> <span class='ocrx_word' id='word_1_59' title='bbox 1584 996 1717 1032; x_wconf 85' lang='grc' dir='ltr'>συν-</span> 
     </span>
    </p>
   </div>
   <div class='ocr_carea' id='block_1_8' title="bbox 162 1066 1718 1137">
    <p class='ocr_par' dir='ltr' id='par_1_8' title="bbox 162 1066 1718 1137">
     <span class='ocr_line' id='line_1_8' title="bbox 162 1066 1718 1137; baseline -0.001 -17"><span class='ocrx_word' id='word_1_60' title='bbox 162 1069 336 1137; x_wconf 77' lang='grc' dir='ltr'>ήθειαν</span> <span class='ocrx_word' id='word_1_61' title='bbox 356 1082 370 1095; x_wconf 99' lang='grc'>⁸</span> <span class='ocrx_word' id='word_1_62' title='bbox 404 1067 467 1119; x_wconf 88' lang='lat' dir='ltr'><em>o6</em></span> <span class='ocrx_word' id='word_1_63' title='bbox 502 1068 675 1136; x_wconf 86' lang='grc' dir='ltr'>μικρά</span> <span class='ocrx_word' id='word_1_64' title='bbox 701 1067 756 1120; x_wconf 80' lang='grc' dir='ltr'>δι</span> <span class='ocrx_word' id='word_1_65' title='bbox 782 1066 950 1120; x_wconf 89' lang='grc' dir='ltr'>ταῦτα</span> <span class='ocrx_word' id='word_1_66' title='bbox 974 1070 1049 1131; x_wconf 91' lang='grc' dir='ltr'>είς</span> <span class='ocrx_word' id='word_1_67' title='bbox 1072 1067 1442 1130; x_wconf 76' lang='grc' dir='ltr'>διδασκαλίαν,</span> <span class='ocrx_word' id='word_1_68' title='bbox 1471 1066 1583 1120; x_wconf 80' lang='grc' dir='ltr'>ἀλλ’</span> <span class='ocrx_word' id='word_1_69' title='bbox 1610 1067 1718 1119; x_wconf 78' lang='grc' dir='ltr'>εἵσ-</span> 
     </span>
    </p>
   </div>
   <div class='ocr_carea' id='block_1_9' title="bbox 161 1153 1719 1225">
    <p class='ocr_par' dir='ltr' id='par_1_9' title="bbox 161 1153 1719 1225">
     <span class='ocr_line' id='line_1_9' title="bbox 161 1153 1719 1225; baseline 0.001 -19"><span class='ocrx_word' id='word_1_70' title='bbox 161 1155 257 1206; x_wconf 87' lang='grc' dir='ltr'>οδοι</span> <span class='ocrx_word' id='word_1_71' title='bbox 286 1153 527 1222; x_wconf 82' lang='grc' dir='ltr'>μεγάλαι</span> <span class='ocrx_word' id='word_1_72' title='bbox 559 1155 653 1206; x_wconf 70' lang='grc' dir='ltr'>καὶ</span> <span class='ocrx_word' id='word_1_73' title='bbox 701 1154 977 1225; x_wconf 84' lang='grc' dir='ltr'>εὐκαιρίαι</span> <span class='ocrx_word' id='word_1_74' title='bbox 1007 1171 1019 1184; x_wconf 92' lang='grc'>⁸</span> <span class='ocrx_word' id='word_1_75' title='bbox 1062 1156 1155 1207; x_wconf 78' lang='grc' dir='ltr'>καὶ</span> <span class='ocrx_word' id='word_1_76' title='bbox 1190 1156 1389 1224; x_wconf 79' lang='grc' dir='ltr'>μᾶλλον</span> <span class='ocrx_word' id='word_1_77' title='bbox 1414 1156 1569 1225; x_wconf 80' lang='grc' dir='ltr'>ἡμῶν</span> <span class='ocrx_word' id='word_1_78' title='bbox 1598 1157 1719 1208; x_wconf 75' lang='grc' dir='ltr'>ἐπι-</span> 
     </span>
    </p>
   </div>
   <div class='ocr_carea' id='block_1_10' title="bbox 166 1239 1715 1311">
    <p class='ocr_par' dir='ltr' id='par_1_10' title="bbox 166 1239 1715 1311">
     <span class='ocr_line' id='line_1_10' title="bbox 166 1239 1715 1311; baseline 0.005 -21"><span class='ocrx_word' id='word_1_79' title='bbox 166 1239 347 1307; x_wconf 76' lang='grc' dir='ltr'>πλῆξαι</span> <span class='ocrx_word' id='word_1_80' title='bbox 384 1241 477 1293; x_wconf 68' lang='grc' dir='ltr'>καὶ</span> <span class='ocrx_word' id='word_1_81' title='bbox 508 1242 895 1311; x_wconf 67' lang='grc' dir='ltr'>παρακαλέσαι</span> <span class='ocrx_word' id='word_1_82' title='bbox 932 1242 1246 1311; x_wconf 85' lang='grc' dir='ltr'>δυνήσεσθε.</span> <span class='ocrx_word' id='word_1_83' title='bbox 1289 1244 1397 1297; x_wconf 71' lang='grc' dir='ltr'>Καὶ</span> <span class='ocrx_word' id='word_1_84' title='bbox 1443 1245 1504 1297; x_wconf 84' lang='grc' dir='ltr'>οὐ</span> <span class='ocrx_word' id='word_1_85' title='bbox 1556 1244 1715 1297; x_wconf 84' lang='grc' dir='ltr'>τοῦτο</span> 
     </span>
    </p>
   </div>
   <div class='ocr_carea' id='block_1_11' title="bbox 166 1327 1719 1403">
    <p class='ocr_par' dir='ltr' id='par_1_11' title="bbox 166 1327 1719 1403">
     <span class='ocr_line' id='line_1_11' title="bbox 166 1327 1719 1403; baseline 0.005 -24"><span class='ocrx_word' id='word_1_86' title='bbox 166 1329 330 1396; x_wconf 85' lang='grc' dir='ltr'>μόνον,</span> <span class='ocrx_word' id='word_1_87' title='bbox 367 1329 487 1382; x_wconf 86' lang='grc' dir='ltr'>ἀλλ’</span> <span class='ocrx_word' id='word_1_88' title='bbox 520 1330 601 1383; x_wconf 89' lang='grc' dir='ltr'>δτι</span> <span class='ocrx_word' id='word_1_89' title='bbox 646 1330 756 1399; x_wconf 76' lang='grc' dir='ltr'>ἐγὼ</span> <span class='ocrx_word' id='word_1_90' title='bbox 790 1333 888 1401; x_wconf 80' lang='grc' dir='ltr'>μέν</span> <span class='ocrx_word' id='word_1_91' title='bbox 917 1327 998 1395; x_wconf 76' lang='grc' dir='ltr'>εἷς</span> <span class='ocrx_word' id='word_1_92' title='bbox 1041 1335 1178 1403; x_wconf 87' lang='grc' dir='ltr'>είμι,</span> <span class='ocrx_word' id='word_1_93' title='bbox 1222 1334 1380 1403; x_wconf 73' lang='grc' dir='ltr'>ὑμεῖς</span> <span class='ocrx_word' id='word_1_94' title='bbox 1401 1334 1455 1387; x_wconf 72' lang='grc' dir='ltr'>δὲ</span> <span class='ocrx_word' id='word_1_95' title='bbox 1512 1335 1719 1399; x_wconf 73' lang='grc' dir='ltr'>πολλοὶ,</span> 
     </span>
    </p>
   </div>
   <div class='ocr_carea' id='block_1_12' title="bbox 167 1419 1718 1491">
    <p class='ocr_par' dir='ltr' id='par_1_12' title="bbox 167 1419 1718 1491">
     <span class='ocr_line' id='line_1_12' title="bbox 167 1419 1718 1491; baseline 0.005 -21"><span class='ocrx_word' id='word_1_96' title='bbox 167 1420 246 1472; x_wconf 77' lang='grc' dir='ltr'>καὶ</span> <span class='ocrx_word' id='word_1_97' title='bbox 266 1420 565 1491; x_wconf 84' lang='grc' dir='ltr'>δυνήσεσθε</span> <span class='ocrx_word' id='word_1_98' title='bbox 608 1421 809 1483; x_wconf 87' lang='grc' dir='ltr'>πάντες</span> <span class='ocrx_word' id='word_1_99' title='bbox 853 1424 968 1476; x_wconf 81' lang='grc' dir='ltr'>ὅσοι</span> <span class='ocrx_word' id='word_1_100' title='bbox 1023 1424 1169 1489; x_wconf 68' lang='grc' dir='ltr'>ἐστὶ,</span> <span class='ocrx_word' id='word_1_101' title='bbox 1224 1419 1361 1477; x_wconf 79' lang='grc' dir='ltr'>εἶναι</span> <span class='ocrx_word' id='word_1_102' title='bbox 1391 1424 1718 1478; x_wconf 86' lang='grc' dir='ltr'>διδάσκαλοι.</span> 
     </span>
    </p>
   </div>
   <div class='ocr_carea' id='block_1_13' title="bbox 165 1512 1721 1585">
    <p class='ocr_par' dir='ltr' id='par_1_13' title="bbox 165 1512 1721 1585">
     <span class='ocr_line' id='line_1_13' title="bbox 165 1512 1721 1585; baseline 0.004 -24"><span class='ocrx_word' id='word_1_103' title='bbox 165 1512 264 1571; x_wconf 81' lang='grc' dir='ltr'>Διὸ,</span> <span class='ocrx_word' id='word_1_104' title='bbox 288 1512 616 1581; x_wconf 83' lang='grc' dir='ltr'>παρακαλῶ,</span> <span class='ocrx_word' id='word_1_105' title='bbox 643 1514 718 1582; x_wconf 82' lang='grc' dir='ltr'>μὴ</span> <span class='ocrx_word' id='word_1_106' title='bbox 750 1513 999 1583; x_wconf 84' lang='grc' dir='ltr'>ἀμελεῖτε</span> <span class='ocrx_word' id='word_1_107' title='bbox 1022 1516 1114 1568; x_wconf 90' lang='grc' dir='ltr'>τοῦ</span> <span class='ocrx_word' id='word_1_108' title='bbox 1138 1516 1477 1585; x_wconf 80' lang='grc' dir='ltr'>χαρίσματος</span> <span class='ocrx_word' id='word_1_109' title='bbox 1508 1516 1721 1570; x_wconf 74' lang='grc' dir='ltr'>τούτουο</span> 
     </span>
    </p>
   </div>
   <div class='ocr_carea' id='block_1_14' title="bbox 166 1600 1722 1677">
    <p class='ocr_par' dir='ltr' id='par_1_14' title="bbox 166 1600 1722 1677">
     <span class='ocr_line' id='line_1_14' title="bbox 166 1600 1722 1677; baseline 0.005 -25"><span class='ocrx_word' id='word_1_110' title='bbox 166 1600 379 1665; x_wconf 76' lang='grc' dir='ltr'>ῖκαστος</span> <span class='ocrx_word' id='word_1_111' title='bbox 408 1604 646 1669; x_wconf 85' lang='grc' dir='ltr'>γυναῖκα</span> <span class='ocrx_word' id='word_1_112' title='bbox 675 1602 808 1673; x_wconf 71' lang='grc' dir='ltr'>ἔχει,</span> <span class='ocrx_word' id='word_1_113' title='bbox 842 1604 991 1672; x_wconf 82' lang='grc' dir='ltr'>φίλον</span> <span class='ocrx_word' id='word_1_114' title='bbox 1023 1604 1156 1675; x_wconf 76' lang='grc' dir='ltr'>ἔχει,</span> <span class='ocrx_word' id='word_1_115' title='bbox 1186 1605 1404 1676; x_wconf 76' lang='grc' dir='ltr'>οἰκέτην</span> <span class='ocrx_word' id='word_1_116' title='bbox 1438 1607 1572 1677; x_wconf 76' lang='grc' dir='ltr'>ἔχει,</span> <span class='ocrx_word' id='word_1_117' title='bbox 1608 1607 1722 1671; x_wconf 84' lang='grc' dir='ltr'>γεί-</span> 
     </span>
    </p>
   </div>
   <div class='ocr_carea' id='block_1_15' title="bbox 168 1693 1718 1770">
    <p class='ocr_par' dir='ltr' id='par_1_15' title="bbox 168 1693 1718 1770">
     <span class='ocr_line' id='line_1_15' title="bbox 168 1693 1718 1770; baseline 0.005 -27"><span class='ocrx_word' id='word_1_118' title='bbox 168 1708 281 1744; x_wconf 82' lang='grc' dir='ltr'>τονα</span> <span class='ocrx_word' id='word_1_119' title='bbox 307 1693 419 1761; x_wconf 76' lang='grc' dir='ltr'>ιχει</span> <span class='ocrx_word' id='word_1_120' title='bbox 449 1709 464 1723; x_wconf 84' lang='grc'>⁸</span> <span class='ocrx_word' id='word_1_121' title='bbox 516 1693 688 1765; x_wconf 84' lang='grc' dir='ltr'>τούτῳ</span> <span class='ocrx_word' id='word_1_122' title='bbox 717 1695 1109 1765; x_wconf 76' lang='grc' dir='ltr'>ἐπιπληττέτω,</span> <span class='ocrx_word' id='word_1_123' title='bbox 1160 1696 1333 1766; x_wconf 82' lang='grc' dir='ltr'>τούτῳ</span> <span class='ocrx_word' id='word_1_124' title='bbox 1364 1698 1718 1770; x_wconf 85' lang='grc' dir='ltr'>παραινείτω.</span> 
     </span>
    </p>
   </div>
   <div class='ocr_carea' id='block_1_16' title="bbox 171 1781 1726 1858">
    <p class='ocr_par' dir='ltr' id='par_1_16' title="bbox 171 1781 1726 1858">
     <span class='ocr_line' id='line_1_16' title="bbox 171 1781 1726 1858; baseline 0.005 -25"><span class='ocrx_word' id='word_1_125' title='bbox 171 1781 278 1846; x_wconf 58' lang='lat' dir='ltr'><strong>Ili»;</strong></span> <span class='ocrx_word' id='word_1_126' title='bbox 319 1782 426 1854; x_wconf 89' lang='grc' dir='ltr'>γάρ</span> <span class='ocrx_word' id='word_1_127' title='bbox 479 1784 583 1837; x_wconf 83' lang='grc' dir='ltr'>οὐκ</span> <span class='ocrx_word' id='word_1_128' title='bbox 620 1784 838 1851; x_wconf 74' lang='grc' dir='ltr'>ἄτοπον,</span> <span class='ocrx_word' id='word_1_129' title='bbox 903 1787 1043 1856; x_wconf 79' lang='grc' dir='ltr'>ὺπέρ</span> <span class='ocrx_word' id='word_1_130' title='bbox 1102 1788 1200 1858; x_wconf 76' lang='grc' dir='ltr'>μὲν</span> <span class='ocrx_word' id='word_1_131' title='bbox 1241 1789 1445 1858; x_wconf 84' lang='grc' dir='ltr'>τροφῆς</span> <span class='ocrx_word' id='word_1_132' title='bbox 1479 1788 1726 1841; x_wconf 68' lang='grc' dir='ltr'>συσσίτια</span> 
     </span>
    </p>
   </div>
   <div class='ocr_carea' id='block_1_17' title="bbox 172 1874 1725 1949">
    <p class='ocr_par' dir='ltr' id='par_1_17' title="bbox 172 1874 1725 1949">
     <span class='ocr_line' id='line_1_17' title="bbox 172 1874 1725 1949; baseline 0.006 -25"><span class='ocrx_word' id='word_1_133' title='bbox 172 1874 327 1925; x_wconf 86' lang='grc' dir='ltr'>ποιεῖν</span> <span class='ocrx_word' id='word_1_134' title='bbox 351 1875 446 1927; x_wconf 81' lang='grc' dir='ltr'>καὶ</span> <span class='ocrx_word' id='word_1_135' title='bbox 479 1877 779 1944; x_wconf 78' lang='grc' dir='ltr'>συμπόσια,</span> <span class='ocrx_word' id='word_1_136' title='bbox 813 1878 907 1929; x_wconf 80' lang='grc' dir='ltr'>καὶ</span> <span class='ocrx_word' id='word_1_137' title='bbox 941 1878 1152 1948; x_wconf 78' lang='grc' dir='ltr'>ἡμέραν</span> <span class='ocrx_word' id='word_1_138' title='bbox 1182 1879 1327 1947; x_wconf 70' lang='grc' dir='ltr'>ἔχειν</span> <span class='ocrx_word' id='word_1_139' title='bbox 1355 1883 1558 1949; x_wconf 76' lang='grc' dir='ltr'>τακτὴν</span> <span class='ocrx_word' id='word_1_140' title='bbox 1585 1876 1725 1934; x_wconf 77' lang='grc' dir='ltr'>ὥστε</span> 
     </span>
    </p>
   </div>
   <div class='ocr_carea' id='block_1_18' title="bbox 174 1964 1727 2038">
    <p class='ocr_par' dir='ltr' id='par_1_18' title="bbox 174 1964 1727 2038">
     <span class='ocr_line' id='line_1_18' title="bbox 174 1964 1727 2038; baseline 0.007 -25"><span class='ocrx_word' id='word_1_141' title='bbox 174 1965 585 2034; x_wconf 84' lang='grc' dir='ltr'>συγκροτεῖσθαι</span> <span class='ocrx_word' id='word_1_142' title='bbox 614 1964 895 2035; x_wconf 88' lang='grc' dir='ltr'>ἀλλήλους,</span> <span class='ocrx_word' id='word_1_143' title='bbox 930 1968 1023 2019; x_wconf 74' lang='grc' dir='ltr'>καὶ</span> <span class='ocrx_word' id='word_1_144' title='bbox 1052 1968 1112 2020; x_wconf 76' lang='grc' dir='ltr'>τὸ</span> <span class='ocrx_word' id='word_1_145' title='bbox 1139 1969 1355 2038; x_wconf 71' lang='grc' dir='ltr'>ἑκάστῳ</span> <span class='ocrx_word' id='word_1_146' title='bbox 1387 1970 1575 2024; x_wconf 84' lang='grc' dir='ltr'>λεῖπον</span> <span class='ocrx_word' id='word_1_147' title='bbox 1606 1971 1727 2023; x_wconf 84' lang='grc' dir='ltr'>καθ’</span> 
     </span>
    </p>
   </div>
   <div class='ocr_carea' id='block_1_19' title="bbox 172 2050 1723 2127">
    <p class='ocr_par' dir='ltr' id='par_1_19' title="bbox 172 2050 1723 2127">
     <span class='ocr_line' id='line_1_19' title="bbox 172 2050 1723 2127; baseline 0.006 -24"><span class='ocrx_word' id='word_1_148' title='bbox 172 2050 345 2106; x_wconf 75' lang='grc' dir='ltr'>ἐαυτὸν</span> <span class='ocrx_word' id='word_1_149' title='bbox 374 2054 490 2107; x_wconf 81' lang='grc' dir='ltr'>δντι</span> <span class='ocrx_word' id='word_1_150' title='bbox 520 2054 962 2125; x_wconf 80' lang='grc' dir='ltr'>ἀναπληροῦσθαι</span> <span class='ocrx_word' id='word_1_151' title='bbox 992 2056 1079 2110; x_wconf 89' lang='grc' dir='ltr'>διά</span> <span class='ocrx_word' id='word_1_152' title='bbox 1121 2058 1218 2127; x_wconf 87' lang='grc' dir='ltr'>τῆς</span> <span class='ocrx_word' id='word_1_153' title='bbox 1257 2061 1559 2122; x_wconf 88' lang='grc' dir='ltr'>κοινωνίας,</span> <span class='ocrx_word' id='word_1_154' title='bbox 1593 2054 1723 2127; x_wconf 75' lang='grc' dir='ltr'>οἷον,</span> 
     </span>
    </p>
   </div>
   <div class='ocr_carea' id='block_1_20' title="bbox 175 2146 1725 2222">
    <p class='ocr_par' dir='ltr' id='par_1_20' title="bbox 175 2146 1725 2222">
     <span class='ocr_line' id='line_1_20' title="bbox 175 2146 1725 2222; baseline 0.006 -26"><span class='ocrx_word' id='word_1_155' title='bbox 175 2146 269 2197; x_wconf 86' lang='grc' dir='ltr'>εῖτε</span> <span class='ocrx_word' id='word_1_156' title='bbox 290 2147 366 2209; x_wconf 87' lang='grc' dir='ltr'>είς</span> <span class='ocrx_word' id='word_1_157' title='bbox 417 2147 658 2216; x_wconf 81' lang='grc' dir='ltr'>ἐκφορὰν</span> <span class='ocrx_word' id='word_1_158' title='bbox 700 2148 920 2200; x_wconf 88' lang='grc' dir='ltr'>ἀπιέναι</span> <span class='ocrx_word' id='word_1_159' title='bbox 964 2147 1094 2211; x_wconf 88' lang='grc' dir='ltr'>δέοι,</span> <span class='ocrx_word' id='word_1_160' title='bbox 1124 2150 1232 2202; x_wconf 90' lang='grc' dir='ltr'>εῖτε</span> <span class='ocrx_word' id='word_1_161' title='bbox 1262 2152 1339 2213; x_wconf 90' lang='grc' dir='ltr'>είς</span> <span class='ocrx_word' id='word_1_162' title='bbox 1367 2150 1582 2222; x_wconf 77' lang='grc' dir='ltr'>ἄριστα,</span> <span class='ocrx_word' id='word_1_163' title='bbox 1617 2154 1725 2206; x_wconf 82' lang='grc' dir='ltr'>εῖτε</span> 
     </span>
    </p>
   </div>
   <div class='ocr_carea' id='block_1_21' title="bbox 181 2238 1728 2312">
    <p class='ocr_par' dir='ltr' id='par_1_21' title="bbox 181 2238 1728 2312">
     <span class='ocr_line' id='line_1_21' title="bbox 181 2238 1728 2312; baseline 0.005 -25"><span class='ocrx_word' id='word_1_164' title='bbox 181 2239 480 2306; x_wconf 73' lang='grc' dir='ltr'>συμπρᾶξαι</span> <span class='ocrx_word' id='word_1_165' title='bbox 510 2238 566 2292; x_wconf 77' lang='grc' dir='ltr'>ἔν</span> <span class='ocrx_word' id='word_1_166' title='bbox 594 2256 700 2292; x_wconf 86' lang='grc' dir='ltr'>τινι</span> <span class='ocrx_word' id='word_1_167' title='bbox 732 2238 880 2312; x_wconf 64' lang='grc' dir='ltr'>Ῐῖ8ὶ]</span> <span class='ocrx_word' id='word_1_168' title='bbox 910 2239 984 2310; x_wconf 86' lang='grc' dir='ltr'>τῷ</span> <span class='ocrx_word' id='word_1_169' title='bbox 1026 2240 1252 2311; x_wconf 78' lang='grc' dir='ltr'>πλησίον</span> <span class='ocrx_word' id='word_1_170' title='bbox 1284 2260 1297 2274; x_wconf 87' lang='grc'>⁸</span> <span class='ocrx_word' id='word_1_171' title='bbox 1333 2246 1412 2306; x_wconf 89' lang='grc' dir='ltr'>είς</span> <span class='ocrx_word' id='word_1_172' title='bbox 1438 2244 1493 2296; x_wconf 79' lang='grc' dir='ltr'>δὲ</span> <span class='ocrx_word' id='word_1_173' title='bbox 1528 2242 1728 2312; x_wconf 83' lang='grc' dir='ltr'>ἀρετῆς</span> 
     </span>
    </p>
   </div>
   <div class='ocr_carea' id='block_1_22' title="bbox 177 2325 1726 2401">
    <p class='ocr_par' dir='ltr' id='par_1_22' title="bbox 177 2325 1726 2401">
     <span class='ocr_line' id='line_1_22' title="bbox 177 2325 1726 2401; baseline 0.004 -24"><span class='ocrx_word' id='word_1_174' title='bbox 177 2325 506 2381; x_wconf 74' lang='grc' dir='ltr'>διδασκαλίαν</span> <span class='ocrx_word' id='word_1_175' title='bbox 542 2330 618 2399; x_wconf 77' lang='grc' dir='ltr'>μὴ</span> <span class='ocrx_word' id='word_1_176' title='bbox 657 2328 813 2383; x_wconf 84' lang='grc' dir='ltr'>τοῦτο</span> <span class='ocrx_word' id='word_1_177' title='bbox 842 2333 1055 2394; x_wconf 87' lang='grc' dir='ltr'>ποιεῖν;</span> <span class='ocrx_word' id='word_1_178' title='bbox 1088 2332 1215 2395; x_wconf 72' lang='grc' dir='ltr'>Ναὶ,</span> <span class='ocrx_word' id='word_1_179' title='bbox 1262 2333 1584 2401; x_wconf 83' lang='grc' dir='ltr'>παρακαλῶ,</span> <span class='ocrx_word' id='word_1_180' title='bbox 1620 2350 1726 2401; x_wconf 77' lang='grc' dir='ltr'>μη-</span> 
     </span>
    </p>
   </div>
   <div class='ocr_carea' id='block_1_23' title="bbox 180 2414 1728 2493">
    <p class='ocr_par' dir='ltr' id='par_1_23' title="bbox 180 2414 1728 2493">
     <span class='ocr_line' id='line_1_23' title="bbox 180 2414 1728 2493; baseline 0.006 -26"><span class='ocrx_word' id='word_1_181' title='bbox 180 2414 278 2480; x_wconf 77' lang='grc' dir='ltr'>δεὶς</span> <span class='ocrx_word' id='word_1_182' title='bbox 308 2418 583 2487; x_wconf 73' lang='grc' dir='ltr'>ἀμελείτω</span> <span class='ocrx_word' id='word_1_183' title='bbox 610 2435 623 2448; x_wconf 92' lang='grc'>⁸</span> <span class='ocrx_word' id='word_1_184' title='bbox 663 2419 854 2489; x_wconf 82' lang='grc' dir='ltr'>μισθὸν</span> <span class='ocrx_word' id='word_1_185' title='bbox 880 2420 989 2491; x_wconf 84' lang='grc' dir='ltr'>γὰρ</span> <span class='ocrx_word' id='word_1_186' title='bbox 1021 2421 1237 2491; x_wconf 78' lang='grc' dir='ltr'>δέχεται</span> <span class='ocrx_word' id='word_1_187' title='bbox 1266 2422 1417 2493; x_wconf 80' lang='grc' dir='ltr'>παρὰ</span> <span class='ocrx_word' id='word_1_188' title='bbox 1461 2422 1594 2475; x_wconf 85' lang='grc' dir='ltr'>Θεοῦ</span> <span class='ocrx_word' id='word_1_189' title='bbox 1628 2439 1728 2475; x_wconf 88' lang='grc' dir='ltr'>πο-</span> 
     </span>
    </p>
   </div>
   <div class='ocr_carea' id='block_1_24' title="bbox 184 2507 1729 2583">
    <p class='ocr_par' dir='ltr' id='par_1_24' title="bbox 184 2507 1729 2583">
     <span class='ocr_line' id='line_1_24' title="bbox 184 2507 1729 2583; baseline 0.005 -25"><span class='ocrx_word' id='word_1_190' title='bbox 184 2507 286 2562; x_wconf 85' lang='grc' dir='ltr'>λύν.</span> <span class='ocrx_word' id='word_1_191' title='bbox 310 2509 414 2562; x_wconf 77' lang='grc' dir='ltr'>Καὶ</span> <span class='ocrx_word' id='word_1_192' title='bbox 453 2511 540 2563; x_wconf 85' lang='grc' dir='ltr'>ῖνα</span> <span class='ocrx_word' id='word_1_193' title='bbox 574 2510 779 2580; x_wconf 73' lang='grc' dir='ltr'>μάθῃς,</span> <span class='ocrx_word' id='word_1_194' title='bbox 803 2513 830 2563; x_wconf 99' lang='lat'>6</span> <span class='ocrx_word' id='word_1_195' title='bbox 855 2510 925 2564; x_wconf 88' lang='grc' dir='ltr'>τά</span> <span class='ocrx_word' id='word_1_196' title='bbox 955 2511 1115 2564; x_wconf 89' lang='grc' dir='ltr'>πέντε</span> <span class='ocrx_word' id='word_1_197' title='bbox 1143 2513 1381 2566; x_wconf 91' lang='grc' dir='ltr'>τάλαντα</span> <span class='ocrx_word' id='word_1_198' title='bbox 1435 2515 1729 2583; x_wconf 80' lang='grc' dir='ltr'>ἐμπιστευ-</span> 
     </span>
    </p>
   </div>
   <div class='ocr_carea' id='block_1_25' title="bbox 181 2598 1725 2677">
    <p class='ocr_par' dir='ltr' id='par_1_25' title="bbox 181 2598 1725 2677">
     <span class='ocr_line' id='line_1_25' title="bbox 181 2598 1725 2677; baseline 0.006 -27"><span class='ocrx_word' id='word_1_199' title='bbox 181 2598 295 2663; x_wconf 72' lang='grc' dir='ltr'>θεὶς,</span> <span class='ocrx_word' id='word_1_200' title='bbox 327 2601 473 2654; x_wconf 72' lang='grc' dir='ltr'>ἐστὶν</span> <span class='ocrx_word' id='word_1_201' title='bbox 536 2602 564 2653; x_wconf 94' lang='grc' dir='ltr'>ὀ</span> <span class='ocrx_word' id='word_1_202' title='bbox 607 2600 923 2665; x_wconf 84' lang='grc' dir='ltr'>διδάσκαλος</span> <span class='ocrx_word' id='word_1_203' title='bbox 953 2617 966 2631; x_wconf 86' lang='grc'>⁸</span> <span class='ocrx_word' id='word_1_204' title='bbox 994 2604 1020 2655; x_wconf 93' lang='grc' dir='ltr'>ὀ</span> <span class='ocrx_word' id='word_1_205' title='bbox 1048 2602 1105 2655; x_wconf 78' lang='grc' dir='ltr'>δέ</span> <span class='ocrx_word' id='word_1_206' title='bbox 1152 2603 1210 2655; x_wconf 77' lang='grc' dir='ltr'>τὸ</span> <span class='ocrx_word' id='word_1_207' title='bbox 1245 2603 1323 2663; x_wconf 81' lang='grc' dir='ltr'>ἐν,</span> <span class='ocrx_word' id='word_1_208' title='bbox 1375 2605 1403 2656; x_wconf 89' lang='grc' dir='ltr'>ὀ</span> <span class='ocrx_word' id='word_1_209' title='bbox 1448 2605 1725 2677; x_wconf 88' lang='grc' dir='ltr'>μαθητής.</span> 
     </span>
    </p>
   </div>
   <div class='ocr_carea' id='block_1_26' title="bbox 191 2688 1727 2765">
    <p class='ocr_par' dir='ltr' id='par_1_26' title="bbox 191 2688 1727 2765">
     <span class='ocr_line' id='line_1_26' title="bbox 191 2688 1727 2765; baseline 0.005 -24"><span class='ocrx_word' id='word_1_210' title='bbox 191 2688 299 2740; x_wconf 70' lang='grc' dir='ltr'>Ἐὰν</span> <span class='ocrx_word' id='word_1_211' title='bbox 324 2691 378 2743; x_wconf 71' lang='grc' dir='ltr'>δι</span> <span class='ocrx_word' id='word_1_212' title='bbox 407 2692 539 2763; x_wconf 75' lang='grc' dir='ltr'>εῖπῃ</span> <span class='ocrx_word' id='word_1_213' title='bbox 560 2693 587 2744; x_wconf 93' lang='grc' dir='ltr'>ὀ</span> <span class='ocrx_word' id='word_1_214' title='bbox 618 2691 1162 2763; x_wconf 72' lang='grc' dir='ltr'>μαθητὴς,Μαθητής</span> <span class='ocrx_word' id='word_1_215' title='bbox 1188 2697 1301 2763; x_wconf 87' lang='grc' dir='ltr'>είμι</span> <span class='ocrx_word' id='word_1_216' title='bbox 1328 2694 1459 2763; x_wconf 82' lang='grc' dir='ltr'>ἐγὼ.</span> <span class='ocrx_word' id='word_1_217' title='bbox 1490 2698 1591 2749; x_wconf 78' lang='grc' dir='ltr'>οὐκ</span> <span class='ocrx_word' id='word_1_218' title='bbox 1618 2697 1727 2765; x_wconf 71' lang='grc' dir='ltr'>ἔχω</span> 
     </span>
    </p>
   </div>
   <div class='ocr_carea' id='block_1_27' title="bbox 182 2779 1732 2855">
    <p class='ocr_par' dir='ltr' id='par_1_27' title="bbox 182 2779 1732 2855">
     <span class='ocr_line' id='line_1_27' title="bbox 182 2779 1732 2855; baseline 0.008 -26"><span class='ocrx_word' id='word_1_219' title='bbox 182 2779 422 2841; x_wconf 76' lang='grc' dir='ltr'>κίνδυνον.</span> <span class='ocrx_word' id='word_1_220' title='bbox 461 2783 558 2835; x_wconf 74' lang='grc' dir='ltr'>καὶ</span> <span class='ocrx_word' id='word_1_221' title='bbox 586 2781 643 2834; x_wconf 85' lang='grc' dir='ltr'>ὀν</span> <span class='ocrx_word' id='word_1_222' title='bbox 676 2782 837 2836; x_wconf 67' lang='grc' dir='ltr'>ἔλασε</span> <span class='ocrx_word' id='word_1_223' title='bbox 862 2784 1013 2855; x_wconf 76' lang='grc' dir='ltr'>παρὰ</span> <span class='ocrx_word' id='word_1_224' title='bbox 1043 2785 1132 2839; x_wconf 89' lang='grc' dir='ltr'>τοῦ</span> <span class='ocrx_word' id='word_1_225' title='bbox 1164 2784 1299 2839; x_wconf 84' lang='grc' dir='ltr'>Θεοῦ</span> <span class='ocrx_word' id='word_1_226' title='bbox 1332 2786 1509 2855; x_wconf 89' lang='grc' dir='ltr'>λόγον,</span> <span class='ocrx_word' id='word_1_227' title='bbox 1540 2791 1732 2841; x_wconf 76' lang='grc' dir='ltr'>τοῦτον</span> 
     </span>
    </p>
   </div>
   <div class='ocr_carea' id='block_1_28' title="bbox 182 2869 1728 2949">
    <p class='ocr_par' dir='ltr' id='par_1_28' title="bbox 182 2869 1728 2949">
     <span class='ocr_line' id='line_1_28' title="bbox 182 2869 1728 2949; baseline 0.006 -28"><span class='ocrx_word' id='word_1_228' title='bbox 182 2869 258 2921; x_wconf 73' lang='grc' dir='ltr'>τὸν</span> <span class='ocrx_word' id='word_1_229' title='bbox 293 2871 466 2925; x_wconf 81' lang='grc' dir='ltr'>κοινὸν</span> <span class='ocrx_word' id='word_1_230' title='bbox 502 2873 598 2925; x_wconf 71' lang='grc' dir='ltr'>καὶ</span> <span class='ocrx_word' id='word_1_231' title='bbox 624 2873 779 2941; x_wconf 76' lang='grc' dir='ltr'>ψιλὸν</span> <span class='ocrx_word' id='word_1_232' title='bbox 802 2876 1147 2948; x_wconf 76' lang='grc' dir='ltr'>κατακρύψῃ.</span> <span class='ocrx_word' id='word_1_233' title='bbox 1175 2878 1266 2929; x_wconf 79' lang='grc' dir='ltr'>καὶ</span> <span class='ocrx_word' id='word_1_234' title='bbox 1293 2878 1368 2945; x_wconf 82' lang='grc' dir='ltr'>μὴ</span> <span class='ocrx_word' id='word_1_235' title='bbox 1396 2877 1728 2949; x_wconf 82' lang='grc' dir='ltr'>παραινέσῃ.</span> 
     </span>
    </p>
   </div>
   <div class='ocr_carea' id='block_1_29' title="bbox 186 2959 1728 3038">
    <p class='ocr_par' dir='ltr' id='par_1_29' title="bbox 186 2959 1728 3038">
     <span class='ocr_line' id='line_1_29' title="bbox 186 2959 1728 3038; baseline 0.005 -24"><span class='ocrx_word' id='word_1_236' title='bbox 186 2959 249 3028; x_wconf 75' lang='grc' dir='ltr'>μὴ</span> <span class='ocrx_word' id='word_1_237' title='bbox 274 2963 735 3034; x_wconf 74' lang='grc' dir='ltr'>παρῤησιάσηται,</span> <span class='ocrx_word' id='word_1_238' title='bbox 765 2964 839 3033; x_wconf 79' lang='grc' dir='ltr'>μὴ</span> <span class='ocrx_word' id='word_1_239' title='bbox 869 2964 1084 3037; x_wconf 81' lang='grc' dir='ltr'>ἐλέγξῃ,</span> <span class='ocrx_word' id='word_1_240' title='bbox 1110 2967 1185 3035; x_wconf 81' lang='grc' dir='ltr'>μὴ</span> <span class='ocrx_word' id='word_1_241' title='bbox 1208 2968 1525 3038; x_wconf 79' lang='grc' dir='ltr'>νουθετήσῃ,</span> <span class='ocrx_word' id='word_1_242' title='bbox 1553 2971 1600 3020; x_wconf 86' lang='grc' dir='ltr'>εί</span> <span class='ocrx_word' id='word_1_243' title='bbox 1634 2968 1728 3021; x_wconf 88' lang='grc' dir='ltr'>δύ-</span> 
     </span>
    </p>
   </div>
   <div class='ocr_carea' id='block_1_30' title="bbox 185 3051 1731 3126">
    <p class='ocr_par' dir='ltr' id='par_1_30' title="bbox 185 3051 1731 3126">
     <span class='ocr_line' id='line_1_30' title="bbox 185 3051 1731 3126; baseline 0.006 -26"><span class='ocrx_word' id='word_1_244' title='bbox 185 3065 343 3111; x_wconf 84' lang='grc' dir='ltr'>ναται,</span> <span class='ocrx_word' id='word_1_245' title='bbox 378 3051 519 3104; x_wconf 84' lang='grc' dir='ltr'>ἀλλά</span> <span class='ocrx_word' id='word_1_246' title='bbox 550 3053 877 3125; x_wconf 76' lang='grc' dir='ltr'>κατακρύψῃ</span> <span class='ocrx_word' id='word_1_247' title='bbox 929 3056 986 3107; x_wconf 82' lang='grc' dir='ltr'>ἐν</span> <span class='ocrx_word' id='word_1_248' title='bbox 1019 3058 1082 3124; x_wconf 84' lang='grc' dir='ltr'>τῇ</span> <span class='ocrx_word' id='word_1_249' title='bbox 1130 3058 1197 3125; x_wconf 79' lang='grc' dir='ltr'>γῇ</span> <span class='ocrx_word' id='word_1_250' title='bbox 1225 3072 1238 3085; x_wconf 88' lang='grc'>⁸</span> <span class='ocrx_word' id='word_1_251' title='bbox 1296 3057 1364 3124; x_wconf 84' lang='grc' dir='ltr'>γῆ</span> <span class='ocrx_word' id='word_1_252' title='bbox 1400 3058 1507 3126; x_wconf 87' lang='grc' dir='ltr'>γάρ</span> <span class='ocrx_word' id='word_1_253' title='bbox 1563 3058 1731 3120; x_wconf 82' lang='grc' dir='ltr'>δντως</span> 
     </span>
    </p>
   </div>
   <div class='ocr_carea' id='block_1_31' title="bbox 186 3139 1732 3215">
    <p class='ocr_par' dir='ltr' id='par_1_31' title="bbox 186 3139 1732 3215">
     <span class='ocr_line' id='line_1_31' title="bbox 186 3139 1732 3215; baseline 0.007 -26"><span class='ocrx_word' id='word_1_254' title='bbox 186 3139 285 3191; x_wconf 71' lang='grc' dir='ltr'>ἐστὶ</span> <span class='ocrx_word' id='word_1_255' title='bbox 312 3142 402 3195; x_wconf 79' lang='grc' dir='ltr'>καὶ</span> <span class='ocrx_word' id='word_1_256' title='bbox 430 3143 624 3208; x_wconf 80' lang='grc' dir='ltr'>σποδὸς</span> <span class='ocrx_word' id='word_1_257' title='bbox 658 3144 852 3215; x_wconf 79' lang='grc' dir='ltr'>καρδία</span> <span class='ocrx_word' id='word_1_258' title='bbox 880 3146 938 3197; x_wconf 80' lang='lat'>:6</span> <span class='ocrx_word' id='word_1_259' title='bbox 966 3146 1210 3215; x_wconf 81' lang='grc' dir='ltr'>χάρισμα</span> <span class='ocrx_word' id='word_1_260' title='bbox 1252 3146 1343 3199; x_wconf 90' lang='grc' dir='ltr'>τοῦ</span> <span class='ocrx_word' id='word_1_261' title='bbox 1370 3146 1502 3199; x_wconf 87' lang='grc' dir='ltr'>Θεοῦ</span> <span class='ocrx_word' id='word_1_262' title='bbox 1563 3165 1732 3200; x_wconf 89' lang='grc' dir='ltr'>κατα-</span> 
     </span>
    </p>
   </div>
   <div class='ocr_carea' id='block_1_32' title="bbox 188 3230 1731 3307">
    <p class='ocr_par' dir='ltr' id='par_1_32' title="bbox 188 3230 1731 3307">
     <span class='ocr_line' id='line_1_32' title="bbox 188 3230 1731 3307; baseline 0.006 -26"><span class='ocrx_word' id='word_1_263' title='bbox 188 3230 482 3299; x_wconf 77' lang='grc' dir='ltr'>κρύπτουσα</span> <span class='ocrx_word' id='word_1_264' title='bbox 510 3249 523 3263; x_wconf 84' lang='grc'>⁸</span> <span class='ocrx_word' id='word_1_265' title='bbox 557 3234 623 3287; x_wconf 83' lang='grc' dir='ltr'>ἀν</span> <span class='ocrx_word' id='word_1_266' title='bbox 645 3236 823 3288; x_wconf 83' lang='grc' dir='ltr'>τοίνυν</span> <span class='ocrx_word' id='word_1_267' title='bbox 856 3236 1180 3306; x_wconf 74' lang='grc' dir='ltr'>κατακρύψη</span> <span class='ocrx_word' id='word_1_268' title='bbox 1209 3237 1240 3305; x_wconf 80' lang='grc' dir='ltr'>ἢ</span> <span class='ocrx_word' id='word_1_269' title='bbox 1275 3237 1343 3288; x_wconf 85' lang='grc' dir='ltr'>δι’</span> <span class='ocrx_word' id='word_1_270' title='bbox 1372 3238 1553 3301; x_wconf 85' lang='grc' dir='ltr'>δκνον,</span> <span class='ocrx_word' id='word_1_271' title='bbox 1585 3238 1616 3307; x_wconf 78' lang='grc' dir='ltr'>ἢ</span> <span class='ocrx_word' id='word_1_272' title='bbox 1644 3239 1731 3291; x_wconf 74' lang='grc' dir='ltr'>διὰ</span> 
     </span>
    </p>
   </div>
   <div class='ocr_carea' id='block_1_33' title="bbox 186 3323 1733 3395">
    <p class='ocr_par' dir='ltr' id='par_1_33' title="bbox 186 3323 1733 3395">
     <span class='ocr_line' id='line_1_33' title="bbox 186 3323 1733 3395; baseline 0.006 -22"><span class='ocrx_word' id='word_1_273' title='bbox 186 3323 528 3392; x_wconf 74' lang='grc' dir='ltr'>πονηρίαν,οὐ</span> <span class='ocrx_word' id='word_1_274' title='bbox 558 3327 911 3395; x_wconf 79' lang='grc' dir='ltr'>προστήσεται</span> <span class='ocrx_word' id='word_1_275' title='bbox 931 3326 1093 3379; x_wconf 66' lang='grc' dir='ltr'>αὐτοῦ</span> <span class='ocrx_word' id='word_1_276' title='bbox 1122 3328 1181 3379; x_wconf 86' lang='lat'>:6</span> <span class='ocrx_word' id='word_1_277' title='bbox 1204 3329 1392 3387; x_wconf 86' lang='grc' dir='ltr'>εἰπεῖν.</span> <span class='ocrx_word' id='word_1_278' title='bbox 1420 3329 1500 3381; x_wconf 87' lang='grc' dir='ltr'>ὅτι</span> <span class='ocrx_word' id='word_1_279' title='bbox 1523 3328 1617 3381; x_wconf 82' lang='grc' dir='ltr'>Ἐν</span> <span class='ocrx_word' id='word_1_280' title='bbox 1638 3330 1733 3383; x_wconf 82' lang='grc' dir='ltr'>τά·</span> 
     </span>
    </p>
   </div>
   <div class='ocr_carea' id='block_1_34' title="bbox 187 3411 1734 3493">
    <p class='ocr_par' dir='ltr' id='par_1_34' title="bbox 187 3411 1734 3493">
     <span class='ocr_line' id='line_1_34' title="bbox 187 3411 1734 3493; baseline 0.01 -33"><span class='ocrx_word' id='word_1_281' title='bbox 187 3411 360 3466; x_wconf 83' lang='grc' dir='ltr'>λαντον</span> <span class='ocrx_word' id='word_1_282' title='bbox 376 3412 543 3485; x_wconf 74' lang='grc' dir='ltr'>εἶχον.</span> <span class='ocrx_word' id='word_1_283' title='bbox 565 3416 930 3478; x_wconf 73' lang='grc' dir='ltr'>Ἐντάλαντον</span> <span class='ocrx_word' id='word_1_284' title='bbox 954 3412 1097 3487; x_wconf 78' lang='grc' dir='ltr'>εἶχες</span> <span class='ocrx_word' id='word_1_285' title='bbox 1112 3434 1125 3446; x_wconf 90' lang='grc'>⁸</span> <span class='ocrx_word' id='word_1_286' title='bbox 1148 3419 1253 3471; x_wconf 76' lang='grc' dir='ltr'>ἔδει</span> <span class='ocrx_word' id='word_1_287' title='bbox 1284 3437 1341 3471; x_wconf 92' lang='grc' dir='ltr'>σε</span> <span class='ocrx_word' id='word_1_288' title='bbox 1363 3420 1463 3473; x_wconf 78' lang='grc' dir='ltr'>κᾶν</span> <span class='ocrx_word' id='word_1_289' title='bbox 1486 3420 1542 3472; x_wconf 76' lang='grc' dir='ltr'>ἓν</span> <span class='ocrx_word' id='word_1_290' title='bbox 1567 3438 1734 3493; x_wconf 52' lang='grc' dir='ltr'>προσε</span> 
     </span>
    </p>
   </div>
   <div class='ocr_carea' id='block_1_35' title="bbox 188 3506 1735 3584">
    <p class='ocr_par' dir='ltr' id='par_1_35' title="bbox 188 3506 1735 3584">
     <span class='ocr_line' id='line_1_35' title="bbox 188 3506 1735 3584; baseline 0.009 -30"><span class='ocrx_word' id='word_1_291' title='bbox 188 3507 408 3569; x_wconf 79' lang='grc' dir='ltr'>ινεγκεῖν</span> <span class='ocrx_word' id='word_1_292' title='bbox 438 3507 532 3558; x_wconf 82' lang='grc' dir='ltr'>καὶ</span> <span class='ocrx_word' id='word_1_293' title='bbox 547 3506 898 3560; x_wconf 81' lang='grc' dir='ltr'>διπλασιάσαι</span> <span class='ocrx_word' id='word_1_294' title='bbox 921 3508 981 3560; x_wconf 84' lang='lat'>:6</span> <span class='ocrx_word' id='word_1_295' title='bbox 1005 3510 1282 3563; x_wconf 57' lang='grc' dir='ltr'>τάλαντον</span> <span class='ocrx_word' id='word_1_296' title='bbox 1300 3514 1344 3564; x_wconf 88' lang='grc' dir='ltr'>εἰ</span> <span class='ocrx_word' id='word_1_297' title='bbox 1363 3514 1735 3584; x_wconf 85' lang='grc' dir='ltr'>προσήνεγκες</span> 
     </span>
    </p>
   </div>
   <div class='ocr_carea' id='block_1_36' title="bbox 188 3592 1735 3676">
    <p class='ocr_par' dir='ltr' id='par_1_36' title="bbox 188 3592 1735 3676">
     <span class='ocr_line' id='line_1_36' title="bbox 188 3592 1735 3676; baseline 0.01 -33"><span class='ocrx_word' id='word_1_298' title='bbox 188 3592 256 3654; x_wconf 64' lang='grc' dir='ltr'>ἓν,</span> <span class='ocrx_word' id='word_1_299' title='bbox 299 3596 393 3649; x_wconf 84' lang='grc' dir='ltr'>οὐκ</span> <span class='ocrx_word' id='word_1_300' title='bbox 430 3596 495 3649; x_wconf 74' lang='grc' dir='ltr'>ἂν</span> <span class='ocrx_word' id='word_1_301' title='bbox 534 3598 852 3667; x_wconf 78' lang='grc' dir='ltr'>ἐνεκλήθης.</span> <span class='ocrx_word' id='word_1_302' title='bbox 902 3600 1035 3652; x_wconf 82' lang='grc' dir='ltr'>Οὐδέ</span> <span class='ocrx_word' id='word_1_303' title='bbox 1079 3600 1185 3667; x_wconf 73' lang='grc' dir='ltr'>γὰρ</span> <span class='ocrx_word' id='word_1_304' title='bbox 1211 3601 1286 3671; x_wconf 83' lang='grc' dir='ltr'>τῷ</span> <span class='ocrx_word' id='word_1_305' title='bbox 1314 3604 1380 3656; x_wconf 76' lang='grc' dir='ltr'>τὰ</span> <span class='ocrx_word' id='word_1_306' title='bbox 1430 3604 1521 3657; x_wconf 83' lang='grc' dir='ltr'>δύο</span> <span class='ocrx_word' id='word_1_307' title='bbox 1566 3624 1735 3676; x_wconf 86' lang='grc' dir='ltr'>προσ-</span> 
     </span>
    </p>
   </div>
   <div class='ocr_carea' id='block_1_37' title="bbox 190 3684 1737 3763">
    <p class='ocr_par' dir='ltr' id='par_1_37' title="bbox 190 3684 1737 3763">
     <span class='ocr_line' id='line_1_37' title="bbox 190 3684 1737 3763; baseline 0.01 -29"><span class='ocrx_word' id='word_1_308' title='bbox 190 3688 441 3752; x_wconf 83' lang='grc' dir='ltr'>ενεγκόντι</span> <span class='ocrx_word' id='word_1_309' title='bbox 470 3684 615 3749; x_wconf 75' lang='grc' dir='ltr'>εἷπε,</span> <span class='ocrx_word' id='word_1_310' title='bbox 650 3690 747 3741; x_wconf 87' lang='grc' dir='ltr'>Διά</span> <span class='ocrx_word' id='word_1_311' title='bbox 781 3689 834 3739; x_wconf 89' lang='grc' dir='ltr'>τί</span> <span class='ocrx_word' id='word_1_312' title='bbox 874 3689 946 3761; x_wconf 80' lang='grc' dir='ltr'>μὴ</span> <span class='ocrx_word' id='word_1_313' title='bbox 974 3691 1132 3744; x_wconf 88' lang='grc' dir='ltr'>πέντε</span> <span class='ocrx_word' id='word_1_314' title='bbox 1164 3697 1573 3763; x_wconf 80' lang='grc' dir='ltr'>προσήνεγκαςς</span> <span class='ocrx_word' id='word_1_315' title='bbox 1602 3697 1737 3751; x_wconf 85' lang='grc' dir='ltr'>ἀλλά</span> 
     </span>
    </p>
   </div>
   <div class='ocr_carea' id='block_1_38' title="bbox 190 3774 1733 3856">
    <p class='ocr_par' dir='ltr' id='par_1_38' title="bbox 190 3774 1733 3856">
     <span class='ocr_line' id='line_1_38' title="bbox 190 3774 1733 3856; baseline 0.012 -33"><span class='ocrx_word' id='word_1_316' title='bbox 190 3774 282 3825; x_wconf 82' lang='grc' dir='ltr'>τῶν</span> <span class='ocrx_word' id='word_1_317' title='bbox 306 3778 480 3830; x_wconf 68' lang='grc' dir='ltr'>αὐτῶν</span> <span class='ocrx_word' id='word_1_318' title='bbox 500 3778 664 3831; x_wconf 77' lang='grc' dir='ltr'>αὑτὸν</span> <span class='ocrx_word' id='word_1_319' title='bbox 683 3778 880 3847; x_wconf 75' lang='grc' dir='ltr'>ἠξίωσε</span> <span class='ocrx_word' id='word_1_320' title='bbox 908 3781 982 3851; x_wconf 83' lang='grc' dir='ltr'>τῷ</span> <span class='ocrx_word' id='word_1_321' title='bbox 1008 3782 1073 3834; x_wconf 80' lang='grc' dir='ltr'>τά</span> <span class='ocrx_word' id='word_1_322' title='bbox 1106 3784 1265 3836; x_wconf 84' lang='grc' dir='ltr'>πέντε</span> <span class='ocrx_word' id='word_1_323' title='bbox 1295 3789 1733 3856; x_wconf 83' lang='grc' dir='ltr'>προσενεγκόντι.</span> 
     </span>
    </p>
   </div>
   <div class='ocr_carea' id='block_1_39' title="bbox 192 3866 1736 3948">
    <p class='ocr_par' dir='ltr' id='par_1_39' title="bbox 192 3866 1736 3948">
     <span class='ocr_line' id='line_1_39' title="bbox 192 3866 1736 3948; baseline 0.01 -33"><span class='ocrx_word' id='word_1_324' title='bbox 192 3866 469 3937; x_wconf 55' lang='lat' dir='ltr'>nam“;</span> <span class='ocrx_word' id='word_1_325' title='bbox 496 3870 621 3923; x_wconf 79' lang='grc' dir='ltr'>Ὀτι</span> <span class='ocrx_word' id='word_1_326' title='bbox 645 3870 765 3924; x_wconf 81' lang='grc' dir='ltr'>ὅσον</span> <span class='ocrx_word' id='word_1_327' title='bbox 794 3866 936 3939; x_wconf 79' lang='grc' dir='ltr'>εῖχεν</span> <span class='ocrx_word' id='word_1_328' title='bbox 958 3872 1253 3943; x_wconf 85' lang='grc' dir='ltr'>είργάσατο</span> <span class='ocrx_word' id='word_1_329' title='bbox 1278 3891 1290 3903; x_wconf 88' lang='grc'>⁸</span> <span class='ocrx_word' id='word_1_330' title='bbox 1318 3877 1413 3928; x_wconf 75' lang='grc' dir='ltr'>καὶ</span> <span class='ocrx_word' id='word_1_331' title='bbox 1430 3877 1528 3930; x_wconf 86' lang='grc' dir='ltr'>οὐκ</span> <span class='ocrx_word' id='word_1_332' title='bbox 1551 3879 1736 3948; x_wconf 80' lang='grc' dir='ltr'>ἐπειδὴ</span> 
     </span>
    </p>
   </div>
   <div class='ocr_carea' id='block_1_40' title="bbox 193 3956 1737 4031">
    <p class='ocr_par' dir='ltr' id='par_1_40' title="bbox 193 3956 1737 4031">
     <span class='ocr_line' id='line_1_40' title="bbox 193 3956 1737 4031; baseline 0.009 -22"><span class='ocrx_word' id='word_1_333' title='bbox 193 3956 425 4011; x_wconf 76' lang='grc' dir='ltr'>ἐλάττονα</span> <span class='ocrx_word' id='word_1_334' title='bbox 439 3960 533 4012; x_wconf 84' lang='grc' dir='ltr'>τοῦ</span> <span class='ocrx_word' id='word_1_335' title='bbox 552 3959 620 4012; x_wconf 85' lang='grc' dir='ltr'>τά</span> <span class='ocrx_word' id='word_1_336' title='bbox 646 3960 804 4012; x_wconf 83' lang='grc' dir='ltr'>πέντε</span> <span class='ocrx_word' id='word_1_337' title='bbox 823 3962 1253 4031; x_wconf 86' lang='grc' dir='ltr'>ἐγχειρισθέντος</span> <span class='ocrx_word' id='word_1_338' title='bbox 1281 3965 1459 4028; x_wconf 74' lang='grc' dir='ltr'>ἔλαϐε,</span> <span class='ocrx_word' id='word_1_339' title='bbox 1478 3968 1564 4021; x_wconf 86' lang='grc' dir='ltr'>διά</span> <span class='ocrx_word' id='word_1_340' title='bbox 1580 3969 1737 4024; x_wconf 83' lang='grc' dir='ltr'>τοῦτο</span> 
     </span>
    </p>
   </div>
   <div class='ocr_carea' id='block_1_41' title="bbox 194 4047 1733 4129">
    <p class='ocr_par' dir='ltr' id='par_1_41' title="bbox 194 4047 1733 4129">
     <span class='ocr_line' id='line_1_41' title="bbox 194 4047 1733 4129; baseline 0.01 -31"><span class='ocrx_word' id='word_1_341' title='bbox 194 4047 577 4120; x_wconf 73' lang='grc' dir='ltr'>έρῤᾳθύμησεν,</span> <span class='ocrx_word' id='word_1_342' title='bbox 603 4051 722 4104; x_wconf 76' lang='grc' dir='ltr'>ούδέ</span> <span class='ocrx_word' id='word_1_343' title='bbox 747 4056 809 4123; x_wconf 78' lang='grc' dir='ltr'>τῇ</span> <span class='ocrx_word' id='word_1_344' title='bbox 826 4052 1096 4123; x_wconf 83' lang='grc' dir='ltr'>ὀλιγότητι</span> <span class='ocrx_word' id='word_1_345' title='bbox 1122 4058 1201 4116; x_wconf 88' lang='grc' dir='ltr'>είς</span> <span class='ocrx_word' id='word_1_346' title='bbox 1223 4057 1419 4127; x_wconf 88' lang='grc' dir='ltr'>ἀργίαν</span> <span class='ocrx_word' id='word_1_347' title='bbox 1442 4060 1733 4129; x_wconf 84' lang='grc' dir='ltr'>ἐχρήσατο.</span> 
     </span>
    </p>
   </div>
   <div class='ocr_carea' id='block_1_42' title="bbox 196 4140 1737 4221">
    <p class='ocr_par' dir='ltr' id='par_1_42' title="bbox 196 4140 1737 4221">
     <span class='ocr_line' id='line_1_42' title="bbox 196 4140 1737 4221; baseline 0.01 -34"><span class='ocrx_word' id='word_1_348' title='bbox 196 4140 311 4192; x_wconf 72' lang='grc' dir='ltr'>ωδε</span> <span class='ocrx_word' id='word_1_349' title='bbox 338 4158 392 4193; x_wconf 75' lang='grc' dir='ltr'>σε</span> <span class='ocrx_word' id='word_1_350' title='bbox 417 4142 587 4212; x_wconf 70' lang='grc' dir='ltr'>ἐχρῆν</span> <span class='ocrx_word' id='word_1_351' title='bbox 617 4143 751 4213; x_wconf 75' lang='grc' dir='ltr'>πρὸς</span> <span class='ocrx_word' id='word_1_352' title='bbox 778 4143 869 4196; x_wconf 85' lang='grc' dir='ltr'>τὸν</span> <span class='ocrx_word' id='word_1_353' title='bbox 890 4144 959 4196; x_wconf 87' lang='grc' dir='ltr'>τά</span> <span class='ocrx_word' id='word_1_354' title='bbox 998 4145 1089 4197; x_wconf 89' lang='grc' dir='ltr'>δύο</span> <span class='ocrx_word' id='word_1_355' title='bbox 1110 4148 1241 4216; x_wconf 79' lang='grc' dir='ltr'>ὁρᾷν</span> <span class='ocrx_word' id='word_1_356' title='bbox 1260 4164 1277 4178; x_wconf 89' lang='grc'>⁸</span> <span class='ocrx_word' id='word_1_357' title='bbox 1301 4148 1498 4217; x_wconf 82' lang='grc' dir='ltr'>μᾶλλον</span> <span class='ocrx_word' id='word_1_358' title='bbox 1522 4150 1579 4203; x_wconf 89' lang='grc' dir='ltr'>δέ</span> <span class='ocrx_word' id='word_1_359' title='bbox 1602 4152 1737 4221; x_wconf 82' lang='grc' dir='ltr'>πρὸς</span> 
     </span>
    </p>
   </div>
   <div class='ocr_carea' id='block_1_43' title="bbox 196 4224 1735 4306">
    <p class='ocr_par' dir='ltr' id='par_1_43' title="bbox 196 4224 1735 4306">
     <span class='ocr_line' id='line_1_43' title="bbox 196 4224 1735 4306; baseline 0.011 -30"><span class='ocrx_word' id='word_1_360' title='bbox 196 4224 375 4279; x_wconf 75' lang='grc' dir='ltr'>ικεῖνον</span> <span class='ocrx_word' id='word_1_361' title='bbox 392 4227 499 4280; x_wconf 68' lang='grc' dir='ltr'>ἔδει</span> <span class='ocrx_word' id='word_1_362' title='bbox 528 4228 679 4292; x_wconf 81' lang='grc' dir='ltr'>ίδεῖν,</span> <span class='ocrx_word' id='word_1_363' title='bbox 706 4230 801 4283; x_wconf 80' lang='grc' dir='ltr'>καὶ</span> <span class='ocrx_word' id='word_1_364' title='bbox 836 4230 1024 4300; x_wconf 84' lang='grc' dir='ltr'>ὥσπερ</span> <span class='ocrx_word' id='word_1_365' title='bbox 1049 4233 1255 4297; x_wconf 79' lang='grc' dir='ltr'>ἐκεῖνος</span> <span class='ocrx_word' id='word_1_366' title='bbox 1294 4237 1601 4306; x_wconf 75' lang='grc' dir='ltr'>ἐμιμήσατο</span> <span class='ocrx_word' id='word_1_367' title='bbox 1645 4241 1735 4292; x_wconf 84' lang='grc' dir='ltr'>τδν</span> 
     </span>
    </p>
   </div>
   <div class='ocr_carea' id='block_1_44' title="bbox 194 4309 1736 4389">
    <p class='ocr_par' dir='ltr' id='par_1_44' title="bbox 194 4309 1736 4389">
     <span class='ocr_line' id='line_1_44' title="bbox 194 4309 1736 4389; baseline 0.012 -26"><span class='ocrx_word' id='word_1_368' title='bbox 194 4309 250 4361; x_wconf 78' lang='grc' dir='ltr'>τὰ</span> <span class='ocrx_word' id='word_1_369' title='bbox 272 4313 443 4379; x_wconf 87' lang='grc' dir='ltr'>πέντε,</span> <span class='ocrx_word' id='word_1_370' title='bbox 474 4316 569 4368; x_wconf 88' lang='grc' dir='ltr'>δύο</span> <span class='ocrx_word' id='word_1_371' title='bbox 594 4317 753 4385; x_wconf 71' lang='grc' dir='ltr'>ἔχων,</span> <span class='ocrx_word' id='word_1_372' title='bbox 775 4318 921 4371; x_wconf 79' lang='grc' dir='ltr'>οὓτω</span> <span class='ocrx_word' id='word_1_373' title='bbox 940 4320 1031 4371; x_wconf 76' lang='grc' dir='ltr'>καὶ</span> <span class='ocrx_word' id='word_1_374' title='bbox 1061 4320 1118 4372; x_wconf 78' lang='grc' dir='ltr'>σὲ</span> <span class='ocrx_word' id='word_1_375' title='bbox 1144 4318 1382 4389; x_wconf 76' lang='grc' dir='ltr'>ζηλῶσαι</span> <span class='ocrx_word' id='word_1_376' title='bbox 1412 4325 1521 4378; x_wconf 73' lang='grc' dir='ltr'>ἔδει</span> <span class='ocrx_word' id='word_1_377' title='bbox 1551 4329 1642 4381; x_wconf 77' lang='grc' dir='ltr'>τὸν</span> <span class='ocrx_word' id='word_1_378' title='bbox 1668 4330 1736 4381; x_wconf 75' lang='grc' dir='ltr'>τὰ</span> 
     </span>
    </p>
   </div>
   <div class='ocr_carea' id='block_1_45' title="bbox 200 4397 1736 4490">
    <p class='ocr_par' dir='ltr' id='par_1_45' title="bbox 200 4397 1736 4490">
     <span class='ocr_line' id='line_1_45' title="bbox 200 4397 1736 4490; baseline 0.015 -38"><span class='ocrx_word' id='word_1_379' title='bbox 200 4397 279 4452; x_wconf 77' lang='grc' dir='ltr'>δύο</span> <span class='ocrx_word' id='word_1_380' title='bbox 299 4402 503 4474; x_wconf 73' lang='grc' dir='ltr'>έχοντα.</span> <span class='ocrx_word' id='word_1_381' title='bbox 543 4408 604 4459; x_wconf 73' lang='lat' dir='ltr'>El</span> <span class='ocrx_word' id='word_1_382' title='bbox 631 4408 738 4478; x_wconf 77' lang='grc' dir='ltr'>γὰρ</span> <span class='ocrx_word' id='word_1_383' title='bbox 770 4408 847 4479; x_wconf 82' lang='grc' dir='ltr'>τῷ</span> <span class='ocrx_word' id='word_1_384' title='bbox 864 4412 1118 4481; x_wconf 89' lang='grc' dir='ltr'>χρήματα</span> <span class='ocrx_word' id='word_1_385' title='bbox 1163 4412 1359 4482; x_wconf 70' lang='grc' dir='ltr'>ἔχοντι,</span> <span class='ocrx_word' id='word_1_386' title='bbox 1390 4418 1483 4471; x_wconf 78' lang='grc' dir='ltr'>καὶ</span> <span class='ocrx_word' id='word_1_387' title='bbox 1522 4419 1595 4490; x_wconf 78' lang='grc' dir='ltr'>μὴ</span> <span class='ocrx_word' id='word_1_388' title='bbox 1639 4439 1736 4490; x_wconf 83' lang='grc' dir='ltr'>με·</span> 
     </span>
    </p>
   </div>
   <div class='ocr_carea' id='block_1_46' title="bbox 196 4492 1736 4580">
    <p class='ocr_par' dir='ltr' id='par_1_46' title="bbox 196 4492 1736 4580">
     <span class='ocr_line' id='line_1_46' title="bbox 196 4492 1736 4580; baseline 0.015 -38"><span class='ocrx_word' id='word_1_389' title='bbox 196 4492 454 4559; x_wconf 78' lang='grc' dir='ltr'>τσδιδόντι,</span> <span class='ocrx_word' id='word_1_390' title='bbox 498 4497 722 4560; x_wconf 89' lang='grc' dir='ltr'>κόλασις</span> <span class='ocrx_word' id='word_1_391' title='bbox 753 4502 928 4553; x_wconf 88' lang='grc' dir='ltr'>κεῖται</span> <span class='ocrx_word' id='word_1_392' title='bbox 953 4517 964 4529; x_wconf 89' lang='grc'>⁸</span> <span class='ocrx_word' id='word_1_393' title='bbox 1000 4502 1075 4571; x_wconf 81' lang='grc' dir='ltr'>τῷ</span> <span class='ocrx_word' id='word_1_394' title='bbox 1104 4504 1385 4575; x_wconf 80' lang='grc' dir='ltr'>δυναμένῳ</span> <span class='ocrx_word' id='word_1_395' title='bbox 1410 4512 1736 4580; x_wconf 81' lang='grc' dir='ltr'>παραινέσαι</span> 
     </span>
    </p>
   </div>
   <div class='ocr_carea' id='block_1_47' title="bbox 197 4584 1733 4674">
    <p class='ocr_par' dir='ltr' id='par_1_47' title="bbox 197 4584 1733 4674">
     <span class='ocr_line' id='line_1_47' title="bbox 197 4584 1733 4674; baseline 0.012 -38"><span class='ocrx_word' id='word_1_396' title='bbox 197 4584 548 4656; x_wconf 70' lang='grc' dir='ltr'>ὁπωσδήποτε,</span> <span class='ocrx_word' id='word_1_397' title='bbox 581 4590 674 4642; x_wconf 77' lang='grc' dir='ltr'>καὶ</span> <span class='ocrx_word' id='word_1_398' title='bbox 700 4590 774 4659; x_wconf 79' lang='grc' dir='ltr'>μὴ</span> <span class='ocrx_word' id='word_1_399' title='bbox 796 4591 953 4644; x_wconf 86' lang='grc' dir='ltr'>τοῦτο</span> <span class='ocrx_word' id='word_1_400' title='bbox 981 4594 1239 4658; x_wconf 80' lang='grc' dir='ltr'>ποιοῦντι,</span> <span class='ocrx_word' id='word_1_401' title='bbox 1274 4597 1387 4661; x_wconf 86' lang='grc' dir='ltr'>πῶς</span> <span class='ocrx_word' id='word_1_402' title='bbox 1409 4600 1469 4651; x_wconf 86' lang='grc' dir='ltr'>ού</span> <span class='ocrx_word' id='word_1_403' title='bbox 1504 4603 1733 4674; x_wconf 84' lang='grc' dir='ltr'>μεγίστη</span> 
     </span>
    </p>
   </div>
   <div class='ocr_carea' id='block_1_48' title="bbox 198 4674 1731 4763">
    <p class='ocr_par' dir='ltr' id='par_1_48' title="bbox 198 4674 1731 4763">
     <span class='ocr_line' id='line_1_48' title="bbox 198 4674 1731 4763; baseline 0.014 -37"><span class='ocrx_word' id='word_1_404' title='bbox 198 4674 393 4741; x_wconf 74' lang='grc' dir='ltr'>κόλασις</span> <span class='ocrx_word' id='word_1_405' title='bbox 416 4679 571 4731; x_wconf 64' lang='grc' dir='ltr'>ἔσται</span> <span class='ocrx_word' id='word_1_406' title='bbox 598 4696 611 4743; x_wconf 88' lang='grc'>;</span> <span class='ocrx_word' id='word_1_407' title='bbox 644 4680 790 4733; x_wconf 84' lang='grc' dir='ltr'>Ἐκεῖ</span> <span class='ocrx_word' id='word_1_408' title='bbox 819 4681 975 4751; x_wconf 86' lang='grc' dir='ltr'>σῶμα</span> <span class='ocrx_word' id='word_1_409' title='bbox 996 4684 1273 4753; x_wconf 84' lang='grc' dir='ltr'>τρέφεται,</span> <span class='ocrx_word' id='word_1_410' title='bbox 1302 4689 1533 4743; x_wconf 70' lang='grc' dir='ltr'>ἐνταῦθα</span> <span class='ocrx_word' id='word_1_411' title='bbox 1550 4692 1692 4763; x_wconf 70' lang='grc' dir='ltr'>ψυχή</span> <span class='ocrx_word' id='word_1_412' title='bbox 1719 4710 1731 4723; x_wconf 94' lang='grc'>⁸</span> 
     </span>
    </p>
   </div>
   <div class='ocr_carea' id='block_1_49' title="bbox 200 4764 1735 4906">
    <p class='ocr_par' dir='ltr' id='par_1_49' title="bbox 200 4764 1735 4906">
     <span class='ocr_line' id='line_1_49' title="bbox 200 4764 1735 4906; baseline 0.014 -90"><span class='ocrx_word' id='word_1_413' title='bbox 200 4764 299 4906; x_wconf 41' lang='lat' dir='ltr'>bit:</span> <span class='ocrx_word' id='word_1_414' title='bbox 325 4765 547 4822; x_wconf 81' lang='grc' dir='ltr'>θάνατον</span> <span class='ocrx_word' id='word_1_415' title='bbox 575 4769 805 4835; x_wconf 85' lang='grc' dir='ltr'>κωλύεις</span> <span class='ocrx_word' id='word_1_416' title='bbox 852 4774 943 4826; x_wconf 81' lang='grc' dir='ltr'>τὸν</span> <span class='ocrx_word' id='word_1_417' title='bbox 982 4776 1335 4846; x_wconf 80' lang='grc' dir='ltr'>πρόσκαιρον,</span> <span class='ocrx_word' id='word_1_418' title='bbox 1364 4782 1595 4835; x_wconf 85' lang='grc' dir='ltr'>ἐνταῦθα</span> <span class='ocrx_word' id='word_1_419' title='bbox 1646 4785 1735 4837; x_wconf 79' lang='grc' dir='ltr'>τὸν</span> 
     </span>
     <span class='ocr_line' id='line_1_50' title="bbox 200 4854 411 4906; baseline 0.019 -3"><span class='ocrx_word' id='word_1_420' title='bbox 200 4869 227 4903; x_wconf 82' lang='grc' dir='ltr'>σ</span> <span class='ocrx_word' id='word_1_421' title='bbox 264 4854 411 4906; x_wconf 71' lang='lat' dir='ltr'>&quot;nov.</span> 
     </span>
    </p>
   </div>
   <div class='ocr_carea' id='block_1_50' title="bbox 200 4854 411 4911">
    <p class='ocr_par' dir='ltr' id='par_1_50' title="bbox 200 4854 411 4911">
     <span class='ocr_line' id='line_1_51' title="bbox 200 4854 411 4911; baseline 0.043 -8"><span class='ocrx_word' id='word_1_422' title='bbox 200 4854 411 4911; x_wconf 81' lang='grc' dir='ltr'>σίὼνιον.</span> 
     </span>
    </p>
   </div>
   <div class='ocr_carea' id='block_1_51' title="bbox 262 5032 1735 5122">
    <p class='ocr_par' dir='ltr' id='par_1_51' title="bbox 262 5032 1735 5122">
     <span class='ocr_line' id='line_1_52' title="bbox 262 5032 1735 5122; baseline 0.016 -38"><span class='ocrx_word' id='word_1_423' title='bbox 262 5032 321 5098; x_wconf 62' lang='grc' dir='ltr'>Υ.</span> <span class='ocrx_word' id='word_1_424' title='bbox 350 5035 480 5087; x_wconf 81' lang='grc' dir='ltr'>Ἀλλ’</span> <span class='ocrx_word' id='word_1_425' title='bbox 517 5036 618 5089; x_wconf 76' lang='grc' dir='ltr'>οὐκ</span> <span class='ocrx_word' id='word_1_426' title='bbox 635 5037 743 5106; x_wconf 78' lang='grc' dir='ltr'>ἔχω</span> <span class='ocrx_word' id='word_1_427' title='bbox 768 5037 947 5107; x_wconf 84' lang='grc' dir='ltr'>λόγον,</span> <span class='ocrx_word' id='word_1_428' title='bbox 978 5043 1160 5110; x_wconf 88' lang='grc' dir='ltr'>φησίν.</span> <span class='ocrx_word' id='word_1_429' title='bbox 1208 5046 1345 5099; x_wconf 79' lang='grc' dir='ltr'>Ἀλλ’</span> <span class='ocrx_word' id='word_1_430' title='bbox 1375 5049 1435 5101; x_wconf 89' lang='lat' dir='ltr'><em>o6</em></span> <span class='ocrx_word' id='word_1_431' title='bbox 1461 5052 1618 5122; x_wconf 86' lang='grc' dir='ltr'>χρεία</span> <span class='ocrx_word' id='word_1_432' title='bbox 1653 5054 1735 5107; x_wconf 88' lang='grc' dir='ltr'>λό-</span> 
     </span>
    </p>
   </div>
   <div class='ocr_carea' id='block_1_52' title="bbox 206 5125 1735 5213">
    <p class='ocr_par' dir='ltr' id='par_1_52' title="bbox 206 5125 1735 5213">
     <span class='ocr_line' id='line_1_53' title="bbox 206 5125 1735 5213; baseline 0.016 -41"><span class='ocrx_word' id='word_1_433' title='bbox 206 5136 308 5185; x_wconf 76' lang='grc' dir='ltr'>γου,</span> <span class='ocrx_word' id='word_1_434' title='bbox 340 5125 455 5178; x_wconf 76' lang='grc' dir='ltr'>οὐδὲ</span> <span class='ocrx_word' id='word_1_435' title='bbox 488 5126 840 5193; x_wconf 82' lang='grc' dir='ltr'>εὐγλωττίας.</span> <span class='ocrx_word' id='word_1_436' title='bbox 886 5130 1010 5183; x_wconf 77' lang='grc' dir='ltr'>Ἐάν</span> <span class='ocrx_word' id='word_1_437' title='bbox 1048 5134 1161 5204; x_wconf 78' lang='grc' dir='ltr'>ίδῃς</span> <span class='ocrx_word' id='word_1_438' title='bbox 1183 5137 1272 5187; x_wconf 74' lang='grc' dir='ltr'>τδν</span> <span class='ocrx_word' id='word_1_439' title='bbox 1303 5138 1454 5205; x_wconf 80' lang='grc' dir='ltr'>φίλον</span> <span class='ocrx_word' id='word_1_440' title='bbox 1506 5145 1735 5213; x_wconf 83' lang='grc' dir='ltr'>πορνεύ-</span> 
     </span>
    </p>
   </div>
   <div class='ocr_carea' id='block_1_53' title="bbox 202 5218 1732 5305">
    <p class='ocr_par' dir='ltr' id='par_1_53' title="bbox 202 5218 1732 5305">
     <span class='ocr_line' id='line_1_54' title="bbox 202 5218 1732 5305; baseline 0.029 -40"><span class='ocrx_word' id='word_1_441' title='bbox 202 5229 324 5305; x_wconf 61' lang='grc' dir='ltr'>οντα,</span> <span class='ocrx_word' id='word_1_442' title='bbox 355 5218 471 5270; x_wconf 83' lang='grc' dir='ltr'>είπέ</span> <span class='ocrx_word' id='word_1_443' title='bbox 508 5220 645 5287; x_wconf 81' lang='grc' dir='ltr'>πρὸς</span> <span class='ocrx_word' id='word_1_444' title='bbox 678 5221 838 5273; x_wconf 79' lang='grc' dir='ltr'>αὐτόν</span> <span class='ocrx_word' id='word_1_445' title='bbox 866 5237 875 5247; x_wconf 92' lang='grc'><strong>-</strong></span> <span class='ocrx_word' id='word_1_446' title='bbox 901 5223 1138 5294; x_wconf 73' lang='grc' dir='ltr'>Πονηρὸν</span> <span class='ocrx_word' id='word_1_447' title='bbox 1170 5230 1442 5297; x_wconf 57' lang='lat' dir='ltr'>«parma</span> <span class='ocrx_word' id='word_1_448' title='bbox 1469 5233 1732 5305; x_wconf 74' lang='grc' dir='ltr'>μετέρκηο</span> 
     </span>
    </p>
   </div>
   <div class='ocr_carea' id='block_1_54' title="bbox 204 5301 1736 5380">
    <p class='ocr_par' dir='ltr' id='par_1_54' title="bbox 204 5301 1736 5380">
     <span class='ocr_line' id='line_1_55' title="bbox 204 5301 1736 5380; baseline 0.017 -28"><span class='ocrx_word' id='word_1_449' title='bbox 204 5301 286 5354; x_wconf 71' lang='grc' dir='ltr'>οὐκ</span> <span class='ocrx_word' id='word_1_450' title='bbox 315 5306 558 5377; x_wconf 72' lang='grc' dir='ltr'>αἰσχύνῃ,</span> <span class='ocrx_word' id='word_1_451' title='bbox 597 5309 695 5361; x_wconf 79' lang='grc' dir='ltr'>οὐκ</span> <span class='ocrx_word' id='word_1_452' title='bbox 726 5310 981 5380; x_wconf 78' lang='grc' dir='ltr'>ἐρυθριᾷς</span> <span class='ocrx_word' id='word_1_453' title='bbox 1007 5330 1021 5370; x_wconf 85' lang='lat'><strong>:</strong></span> <span class='ocrx_word' id='word_1_454' title='bbox 1056 5316 1222 5368; x_wconf 86' lang='grc' dir='ltr'>κακὸν</span> <span class='ocrx_word' id='word_1_455' title='bbox 1254 5318 1410 5373; x_wconf 89' lang='grc' dir='ltr'>τοῦτό</span> <span class='ocrx_word' id='word_1_456' title='bbox 1437 5301 1736 5377; x_wconf 48' lang='grc' dir='ltr'>ἐστινίᾸύ-</span> 
     </span>
    </p>
   </div>
   <div class='ocr_carea' id='block_1_55' title="bbox 204 5391 1735 5478">
    <p class='ocr_par' dir='ltr' id='par_1_55' title="bbox 204 5391 1735 5478">
     <span class='ocr_line' id='line_1_56' title="bbox 204 5391 1735 5478; baseline 0.016 -33"><span class='ocrx_word' id='word_1_457' title='bbox 204 5391 278 5453; x_wconf 70' lang='grc' dir='ltr'>τδς</span> <span class='ocrx_word' id='word_1_458' title='bbox 305 5397 403 5467; x_wconf 79' lang='grc' dir='ltr'>γὰρ</span> <span class='ocrx_word' id='word_1_459' title='bbox 429 5400 528 5451; x_wconf 78' lang='grc' dir='ltr'>οὐκ</span> <span class='ocrx_word' id='word_1_460' title='bbox 564 5394 692 5461; x_wconf 76' lang='grc' dir='ltr'>οἵδε,</span> <span class='ocrx_word' id='word_1_461' title='bbox 722 5403 908 5470; x_wconf 69' lang='grc' dir='ltr'>φησὶν,</span> <span class='ocrx_word' id='word_1_462' title='bbox 938 5406 1017 5458; x_wconf 85' lang='grc' dir='ltr'>ὅτι</span> <span class='ocrx_word' id='word_1_463' title='bbox 1042 5407 1209 5460; x_wconf 88' lang='grc' dir='ltr'>κακόν</span> <span class='ocrx_word' id='word_1_464' title='bbox 1233 5428 1248 5474; x_wconf 88' lang='grc'><strong>;</strong></span> <span class='ocrx_word' id='word_1_465' title='bbox 1274 5410 1401 5473; x_wconf 71' lang='grc' dir='ltr'>Ναὶ,</span> <span class='ocrx_word' id='word_1_466' title='bbox 1434 5409 1593 5478; x_wconf 74' lang='grc' dir='ltr'>οἶδεν,</span> <span class='ocrx_word' id='word_1_467' title='bbox 1623 5418 1735 5469; x_wconf 77' lang='grc' dir='ltr'>ἀλλ’</span> 
     </span>
    </p>
   </div>
   <div class='ocr_carea' id='block_1_56' title="bbox 206 5481 1730 5573">
    <p class='ocr_par' dir='ltr' id='par_1_56' title="bbox 206 5481 1730 5573">
     <span class='ocr_line' id='line_1_57' title="bbox 206 5481 1730 5573; baseline 0.018 -39"><span class='ocrx_word' id='word_1_468' title='bbox 206 5481 292 5535; x_wconf 67' lang='grc' dir='ltr'>ὑπὸ</span> <span class='ocrx_word' id='word_1_469' title='bbox 309 5486 399 5555; x_wconf 80' lang='grc' dir='ltr'>τῆς</span> <span class='ocrx_word' id='word_1_470' title='bbox 424 5490 718 5560; x_wconf 73' lang='grc' dir='ltr'>ἐπιθυμίας</span> <span class='ocrx_word' id='word_1_471' title='bbox 743 5492 978 5546; x_wconf 68' lang='grc' dir='ltr'>ἕλκεται.</span> <span class='ocrx_word' id='word_1_472' title='bbox 1014 5498 1119 5549; x_wconf 76' lang='grc' dir='ltr'>Καὶ</span> <span class='ocrx_word' id='word_1_473' title='bbox 1153 5501 1198 5550; x_wconf 81' lang='grc' dir='ltr'>οἱ</span> <span class='ocrx_word' id='word_1_474' title='bbox 1231 5502 1510 5567; x_wconf 78' lang='grc' dir='ltr'>νοσοῦντες</span> <span class='ocrx_word' id='word_1_475' title='bbox 1537 5507 1730 5573; x_wconf 84' lang='grc' dir='ltr'>ῖσασιν,</span> 
     </span>
    </p>
   </div>
   <div class='ocr_carea' id='block_1_57' title="bbox 206 5571 1734 5657">
    <p class='ocr_par' dir='ltr' id='par_1_57' title="bbox 206 5571 1734 5657">
     <span class='ocr_line' id='line_1_58' title="bbox 206 5571 1734 5657; baseline 0.018 -34"><span class='ocrx_word' id='word_1_476' title='bbox 206 5571 272 5623; x_wconf 72' lang='grc' dir='ltr'>ὅτι</span> <span class='ocrx_word' id='word_1_477' title='bbox 322 5575 353 5643; x_wconf 81' lang='grc' dir='ltr'>ή</span> <span class='ocrx_word' id='word_1_478' title='bbox 404 5578 744 5649; x_wconf 77' lang='grc' dir='ltr'>ψυχροποσία</span> <span class='ocrx_word' id='word_1_479' title='bbox 785 5582 969 5644; x_wconf 77' lang='grc' dir='ltr'>κακὸν,</span> <span class='ocrx_word' id='word_1_480' title='bbox 1011 5585 1121 5637; x_wconf 80' lang='grc' dir='ltr'>ἀλλ’</span> <span class='ocrx_word' id='word_1_481' title='bbox 1166 5589 1313 5657; x_wconf 87' lang='grc' dir='ltr'>ὅμως</span> <span class='ocrx_word' id='word_1_482' title='bbox 1370 5592 1577 5647; x_wconf 81' lang='grc' dir='ltr'>δέονται</span> <span class='ocrx_word' id='word_1_483' title='bbox 1627 5571 1734 5651; x_wconf 83' lang='grc' dir='ltr'>τῶν</span> 
     </span>
    </p>
   </div>
   <div class='ocr_carea' id='block_1_58' title="bbox 207 5661 1736 5758">
    <p class='ocr_par' dir='ltr' id='par_1_58' title="bbox 207 5661 1736 5758">
     <span class='ocr_line' id='line_1_59' title="bbox 207 5661 1736 5758; baseline 0.02 -44"><span class='ocrx_word' id='word_1_484' title='bbox 207 5661 522 5758; x_wconf 56' lang='grc' dir='ltr'>κωλυσόντων</span> <span class='ocrx_word' id='word_1_485' title='bbox 551 5668 702 5741; x_wconf 73' lang='grc'>[⁸285]</span> <span class='ocrx_word' id='word_1_486' title='bbox 730 5688 742 5701; x_wconf 88' lang='grc'>⁸</span> <span class='ocrx_word' id='word_1_487' title='bbox 776 5673 803 5724; x_wconf 89' lang='lat'>6</span> <span class='ocrx_word' id='word_1_488' title='bbox 830 5673 936 5742; x_wconf 85' lang='grc' dir='ltr'>γὰρ</span> <span class='ocrx_word' id='word_1_489' title='bbox 964 5675 1018 5725; x_wconf 84' lang='grc' dir='ltr'>ὲν</span> <span class='ocrx_word' id='word_1_490' title='bbox 1039 5675 1114 5745; x_wconf 83' lang='grc' dir='ltr'>τῷ</span> <span class='ocrx_word' id='word_1_491' title='bbox 1140 5679 1297 5731; x_wconf 77' lang='grc' dir='ltr'>πάθει</span> <span class='ocrx_word' id='word_1_492' title='bbox 1322 5680 1413 5743; x_wconf 78' lang='grc' dir='ltr'>ὢν,</span> <span class='ocrx_word' id='word_1_493' title='bbox 1440 5686 1497 5736; x_wconf 83' lang='grc' dir='ltr'>ού</span> <span class='ocrx_word' id='word_1_494' title='bbox 1531 5690 1736 5758; x_wconf 86' lang='grc' dir='ltr'>ταχέως</span> 
     </span>
    </p>
   </div>
   <div class='ocr_carea' id='block_1_59' title="bbox 212 5748 1731 5837">
    <p class='ocr_par' dir='ltr' id='par_1_59' title="bbox 212 5748 1731 5837">
     <span class='ocr_line' id='line_1_60' title="bbox 212 5748 1731 5837; baseline 0.022 -38"><span class='ocrx_word' id='word_1_495' title='bbox 212 5748 363 5821; x_wconf 60' lang='lat' dir='ltr'><strong>tum]:</strong></span> <span class='ocrx_word' id='word_1_496' title='bbox 386 5754 613 5825; x_wconf 83' lang='grc' dir='ltr'>ἀρκέσαι</span> <span class='ocrx_word' id='word_1_497' title='bbox 637 5758 928 5827; x_wconf 76' lang='grc' dir='ltr'>δυνήσεται</span> <span class='ocrx_word' id='word_1_498' title='bbox 960 5764 1016 5814; x_wconf 85' lang='grc' dir='ltr'>ἐν</span> <span class='ocrx_word' id='word_1_499' title='bbox 1041 5768 1104 5835; x_wconf 77' lang='grc' dir='ltr'>τῇ</span> <span class='ocrx_word' id='word_1_500' title='bbox 1133 5767 1294 5837; x_wconf 84' lang='grc' dir='ltr'>νόσῳ.</span> <span class='ocrx_word' id='word_1_501' title='bbox 1330 5772 1421 5823; x_wconf 85' lang='grc' dir='ltr'>Δεῖ</span> <span class='ocrx_word' id='word_1_502' title='bbox 1441 5748 1731 5831; x_wconf 63' lang='grc' dir='ltr'>τοίνυνσοῦ</span> 
     </span>
    </p>
   </div>
   <div class='ocr_carea' id='block_1_60' title="bbox 3291 391 3401 447">
    <p class='ocr_par' dir='ltr' id='par_1_60' title="bbox 3291 391 3401 447">
     <span class='ocr_line' id='line_1_61' title="bbox 3291 391 3401 447; baseline -0.027 0"><span class='ocrx_word' id='word_1_503' title='bbox 3291 391 3401 447; x_wconf 66' lang='lat'>91?.</span> 
     </span>
    </p>
   </div>
   <div class='ocr_carea' id='block_1_61' title="bbox 1827 506 3401 591">
    <p class='ocr_par' dir='ltr' id='par_1_61' title="bbox 1827 506 3401 591">
     <span class='ocr_line' id='line_1_62' title="bbox 1827 506 3401 591; baseline -0.013 -12"><span class='ocrx_word' id='word_1_504' title='bbox 1827 524 1920 579; x_wconf 92' lang='grc' dir='ltr'>τοῦ</span> <span class='ocrx_word' id='word_1_505' title='bbox 1950 523 2287 591; x_wconf 82' lang='grc' dir='ltr'>ὑγιαίνοντος</span> <span class='ocrx_word' id='word_1_506' title='bbox 2316 518 2457 589; x_wconf 82' lang='grc' dir='ltr'>πρὸς</span> <span class='ocrx_word' id='word_1_507' title='bbox 2484 516 2583 585; x_wconf 75' lang='grc' dir='ltr'>τὴν</span> <span class='ocrx_word' id='word_1_508' title='bbox 2612 513 2821 567; x_wconf 76' lang='grc' dir='ltr'>ἐκείνου</span> <span class='ocrx_word' id='word_1_509' title='bbox 2854 510 3096 581; x_wconf 85' lang='grc' dir='ltr'>ίατρείαν</span> <span class='ocrx_word' id='word_1_510' title='bbox 3121 524 3133 539; x_wconf 87' lang='grc'>⁸</span> <span class='ocrx_word' id='word_1_511' title='bbox 3181 506 3283 561; x_wconf 74' lang='grc' dir='ltr'>κᾶν</span> <span class='ocrx_word' id='word_1_512' title='bbox 3322 510 3401 577; x_wconf 74' lang='grc' dir='ltr'>μὴ</span> 
     </span>
    </p>
   </div>
   <div class='ocr_carea' id='block_1_62' title="bbox 1836 596 3400 685">
    <p class='ocr_par' dir='ltr' id='par_1_62' title="bbox 1836 596 3400 685">
     <span class='ocr_line' id='line_1_63' title="bbox 1836 596 3400 685; baseline -0.013 -15"><span class='ocrx_word' id='word_1_513' title='bbox 1836 616 2032 685; x_wconf 81' lang='grc' dir='ltr'>πεισθῇ</span> <span class='ocrx_word' id='word_1_514' title='bbox 2058 612 2134 683; x_wconf 81' lang='grc' dir='ltr'>τῷ</span> <span class='ocrx_word' id='word_1_515' title='bbox 2173 615 2400 683; x_wconf 76' lang='grc' dir='ltr'>ῥήματι,</span> <span class='ocrx_word' id='word_1_516' title='bbox 2440 606 2829 675; x_wconf 82' lang='grc' dir='ltr'>παρατήρησον</span> <span class='ocrx_word' id='word_1_517' title='bbox 2859 602 3088 679; x_wconf 79' lang='grc' dir='ltr'>ἀπιόντα</span> <span class='ocrx_word' id='word_1_518' title='bbox 3114 601 3203 653; x_wconf 72' lang='grc' dir='ltr'>καὶ</span> <span class='ocrx_word' id='word_1_519' title='bbox 3228 596 3400 652; x_wconf 80' lang='grc' dir='ltr'>κάτα-</span> 
     </span>
    </p>
   </div>
   <div class='ocr_carea' id='block_1_63' title="bbox 1823 691 3399 776">
    <p class='ocr_par' dir='ltr' id='par_1_63' title="bbox 1823 691 3399 776">
     <span class='ocr_line' id='line_1_64' title="bbox 1823 691 3399 776; baseline -0.013 -16"><span class='ocrx_word' id='word_1_520' title='bbox 1823 723 1938 776; x_wconf 90' lang='grc' dir='ltr'>σχε,</span> <span class='ocrx_word' id='word_1_521' title='bbox 1975 706 2105 767; x_wconf 85' lang='grc' dir='ltr'>ῖσως</span> <span class='ocrx_word' id='word_1_522' title='bbox 2135 702 2566 772; x_wconf 85' lang='grc' dir='ltr'>ἐντραπήσεται.</span> <span class='ocrx_word' id='word_1_523' title='bbox 2597 698 2705 750; x_wconf 74' lang='grc' dir='ltr'>Καὶ</span> <span class='ocrx_word' id='word_1_524' title='bbox 2730 696 2804 759; x_wconf 90' lang='grc' dir='ltr'>τί,</span> <span class='ocrx_word' id='word_1_525' title='bbox 2828 695 3013 762; x_wconf 67' lang='grc' dir='ltr'>φησὶν,</span> <span class='ocrx_word' id='word_1_526' title='bbox 3032 691 3244 758; x_wconf 77' lang='grc' dir='ltr'>ὄφελος,</span> <span class='ocrx_word' id='word_1_527' title='bbox 3270 692 3399 744; x_wconf 73' lang='grc' dir='ltr'>ὅταν</span> 
     </span>
    </p>
   </div>
   <div class='ocr_carea' id='block_1_64' title="bbox 1818 776 3398 864">
    <p class='ocr_par' dir='ltr' id='par_1_64' title="bbox 1818 776 3398 864">
     <span class='ocr_line' id='line_1_65' title="bbox 1818 776 3398 864; baseline -0.013 -15"><span class='ocrx_word' id='word_1_528' title='bbox 1818 796 1885 849; x_wconf 76' lang='grc' dir='ltr'>δι’</span> <span class='ocrx_word' id='word_1_529' title='bbox 1916 794 2016 864; x_wconf 74' lang='grc' dir='ltr'>ἐμὲ</span> <span class='ocrx_word' id='word_1_530' title='bbox 2047 792 2206 845; x_wconf 86' lang='grc' dir='ltr'>τοῦτο</span> <span class='ocrx_word' id='word_1_531' title='bbox 2232 792 2381 859; x_wconf 80' lang='grc' dir='ltr'>ποιῇ.</span> <span class='ocrx_word' id='word_1_532' title='bbox 2421 788 2515 840; x_wconf 68' lang='grc' dir='ltr'>καὶ</span> <span class='ocrx_word' id='word_1_533' title='bbox 2548 785 2638 837; x_wconf 71' lang='grc' dir='ltr'>διὰ</span> <span class='ocrx_word' id='word_1_534' title='bbox 2676 784 2737 835; x_wconf 78' lang='grc' dir='ltr'>τὸ</span> <span class='ocrx_word' id='word_1_535' title='bbox 2780 779 3220 850; x_wconf 80' lang='grc' dir='ltr'>κατασχεσθῆναι</span> <span class='ocrx_word' id='word_1_536' title='bbox 3264 776 3398 846; x_wconf 86' lang='grc' dir='ltr'>παρ’</span> 
     </span>
    </p>
   </div>
   <div class='ocr_carea' id='block_1_65' title="bbox 1821 864 3397 953">
    <p class='ocr_par' dir='ltr' id='par_1_65' title="bbox 1821 864 3397 953">
     <span class='ocr_line' id='line_1_66' title="bbox 1821 864 3397 953; baseline -0.013 -16"><span class='ocrx_word' id='word_1_537' title='bbox 1821 883 1986 953; x_wconf 83' lang='grc' dir='ltr'>ἐμοῦ;</span> <span class='ocrx_word' id='word_1_538' title='bbox 2015 882 2105 951; x_wconf 76' lang='grc' dir='ltr'>Μὴ</span> <span class='ocrx_word' id='word_1_539' title='bbox 2138 875 2496 950; x_wconf 68' lang='grc' dir='ltr'>ἀκριῦολογοῦ</span> <span class='ocrx_word' id='word_1_540' title='bbox 2518 891 2531 904; x_wconf 93' lang='grc'>⁸</span> <span class='ocrx_word' id='word_1_541' title='bbox 2562 872 2698 935; x_wconf 89' lang='grc' dir='ltr'>τέως</span> <span class='ocrx_word' id='word_1_542' title='bbox 2722 870 3022 940; x_wconf 84' lang='grc' dir='ltr'>οίῳδήποτε</span> <span class='ocrx_word' id='word_1_543' title='bbox 3046 867 3231 935; x_wconf 88' lang='grc' dir='ltr'>τρόπῳ</span> <span class='ocrx_word' id='word_1_544' title='bbox 3261 864 3397 917; x_wconf 84' lang='grc' dir='ltr'>ἀπό-</span> 
     </span>
    </p>
   </div>
   <div class='ocr_carea' id='block_1_66' title="bbox 1820 957 3393 1043">
    <p class='ocr_par' dir='ltr' id='par_1_66' title="bbox 1820 957 3393 1043">
     <span class='ocr_line' id='line_1_67' title="bbox 1820 957 3393 1043; baseline -0.014 -16"><span class='ocrx_word' id='word_1_545' title='bbox 1820 990 2017 1043; x_wconf 87' lang='grc' dir='ltr'>στησον</span> <span class='ocrx_word' id='word_1_546' title='bbox 2050 972 2212 1025; x_wconf 72' lang='grc' dir='ltr'>αὐτὸν</span> <span class='ocrx_word' id='word_1_547' title='bbox 2254 971 2351 1039; x_wconf 83' lang='grc' dir='ltr'>τῆς</span> <span class='ocrx_word' id='word_1_548' title='bbox 2392 966 2639 1035; x_wconf 75' lang='grc' dir='ltr'>πονηρᾶς</span> <span class='ocrx_word' id='word_1_549' title='bbox 2675 961 2929 1034; x_wconf 81' lang='grc' dir='ltr'>πράξεως</span> <span class='ocrx_word' id='word_1_550' title='bbox 2955 974 2969 988; x_wconf 93' lang='grc'>⁸</span> <span class='ocrx_word' id='word_1_551' title='bbox 3009 957 3278 1027; x_wconf 80' lang='grc' dir='ltr'>ὲθισοήτω</span> <span class='ocrx_word' id='word_1_552' title='bbox 3318 957 3393 1043; x_wconf 76' lang='grc' dir='ltr'>μὴ</span> 
     </span>
    </p>
   </div>
   <div class='ocr_carea' id='block_1_67' title="bbox 1818 1042 3377 1125">
    <p class='ocr_par' dir='ltr' id='par_1_67' title="bbox 1818 1042 3377 1125">
     <span class='ocr_line' id='line_1_68' title="bbox 1818 1042 3377 1125; baseline -0.014 -8"><span class='ocrx_word' id='word_1_553' title='bbox 1818 1042 2037 1118; x_wconf 78' lang='grc' dir='ltr'>ἀπιέναι</span> <span class='ocrx_word' id='word_1_554' title='bbox 2064 1064 2143 1123; x_wconf 87' lang='grc' dir='ltr'>είς</span> <span class='ocrx_word' id='word_1_555' title='bbox 2174 1061 2349 1112; x_wconf 76' lang='grc' dir='ltr'>ἐκεῖνο</span> <span class='ocrx_word' id='word_1_556' title='bbox 2376 1058 2436 1109; x_wconf 84' lang='grc' dir='ltr'>τὸ</span> <span class='ocrx_word' id='word_1_557' title='bbox 2468 1055 2745 1125; x_wconf 83' lang='grc' dir='ltr'>βάραθρον</span> <span class='ocrx_word' id='word_1_558' title='bbox 2767 1068 2780 1080; x_wconf 90' lang='grc'>⁸</span> <span class='ocrx_word' id='word_1_559' title='bbox 2822 1049 2932 1101; x_wconf 76' lang='grc' dir='ltr'>εἴτε</span> <span class='ocrx_word' id='word_1_560' title='bbox 2956 1048 3043 1100; x_wconf 84' lang='grc' dir='ltr'>διὰ</span> <span class='ocrx_word' id='word_1_561' title='bbox 3079 1047 3158 1109; x_wconf 85' lang='grc' dir='ltr'>σὲ,</span> <span class='ocrx_word' id='word_1_562' title='bbox 3189 1048 3297 1098; x_wconf 86' lang='grc' dir='ltr'>εῖτε</span> <span class='ocrx_word' id='word_1_563' title='bbox 3327 1042 3377 1096; x_wconf 88' lang='grc' dir='ltr'>δι</span> 
     </span>
    </p>
   </div>
   <div class='ocr_carea' id='block_1_68' title="bbox 1818 1136 3386 1221">
    <p class='ocr_par' dir='ltr' id='par_1_68' title="bbox 1818 1136 3386 1221">
     <span class='ocr_line' id='line_1_69' title="bbox 1818 1136 3386 1221; baseline -0.011 -18"><span class='ocrx_word' id='word_1_564' title='bbox 1818 1152 2101 1221; x_wconf 81' lang='grc' dir='ltr'>ὀτιδὴποτε</span> <span class='ocrx_word' id='word_1_565' title='bbox 2148 1148 2387 1217; x_wconf 81' lang='grc' dir='ltr'>κωλυθῇ,</span> <span class='ocrx_word' id='word_1_566' title='bbox 2436 1146 2626 1215; x_wconf 81' lang='grc' dir='ltr'>κέρδος</span> <span class='ocrx_word' id='word_1_567' title='bbox 2668 1143 2818 1195; x_wconf 76' lang='grc' dir='ltr'>ἔσται</span> <span class='ocrx_word' id='word_1_568' title='bbox 2852 1142 2915 1193; x_wconf 81' lang='grc' dir='ltr'>ἐκ</span> <span class='ocrx_word' id='word_1_569' title='bbox 2971 1138 3181 1191; x_wconf 87' lang='grc' dir='ltr'>τούτου.</span> <span class='ocrx_word' id='word_1_570' title='bbox 3214 1136 3386 1189; x_wconf 85' lang='grc' dir='ltr'>Ὀταν</span> 
     </span>
    </p>
   </div>
   <div class='ocr_carea' id='block_1_69' title="bbox 1820 1224 3386 1314">
    <p class='ocr_par' dir='ltr' id='par_1_69' title="bbox 1820 1224 3386 1314">
     <span class='ocr_line' id='line_1_70' title="bbox 1820 1224 3386 1314; baseline -0.013 -18"><span class='ocrx_word' id='word_1_571' title='bbox 1820 1243 1926 1312; x_wconf 87' lang='grc' dir='ltr'>γάρ</span> <span class='ocrx_word' id='word_1_572' title='bbox 1971 1242 2156 1314; x_wconf 72' lang='grc' dir='ltr'>ἐθίσῃς</span> <span class='ocrx_word' id='word_1_573' title='bbox 2201 1240 2360 1292; x_wconf 72' lang='grc' dir='ltr'>αὑτὸν</span> <span class='ocrx_word' id='word_1_574' title='bbox 2398 1237 2473 1306; x_wconf 79' lang='grc' dir='ltr'>μὴ</span> <span class='ocrx_word' id='word_1_575' title='bbox 2511 1236 2751 1291; x_wconf 84' lang='grc' dir='ltr'>ἀπιέναι.</span> <span class='ocrx_word' id='word_1_576' title='bbox 2794 1231 2913 1284; x_wconf 88' lang='grc' dir='ltr'>τότε</span> <span class='ocrx_word' id='word_1_577' title='bbox 2944 1231 3147 1299; x_wconf 79' lang='grc' dir='ltr'>δυνήσῃ</span> <span class='ocrx_word' id='word_1_578' title='bbox 3194 1224 3386 1297; x_wconf 80' lang='grc' dir='ltr'>μικρὸν</span> 
     </span>
    </p>
   </div>
   <div class='ocr_carea' id='block_1_70' title="bbox 1821 1317 3421 1393">
    <p class='ocr_par' dir='ltr' id='par_1_70' title="bbox 1821 1317 3421 1393">
     <span class='ocr_line' id='line_1_71' title="bbox 1821 1317 3421 1393; baseline -0.011 -7"><span class='ocrx_word' id='word_1_579' title='bbox 1821 1332 2233 1387; x_wconf 86' lang='grc' dir='ltr'>ἀναπνεύσαντα</span> <span class='ocrx_word' id='word_1_580' title='bbox 2268 1328 2470 1393; x_wconf 77' lang='grc' dir='ltr'>λαϐὼν,</span> <span class='ocrx_word' id='word_1_581' title='bbox 2501 1327 2729 1390; x_wconf 79' lang='grc' dir='ltr'>διδάξαι,</span> <span class='ocrx_word' id='word_1_582' title='bbox 2772 1325 2853 1377; x_wconf 87' lang='grc' dir='ltr'>ὅτι</span> <span class='ocrx_word' id='word_1_583' title='bbox 2889 1322 2993 1392; x_wconf 83' lang='grc' dir='ltr'>χρὴ</span> <span class='ocrx_word' id='word_1_584' title='bbox 3022 1321 3110 1374; x_wconf 89' lang='grc' dir='ltr'>διά</span> <span class='ocrx_word' id='word_1_585' title='bbox 3138 1320 3227 1371; x_wconf 82' lang='grc' dir='ltr'>τὸν</span> <span class='ocrx_word' id='word_1_586' title='bbox 3256 1317 3387 1370; x_wconf 72' lang='grc' dir='ltr'>Θεὸν</span> <span class='ocrx_word' id='word_1_587' title='bbox 3412 1364 3421 1379; x_wconf 70' lang='grc'>,</span> 
     </span>
    </p>
   </div>
   <div class='ocr_carea' id='block_1_71' title="bbox 1821 1410 3401 1494">
    <p class='ocr_par' dir='ltr' id='par_1_71' title="bbox 1821 1410 3401 1494">
     <span class='ocr_line' id='line_1_72' title="bbox 1821 1410 3401 1494; baseline -0.009 -18"><span class='ocrx_word' id='word_1_588' title='bbox 1821 1425 1980 1478; x_wconf 91' lang='grc' dir='ltr'>τοῦτο</span> <span class='ocrx_word' id='word_1_589' title='bbox 2014 1423 2089 1494; x_wconf 77' lang='grc' dir='ltr'>μὴ</span> <span class='ocrx_word' id='word_1_590' title='bbox 2113 1424 2308 1485; x_wconf 90' lang='grc' dir='ltr'>ποιεῖν,</span> <span class='ocrx_word' id='word_1_591' title='bbox 2341 1420 2437 1473; x_wconf 69' lang='grc' dir='ltr'>καὶ</span> <span class='ocrx_word' id='word_1_592' title='bbox 2466 1420 2528 1472; x_wconf 77' lang='grc' dir='ltr'>οὐ</span> <span class='ocrx_word' id='word_1_593' title='bbox 2556 1421 2623 1472; x_wconf 77' lang='grc' dir='ltr'>δι’</span> <span class='ocrx_word' id='word_1_594' title='bbox 2668 1417 2977 1488; x_wconf 83' lang='grc' dir='ltr'>ἄνθρωπον.</span> <span class='ocrx_word' id='word_1_595' title='bbox 3027 1412 3119 1478; x_wconf 82' lang='grc' dir='ltr'>Μὴ</span> <span class='ocrx_word' id='word_1_596' title='bbox 3166 1410 3401 1480; x_wconf 81' lang='grc' dir='ltr'>θελήσῃς</span> 
     </span>
    </p>
   </div>
   <div class='ocr_carea' id='block_1_72' title="bbox 1824 1499 3397 1585">
    <p class='ocr_par' dir='ltr' id='par_1_72' title="bbox 1824 1499 3397 1585">
     <span class='ocr_line' id='line_1_73' title="bbox 1824 1499 3397 1585; baseline -0.011 -16"><span class='ocrx_word' id='word_1_597' title='bbox 1824 1516 1913 1585; x_wconf 83' lang='grc' dir='ltr'>ὑφ’</span> <span class='ocrx_word' id='word_1_598' title='bbox 1952 1515 2008 1567; x_wconf 82' lang='grc' dir='ltr'>ἒν</span> <span class='ocrx_word' id='word_1_599' title='bbox 2048 1512 2395 1582; x_wconf 83' lang='grc' dir='ltr'>κατορθῶσαι</span> <span class='ocrx_word' id='word_1_600' title='bbox 2439 1510 2501 1562; x_wconf 85' lang='lat'>:6</span> <span class='ocrx_word' id='word_1_601' title='bbox 2554 1510 2691 1569; x_wconf 78' lang='grc' dir='ltr'>πᾶν.</span> <span class='ocrx_word' id='word_1_602' title='bbox 2736 1508 2857 1559; x_wconf 66' lang='grc' dir='ltr'>ἐπεὶ</span> <span class='ocrx_word' id='word_1_603' title='bbox 2892 1506 2953 1558; x_wconf 85' lang='lat' dir='ltr'><em>o6</em></span> <span class='ocrx_word' id='word_1_604' title='bbox 3005 1503 3234 1574; x_wconf 77' lang='grc' dir='ltr'>δυνήσῃ,</span> <span class='ocrx_word' id='word_1_605' title='bbox 3287 1499 3397 1553; x_wconf 82' lang='grc' dir='ltr'>ἀλλ’</span> 
     </span>
    </p>
   </div>
   <div class='ocr_carea' id='block_1_73' title="bbox 1824 1594 3403 1677">
    <p class='ocr_par' dir='ltr' id='par_1_73' title="bbox 1824 1594 3403 1677">
     <span class='ocr_line' id='line_1_74' title="bbox 1824 1594 3403 1677; baseline -0.009 -18"><span class='ocrx_word' id='word_1_606' title='bbox 1824 1606 2007 1677; x_wconf 70' lang='grc' dir='ltr'>ἡρέμα</span> <span class='ocrx_word' id='word_1_607' title='bbox 2038 1605 2131 1657; x_wconf 79' lang='grc' dir='ltr'>καὶ</span> <span class='ocrx_word' id='word_1_608' title='bbox 2158 1602 2297 1656; x_wconf 87' lang='grc' dir='ltr'>κατά</span> <span class='ocrx_word' id='word_1_609' title='bbox 2328 1602 2543 1672; x_wconf 81' lang='grc' dir='ltr'>μικρόν.</span> <span class='ocrx_word' id='word_1_610' title='bbox 2564 1601 2660 1651; x_wconf 76' lang='grc' dir='ltr'>Ἂν</span> <span class='ocrx_word' id='word_1_611' title='bbox 2692 1600 2771 1661; x_wconf 86' lang='grc' dir='ltr'>είς</span> <span class='ocrx_word' id='word_1_612' title='bbox 2812 1599 2973 1651; x_wconf 87' lang='grc' dir='ltr'>πότον</span> <span class='ocrx_word' id='word_1_613' title='bbox 2999 1596 3114 1667; x_wconf 80' lang='grc' dir='ltr'>ῖδης</span> <span class='ocrx_word' id='word_1_614' title='bbox 3146 1594 3403 1656; x_wconf 80' lang='grc' dir='ltr'>ἀπιόντα,</span> 
     </span>
    </p>
   </div>
   <div class='ocr_carea' id='block_1_74' title="bbox 1824 1683 3405 1763">
    <p class='ocr_par' dir='ltr' id='par_1_74' title="bbox 1824 1683 3405 1763">
     <span class='ocr_line' id='line_1_75' title="bbox 1824 1683 3405 1763; baseline -0.008 -16"><span class='ocrx_word' id='word_1_615' title='bbox 1824 1695 1920 1748; x_wconf 73' lang='grc' dir='ltr'>καὶ</span> <span class='ocrx_word' id='word_1_616' title='bbox 1973 1695 2055 1756; x_wconf 89' lang='grc' dir='ltr'>είς</span> <span class='ocrx_word' id='word_1_617' title='bbox 2101 1693 2379 1763; x_wconf 85' lang='grc' dir='ltr'>συμπόσια</span> <span class='ocrx_word' id='word_1_618' title='bbox 2440 1690 2611 1759; x_wconf 83' lang='grc' dir='ltr'>μέθης</span> <span class='ocrx_word' id='word_1_619' title='bbox 2658 1686 3090 1757; x_wconf 82' lang='grc' dir='ltr'>πεπληρωμένα,</span> <span class='ocrx_word' id='word_1_620' title='bbox 3136 1685 3295 1737; x_wconf 85' lang='grc' dir='ltr'>κάκεῖ</span> <span class='ocrx_word' id='word_1_621' title='bbox 3344 1683 3405 1735; x_wconf 82' lang='lat'>:6</span> 
     </span>
    </p>
   </div>
   <div class='ocr_carea' id='block_1_75' title="bbox 1828 1771 3401 1847">
    <p class='ocr_par' dir='ltr' id='par_1_75' title="bbox 1828 1771 3401 1847">
     <span class='ocr_line' id='line_1_76' title="bbox 1828 1771 3401 1847; baseline -0.007 -11"><span class='ocrx_word' id='word_1_622' title='bbox 1828 1782 1957 1836; x_wconf 81' lang='grc' dir='ltr'>αὐτὸ</span> <span class='ocrx_word' id='word_1_623' title='bbox 2005 1782 2169 1845; x_wconf 88' lang='grc' dir='ltr'>ποίει,</span> <span class='ocrx_word' id='word_1_624' title='bbox 2228 1782 2323 1835; x_wconf 81' lang='grc' dir='ltr'>καὶ</span> <span class='ocrx_word' id='word_1_625' title='bbox 2359 1780 2521 1833; x_wconf 73' lang='grc' dir='ltr'>αὑτὸν</span> <span class='ocrx_word' id='word_1_626' title='bbox 2574 1778 2733 1832; x_wconf 80' lang='grc' dir='ltr'>πάλιν</span> <span class='ocrx_word' id='word_1_627' title='bbox 2802 1776 3205 1847; x_wconf 68' lang='grc' dir='ltr'>παρακάλεσον,</span> <span class='ocrx_word' id='word_1_628' title='bbox 3256 1771 3309 1826; x_wconf 84' lang='grc' dir='ltr'>εί</span> <span class='ocrx_word' id='word_1_629' title='bbox 3350 1790 3401 1825; x_wconf 90' lang='grc' dir='ltr'>τι</span> 
     </span>
    </p>
   </div>
   <div class='ocr_carea' id='block_1_76' title="bbox 1829 1863 3397 1943">
    <p class='ocr_par' dir='ltr' id='par_1_76' title="bbox 1829 1863 3397 1943">
     <span class='ocr_line' id='line_1_77' title="bbox 1829 1863 3397 1943; baseline -0.006 -17"><span class='ocrx_word' id='word_1_630' title='bbox 1829 1874 2027 1943; x_wconf 78' lang='grc' dir='ltr'>συνορᾷ</span> <span class='ocrx_word' id='word_1_631' title='bbox 2056 1871 2346 1941; x_wconf 81' lang='grc' dir='ltr'>ἐλάττωμά</span> <span class='ocrx_word' id='word_1_632' title='bbox 2390 1886 2448 1922; x_wconf 89' lang='grc' dir='ltr'>σε</span> <span class='ocrx_word' id='word_1_633' title='bbox 2491 1869 2704 1938; x_wconf 74' lang='grc' dir='ltr'>ἔχοντα,</span> <span class='ocrx_word' id='word_1_634' title='bbox 2733 1867 2950 1938; x_wconf 79' lang='grc' dir='ltr'>βοηθεῖν</span> <span class='ocrx_word' id='word_1_635' title='bbox 2997 1868 3090 1919; x_wconf 76' lang='grc' dir='ltr'>καὶ</span> <span class='ocrx_word' id='word_1_636' title='bbox 3130 1863 3397 1933; x_wconf 90' lang='grc' dir='ltr'>διορθοῦν.</span> 
     </span>
    </p>
   </div>
   <div class='ocr_carea' id='block_1_77' title="bbox 1829 1956 3404 2033">
    <p class='ocr_par' dir='ltr' id='par_1_77' title="bbox 1829 1956 3404 2033">
     <span class='ocr_line' id='line_1_78' title="bbox 1829 1956 3404 2033; baseline -0.007 -16"><span class='ocrx_word' id='word_1_637' title='bbox 1829 1963 1986 2017; x_wconf 84' lang='grc' dir='ltr'>Οῦτω</span> <span class='ocrx_word' id='word_1_638' title='bbox 2020 1962 2128 2033; x_wconf 79' lang='grc' dir='ltr'>γὰρ</span> <span class='ocrx_word' id='word_1_639' title='bbox 2168 1964 2259 2015; x_wconf 80' lang='grc' dir='ltr'>καὶ</span> <span class='ocrx_word' id='word_1_640' title='bbox 2293 1961 2383 2013; x_wconf 79' lang='grc' dir='ltr'>ἐπὶ</span> <span class='ocrx_word' id='word_1_641' title='bbox 2427 1959 2623 2012; x_wconf 82' lang='grc' dir='ltr'>ἑαυτοῦ</span> <span class='ocrx_word' id='word_1_642' title='bbox 2670 1960 2759 2012; x_wconf 80' lang='grc' dir='ltr'>τὸν</span> <span class='ocrx_word' id='word_1_643' title='bbox 2799 1960 3020 2027; x_wconf 77' lang='grc' dir='ltr'>ἔλεγχον</span> <span class='ocrx_word' id='word_1_644' title='bbox 3059 1956 3220 2018; x_wconf 81' lang='grc' dir='ltr'>οῖσει,</span> <span class='ocrx_word' id='word_1_645' title='bbox 3275 1957 3404 2008; x_wconf 85' lang='grc' dir='ltr'>ὅταν</span> 
     </span>
    </p>
   </div>
   <div class='ocr_carea' id='block_1_78' title="bbox 1832 2048 3405 2126">
    <p class='ocr_par' dir='ltr' id='par_1_78' title="bbox 1832 2048 3405 2126">
     <span class='ocr_line' id='line_1_79' title="bbox 1832 2048 3405 2126; baseline -0.004 -21"><span class='ocrx_word' id='word_1_646' title='bbox 1832 2054 1916 2126; x_wconf 77' lang='grc' dir='ltr'>ίδῃ</span> <span class='ocrx_word' id='word_1_647' title='bbox 1952 2055 2046 2106; x_wconf 65' lang='grc' dir='ltr'>καὶ⁵</span> <span class='ocrx_word' id='word_1_648' title='bbox 2072 2054 2130 2105; x_wconf 71' lang='grc' dir='ltr'>σὲ</span> <span class='ocrx_word' id='word_1_649' title='bbox 2154 2052 2409 2122; x_wconf 85' lang='grc' dir='ltr'>δεόμενον</span> <span class='ocrx_word' id='word_1_650' title='bbox 2452 2051 2710 2120; x_wconf 85' lang='grc' dir='ltr'>ἐλέγχων,</span> <span class='ocrx_word' id='word_1_651' title='bbox 2748 2052 2843 2102; x_wconf 72' lang='grc' dir='ltr'>καὶ</span> <span class='ocrx_word' id='word_1_652' title='bbox 2882 2048 2955 2118; x_wconf 84' lang='grc' dir='ltr'>μὴ</span> <span class='ocrx_word' id='word_1_653' title='bbox 3001 2048 3075 2110; x_wconf 87' lang='grc' dir='ltr'>ὼς</span> <span class='ocrx_word' id='word_1_654' title='bbox 3111 2048 3181 2100; x_wconf 88' lang='grc' dir='ltr'>τά</span> <span class='ocrx_word' id='word_1_655' title='bbox 3224 2048 3405 2100; x_wconf 88' lang='grc' dir='ltr'>πάντα</span> 
     </span>
    </p>
   </div>
   <div class='ocr_carea' id='block_1_79' title="bbox 1828 2138 3398 2214">
    <p class='ocr_par' dir='ltr' id='par_1_79' title="bbox 1828 2138 3398 2214">
     <span class='ocr_line' id='line_1_80' title="bbox 1828 2138 3398 2214; baseline -0.004 -17"><span class='ocrx_word' id='word_1_656' title='bbox 1828 2144 2249 2214; x_wconf 82' lang='grc' dir='ltr'>κατωρθωκότα,</span> <span class='ocrx_word' id='word_1_657' title='bbox 2296 2142 2432 2213; x_wconf 86' lang='grc' dir='ltr'>μηδέ</span> <span class='ocrx_word' id='word_1_658' title='bbox 2464 2142 2540 2205; x_wconf 83' lang='grc' dir='ltr'>ὡς</span> <span class='ocrx_word' id='word_1_659' title='bbox 2578 2140 2919 2203; x_wconf 80' lang='grc' dir='ltr'>διδάσκαλον,</span> <span class='ocrx_word' id='word_1_660' title='bbox 2958 2140 3074 2209; x_wconf 56' lang='grc' dir='ltr'>ἀλλῗ</span> <span class='ocrx_word' id='word_1_661' title='bbox 3128 2140 3204 2201; x_wconf 86' lang='grc' dir='ltr'>ὼς</span> <span class='ocrx_word' id='word_1_662' title='bbox 3245 2138 3398 2205; x_wconf 86' lang='grc' dir='ltr'>φίλον</span> 
     </span>
    </p>
   </div>
   <div class='ocr_carea' id='block_1_80' title="bbox 1829 2230 3407 2307">
    <p class='ocr_par' dir='ltr' id='par_1_80' title="bbox 1829 2230 3407 2307">
     <span class='ocr_line' id='line_1_81' title="bbox 1829 2230 3407 2307; baseline -0.004 -17"><span class='ocrx_word' id='word_1_663' title='bbox 1829 2240 1922 2290; x_wconf 77' lang='grc' dir='ltr'>καὶ</span> <span class='ocrx_word' id='word_1_664' title='bbox 1950 2237 2176 2303; x_wconf 73' lang='grc' dir='ltr'>ἀδελφὸν</span> <span class='ocrx_word' id='word_1_665' title='bbox 2225 2235 2544 2307; x_wconf 85' lang='grc' dir='ltr'>βοηθοῦντα.</span> <span class='ocrx_word' id='word_1_666' title='bbox 2577 2234 2713 2287; x_wconf 78' lang='grc' dir='ltr'>Εἰπὲ</span> <span class='ocrx_word' id='word_1_667' title='bbox 2761 2234 2897 2305; x_wconf 73' lang='grc' dir='ltr'>πρὸς</span> <span class='ocrx_word' id='word_1_668' title='bbox 2934 2233 3116 2296; x_wconf 74' lang='grc' dir='ltr'>αὑτὸν,</span> <span class='ocrx_word' id='word_1_669' title='bbox 3158 2230 3296 2299; x_wconf 78' lang='grc' dir='ltr'>Ἐγὼ</span> <span class='ocrx_word' id='word_1_670' title='bbox 3344 2247 3407 2283; x_wconf 80' lang='grc' dir='ltr'>σε</span> 
     </span>
    </p>
   </div>
   <div class='ocr_carea' id='block_1_81' title="bbox 1829 2322 3402 2399">
    <p class='ocr_par' dir='ltr' id='par_1_81' title="bbox 1829 2322 3402 2399">
     <span class='ocr_line' id='line_1_82' title="bbox 1829 2322 3402 2399; baseline -0.006 -18"><span class='ocrx_word' id='word_1_671' title='bbox 1829 2329 2031 2399; x_wconf 79' lang='grc' dir='ltr'>ὥνησα.</span> <span class='ocrx_word' id='word_1_672' title='bbox 2075 2328 2394 2397; x_wconf 80' lang='grc' dir='ltr'>ὑπομνήσας</span> <span class='ocrx_word' id='word_1_673' title='bbox 2424 2328 2532 2380; x_wconf 86' lang='grc' dir='ltr'>τῶν</span> <span class='ocrx_word' id='word_1_674' title='bbox 2562 2326 2952 2395; x_wconf 71' lang='grc' dir='ltr'>συμφερόντων</span> <span class='ocrx_word' id='word_1_675' title='bbox 2974 2340 2985 2351; x_wconf 92' lang='grc'>⁸</span> <span class='ocrx_word' id='word_1_676' title='bbox 3025 2324 3122 2376; x_wconf 70' lang='grc' dir='ltr'>καὶ</span> <span class='ocrx_word' id='word_1_677' title='bbox 3156 2323 3220 2375; x_wconf 77' lang='grc' dir='ltr'>σὺ</span> <span class='ocrx_word' id='word_1_678' title='bbox 3263 2322 3402 2392; x_wconf 77' lang='grc' dir='ltr'>ὅπερ</span> 
     </span>
    </p>
   </div>
   <div class='ocr_carea' id='block_1_82' title="bbox 1830 2411 3401 2491">
    <p class='ocr_par' dir='ltr' id='par_1_82' title="bbox 1830 2411 3401 2491">
     <span class='ocr_line' id='line_1_83' title="bbox 1830 2411 3401 2491; baseline -0.006 -17"><span class='ocrx_word' id='word_1_679' title='bbox 1830 2422 1895 2475; x_wconf 79' lang='grc' dir='ltr'>ἂν</span> <span class='ocrx_word' id='word_1_680' title='bbox 1927 2420 2141 2491; x_wconf 83' lang='grc' dir='ltr'>συνίδῃς</span> <span class='ocrx_word' id='word_1_681' title='bbox 2167 2420 2456 2488; x_wconf 85' lang='grc' dir='ltr'>ἐλάττωμα</span> <span class='ocrx_word' id='word_1_682' title='bbox 2490 2418 2684 2488; x_wconf 77' lang='grc' dir='ltr'>ἔχοντά</span> <span class='ocrx_word' id='word_1_683' title='bbox 2714 2434 2803 2486; x_wconf 87' lang='grc' dir='ltr'>με,</span> <span class='ocrx_word' id='word_1_684' title='bbox 2838 2414 3208 2483; x_wconf 85' lang='grc' dir='ltr'>ἀναχαίτισον,</span> <span class='ocrx_word' id='word_1_685' title='bbox 3256 2411 3401 2482; x_wconf 64' lang='lat'><strong>6:672-</strong></span> 
     </span>
    </p>
   </div>
   <div class='ocr_carea' id='block_1_83' title="bbox 1831 2506 3405 2584">
    <p class='ocr_par' dir='ltr' id='par_1_83' title="bbox 1831 2506 3405 2584">
     <span class='ocr_line' id='line_1_84' title="bbox 1831 2506 3405 2584; baseline -0.008 -17"><span class='ocrx_word' id='word_1_686' title='bbox 1831 2514 2037 2567; x_wconf 85' lang='grc' dir='ltr'>θωσον⁸</span> <span class='ocrx_word' id='word_1_687' title='bbox 2088 2514 2152 2567; x_wconf 83' lang='grc' dir='ltr'>ἂν</span> <span class='ocrx_word' id='word_1_688' title='bbox 2197 2513 2413 2584; x_wconf 86' lang='grc' dir='ltr'>ὀργίλον</span> <span class='ocrx_word' id='word_1_689' title='bbox 2456 2512 2593 2583; x_wconf 83' lang='grc' dir='ltr'>ῖδῃς.</span> <span class='ocrx_word' id='word_1_690' title='bbox 2640 2510 2705 2563; x_wconf 87' lang='grc' dir='ltr'>ἆν</span> <span class='ocrx_word' id='word_1_691' title='bbox 2736 2508 3091 2578; x_wconf 79' lang='grc' dir='ltr'>πλεονέκτην,</span> <span class='ocrx_word' id='word_1_692' title='bbox 3138 2506 3405 2573; x_wconf 75' lang='grc' dir='ltr'>κάτασχε,</span> 
     </span>
    </p>
   </div>
   <div class='ocr_carea' id='block_1_84' title="bbox 1830 2594 3407 2674">
    <p class='ocr_par' dir='ltr' id='par_1_84' title="bbox 1830 2594 3407 2674">
     <span class='ocr_line' id='line_1_85' title="bbox 1830 2594 3407 2674; baseline -0.007 -17"><span class='ocrx_word' id='word_1_693' title='bbox 1830 2605 1991 2674; x_wconf 77' lang='grc' dir='ltr'>δῆσον</span> <span class='ocrx_word' id='word_1_694' title='bbox 2013 2606 2079 2674; x_wconf 82' lang='grc' dir='ltr'>τῇ</span> <span class='ocrx_word' id='word_1_695' title='bbox 2104 2604 2444 2672; x_wconf 82' lang='grc' dir='ltr'>παραινέσει.</span> <span class='ocrx_word' id='word_1_696' title='bbox 2480 2600 2659 2653; x_wconf 87' lang='grc' dir='ltr'>Τοῦτό</span> <span class='ocrx_word' id='word_1_697' title='bbox 2683 2602 2797 2651; x_wconf 73' lang='grc' dir='ltr'>ἐστι</span> <span class='ocrx_word' id='word_1_698' title='bbox 2833 2597 2982 2665; x_wconf 87' lang='grc' dir='ltr'>φιλία</span> <span class='ocrx_word' id='word_1_699' title='bbox 3004 2614 3017 2629; x_wconf 94' lang='grc'>⁸</span> <span class='ocrx_word' id='word_1_700' title='bbox 3048 2596 3219 2657; x_wconf 67' lang='grc' dir='ltr'>οὕτως</span> <span class='ocrx_word' id='word_1_701' title='bbox 3251 2594 3407 2649; x_wconf 84' lang='grc' dir='ltr'>ἀδελ-</span> 
     </span>
    </p>
   </div>
   <div class='ocr_carea' id='block_1_85' title="bbox 1833 2686 3407 2772">
    <p class='ocr_par' dir='ltr' id='par_1_85' title="bbox 1833 2686 3407 2772">
     <span class='ocr_line' id='line_1_86' title="bbox 1833 2686 3407 2772; baseline -0.007 -23"><span class='ocrx_word' id='word_1_702' title='bbox 1833 2697 1932 2765; x_wconf 80' lang='grc' dir='ltr'>φὸς</span> <span class='ocrx_word' id='word_1_703' title='bbox 1988 2696 2091 2748; x_wconf 83' lang='grc' dir='ltr'>ὑπὸ</span> <span class='ocrx_word' id='word_1_704' title='bbox 2144 2693 2374 2772; x_wconf 66' lang='grc' dir='ltr'>ἀδελφοῦ</span> <span class='ocrx_word' id='word_1_705' title='bbox 2423 2692 2810 2763; x_wconf 80' lang='grc' dir='ltr'>βοηθούμενος,</span> <span class='ocrx_word' id='word_1_706' title='bbox 2880 2690 2955 2753; x_wconf 85' lang='grc' dir='ltr'>ὡς</span> <span class='ocrx_word' id='word_1_707' title='bbox 3023 2688 3175 2751; x_wconf 87' lang='grc' dir='ltr'>πόλις</span> <span class='ocrx_word' id='word_1_708' title='bbox 3234 2686 3407 2757; x_wconf 81' lang='grc' dir='ltr'>ὀχυρά</span> 
     </span>
    </p>
   </div>
   <div class='ocr_carea' id='block_1_86' title="bbox 1831 2779 3400 2856">
    <p class='ocr_par' dir='ltr' id='par_1_86' title="bbox 1831 2779 3400 2856">
     <span class='ocr_line' id='line_1_87' title="bbox 1831 2779 3400 2856; baseline -0.008 -15"><span class='ocrx_word' id='word_1_709' title='bbox 1831 2789 2039 2855; x_wconf 88' lang='grc' dir='ltr'>γίνεται</span> <span class='ocrx_word' id='word_1_710' title='bbox 2059 2804 2071 2817; x_wconf 92' lang='grc'>⁸</span> <span class='ocrx_word' id='word_1_711' title='bbox 2100 2787 2160 2840; x_wconf 89' lang='lat' dir='ltr'><em>o6</em></span> <span class='ocrx_word' id='word_1_712' title='bbox 2187 2787 2294 2856; x_wconf 73' lang='grc' dir='ltr'>γάρ</span> <span class='ocrx_word' id='word_1_713' title='bbox 2324 2786 2385 2839; x_wconf 87' lang='lat'>:6</span> <span class='ocrx_word' id='word_1_714' title='bbox 2417 2788 2609 2854; x_wconf 80' lang='grc' dir='ltr'>φαγεῖν</span> <span class='ocrx_word' id='word_1_715' title='bbox 2642 2784 2735 2837; x_wconf 68' lang='grc' dir='ltr'>καὶ</span> <span class='ocrx_word' id='word_1_716' title='bbox 2760 2783 2820 2835; x_wconf 82' lang='grc' dir='ltr'>τὸ</span> <span class='ocrx_word' id='word_1_717' title='bbox 2851 2784 2994 2834; x_wconf 85' lang='grc' dir='ltr'>πιεῖν</span> <span class='ocrx_word' id='word_1_718' title='bbox 3026 2783 3173 2833; x_wconf 85' lang='grc' dir='ltr'>ποιεῖ</span> <span class='ocrx_word' id='word_1_719' title='bbox 3197 2779 3400 2847; x_wconf 83' lang='grc' dir='ltr'>φιλίαν·</span> 
     </span>
    </p>
   </div>
   <div class='ocr_carea' id='block_1_87' title="bbox 1832 2871 3407 2949">
    <p class='ocr_par' dir='ltr' id='par_1_87' title="bbox 1832 2871 3407 2949">
     <span class='ocr_line' id='line_1_88' title="bbox 1832 2871 3407 2949; baseline -0.005 -19"><span class='ocrx_word' id='word_1_720' title='bbox 1832 2878 2089 2949; x_wconf 81' lang='grc' dir='ltr'>τοιαύτην</span> <span class='ocrx_word' id='word_1_721' title='bbox 2125 2877 2233 2947; x_wconf 85' lang='grc' dir='ltr'>γάρ</span> <span class='ocrx_word' id='word_1_722' title='bbox 2262 2876 2356 2929; x_wconf 66' lang='grc' dir='ltr'>καλ⁸</span> <span class='ocrx_word' id='word_1_723' title='bbox 2380 2877 2577 2947; x_wconf 68' lang='grc' dir='ltr'>λῃσταὶ</span> <span class='ocrx_word' id='word_1_724' title='bbox 2604 2876 2789 2945; x_wconf 80' lang='grc' dir='ltr'>ἔχουσι</span> <span class='ocrx_word' id='word_1_725' title='bbox 2816 2878 2907 2927; x_wconf 71' lang='grc' dir='ltr'>καὶ</span> <span class='ocrx_word' id='word_1_726' title='bbox 2935 2873 3271 2944; x_wconf 77' lang='grc' dir='ltr'>ἀνδροφόνοι·</span> <span class='ocrx_word' id='word_1_727' title='bbox 3290 2871 3407 2923; x_wconf 78' lang='grc' dir='ltr'>ἀλλ’</span> 
     </span>
    </p>
   </div>
   <div class='ocr_carea' id='block_1_88' title="bbox 1833 2962 3408 3038">
    <p class='ocr_par' dir='ltr' id='par_1_88' title="bbox 1833 2962 3408 3038">
     <span class='ocr_line' id='line_1_89' title="bbox 1833 2962 3408 3038; baseline -0.004 -17"><span class='ocrx_word' id='word_1_728' title='bbox 1833 2972 1881 3022; x_wconf 85' lang='grc' dir='ltr'>εί</span> <span class='ocrx_word' id='word_1_729' title='bbox 1908 2969 2050 3038; x_wconf 90' lang='grc' dir='ltr'>φίλοι</span> <span class='ocrx_word' id='word_1_730' title='bbox 2072 2969 2259 3037; x_wconf 82' lang='grc' dir='ltr'>ἐσμὲν,</span> <span class='ocrx_word' id='word_1_731' title='bbox 2280 2968 2510 3030; x_wconf 81' lang='grc' dir='ltr'>είόντως</span> <span class='ocrx_word' id='word_1_732' title='bbox 2538 2966 2781 3035; x_wconf 87' lang='grc' dir='ltr'>ἀλλήλων</span> <span class='ocrx_word' id='word_1_733' title='bbox 2810 2965 3106 3034; x_wconf 79' lang='grc' dir='ltr'>κηδόμεθα,</span> <span class='ocrx_word' id='word_1_734' title='bbox 3132 2965 3207 3025; x_wconf 88' lang='grc' dir='ltr'>είς</span> <span class='ocrx_word' id='word_1_735' title='bbox 3236 2962 3408 3015; x_wconf 83' lang='grc' dir='ltr'>ταῦτα</span> 
     </span>
    </p>
   </div>
   <div class='ocr_carea' id='block_1_89' title="bbox 1835 3052 3409 3128">
    <p class='ocr_par' dir='ltr' id='par_1_89' title="bbox 1835 3052 3409 3128">
     <span class='ocr_line' id='line_1_90' title="bbox 1835 3052 3409 3128; baseline -0.004 -18"><span class='ocrx_word' id='word_1_736' title='bbox 1835 3058 2088 3128; x_wconf 84' lang='grc' dir='ltr'>ἀλλήλοις</span> <span class='ocrx_word' id='word_1_737' title='bbox 2115 3054 2558 3125; x_wconf 77' lang='grc' dir='ltr'>συμϐαλλώμεθα</span> <span class='ocrx_word' id='word_1_738' title='bbox 2577 3072 2589 3085; x_wconf 94' lang='grc'>⁸</span> <span class='ocrx_word' id='word_1_739' title='bbox 2624 3055 2797 3107; x_wconf 84' lang='grc' dir='ltr'>ταῦτα</span> <span class='ocrx_word' id='word_1_740' title='bbox 2818 3056 2897 3115; x_wconf 88' lang='grc' dir='ltr'>είς</span> <span class='ocrx_word' id='word_1_741' title='bbox 2914 3053 3096 3121; x_wconf 86' lang='grc' dir='ltr'>φιλίαν</span> <span class='ocrx_word' id='word_1_742' title='bbox 3117 3054 3264 3122; x_wconf 76' lang='grc' dir='ltr'>ἡμᾶς</span> <span class='ocrx_word' id='word_1_743' title='bbox 3286 3052 3409 3119; x_wconf 81' lang='grc' dir='ltr'>ἀγει</span> 
     </span>
    </p>
   </div>
   <div class='ocr_carea' id='block_1_90' title="bbox 1835 3143 3410 3217">
    <p class='ocr_par' dir='ltr' id='par_1_90' title="bbox 1835 3143 3410 3217">
     <span class='ocr_line' id='line_1_91' title="bbox 1835 3143 3410 3217; baseline -0.004 -17"><span class='ocrx_word' id='word_1_744' title='bbox 1835 3147 2107 3217; x_wconf 75' lang='grc' dir='ltr'>ιπωφελῆ,</span> <span class='ocrx_word' id='word_1_745' title='bbox 2140 3145 2311 3200; x_wconf 87' lang='grc' dir='ltr'>ταῦτα</span> <span class='ocrx_word' id='word_1_746' title='bbox 2339 3146 2539 3200; x_wconf 83' lang='grc' dir='ltr'>κωλύει</span> <span class='ocrx_word' id='word_1_747' title='bbox 2572 3148 2651 3208; x_wconf 87' lang='grc' dir='ltr'>είς</span> <span class='ocrx_word' id='word_1_748' title='bbox 2680 3145 2909 3213; x_wconf 78' lang='grc' dir='ltr'>γέενναν</span> <span class='ocrx_word' id='word_1_749' title='bbox 2943 3143 3221 3197; x_wconf 84' lang='grc' dir='ltr'>ἀπελθεῖν.</span> <span class='ocrx_word' id='word_1_750' title='bbox 3254 3144 3410 3211; x_wconf 85' lang='grc' dir='ltr'>Μήτε</span> 
     </span>
    </p>
   </div>
   <div class='ocr_carea' id='block_1_91' title="bbox 1834 3235 3412 3307">
    <p class='ocr_par' dir='ltr' id='par_1_91' title="bbox 1834 3235 3412 3307">
     <span class='ocr_line' id='line_1_92' title="bbox 1834 3235 3412 3307; baseline -0.003 -16"><span class='ocrx_word' id='word_1_751' title='bbox 1834 3235 1926 3293; x_wconf 74' lang='grc' dir='ltr'>οὖν</span> <span class='ocrx_word' id='word_1_752' title='bbox 1983 3240 2011 3291; x_wconf 95' lang='grc' dir='ltr'>ὀ</span> <span class='ocrx_word' id='word_1_753' title='bbox 2069 3238 2423 3307; x_wconf 76' lang='grc' dir='ltr'>ἐλεγχόμενος</span> <span class='ocrx_word' id='word_1_754' title='bbox 2481 3236 2894 3305; x_wconf 83' lang='grc' dir='ltr'>ἀγανακτείτω·</span> <span class='ocrx_word' id='word_1_755' title='bbox 2964 3235 3239 3305; x_wconf 75' lang='grc' dir='ltr'>ἄνθρωποι</span> <span class='ocrx_word' id='word_1_756' title='bbox 3300 3236 3412 3305; x_wconf 86' lang='grc' dir='ltr'>γάρ</span> 
     </span>
    </p>
   </div>
   <div class='ocr_carea' id='block_1_92' title="bbox 1836 3322 3409 3397">
    <p class='ocr_par' dir='ltr' id='par_1_92' title="bbox 1836 3322 3409 3397">
     <span class='ocr_line' id='line_1_93' title="bbox 1836 3322 3409 3397; baseline -0.004 -17"><span class='ocrx_word' id='word_1_757' title='bbox 1836 3330 2019 3397; x_wconf 80' lang='grc' dir='ltr'>ἐσμεν,</span> <span class='ocrx_word' id='word_1_758' title='bbox 2055 3326 2149 3379; x_wconf 70' lang='grc' dir='ltr'>καὶ</span> <span class='ocrx_word' id='word_1_759' title='bbox 2189 3326 2383 3396; x_wconf 76' lang='grc' dir='ltr'>ἔχομεν</span> <span class='ocrx_word' id='word_1_760' title='bbox 2414 3324 2771 3394; x_wconf 82' lang='grc' dir='ltr'>ἐλαττώματα</span> <span class='ocrx_word' id='word_1_761' title='bbox 2794 3340 2806 3352; x_wconf 86' lang='grc'>⁸</span> <span class='ocrx_word' id='word_1_762' title='bbox 2849 3326 2985 3394; x_wconf 87' lang='grc' dir='ltr'>μήτε</span> <span class='ocrx_word' id='word_1_763' title='bbox 3009 3326 3036 3377; x_wconf 94' lang='grc' dir='ltr'>ὀ</span> <span class='ocrx_word' id='word_1_764' title='bbox 3066 3323 3304 3393; x_wconf 87' lang='grc' dir='ltr'>ἐλέγχων</span> <span class='ocrx_word' id='word_1_765' title='bbox 3332 3322 3409 3386; x_wconf 85' lang='grc' dir='ltr'>ὡς</span> 
     </span>
    </p>
   </div>
   <div class='ocr_carea' id='block_1_93' title="bbox 1838 3414 3412 3487">
    <p class='ocr_par' dir='ltr' id='par_1_93' title="bbox 1838 3414 3412 3487">
     <span class='ocr_line' id='line_1_94' title="bbox 1838 3414 3412 3487; baseline -0.004 -15"><span class='ocrx_word' id='word_1_766' title='bbox 1838 3418 2173 3487; x_wconf 79' lang='grc' dir='ltr'>ἐπεγγελῶν,</span> <span class='ocrx_word' id='word_1_767' title='bbox 2222 3419 2253 3486; x_wconf 78' lang='grc' dir='ltr'><strong>ἥ</strong></span> <span class='ocrx_word' id='word_1_768' title='bbox 2294 3416 2369 3479; x_wconf 85' lang='grc' dir='ltr'>ὠς</span> <span class='ocrx_word' id='word_1_769' title='bbox 2423 3416 2795 3486; x_wconf 72' lang='grc' dir='ltr'>ἐπεμϐαίνων,</span> <span class='ocrx_word' id='word_1_770' title='bbox 2849 3416 3007 3469; x_wconf 87' lang='grc' dir='ltr'>τοῦτο</span> <span class='ocrx_word' id='word_1_771' title='bbox 3062 3415 3285 3469; x_wconf 82' lang='grc' dir='ltr'>ποιείτω</span> <span class='ocrx_word' id='word_1_772' title='bbox 3320 3414 3412 3467; x_wconf 74' lang='grc' dir='ltr'>καὶ</span> 
     </span>
    </p>
   </div>
   <div class='ocr_carea' id='block_1_94' title="bbox 1838 3505 3409 3579">
    <p class='ocr_par' dir='ltr' id='par_1_94' title="bbox 1838 3505 3409 3579">
     <span class='ocr_line' id='line_1_95' title="bbox 1838 3505 3409 3579; baseline -0.003 -16"><span class='ocrx_word' id='word_1_773' title='bbox 1838 3508 2225 3579; x_wconf 79' lang='grc' dir='ltr'>ἐκπομπεύων,</span> <span class='ocrx_word' id='word_1_774' title='bbox 2282 3508 2418 3561; x_wconf 86' lang='grc' dir='ltr'>ἀλλά</span> <span class='ocrx_word' id='word_1_775' title='bbox 2464 3510 2584 3561; x_wconf 84' lang='grc' dir='ltr'>κατ’</span> <span class='ocrx_word' id='word_1_776' title='bbox 2634 3508 2792 3571; x_wconf 90' lang='grc' dir='ltr'>ίδίαν,</span> <span class='ocrx_word' id='word_1_777' title='bbox 2857 3507 2995 3576; x_wconf 84' lang='grc' dir='ltr'>μετά</span> <span class='ocrx_word' id='word_1_778' title='bbox 3045 3505 3409 3577; x_wconf 82' lang='grc' dir='ltr'>προσηνείας·</span> 
     </span>
    </p>
   </div>
   <div class='ocr_carea' id='block_1_95' title="bbox 1838 3596 3412 3668">
    <p class='ocr_par' dir='ltr' id='par_1_95' title="bbox 1838 3596 3412 3668">
     <span class='ocr_line' id='line_1_96' title="bbox 1838 3596 3412 3668; baseline 0 -18"><span class='ocrx_word' id='word_1_779' title='bbox 1838 3598 2077 3661; x_wconf 90' lang='grc' dir='ltr'>πλείονος</span> <span class='ocrx_word' id='word_1_780' title='bbox 2100 3598 2209 3668; x_wconf 89' lang='grc' dir='ltr'>γάρ</span> <span class='ocrx_word' id='word_1_781' title='bbox 2240 3598 2409 3651; x_wconf 87' lang='grc' dir='ltr'>δεῖται</span> <span class='ocrx_word' id='word_1_782' title='bbox 2447 3598 2778 3668; x_wconf 87' lang='grc' dir='ltr'>προσηνείας</span> <span class='ocrx_word' id='word_1_783' title='bbox 2800 3600 2828 3650; x_wconf 91' lang='lat'>6</span> <span class='ocrx_word' id='word_1_784' title='bbox 2857 3597 3114 3667; x_wconf 77' lang='grc' dir='ltr'>ἐλέγχων,</span> <span class='ocrx_word' id='word_1_785' title='bbox 3147 3598 3237 3650; x_wconf 82' lang='grc' dir='ltr'>ἵνα</span> <span class='ocrx_word' id='word_1_786' title='bbox 3270 3596 3412 3650; x_wconf 78' lang='grc' dir='ltr'>οὕτω</span> 
     </span>
    </p>
   </div>
   <div class='ocr_carea' id='block_1_96' title="bbox 1838 3683 3410 3756">
    <p class='ocr_par' dir='ltr' id='par_1_96' title="bbox 1838 3683 3410 3756">
     <span class='ocr_line' id='line_1_97' title="bbox 1838 3683 3410 3756; baseline -0.002 -18"><span class='ocrx_word' id='word_1_787' title='bbox 1838 3686 2003 3756; x_wconf 76' lang='grc' dir='ltr'>πείσῃ</span> <span class='ocrx_word' id='word_1_788' title='bbox 2027 3685 2125 3755; x_wconf 81' lang='grc' dir='ltr'>τὴν</span> <span class='ocrx_word' id='word_1_789' title='bbox 2154 3685 2327 3755; x_wconf 75' lang='grc' dir='ltr'>τομὴν</span> <span class='ocrx_word' id='word_1_790' title='bbox 2370 3686 2636 3752; x_wconf 79' lang='grc' dir='ltr'>ἐνεγκεῖν.</span> <span class='ocrx_word' id='word_1_791' title='bbox 2672 3685 2786 3754; x_wconf 73' lang='grc' dir='ltr'>Οὐχ</span> <span class='ocrx_word' id='word_1_792' title='bbox 2815 3685 2979 3754; x_wconf 76' lang='grc' dir='ltr'>ὁρᾶτε</span> <span class='ocrx_word' id='word_1_793' title='bbox 3008 3685 3134 3746; x_wconf 81' lang='grc' dir='ltr'>τοὺς</span> <span class='ocrx_word' id='word_1_794' title='bbox 3168 3683 3410 3752; x_wconf 76' lang='grc' dir='ltr'>ἰατροὺς.</span> 
     </span>
    </p>
   </div>
   <div class='ocr_carea' id='block_1_97' title="bbox 1837 3774 3414 3845">
    <p class='ocr_par' dir='ltr' id='par_1_97' title="bbox 1837 3774 3414 3845">
     <span class='ocr_line' id='line_1_98' title="bbox 1837 3774 3414 3845; baseline -0.003 -15"><span class='ocrx_word' id='word_1_795' title='bbox 1837 3778 1963 3830; x_wconf 82' lang='grc' dir='ltr'>ὅταν</span> <span class='ocrx_word' id='word_1_796' title='bbox 1990 3778 2241 3841; x_wconf 89' lang='grc' dir='ltr'>καίωσιν,</span> <span class='ocrx_word' id='word_1_797' title='bbox 2275 3778 2403 3829; x_wconf 75' lang='grc' dir='ltr'>ὅταν</span> <span class='ocrx_word' id='word_1_798' title='bbox 2434 3776 2695 3845; x_wconf 83' lang='grc' dir='ltr'>τέμνωσι,</span> <span class='ocrx_word' id='word_1_799' title='bbox 2726 3775 2865 3843; x_wconf 81' lang='grc' dir='ltr'>μετὰ</span> <span class='ocrx_word' id='word_1_800' title='bbox 2888 3776 3058 3844; x_wconf 84' lang='grc' dir='ltr'>πόσης</span> <span class='ocrx_word' id='word_1_801' title='bbox 3080 3774 3414 3843; x_wconf 87' lang='grc' dir='ltr'>προσηνείας</span> 
     </span>
    </p>
   </div>
   <div class='ocr_carea' id='block_1_98' title="bbox 1836 3866 3411 3941">
    <p class='ocr_par' dir='ltr' id='par_1_98' title="bbox 1836 3866 3411 3941">
     <span class='ocr_line' id='line_1_99' title="bbox 1836 3866 3411 3941; baseline -0.002 -19"><span class='ocrx_word' id='word_1_802' title='bbox 1836 3871 1933 3939; x_wconf 82' lang='grc' dir='ltr'>τὴν</span> <span class='ocrx_word' id='word_1_803' title='bbox 1968 3870 2264 3941; x_wconf 88' lang='grc' dir='ltr'>θεραπείαν</span> <span class='ocrx_word' id='word_1_804' title='bbox 2302 3870 2565 3936; x_wconf 81' lang='grc' dir='ltr'>ἐπάγουσι</span> <span class='ocrx_word' id='word_1_805' title='bbox 2589 3885 2604 3933; x_wconf 89' lang='grc'>;</span> <span class='ocrx_word' id='word_1_806' title='bbox 2630 3868 2816 3937; x_wconf 87' lang='grc' dir='ltr'>Πολλῷ</span> <span class='ocrx_word' id='word_1_807' title='bbox 2857 3867 3056 3935; x_wconf 78' lang='grc' dir='ltr'>μᾶλλον</span> <span class='ocrx_word' id='word_1_808' title='bbox 3096 3867 3221 3929; x_wconf 79' lang='grc' dir='ltr'>τοὺς</span> <span class='ocrx_word' id='word_1_809' title='bbox 3251 3866 3411 3933; x_wconf 60' lang='grc' dir='ltr'>ἐλέγ-</span> 
     </span>
    </p>
   </div>
   <div class='ocr_carea' id='block_1_99' title="bbox 1838 3958 3414 4031">
    <p class='ocr_par' dir='ltr' id='par_1_99' title="bbox 1838 3958 3414 4031">
     <span class='ocr_line' id='line_1_100' title="bbox 1838 3958 3414 4031; baseline -0.003 -18"><span class='ocrx_word' id='word_1_810' title='bbox 1838 3978 2032 4031; x_wconf 83' lang='grc' dir='ltr'>χοντας</span> <span class='ocrx_word' id='word_1_811' title='bbox 2073 3960 2232 4013; x_wconf 87' lang='grc' dir='ltr'>τοῦτο</span> <span class='ocrx_word' id='word_1_812' title='bbox 2277 3960 2359 4013; x_wconf 88' lang='grc' dir='ltr'>δεῖ</span> <span class='ocrx_word' id='word_1_813' title='bbox 2419 3962 2621 4012; x_wconf 83' lang='grc' dir='ltr'>ποιεῖν·</span> <span class='ocrx_word' id='word_1_814' title='bbox 2685 3961 2776 4013; x_wconf 74' lang='grc' dir='ltr'>καὶ</span> <span class='ocrx_word' id='word_1_815' title='bbox 2823 3961 2931 4028; x_wconf 79' lang='grc' dir='ltr'>γὰρ</span> <span class='ocrx_word' id='word_1_816' title='bbox 2979 3959 3073 4011; x_wconf 73' lang='grc' dir='ltr'>καὶ</span> <span class='ocrx_word' id='word_1_817' title='bbox 3120 3958 3288 4029; x_wconf 72' lang='grc' dir='ltr'>πυρός</span> <span class='ocrx_word' id='word_1_818' title='bbox 3319 3959 3414 4009; x_wconf 78' lang='grc' dir='ltr'>καὶ</span> 
     </span>
    </p>
   </div>
   <div class='ocr_carea' id='block_1_100' title="bbox 1840 4050 3419 4125">
    <p class='ocr_par' dir='ltr' id='par_1_100' title="bbox 1840 4050 3419 4125">
     <span class='ocr_line' id='line_1_101' title="bbox 1840 4050 3419 4125; baseline -0.003 -18"><span class='ocrx_word' id='word_1_819' title='bbox 1840 4056 2062 4124; x_wconf 84' lang='grc' dir='ltr'>σιδήρου</span> <span class='ocrx_word' id='word_1_820' title='bbox 2106 4054 2462 4124; x_wconf 89' lang='grc' dir='ltr'>σφοδρότερον</span> <span class='ocrx_word' id='word_1_821' title='bbox 2524 4050 2676 4125; x_wconf 68' lang='lat'>[286]</span> <span class='ocrx_word' id='word_1_822' title='bbox 2726 4052 2982 4121; x_wconf 79' lang='grc' dir='ltr'>ἐλεγχος,</span> <span class='ocrx_word' id='word_1_823' title='bbox 3030 4050 3128 4103; x_wconf 71' lang='grc' dir='ltr'>καὶ</span> <span class='ocrx_word' id='word_1_824' title='bbox 3183 4052 3419 4120; x_wconf 49' lang='grc' dir='ltr'>σκιρτᾷνν</span> 
     </span>
    </p>
   </div>
   <div class='ocr_carea' id='block_1_101' title="bbox 1840 4141 3412 4213">
    <p class='ocr_par' dir='ltr' id='par_1_101' title="bbox 1840 4141 3412 4213">
     <span class='ocr_line' id='line_1_102' title="bbox 1840 4141 3412 4213; baseline -0.003 -16"><span class='ocrx_word' id='word_1_825' title='bbox 1840 4147 2020 4197; x_wconf 87' lang='grc' dir='ltr'>ποιεῖ·</span> <span class='ocrx_word' id='word_1_826' title='bbox 2074 4146 2167 4198; x_wconf 75' lang='grc' dir='ltr'>καὶ</span> <span class='ocrx_word' id='word_1_827' title='bbox 2198 4145 2285 4197; x_wconf 92' lang='grc' dir='ltr'>διά</span> <span class='ocrx_word' id='word_1_828' title='bbox 2324 4143 2483 4197; x_wconf 88' lang='grc' dir='ltr'>τοῦτο</span> <span class='ocrx_word' id='word_1_829' title='bbox 2535 4145 2630 4196; x_wconf 70' lang='grc' dir='ltr'>καὶ</span> <span class='ocrx_word' id='word_1_830' title='bbox 2677 4145 2725 4197; x_wconf 87' lang='grc' dir='ltr'>οί</span> <span class='ocrx_word' id='word_1_831' title='bbox 2767 4144 2942 4213; x_wconf 73' lang='grc' dir='ltr'>ἰατροὶ</span> <span class='ocrx_word' id='word_1_832' title='bbox 2996 4141 3165 4194; x_wconf 89' lang='grc' dir='ltr'>πολλά</span> <span class='ocrx_word' id='word_1_833' title='bbox 3216 4143 3412 4210; x_wconf 84' lang='grc' dir='ltr'>ἐπιτη-</span> 
     </span>
    </p>
   </div>
   <div class='ocr_carea' id='block_1_102' title="bbox 1837 4232 3415 4305">
    <p class='ocr_par' dir='ltr' id='par_1_102' title="bbox 1837 4232 3415 4305">
     <span class='ocr_line' id='line_1_103' title="bbox 1837 4232 3415 4305; baseline -0.004 -16"><span class='ocrx_word' id='word_1_834' title='bbox 1837 4236 2099 4301; x_wconf 86' lang='grc' dir='ltr'>δεύουσιν,</span> <span class='ocrx_word' id='word_1_835' title='bbox 2154 4235 2293 4289; x_wconf 87' lang='grc' dir='ltr'>ὥστε</span> <span class='ocrx_word' id='word_1_836' title='bbox 2348 4236 2593 4303; x_wconf 85' lang='grc' dir='ltr'>ἐνεγκεῖν</span> <span class='ocrx_word' id='word_1_837' title='bbox 2644 4235 2830 4305; x_wconf 87' lang='grc' dir='ltr'>πράως</span> <span class='ocrx_word' id='word_1_838' title='bbox 2900 4233 2999 4303; x_wconf 75' lang='grc' dir='ltr'>τὴν</span> <span class='ocrx_word' id='word_1_839' title='bbox 3056 4234 3252 4302; x_wconf 76' lang='grc' dir='ltr'>τομὴν,</span> <span class='ocrx_word' id='word_1_840' title='bbox 3316 4232 3415 4285; x_wconf 66' lang='grc' dir='ltr'>καὶ</span> 
     </span>
    </p>
   </div>
   <div class='ocr_carea' id='block_1_103' title="bbox 1839 4322 3413 4400">
    <p class='ocr_par' dir='ltr' id='par_1_103' title="bbox 1839 4322 3413 4400">
     <span class='ocr_line' id='line_1_104' title="bbox 1839 4322 3413 4400; baseline -0.004 -18"><span class='ocrx_word' id='word_1_841' title='bbox 1839 4328 2149 4400; x_wconf 82' lang='grc' dir='ltr'>προσηνῶς,</span> <span class='ocrx_word' id='word_1_842' title='bbox 2181 4328 2255 4389; x_wconf 83' lang='grc' dir='ltr'>ὡς</span> <span class='ocrx_word' id='word_1_843' title='bbox 2283 4322 2391 4380; x_wconf 74' lang='grc' dir='ltr'>οἷόν</span> <span class='ocrx_word' id='word_1_844' title='bbox 2423 4344 2504 4393; x_wconf 87' lang='grc' dir='ltr'>τε,</span> <span class='ocrx_word' id='word_1_845' title='bbox 2531 4325 2737 4397; x_wconf 81' lang='grc' dir='ltr'>ταύτην</span> <span class='ocrx_word' id='word_1_846' title='bbox 2766 4325 3063 4393; x_wconf 84' lang='grc' dir='ltr'>ἐπάγουσι,</span> <span class='ocrx_word' id='word_1_847' title='bbox 3090 4327 3185 4377; x_wconf 72' lang='grc' dir='ltr'>καὶ</span> <span class='ocrx_word' id='word_1_848' title='bbox 3216 4324 3413 4394; x_wconf 78' lang='grc' dir='ltr'>μικρὸν</span> 
     </span>
    </p>
   </div>
   <div class='ocr_carea' id='block_1_104' title="bbox 1838 4415 3412 4488">
    <p class='ocr_par' dir='ltr' id='par_1_104' title="bbox 1838 4415 3412 4488">
     <span class='ocr_line' id='line_1_105' title="bbox 1838 4415 3412 4488; baseline -0.004 -15"><span class='ocrx_word' id='word_1_849' title='bbox 1838 4422 2151 4485; x_wconf 85' lang='grc' dir='ltr'>ἐνδιδόντες,</span> <span class='ocrx_word' id='word_1_850' title='bbox 2196 4415 2315 4472; x_wconf 74' lang='grc' dir='ltr'>εἶτα</span> <span class='ocrx_word' id='word_1_851' title='bbox 2351 4418 2684 4488; x_wconf 88' lang='grc' dir='ltr'>παρέχοντες</span> <span class='ocrx_word' id='word_1_852' title='bbox 2713 4417 3070 4470; x_wconf 86' lang='grc' dir='ltr'>ἀναπνεῦσαι.</span> <span class='ocrx_word' id='word_1_853' title='bbox 3111 4415 3267 4468; x_wconf 77' lang='grc' dir='ltr'>Οὕτω</span> <span class='ocrx_word' id='word_1_854' title='bbox 3317 4416 3412 4467; x_wconf 72' lang='grc' dir='ltr'>καὶ</span> 
     </span>
    </p>
   </div>
   <div class='ocr_carea' id='block_1_105' title="bbox 1836 4505 3414 4578">
    <p class='ocr_par' dir='ltr' id='par_1_105' title="bbox 1836 4505 3414 4578">
     <span class='ocr_line' id='line_1_106' title="bbox 1836 4505 3414 4578; baseline -0.004 -16"><span class='ocrx_word' id='word_1_855' title='bbox 1836 4512 1960 4573; x_wconf 78' lang='grc' dir='ltr'>τοὺς</span> <span class='ocrx_word' id='word_1_856' title='bbox 1986 4510 2240 4578; x_wconf 81' lang='grc' dir='ltr'>ἐλέγχους</span> <span class='ocrx_word' id='word_1_857' title='bbox 2262 4510 2342 4562; x_wconf 89' lang='grc' dir='ltr'>δεῖ</span> <span class='ocrx_word' id='word_1_858' title='bbox 2370 4510 2563 4568; x_wconf 86' lang='grc' dir='ltr'>ποιεῖν,</span> <span class='ocrx_word' id='word_1_859' title='bbox 2606 4508 2693 4559; x_wconf 87' lang='grc' dir='ltr'>ἴνα</span> <span class='ocrx_word' id='word_1_860' title='bbox 2733 4508 2826 4559; x_wconf 76' lang='grc' dir='ltr'>καὶ</span> <span class='ocrx_word' id='word_1_861' title='bbox 2856 4508 2904 4559; x_wconf 89' lang='grc' dir='ltr'>οί</span> <span class='ocrx_word' id='word_1_862' title='bbox 2953 4506 3298 4576; x_wconf 73' lang='grc' dir='ltr'>ἐλεγχόμενοι</span> <span class='ocrx_word' id='word_1_863' title='bbox 3333 4505 3414 4574; x_wconf 75' lang='grc' dir='ltr'>μὴ</span> 
     </span>
    </p>
   </div>
   <div class='ocr_carea' id='block_1_106' title="bbox 1839 4596 3410 4670">
    <p class='ocr_par' dir='ltr' id='par_1_106' title="bbox 1839 4596 3410 4670">
     <span class='ocr_line' id='line_1_107' title="bbox 1839 4596 3410 4670; baseline -0.003 -17"><span class='ocrx_word' id='word_1_864' title='bbox 1839 4600 2233 4670; x_wconf 79' lang='grc' dir='ltr'>ἀποσκιρτῶσι.</span> <span class='ocrx_word' id='word_1_865' title='bbox 2268 4599 2387 4653; x_wconf 76' lang='grc' dir='ltr'>Κᾶν</span> <span class='ocrx_word' id='word_1_866' title='bbox 2414 4598 2737 4669; x_wconf 73' lang='grc' dir='ltr'>ὑϐρισθῆναι</span> <span class='ocrx_word' id='word_1_867' title='bbox 2768 4599 2948 4650; x_wconf 86' lang='grc' dir='ltr'>τοίνυν</span> <span class='ocrx_word' id='word_1_868' title='bbox 2974 4597 3090 4667; x_wconf 78' lang='grc' dir='ltr'>δέῃ,</span> <span class='ocrx_word' id='word_1_869' title='bbox 3126 4597 3229 4650; x_wconf 81' lang='grc' dir='ltr'>κᾶν</span> <span class='ocrx_word' id='word_1_870' title='bbox 3273 4596 3410 4665; x_wconf 75' lang='grc' dir='ltr'>πληο</span> 
     </span>
    </p>
   </div>
   <div class='ocr_carea' id='block_1_107' title="bbox 1838 4686 3413 4760">
    <p class='ocr_par' dir='ltr' id='par_1_107' title="bbox 1838 4686 3413 4760">
     <span class='ocr_line' id='line_1_108' title="bbox 1838 4686 3413 4760; baseline -0.002 -19"><span class='ocrx_word' id='word_1_871' title='bbox 1838 4694 2019 4760; x_wconf 80' lang='grc' dir='ltr'>γῆναι,</span> <span class='ocrx_word' id='word_1_872' title='bbox 2079 4690 2153 4760; x_wconf 80' lang='grc' dir='ltr'>μὴ</span> <span class='ocrx_word' id='word_1_873' title='bbox 2205 4688 2695 4760; x_wconf 80' lang='grc' dir='ltr'>παραιτησώμεθα.</span> <span class='ocrx_word' id='word_1_874' title='bbox 2769 4688 2879 4741; x_wconf 75' lang='grc' dir='ltr'>Καὶ</span> <span class='ocrx_word' id='word_1_875' title='bbox 2949 4687 3057 4758; x_wconf 80' lang='grc' dir='ltr'>γὰρ</span> <span class='ocrx_word' id='word_1_876' title='bbox 3110 4690 3307 4740; x_wconf 81' lang='grc' dir='ltr'>ἐκεῖνοι</span> <span class='ocrx_word' id='word_1_877' title='bbox 3360 4686 3413 4738; x_wconf 64' lang='grc' dir='ltr'>οἱ</span> 
     </span>
    </p>
   </div>
   <div class='ocr_carea' id='block_1_108' title="bbox 1839 4776 3413 4849">
    <p class='ocr_par' dir='ltr' id='par_1_108' title="bbox 1839 4776 3413 4849">
     <span class='ocr_line' id='line_1_109' title="bbox 1839 4776 3413 4849; baseline -0.004 -16"><span class='ocrx_word' id='word_1_878' title='bbox 1839 4782 2181 4849; x_wconf 84' lang='grc' dir='ltr'>τεμνόμενοι,</span> <span class='ocrx_word' id='word_1_879' title='bbox 2212 4780 2385 4849; x_wconf 90' lang='grc' dir='ltr'>μυρία</span> <span class='ocrx_word' id='word_1_880' title='bbox 2416 4779 2729 4832; x_wconf 69' lang='grc' dir='ltr'>καταῦοῶσε</span> <span class='ocrx_word' id='word_1_881' title='bbox 2776 4777 2884 4830; x_wconf 77' lang='grc' dir='ltr'>τῶν</span> <span class='ocrx_word' id='word_1_882' title='bbox 2916 4778 3225 4847; x_wconf 85' lang='grc' dir='ltr'>τεμνόντων</span> <span class='ocrx_word' id='word_1_883' title='bbox 3252 4792 3264 4804; x_wconf 97' lang='grc'>⁸</span> <span class='ocrx_word' id='word_1_884' title='bbox 3293 4776 3413 4829; x_wconf 76' lang='grc' dir='ltr'>ἀλλ’</span> 
     </span>
    </p>
   </div>
   <div class='ocr_carea' id='block_1_109' title="bbox 1838 4868 3416 4940">
    <p class='ocr_par' dir='ltr' id='par_1_109' title="bbox 1838 4868 3416 4940">
     <span class='ocr_line' id='line_1_110' title="bbox 1838 4868 3416 4940; baseline -0.003 -17"><span class='ocrx_word' id='word_1_885' title='bbox 1838 4874 2034 4924; x_wconf 76' lang='grc' dir='ltr'>ἐκεῖνοι</span> <span class='ocrx_word' id='word_1_886' title='bbox 2067 4872 2200 4939; x_wconf 83' lang='grc' dir='ltr'>πρὸς</span> <span class='ocrx_word' id='word_1_887' title='bbox 2222 4871 2375 4923; x_wconf 75' lang='grc' dir='ltr'>οὐδὲν</span> <span class='ocrx_word' id='word_1_888' title='bbox 2403 4870 2609 4922; x_wconf 90' lang='grc' dir='ltr'>τούτων</span> <span class='ocrx_word' id='word_1_889' title='bbox 2648 4868 2869 4940; x_wconf 83' lang='grc' dir='ltr'>ὀρῶσιν,</span> <span class='ocrx_word' id='word_1_890' title='bbox 2912 4868 3027 4920; x_wconf 76' lang='grc' dir='ltr'>ἀλλ’</span> <span class='ocrx_word' id='word_1_891' title='bbox 3059 4868 3091 4937; x_wconf 82' lang='grc' dir='ltr'><strong>ἢ</strong></span> <span class='ocrx_word' id='word_1_892' title='bbox 3133 4868 3270 4938; x_wconf 78' lang='grc' dir='ltr'>πρὸς</span> <span class='ocrx_word' id='word_1_893' title='bbox 3308 4868 3416 4936; x_wconf 71' lang='grc' dir='ltr'>τὴν</span> 
     </span>
    </p>
   </div>
   <div class='ocr_carea' id='block_1_110' title="bbox 1840 4959 3415 5030">
    <p class='ocr_par' dir='ltr' id='par_1_110' title="bbox 1840 4959 3415 5030">
     <span class='ocr_line' id='line_1_111' title="bbox 1840 4959 3415 5030; baseline -0.001 -17"><span class='ocrx_word' id='word_1_894' title='bbox 1840 4963 2027 5028; x_wconf 80' lang='grc' dir='ltr'>ὑγείαν</span> <span class='ocrx_word' id='word_1_895' title='bbox 2058 4962 2163 5013; x_wconf 82' lang='grc' dir='ltr'>τῶν</span> <span class='ocrx_word' id='word_1_896' title='bbox 2191 4960 2508 5029; x_wconf 86' lang='grc' dir='ltr'>καμνόντων</span> <span class='ocrx_word' id='word_1_897' title='bbox 2541 4961 2722 5030; x_wconf 89' lang='grc' dir='ltr'>μόνον.</span> <span class='ocrx_word' id='word_1_898' title='bbox 2754 4960 2911 5013; x_wconf 78' lang='grc' dir='ltr'>Οὕτω</span> <span class='ocrx_word' id='word_1_899' title='bbox 2938 4960 3001 5030; x_wconf 84' lang='grc' dir='ltr'>δὴ</span> <span class='ocrx_word' id='word_1_900' title='bbox 3044 4962 3138 5012; x_wconf 78' lang='grc' dir='ltr'>καὶ</span> <span class='ocrx_word' id='word_1_901' title='bbox 3174 4959 3415 5013; x_wconf 84' lang='grc' dir='ltr'>ἐνταῦθα</span> 
     </span>
    </p>
   </div>
   <div class='ocr_carea' id='block_1_111' title="bbox 1840 5052 3408 5122">
    <p class='ocr_par' dir='ltr' id='par_1_111' title="bbox 1840 5052 3408 5122">
     <span class='ocr_line' id='line_1_112' title="bbox 1840 5052 3408 5122; baseline 0.001 -18"><span class='ocrx_word' id='word_1_902' title='bbox 1840 5055 2015 5106; x_wconf 85' lang='grc' dir='ltr'>πάντα</span> <span class='ocrx_word' id='word_1_903' title='bbox 2070 5053 2149 5104; x_wconf 85' lang='grc' dir='ltr'>δεῖ</span> <span class='ocrx_word' id='word_1_904' title='bbox 2196 5054 2367 5105; x_wconf 77' lang='grc' dir='ltr'>ποιεῖν</span> <span class='ocrx_word' id='word_1_905' title='bbox 2420 5052 2557 5122; x_wconf 77' lang='grc' dir='ltr'>πρὸς</span> <span class='ocrx_word' id='word_1_906' title='bbox 2597 5053 2658 5105; x_wconf 86' lang='grc' dir='ltr'>τὸ</span> <span class='ocrx_word' id='word_1_907' title='bbox 2710 5052 2803 5104; x_wconf 86' lang='grc' dir='ltr'>τδν</span> <span class='ocrx_word' id='word_1_908' title='bbox 2848 5052 3066 5121; x_wconf 73' lang='grc' dir='ltr'>ἔλεγχον</span> <span class='ocrx_word' id='word_1_909' title='bbox 3121 5052 3408 5122; x_wconf 83' lang='grc' dir='ltr'>χρησίμως</span> 
     </span>
    </p>
   </div>
   <div class='ocr_carea' id='block_1_112' title="bbox 1837 5143 3402 5213">
    <p class='ocr_par' dir='ltr' id='par_1_112' title="bbox 1837 5143 3402 5213">
     <span class='ocr_line' id='line_1_113' title="bbox 1837 5143 3402 5213; baseline 0.001 -18"><span class='ocrx_word' id='word_1_910' title='bbox 1837 5143 2109 5210; x_wconf 88' lang='grc' dir='ltr'>γενέσθαι,</span> <span class='ocrx_word' id='word_1_911' title='bbox 2138 5145 2311 5197; x_wconf 89' lang='grc' dir='ltr'>πάντα</span> <span class='ocrx_word' id='word_1_912' title='bbox 2350 5145 2536 5213; x_wconf 83' lang='grc' dir='ltr'>φέρειν</span> <span class='ocrx_word' id='word_1_913' title='bbox 2565 5144 2699 5213; x_wconf 81' lang='grc' dir='ltr'>πρὸς</span> <span class='ocrx_word' id='word_1_914' title='bbox 2721 5144 2812 5196; x_wconf 82' lang='grc' dir='ltr'>τὸν</span> <span class='ocrx_word' id='word_1_915' title='bbox 2852 5143 3040 5210; x_wconf 84' lang='grc' dir='ltr'>μισθὸν</span> <span class='ocrx_word' id='word_1_916' title='bbox 3082 5144 3402 5213; x_wconf 80' lang='grc' dir='ltr'>ἀφορῶντας</span> 
     </span>
    </p>
   </div>
   <div class='ocr_carea' id='block_1_113' title="bbox 1836 5234 3389 5304">
    <p class='ocr_par' dir='ltr' id='par_1_113' title="bbox 1836 5234 3389 5304">
     <span class='ocr_line' id='line_1_114' title="bbox 1836 5234 3389 5304; baseline 0 -17"><span class='ocrx_word' id='word_1_917' title='bbox 1836 5236 1926 5287; x_wconf 78' lang='grc' dir='ltr'>τὸν</span> <span class='ocrx_word' id='word_1_918' title='bbox 1959 5236 2334 5304; x_wconf 86' lang='grc' dir='ltr'>ἀποκείμενον.</span> <span class='ocrx_word' id='word_1_919' title='bbox 2364 5234 2689 5300; x_wconf 72' lang='grc' dir='ltr'>Ἀλλήλων,</span> <span class='ocrx_word' id='word_1_920' title='bbox 2723 5235 2874 5303; x_wconf 75' lang='grc' dir='ltr'>φησὶ,</span> <span class='ocrx_word' id='word_1_921' title='bbox 2902 5235 2971 5287; x_wconf 77' lang='grc' dir='ltr'>τὰ</span> <span class='ocrx_word' id='word_1_922' title='bbox 2985 5234 3145 5301; x_wconf 79' lang='grc' dir='ltr'>βάρη</span> <span class='ocrx_word' id='word_1_923' title='bbox 3162 5235 3389 5298; x_wconf 55' lang='lat' dir='ltr'>ﬂuctui.»</span> 
     </span>
    </p>
   </div>
   <div class='ocr_carea' id='block_1_114' title="bbox 1838 5319 3397 5395">
    <p class='ocr_par' dir='ltr' id='par_1_114' title="bbox 1838 5319 3397 5395">
     <span class='ocr_line' id='line_1_115' title="bbox 1838 5319 3397 5395; baseline 0 -16"><span class='ocrx_word' id='word_1_924' title='bbox 1838 5326 1979 5390; x_wconf 75' lang='grc' dir='ltr'>ζετε,</span> <span class='ocrx_word' id='word_1_925' title='bbox 2001 5319 2097 5379; x_wconf 78' lang='grc' dir='ltr'>καὶ</span> <span class='ocrx_word' id='word_1_926' title='bbox 2113 5327 2297 5390; x_wconf 84' lang='grc' dir='ltr'>οὕτως</span> <span class='ocrx_word' id='word_1_927' title='bbox 2312 5327 2783 5393; x_wconf 75' lang='grc' dir='ltr'>ἀναπληρώσατε</span> <span class='ocrx_word' id='word_1_928' title='bbox 2812 5330 2916 5380; x_wconf 77' lang='grc' dir='ltr'>τὸν</span> <span class='ocrx_word' id='word_1_929' title='bbox 2942 5330 3130 5395; x_wconf 80' lang='grc' dir='ltr'>νόμον</span> <span class='ocrx_word' id='word_1_930' title='bbox 3141 5328 3245 5381; x_wconf 87' lang='grc' dir='ltr'>τοῦ</span> <span class='ocrx_word' id='word_1_931' title='bbox 3265 5330 3397 5393; x_wconf 83' lang='grc' dir='ltr'>Χρι-</span> 
     </span>
    </p>
   </div>
   <div class='ocr_carea' id='block_1_115' title="bbox 1837 5415 3407 5490">
    <p class='ocr_par' dir='ltr' id='par_1_115' title="bbox 1837 5415 3407 5490">
     <span class='ocr_line' id='line_1_116' title="bbox 1837 5415 3407 5490; baseline -0.001 -19"><span class='ocrx_word' id='word_1_932' title='bbox 1837 5436 2006 5472; x_wconf 85' lang='grc' dir='ltr'>στου.</span> <span class='ocrx_word' id='word_1_933' title='bbox 2035 5419 2217 5481; x_wconf 77' lang='grc' dir='ltr'>Οὕτως</span> <span class='ocrx_word' id='word_1_934' title='bbox 2254 5415 2345 5471; x_wconf 79' lang='grc' dir='ltr'>οὖν</span> <span class='ocrx_word' id='word_1_935' title='bbox 2370 5421 2461 5471; x_wconf 70' lang='grc' dir='ltr'>καὶ</span> <span class='ocrx_word' id='word_1_936' title='bbox 2492 5419 2801 5488; x_wconf 73' lang='grc' dir='ltr'>ἐλέγχοντες</span> <span class='ocrx_word' id='word_1_937' title='bbox 2842 5422 2935 5472; x_wconf 77' lang='grc' dir='ltr'>καὶ</span> <span class='ocrx_word' id='word_1_938' title='bbox 2962 5421 3220 5490; x_wconf 87' lang='grc' dir='ltr'>φέροντες</span> <span class='ocrx_word' id='word_1_939' title='bbox 3246 5419 3407 5487; x_wconf 68' lang='grc' dir='ltr'>ἀλλήο</span> 
     </span>
    </p>
   </div>
   <div class='ocr_carea' id='block_1_116' title="bbox 1836 5509 3408 5582">
    <p class='ocr_par' dir='ltr' id='par_1_116' title="bbox 1836 5509 3408 5582">
     <span class='ocr_line' id='line_1_117' title="bbox 1836 5509 3408 5582; baseline 0 -20"><span class='ocrx_word' id='word_1_940' title='bbox 1836 5509 1979 5573; x_wconf 85' lang='grc' dir='ltr'>λους,</span> <span class='ocrx_word' id='word_1_941' title='bbox 2012 5510 2350 5579; x_wconf 86' lang='grc' dir='ltr'>δυνησόμεθα</span> <span class='ocrx_word' id='word_1_942' title='bbox 2402 5510 2793 5580; x_wconf 83' lang='grc' dir='ltr'>ἀναπληρῶσαι</span> <span class='ocrx_word' id='word_1_943' title='bbox 2843 5511 2939 5582; x_wconf 71' lang='grc' dir='ltr'>τὴν</span> <span class='ocrx_word' id='word_1_944' title='bbox 2990 5511 3277 5580; x_wconf 80' lang='grc' dir='ltr'>οἰκοδομὴν</span> <span class='ocrx_word' id='word_1_945' title='bbox 3309 5510 3408 5562; x_wconf 85' lang='grc' dir='ltr'>τοῦ</span> 
     </span>
    </p>
   </div>
   <div class='ocr_carea' id='block_1_117' title="bbox 1838 5598 3403 5671">
    <p class='ocr_par' dir='ltr' id='par_1_117' title="bbox 1838 5598 3403 5671">
     <span class='ocr_line' id='line_1_118' title="bbox 1838 5598 3403 5671; baseline 0.001 -20"><span class='ocrx_word' id='word_1_946' title='bbox 1838 5599 2074 5668; x_wconf 81' lang='grc' dir='ltr'>Χριστοῦ</span> <span class='ocrx_word' id='word_1_947' title='bbox 2092 5617 2103 5629; x_wconf 89' lang='grc'>⁸</span> <span class='ocrx_word' id='word_1_948' title='bbox 2144 5602 2236 5653; x_wconf 73' lang='grc' dir='ltr'>καὶ</span> <span class='ocrx_word' id='word_1_949' title='bbox 2267 5602 2396 5669; x_wconf 78' lang='grc' dir='ltr'>ἡμῖν</span> <span class='ocrx_word' id='word_1_950' title='bbox 2434 5598 2572 5653; x_wconf 78' lang='grc' dir='ltr'>οὕτω</span> <span class='ocrx_word' id='word_1_951' title='bbox 2603 5604 2857 5671; x_wconf 86' lang='grc' dir='ltr'>ποιήσετε</span> <span class='ocrx_word' id='word_1_952' title='bbox 2885 5603 3085 5669; x_wconf 87' lang='grc' dir='ltr'>κοῦφον</span> <span class='ocrx_word' id='word_1_953' title='bbox 3107 5601 3196 5653; x_wconf 78' lang='grc' dir='ltr'>τὸν</span> <span class='ocrx_word' id='word_1_954' title='bbox 3220 5602 3403 5663; x_wconf 85' lang='grc' dir='ltr'>πόνον,</span> 
     </span>
    </p>
   </div>
   <div class='ocr_carea' id='block_1_118' title="bbox 1837 5690 3404 5763">
    <p class='ocr_par' dir='ltr' id='par_1_118' title="bbox 1837 5690 3404 5763">
     <span class='ocr_line' id='line_1_119' title="bbox 1837 5690 3404 5763; baseline 0.001 -20"><span class='ocrx_word' id='word_1_955' title='bbox 1837 5692 1894 5743; x_wconf 78' lang='grc' dir='ltr'>ἐν</span> <span class='ocrx_word' id='word_1_956' title='bbox 1927 5692 2097 5743; x_wconf 83' lang='grc' dir='ltr'>ἆπασι</span> <span class='ocrx_word' id='word_1_957' title='bbox 2136 5690 2638 5763; x_wconf 79' lang='grc' dir='ltr'>συλλαμϐανόμενοι</span> <span class='ocrx_word' id='word_1_958' title='bbox 2662 5694 2790 5762; x_wconf 79' lang='grc' dir='ltr'>ἡμῖν</span> <span class='ocrx_word' id='word_1_959' title='bbox 2822 5695 2915 5747; x_wconf 77' lang='grc' dir='ltr'>καὶ</span> <span class='ocrx_word' id='word_1_960' title='bbox 2943 5696 3100 5763; x_wconf 80' lang='grc' dir='ltr'>χεῖρα</span> <span class='ocrx_word' id='word_1_961' title='bbox 3122 5693 3404 5762; x_wconf 73' lang='grc' dir='ltr'>ὀρέγοντες</span> 
     </span>
    </p>
   </div>
   <div class='ocr_carea' id='block_1_119' title="bbox 1840 5781 3402 5853">
    <p class='ocr_par' dir='ltr' id='par_1_119' title="bbox 1840 5781 3402 5853">
     <span class='ocr_line' id='line_1_120' title="bbox 1840 5781 3402 5853; baseline 0 -20"><span class='ocrx_word' id='word_1_962' title='bbox 1840 5784 1932 5836; x_wconf 75' lang='grc' dir='ltr'>καὶ</span> <span class='ocrx_word' id='word_1_963' title='bbox 1965 5782 2217 5851; x_wconf 70' lang='grc' dir='ltr'>μερισταὶ</span> <span class='ocrx_word' id='word_1_964' title='bbox 2250 5781 2521 5851; x_wconf 76' lang='grc' dir='ltr'>γινόμενοι</span> <span class='ocrx_word' id='word_1_965' title='bbox 2552 5784 2643 5835; x_wconf 73' lang='grc' dir='ltr'>καὶ</span> <span class='ocrx_word' id='word_1_966' title='bbox 2676 5785 2938 5850; x_wconf 75' lang='grc' dir='ltr'>κοινωνοὶ,</span> <span class='ocrx_word' id='word_1_967' title='bbox 2984 5784 3079 5837; x_wconf 65' lang='grc' dir='ltr'>καὶ</span> <span class='ocrx_word' id='word_1_968' title='bbox 3109 5784 3205 5853; x_wconf 75' lang='grc' dir='ltr'>τῆς</span> <span class='ocrx_word' id='word_1_969' title='bbox 3232 5784 3402 5852; x_wconf 81' lang='grc' dir='ltr'>ἀλλή-</span> 
     </span>
    </p>
   </div>
  </div>
