4094 6412
216 373 339 431 113

969 370 1025 434 i.\'
1066 375 1277 433 EPIST.
1322 373 1407 425 AD
1446 366 1802 425 lIEBI’uIZOS.
1835 366 1981 424 CAP.
2026 370 2136 424 ΧΥΙ.
2180 371 2405 425 Il0.\ili..
2452 370 2618 427 XXXI

3381 365 3482 419 ειι

232 487 501 534 teneamus
539 490 671 545 ergo
717 482 768 529 et
796 475 929 528 alter
971 472 1187 525 alterius
1225 483 1383 523 onera
1426 474 1731 538 gestantes,
1764 474 1817 520 ct
1906 466 2116 521 Christo
2162 467 2289 523 Jesu
2313 469 2540 522 Domino
2572 478 2752 521 nostra
2784 512 2791 529 ,
2828 482 2945 519 cum
2976 482 3077 537 quo
3104 466 3243 521 Patri
3274 465 3475 536 gloria,

230 579 526 639 arguentes
551 586 564 619 :
597 578 650 619 ut
679 579 1028 634 assequamur
1058 562 1193 615 bona
1239 559 1391 611 nobis
1432 556 1689 627 promissa
1714 597 1730 621 ,
1764 556 1815 609 in
1909 574 2007 612 una
2036 573 2155 614 cum
2184 571 2367 614 sancto
2386 560 2607 631 Spiritu,
2634 570 2716 614 etc

2441 753 3277 768 _..__—.———-———-—-—-——————-.
3294 763 3321 769 η
3336 764 3358 769 α
3374 765 3429 773 τ...

1573 815 1913 876 HOMILIA
1955 816 2175 876 XXXI

205 976 345 1031 Car.
374 974 461 1030 η.
491 988 544 1027 v.
577 972 665 1025 Η.
690 969 877 1022 Pacem
903 964 1164 1033 sequimini
1190 979 1303 1016 cum
1350 960 1578 1016 omnibus
1604 973 1649 1012 et
1674 974 1793 1011 san-

372 1066 687 1125 ctimoniam,
706 1061 814 1114 sine
835 1074 936 1127 qua
960 1072 1105 1111 nemo
1132 1053 1315 1108 videbit
1344 1052 1637 1105 Dominum.

289 1159 339 1211 1.
370 1156 532 1210 Multa
560 1152 768 1222 quidem
808 1158 932 1203 sunt
977 1161 1095 1216 qure
1135 1145 1437 1212 exprimunt
1480 1139 1789 1196 Christiani-

206 1265 390 1303 smum
417 1264 431 1299 :
455 1245 623 1314 magis
672 1252 849 1295 autem
880 1253 1036 1308 quam
1062 1237 1275 1299 omnia,
1309 1244 1364 1289 et
1406 1233 1593 1287 melius
1637 1247 1793 1301 quam

205 1336 419 1401 omnia,
452 1344 630 1388 mutua
656 1333 796 1386 inter
842 1345 900 1384 se
944 1328 1159 1382 dilectio
1184 1334 1237 1379 et
1259 1341 1379 1394 pas.
1404 1323 1527 1378 Ideo
1552 1322 1794 1379 Christus

205 1439 427 1494 quoque
452 1423 614 1476 dicit:
642 1419 827 1473 Pacem
856 1434 1015 1471 meam
1037 1422 1102 1469 do
1123 1416 1259 1469 vobis
1276 1432 1293 1478 ;
1313 1423 1584 1475 etrursus,
1612 1411 1677 1465 In
1700 1412 1794 1466 hoc

204 1518 368 1570 scient
390 1530 561 1568 onmes
581 1513 715 1583 quod
735 1510 971 1577 discipuli
1002 1509 1098 1561 mei
1118 1510 1257 1573 estis,
1281 1508 1326 1561 si
1361 1506 1634 1561 dilexeritis
1659 1507 1792 1558 invi-

205 1624 318 1661 cem
339 1606 520 1677 (Joan.
548 1605 631 1658 Η.
651 1604 738 1657 27.
761 1611 805 1655 et
826 1602 908 1657 15.
929 1600 1040 1670 55).
1074 1598 1197 1654 Ideo
1224 1598 1417 1652 Paulus
1433 1596 1593 1652 etiam
1622 1596 1749 1651 dicit
1775 1613 1791 1651 :

206 1699 403 1754 Pacem
432 1696 697 1767 sequimini
723 1710 836 1747 cum
864 1690 1091 1748 omnibus
1117 1702 1165 1745 et
1198 1689 1550 1754 sanctitatem,
1579 1686 1682 1742 hoc
1708 1695 1793 1742 est

204 1791 573 1853 honestatem,
601 1788 708 1840 sine
727 1801 827 1855 qua
857 1799 998 1838 nemo
1025 1780 1208 1836 uidebit
1227 1780 1517 1834 Dominum.
1551 1780 1637 1836 15.
1660 1777 1793 1832 Con-

203 1884 515 1948 templantes
544 1894 606 1932 ne
644 1878 754 1946 quis
774 1876 897 1928 desit
916 1874 1095 1945 gratia:
1119 1870 1233 1929 Dei.
1260 1871 1549 1939 Tamquam
1581 1871 1788 1939 longam

203 1973 445 2042 aliquam
469 1971 607 2022 viam
634 1968 685 2021 in
714 1981 905 2036 magno
920 1965 1170 2020 comitatu
1189 1963 1346 2017 simul
1363 1960 1788 2025 conlidentibus,

201 2062 422 2127 Videte,
454 2060 647 2129 inquit,
686 2072 751 2112 ne
774 2058 892 2127 quis
931 2053 1285 2109 remanserit:
1320 2068 1424 2107 non
1472 2051 1574 2105 hoc
1615 2051 1788 2105 solum

198 2168 393 2225 qumro
419 2160 478 2205 ut
507 2164 601 2205 vos
630 2147 915 2212 accedatis,
964 2145 1059 2201 scd
1104 2154 1161 2200 ut
1204 2144 1338 2199 alios
1366 2157 1576 2214 quoque
1603 2142 1788 2197 obser-

199 2246 359 2301 vetis.
401 2241 486 2297 Ne
520 2243 649 2312 quis,
692 2239 1028 2311 inquit.desit
1080 2239 1260 2309 gratite
1278 2234 1395 2289 Dei.
1423 2234 1659 2291 Gratiam
1694 2234 1785 2289 Dei

197 2335 384 2391 {utura
406 2333 537 2388 dicit
565 2331 721 2395 bona,
753 2330 909 2384 [idem
940 2327 1321 2398 evangelicum,
1367 2326 1622 2395 optimam
1664 2324 1786 2378 vita:

198 2425 597 2481 institutionem
629 2441 642 2475 :
669 2430 792 2475 sunt
819 2419 960 2474 enim
990 2418 1167 2473 omnia
1202 2418 1290 2472 Dei
1318 2416 1523 2487 gratiae.
1552 2415 1627 2471 Ne
1653 2415 1784 2472 mihi

200 2513 428 2572 dixeris.
459 2510 609 2566 Unus
629 2509 826 2580 estqui
856 2508 1033 2578 perit:
1077 2516 1131 2562 et
1172 2517 1389 2576 propter
1432 2520 1596 2560 unum
1641 2520 1786 2560 mor-

197 2613 327 2659 tuus
343 2612 428 2657 cst
440 2600 707 2658 Christus.
721 2600 943 2668 Propter
959 2612 1121 2652 unum
1143 2607 1385 2651 mortuus
1407 2605 1487 2651 est
1503 2594 1748 2650 Christus
1764 2635 1782 2663 ,

202 2706 261 2749 tu
285 2709 419 2749 vero
445 2693 563 2764 ejus
586 2706 691 2746 non
718 2689 862 2761 geris
879 2704 1061 2744 curam
1082 2687 1107 2741 ἲ
1130 2687 1553 2757 Centemplantes,
1578 2688 1781 2758 inquit;

196 2784 305 2840 hoc
331 2792 439 2850 est,
460 2792 646 2839 exacte
668 2792 989 2849 scrutantes,
1010 2783 1433 2850 considerantes,
1454 2784 1774 2848 ediscentes,

194 2887 260 2931 ut
288 2892 415 2946 erga
446 2875 685 2930 inﬁrmos
710 2875 822 2929 ﬁeri
844 2876 999 2940 solet,
1016 2884 1067 2931 et
1092 2890 1185 2944 per
1205 2877 1381 2931 omnia
1402 2877 1772 2940 observantes,

199 2965 287 3020 Ne
308 2982 411 3037 qua
436 2966 588 3019 radis:
615 2966 969 3019 amaritudinis
996 2982 1196 3019 sursum
1220 2969 1505 3037 germinans
1531 2966 1773 3036 impediat

199 3054 380 3123 (Deut.
412 3053 502 3109 29.
550 3054 663 3125 18).
698 3053 808 3109 [ioc
839 3054 1071 3123 positum
1112 3064 1195 3110 est
1240 3055 1294 3109 in
1347 3054 1776 3121 Deuteronomio,

196 3154 584 3214 sumptumque
628 3144 725 3198 fuit
752 3159 781 3197 a
812 3144 1120 3213 metaphora
1171 3145 1487 3212 plantarum.
1539 3142 1621 3198 Ne
1656 3160 1777 3214 qua,

194 3233 395 3304 inquit,
434 3235 586 3288 radix
611 3234 967 3288 amaritudinis
1001 3249 1021 3288 :
1047 3234 1190 3305 quod
1236 3233 1361 3287 alibi
1401 3247 1613 3303 quoque
1648 3236 1780 3288 scri-

195 3325 356 3390 hens,
397 3324 544 3391 dicit,
589 3323 847 3379 Modicum
885 3324 1185 3393 [emeritum
1235 3332 1389 3377 totum
1424 3339 1644 3377 mussant
1681 3323 1779 3392 fer-

196 3423 390 3469 mentat
421 3416 497 3485 (1.
524 3415 644 3470 Cor.
670 3414 725 3470 5.
764 3413 840 3483 6).
872 3414 989 3469 Non
1034 3423 1253 3484 propter
1295 3414 1422 3469 illud
1463 3414 1634 3468 solum
1681 3414 1782 3469 hoc

197 3507 341 3571 volo,
372 3507 564 3576 inquit,
592 3506 687 3563 sed
716 3508 878 3563 etiam
901 3516 1118 3577 propter
1170 3506 1317 3561 illam
1361 3522 1479 3577 qua:
1507 3506 1630 3565 inde
1659 3515 1779 3562 orta

196 3608 285 3656 est
309 3616 526 3656 noxam.
554 3600 669 3657 Hoc
684 3600 1009 3665 est,etiamsi
1026 3600 1095 3654 sit
1116 3599 1287 3667 aliqua
1317 3599 1468 3655 radix
1492 3598 1776 3670 ejusmodi,

199 3689 406 3745 nullum
426 3704 645 3759 germen
676 3691 821 3745 sinas
868 3690 1180 3757 ascendere,
1205 3688 1300 3745 sed
1328 3689 1686 3755 exscindatur,
1712 3704 1780 3745 ne

197 3794 327 3836 suos
357 3779 561 3835 fructus
602 3779 761 3847 ferat,
802 3788 864 3835 ut
899 3794 1005 3835 non
1038 3780 1175 3834 alios
1217 3779 1419 3835 inliciat
1462 3788 1519 3835 et
1556 3780 1773 3849 polluat.

198 3869 287 3926 Ne
320 3888 443 3943 qua,
470 3868 663 3941 inquit,
692 3871 845 3925 radix
870 3870 1226 3924 amaritudinis
1262 3886 1461 3924 sursum
1488 3870 1779 3941 germinans

198 3960 462 4030 impediat,
501 3968 549 4012 et
585 3975 673 4028 per
710 3958 854 4013 illam
893 3959 1219 4029 inquinentur
1266 3959 1431 4012 multi.
1485 3959 1549 4013 Et
1586 3960 1779 4014 merito

200 4065 438 4104 amarum
482 4050 690 4105 vocavit
737 4060 1057 4119 peccatum:
1102 4064 1288 4105 revera
1334 4049 1478 4104 enim
1519 4048 1648 4105 nihil
1695 4060 1779 4106 est

201 4152 419 4211 pcatato
457 4142 708 4196 antarius.
762 4142 879 4196 Iioe
916 4140 1210 4211 sciunt-qui
1243 4152 1523 4212 postquam
1554 4142 1605 4196 id
1639 4144 1777 4199 fece-

203 4241 346 4295 runt,
381 4230 659 4285 tabcscunt
697 4246 725 4283 a
750 4231 1097 4297 conscientia,
1119 4233 1207 4301 qui
1235 4246 1479 4302 magnam
1508 4234 1774 4288 sustinent

202 4320 606 4375 amaritudinem
637 4339 651 4374 :
686 4336 806 4375 nam
836 4337 957 4375 cum
989 4322 1059 4376 sit
1082 4323 1497 4387 amarissimum,
1522 4327 1777 4393 pervertit

202 4414 358 4467 etiam
398 4414 567 4482 ipsam
615 4412 721 4466 vim
766 4413 1142 4468 ratiocinandi.
1192 4414 1261 4467 Ea
1293 4424 1374 4467 est
1404 4414 1777 4471 amaritudinis

203 4514 410 4570 natura,
436 4516 494 4558 ut
518 4505 588 4559 sit
613 4504 833 4559 inutilis.
859 4504 1021 4560 Recte
1047 4515 1223 4560 autem
1249 4506 1403 4571 dixit,
1432 4506 1605 4560 Radix
1629 4524 1773 4561 ama-

205 4597 457 4649 ritudinis.
489 4595 605 4650 Non
630 4594 781 4660 dixit,
812 4596 1153 4660 Antara.sed,
1197 4596 1563 4649 Amaritudinis
1590 4613 1608 4649 :
1655 4613 1774 4651 nam

207 4684 317 4740 ﬁeri
346 4686 557 4753 quidem
588 4695 762 4751 potest
789 4698 845 4738 ut
876 4686 1025 4740 radix
1056 4701 1234 4738 amara
1267 4686 1449 4739 dulces
1480 4686 1613 4739 ferat
1662 4688 1772 4739 fru-

210 4790 345 4846 ctus,
370 4782 463 4837 sed
479 4781 597 4839 ﬁeri
614 4796 719 4839 non
744 4793 919 4854 potest
937 4793 991 4838 ut
1015 4781 1382 4838 amaritudinis
1403 4780 1572 4845 radix,
1594 4778 1714 4836 fons
1730 4788 1782 4835 et

210 4874 630 4940 mndamentum,
653 4874 864 4930 dulcem
885 4889 1135 4944 umquam
1160 4873 1383 4929 fructum
1410 4872 1577 4927 ierat:
1605 4872 1781 4929 omnia

208 4963 347 5016 enim
376 4972 501 5017 sunt
526 4977 729 5029 amara,
761 4963 888 5019 nihil
932 4963 1126 5019 habent
1153 4964 1337 5025 dulce;
1365 4963 1539 5016 omnia
1566 4963 1778 5029 acerba,

206 5052 382 5105 ontuia
399 5052 661 5113 insuavia,
684 5054 860 5108 omnia
882 5055 1033 5123 plena
1056 5056 1180 5107 odio
1204 5066 1255 5109 et
1280 5054 1695 5111 altuminatioue.
1715 5052 1782 5108 Et

209 5157 295 5207 per
320 5140 463 5194 illam
508 5143 834 5211 inquinentur
862 5145 1025 5197 multi.
1059 5144 1171 5198 lloc
1193 5155 1295 5208 est,
1322 5142 1398 5199 Ne
1424 5142 1527 5198 hoc
1550 5144 1776 5205 eveniat.

210 5232 623 5299 intemperantes
670 5244 722 5288 et
770 5234 1001 5289 lascivos
1036 5234 1353 5289 exsciud'ate.
1402 5237 1489 5289 t6.
1544 5233 1626 5289 Ne
1670 5237 1783 5306 quis

210 5322 486 5393 {nrtsicator
526 5334 612 5376 aut
654 5329 924 5395 profanus,
967 5335 1020 5379 ut
1059 5324 1220 5387 Esau.
1249 5326 1336 5393 qui
1386 5336 1588 5395 prepter
1628 5342 1779 5381 unum

210 5424 369 5462 suam
395 5410 617 5464 uendidit
646 5414 897 5479 primitiae
932 5429 1046 5467 sua.
1098 5415 1163 5468 Et
1210 5414 1295 5470 ubi
1341 5412 1631 5470 fornicator
1680 5413 1782 5472 futt

210 5499 379 5553 iisan?
429 5498 547 5554 Non
614 5500 714 5556 hoc
767 5502 855 5557 hic
904 5500 1039 5556 dixit
1089 5502 1230 5572 quod
1278 5500 1573 5557 fornicator
1617 5500 1773 5559 fuerit

212 5586 365 5655 Esau,
418 5588 514 5644 sed
566 5590 617 5645 id
674 5592 891 5661 ponitur
931 5607 1027 5662 per
1077 5593 1464 5664 Oppositionem
1507 5594 1574 5650 ad
1620 5592 1771 5662 illud,

256 5714 327 5775 (τι)
349 5711 561 5823 l[n.hane
589 5706 827 5757 hau-ilium
853 5714 905 5754 et
922 5706 967 5754 in
990 5717 1279 5769 sequentem
1303 5709 1509 5763 alterum
1530 5713 1745 5766 Colhcrti

256 5791 323 5823 ἔσω
364 5782 603 5823 ωυιεωιιιι.

203 5791 323 5825 ιιειω
349 5782 603 5823 navemus.

510 5871 787 5936 Panos.
840 5873 958 5938 Gs.
1010 5875 1230 5940 LXIII.

1905 956 2232 1019 Sanctitatem
2264 962 2564 1031 sequimini;
2612 961 2738 1016 illud
2780 976 2928 1022 vero,
2972 958 3257 1029 Pro/anus,
3306 962 3475 1030 ipsum

1902 1060 2141 1119 spectare
2168 1052 2394 1108 videtur.
2427 1054 2503 1109 Ne
2532 1055 2652 1123 quis
2683 1069 2809 1123 ergo
2836 1055 2903 1107 sit
2932 1064 2989 1108 ut
3031 1054 3171 1108 Esau
3202 1054 3473 1121 profanus,

1902 1139 2001 1194 hoc
2030 1148 2131 1205 est,
2162 1142 2336 1195 helluo
2380 1153 2432 1198 ct
2474 1144 2854 1213 intemperans,
2888 1143 3206 1208 mundanus,
3236 1143 3472 1197 vendens

1902 1232 2212 1300 spiritualia.
2243 1233 2339 1299 Qui
2365 1244 2568 1303 propter
2588 1252 2739 1288 unam
2768 1251 2930 1288 eseam
2961 1233 3182 1287 uendidit
3214 1234 3473 1302 primitiru

1898 1328 2009 1373 sua.
2046 1320 2143 1387 Qui
2176 1322 2317 1377 hunc
2355 1339 2382 1375 τι
2434 1324 2541 1378 Deo
2581 1324 2681 1377 sibi
2725 1325 2902 1377 datum
2952 1324 3209 1377 ltnn'orcm
3261 1323 3472 1391 propria

1900 1410 2133 1464 vendidit
2161 1413 2402 1467 socordia
2421 1455 2436 1478 ,
2486 1424 2540 1468 et
2564 1422 2661 1483 pro
2704 1429 2861 1483 parva
2891 1415 3159 1483 voluptate
3186 1414 3471 1467 maximum

1899 1500 2151 1556 honorent
2186 1505 2413 1572 perdidit
2440 1515 2495 1560 ct
2525 1506 2769 1575 gloriam.
2802 1507 2910 1561 lloc
2957 1508 3169 1575 proprie
3217 1507 3282 1560 ad
3330 1509 3474 1576 ipsos

1900 1591 2122 1661 pertinet
2149 1610 2164 1657 ;
2198 1595 2300 1649 hoc
2332 1606 2412 1649 est
2439 1598 2799 1660 abominandi,
2831 1596 2933 1652 hoc
2954 1598 3231 1652 immundi.

1970 1682 2069 1748 Qui
2096 1685 2252 1737 ventri
2277 1687 2521 1749 serviunt,
2546 1687 2795 1739 immundi
2819 1697 2957 1753 sunt,
3002 1704 3176 1758 quare.
3201 1717 3274 1730 --
3297 1688 3472 1756 Quare

1896 1786 1999 1823 non
2046 1774 2191 1827 solus
2237 1784 2505 1831 scortator
2551 1785 2634 1831 est
2683 1777 3009 1842 immundus,
3052 1777 3145 1832 sed
3186 1786 3241 1833 et
3270 1778 3469 1838 helluo,

1894 1859 2165 1926 quiservit
2184 1865 2374 1918 ventri.
2405 1864 2534 1918 Nam
2567 1866 2664 1919 iste
2691 1866 2912 1921 alterius
2942 1882 3152 1935 quoque
3179 1878 3261 1921 est
3288 1884 3473 1921 servus

1893 1950 2178 2019 voluptatis
2204 1970 2216 2005 :
2260 1956 2467 2023 cogitur
2508 1956 2656 2023 plura
2689 1955 2918 2010 habendi
2949 1958 3114 2010 teneri
3142 1958 3429 2026 cupiditate
3457 1978 3467 2008 :

1892 2042 2099 2109 cogitur
2121 2057 2324 2110 rapere,
2346 2043 2537 2099 millies
2566 2045 2793 2114 turpiter
2822 2055 2875 2100 et
2904 2045 3154 2100 indecore
3174 2061 3233 2101 se
3259 2062 3468 2117 gerere,

1893 2144 2011 2183 cum
2039 2132 2106 2186 sit
2139 2134 2275 2187 illius
2308 2134 2421 2188 vitii
2470 2150 2676 2202 servus,
2726 2144 2781 2191 et
2822 2150 2967 2207 stupe
2991 2135 3346 2206 blaSphemat.
3376 2137 3474 2193 Hic

1893 2222 2091 2278 nullius
2158 2227 2308 2293 pretii
2369 2242 2490 2282 che
2553 2243 2703 2282 suam
2756 2228 2906 2283 duxit
2976 2229 3468 2299 primogenituram.

1892 2315 2066 2381 Quare
2085 2320 2389 2389 temporalis
2406 2334 2587 2374 curam
2606 2334 2799 2390 gerens
2817 2320 3030 2389 quietis,
3052 2321 3294 2390 pervenit
3309 2324 3471 2376 etiam

1893 2418 2061 2475 usque
2108 2407 2175 2462 ad
2223 2408 2552 2465 vendendam
2598 2410 3089 2481 primogenituram.
3127 2409 3307 2482 itaque
3348 2422 3476 2468 sunt

1895 2501 2006 2572 jam
2055 2514 2252 2559 nostrae
2299 2506 2762 2579 primogenitum,
2795 2525 2901 2566 non
2928 2512 3257 2572 Iudaeorum.
3304 2516 3476 2577 Simul

1899 2594 2059 2649 etiam
2086 2610 2151 2650 es
2180 2596 2283 2652 hoc
2330 2613 2531 2656 mteror
2555 2616 2741 2657 eorum
2772 2603 2980 2660 levatur
3006 2622 3023 2663 :
3054 2607 3208 2675 quasi
3247 2608 3474 2681 diceret,

1897 2683 2038 2754 quod
2084 2685 2283 2754 primus
2325 2687 2493 2743 factus
2521 2690 2591 2745 sit
2632 2694 2914 2761 posterior,
2944 2704 2999 2750 et
3021 2698 3110 2767 qui
3136 2709 3253 2754 erat
3277 2716 3465 2759 secun-

1895 2771 1994 2827 dus
2024 2771 2195 2827 factus
2231 2775 2301 2829 sit
2327 2776 2563 2845 primus:
2598 2778 2688 2835 ille
2716 2782 2939 2849 primus,
2972 2794 3194 2855 propter
3220 2801 3473 2847 constan-

1894 2859 2024 2914 tiam
2070 2872 2125 2917 et
2170 2864 2539 2931 tolerantiam;
2583 2868 2670 2923 hic
2711 2873 2996 2941 posu'rior,
3042 2888 3260 2946 propter
3283 2893 3468 2937 socor-

1893 2949 2034 3007 diam
2071 2960 2126 3007 et
2163 2954 2558 3025 negligentiam.
2609 2959 2695 3013 17.
2744 2960 2936 3016 Scitote
2973 2964 3106 3017 enim
3141 2968 3380 3035 quoniam
3422 2982 3470 3025 et

1893 3050 2065 3111 postea
2112 3047 2318 3112 cupiens
2368 3046 2649 3103 Itereditnre
2694 3049 3122 3122 benedictionem,
3171 3063 3468 3130 reprobatus

1890 3141 2011 3185 est:
2045 3148 2149 3222 non
2191 3135 2320 3188 enim
2370 3137 2557 3191 invenit
2596 3141 2902 3207 pauitantia:
2944 3144 3129 3211 locum,
3162 3166 3465 3222 quamquam

1889 3235 2001 3272 cum
2032 3221 2270 3291 lacrgmis
2294 3225 2578 3293 inquisisset
2602 3243 2732 3281 eam.

1956 3311 2012 3365 2.
2043 3312 2179 3381 Quid
2207 3313 2307 3369 hoc
2337 3326 2418 3371 est
2440 3318 2462 3369 ζ’
2488 3320 2774 3387 expellitue
2804 3324 3461 3392 βωιιὶιρηιίςιηιἳΜίηἱιιιιε.

1886 3398 1991 3455 Sed
2018 3404 2303 3471 quomodo,
2324 3407 2514 3476 inquit,
2541 3410 2865 3477 pmnitentia:
2888 3414 3059 3470 locum
3087 3436 3191 3475 non
3220 3424 3357 3476 iuvet
3383 3426 3415 3479 it
3444 3436 3466 3479 γ

1883 3507 2004 3547 nam
2029 3495 2072 3547 si
2104 3496 2335 3565 seipsum
2358 3500 2749 3571 co:tdemnavit,
2783 3506 2826 3560 si
2858 3508 3013 3565 valde
3047 3511 3323 3583 ingemuit,
3368 3534 3465 3572 (‘ttr

1882 3598 1988 3639 non
2017 3586 2215 3641 invenit
2240 3589 2414 3643 locum
2447 3594 2815 3659 poenitentiae?
2840 3598 3105 3666 Quoniam
3143 3619 3204 3659 ea
3239 3622 3327 3663 res
3355 3626 3459 3661 n0n

1881 3685 1996 3729 erat
2046 3677 2389 3744 pceniteutiw.
2436 3680 2583 3735 Sicut
2636 3685 2776 3739 enim
2818 3702 2916 3743 nec
2965 3693 3291 3758 poenitentia:
3345 3712 3462 3753 crat

1882 3765 2110 3857 tristitia;
2133 3766 2301 3832 Caini,
2348 3778 2405 3823 ut
2450 3773 2684 3828 ostendit
2714 3774 2850 3830 facta
2888 3779 3079 3847 cmdcs,
3108 3783 3178 3837 ita
3205 3783 3292 3841 hic
3322 3805 3457 3857 quo-

1878 3868 1980 3939 qqe
2005 3855 2161 3909 verba
2191 3872 2293 3911 non
2317 3870 2470 3913 erant
2492 3863 2854 3929 pteuitentiaa;
2890 3868 3049 3939 idque
3070 3883 3255 3941 postea
3277 3855 3457 3933 osten-

1876 3946 1954 3999 dit
1995 3946 2166 4000 cmdes
2197 3966 2209 4000 :
2243 3964 2365 4003 nam
2413 3951 2523 4019 ipse
2557 3968 2788 4024 quoque,
2836 3960 2975 4027 quod
3018 3962 3082 4016 ad
3130 3965 3454 4025 voluntatem

1876 4036 2085 4102 attinet,
2129 4038 2292 4093 Iacob
2332 4041 2621 4096 interfecit.
2650 4045 3144 4119 Appropiuqnabunt
3174 4058 3337 4124 enim,
3373 4061 3454 4113 in-

1876 4126 2010 4195 quit,
2040 4129 2147 4181 dies
2172 4130 2335 4184 luctus
2363 4133 2527 4201 patris
2563 4137 2678 4199 mei,
2712 4147 2759 4190 et
2798 4138 3104 4208 inter/icium
3139 4144 3301 4202 Jacob
3340 4152 3453 4221 [να-

1874 4223 1997 4268 trem
2029 4232 2189 4309 meum
2223 4217 2372 4291 (Gen.
2405 4222 2497 4289 27,
2525 4224 2637 4293 61).
2665 4225 2780 4280 Non
2813 4230 3092 4287 valuerunt
3119 4250 3249 4305 ergo
3281 4217 3452 4309 lacrv-

1874 4318 1975 4357 mm
1999 4305 2047 4359 ei
2074 4306 2201 4361 dare
2228 4311 2615 4378 paenitentiam.
2650 4316 2715 4369 Et
2745 4332 2847 4372 non
2873 4320 3026 4387 dixit,
3059 4326 3159 4378 Per
3189 4305 3450 4396 pmnizcn-

1876 4397 2024 4485 tiam,
2046 4400 2286 4456 ahsolnte
2309 4419 2325 4467 ;
2352 4405 2467 4471 sed,
2501 4406 2672 4462 Etiam
2689 4424 2809 4464 cum
2838 4413 3086 4485 lacrymis
3111 4433 3215 4472 non
3246 4420 3443 4477 invenit

1873 4484 2047 4541 locum
2116 4491 2463 4558 paenitentiae.
2543 4494 2900 4563 Quamobrem
2924 4484 2962 4553 ‘L’i
3016 4505 3282 4573 Quoniam
3341 4528 3445 4566 non

1872 4578 2140 4645 quomodo
2168 4584 2402 4650 oportuit
2438 4587 2546 4655 egit
2586 4591 2951 4657 pmniteutiam
2972 4612 2988 4660 ;
3038 4597 3140 4654 hoc
3177 4601 3317 4655 enim
3366 4615 3450 4658 est

1874 4671 2216 4763 ιιφηξιινιιιίξις
2282 4690 2387 4729 non
2455 4677 2564 4748 egit
2626 4685 2991 4751 paenitentiam
3062 4700 3119 4744 ut
3189 4701 3442 4763 oportuit.

1875 4759 2083 4827 Alioqui
2153 4765 2421 4834 quomodo
2477 4767 2592 4825 inec
2643 4772 2884 4831 diceret?
2951 4759 3258 4850 quomodo,
3318 4802 3441 4843 cum

1869 4864 2060 4917 segnes
2109 4864 2165 4907 et
2222 4856 2355 4925 pigri
2412 4861 2749 4929 evasissent,
2802 4881 2897 4921 eos
2951 4884 3138 4927 rursus
3185 4875 3445 4934 adhorta-

1876 4950 2073 5006 retur?
2108 4954 2380 5023 quomodo
2422 4970 2543 5011 cum
2584 4959 2758 5015 claudi
2810 4960 2935 5018 facti
2985 4966 3458 5037 essent?quouto-

1873 5040 1945 5098 do
1970 5057 2088 5099 cum
2113 5055 2298 5102 essent
2340 5048 2553 5105 remissi
2599 5061 2653 5105 et
2693 5052 2889 5107 soluti?
2940 5054 3041 5111 hoc
3067 5058 3209 5112 enim
3254 5068 3337 5113 cst
3364 5061 3461 5115 ini-
3548 5077 3555 5085 ·

1873 5142 2002 5191 tium
2044 5135 2247 5208 lapsus.
2298 5139 2423 5197 Mihi
2464 5141 2675 5198 videtur
2717 5146 3058 5204 subindicare
3092 5152 3354 5219 quosdam
3404 5153 3458 5208 in

1873 5230 1949 5281 eis
2003 5230 2384 5297 fornicatores,
2452 5235 2593 5291 nolle
2652 5248 2828 5293 tamen
2884 5250 3010 5297 tunc
3053 5259 3148 5299 eos
3192 5260 3455 5317 arguere;

1871 5320 1961 5373 Md
1992 5319 2141 5392 lingit
2167 5339 2225 5377 se
2256 5324 2524 5393 ignorare,
2572 5338 2630 5382 ut
2670 5332 3026 5401 corrigantur.
3054 5332 3280 5406 Oportet
3308 5340 3454 5395 enim

1872 5409 2097 5475 primum
2144 5413 2362 5483 quidem
2407 5416 2663 5475 simulare
2710 5420 3066 5491 ignorantiam
3096 5444 3108 5479 :
3141 5440 3324 5497 postea
3354 5446 3449 5486 au-

1869 5509 1973 5592 tem
2002 5518 2121 5556 cum
2153 5510 2640 5575 perseveraverint,
2673 5525 2797 5568 tunc
2820 5516 2981 5572 etiam
3018 5516 3216 5574 inferre
3262 5537 3453 5592 repre-

1866 5585 2219 5687 hensionetn,
2287 5612 2353 5651 ne
2418 5598 2677 5669 pudorem
2744 5616 2966 5661 exuant.
3019 5608 3172 5676 Quod
3239 5585 3451 5687 Mopsus

1864 5697 2075 5755 quoque
2102 5682 2229 5740 fecit
2252 5685 2307 5742 in
2334 5685 2549 5744 Zambri
2573 5702 2625 5747 et
2654 5692 3011 5753 Cbasbitide'.
3034 5696 3155 5754 Non
3192 5682 3343 5758 enim
3365 5706 3449 5759 in.

1864 5776 2013 5844 renit,
2065 5776 2254 5848 inquit,
2305 5782 2613 5848 paenitentia
2657 5786 2818 5840 locum
2858 5786 3445 5859 (Num.c.25).Nonitt~

3062 5898 3136 5961 ﬂ
