4094 6416
620 418 725 473 illi

607 512 753 563 venit
803 509 1187 578 pmnlteutiam,
1213 514 1304 562 aut
1330 508 1471 577 quod
1504 509 1747 579 peccavit
1770 508 1994 579 majora,
2022 526 2181 580 quam

608 614 658 652 ut
692 617 875 653 eorum
919 602 999 670 agi
1051 601 1215 670 possit
1258 601 1603 669 pmuiteutia;
1651 613 1741 655 aut
1784 604 1922 673 quod
1969 604 2180 675 dignam

612 696 973 762 omnitentiam
1022 710 1122 746 non
1172 692 1373 748 fecerit.
1409 694 1543 748 Sunt
1596 711 1722 762 ergo
1755 706 1965 765 peccata
2006 696 2179 767 aliqua

611 786 831 852 majora,
852 798 1005 853 quam
1037 792 1090 833 ut
1113 798 1295 836 eorum
1315 786 1394 854 agi
1424 786 1587 853 possit
1618 787 2083 854 pmuitentiaJloc
2102 797 2183 841 cst

607 893 733 944 ergo
759 874 895 943 quod
920 873 1047 927 dicit
1073 890 1086 927 ξ
1111 873 1186 927 Ne
1214 874 1467 929 cudamus
1498 892 1620 929 casu
1654 876 1932 931 incurabili
1962 898 1973 931 :
2008 880 2180 933 donec

611 968 765 1021 fuerit
814 967 981 1021 solum
1016 966 1351 1031 claudicatio,
1388 968 1536 1022 facile
1580 979 1659 1022 est
1685 978 1882 1023 rectum
1919 971 2031 1024 ﬁeri
2058 988 2071 1035 ;
2098 973 2177 1025 sin

606 1072 778 1111 autem
808 1057 1063 1111 fuerimus
1086 1060 1296 1128 penitus
1323 1060 1513 1124 eversi,
1532 1061 1655 1129 quid
1688 1058 1945 1116 restabit?
1965 1064 2094 1117 Cum
2117 1065 2178 1116 iis

606 1150 746 1202 enim
780 1149 869 1217 qui
904 1150 1135 1202 nondum
1176 1150 1481 1204 ceciderunt
1523 1153 1599 1205 sic
1640 1154 1890 1221 loquitur,
1920 1165 2061 1208 metu
2086 1173 2178 1208 eos

604 1241 916 1296 concutiens
937 1284 949 1306 ,
982 1250 1035 1295 et
1064 1241 1193 1295 dicit
1225 1242 1339 1296 ﬁeri
1374 1258 1477 1295 non
1512 1257 1665 1312 posse
1708 1257 1762 1298 ut
1806 1246 1893 1315 qui
1925 1248 2176 1301 ceciderit

603 1348 853 1403 umquam
912 1344 1227 1403 assequatur
1266 1336 1725 1393 consolationem:
1767 1337 1837 1393 lis
1866 1348 2041 1394 autem
2091 1342 2175 1409 qui

606 1426 906 1480 ceciderunt
932 1470 945 1489 ,
976 1444 1038 1480 nc
1086 1427 1317 1482 incidant
1349 1428 1398 1481 in
1431 1428 1879 1499 desperationem,
1909 1438 2176 1489 contraria

600 1520 676 1572 sic
718 1519 843 1571 dicit
875 1538 885 1571 :
917 1519 1087 1572 Filioli
1116 1522 1228 1585 mei,
1253 1538 1375 1589 quos
1401 1524 1579 1575 iterum
1608 1528 1855 1594 purturio,
1886 1530 2043 1583 donec
2068 1535 2177 1601 {ora

603 1620 763 1660 utetur
785 1610 834 1661 in
864 1610 997 1662 vobis
1036 1609 1263 1664 Christus
1294 1610 1435 1678 (Gal.
1458 1613 1510 1667 4.
1540 1614 1659 1683 19);
1690 1627 1741 1669 et
1770 1634 1974 1685 rursus,
2005 1620 2100 1686 Qui
2123 1624 2175 1677 in

603 1702 709 1769 lege
730 1701 1105 1769 justi/immitti,
1134 1720 1164 1755 a
1191 1705 1352 1772 gratia
1373 1704 1620 1761 cecidistis
1650 1707 1800 1778 (Col.
1842 1713 1893 1766 5.
1929 1712 2006 1784 4).
2041 1716 2176 1771 Ecce

609 1802 829 1844 ιιτειτιιιιι·
855 1806 946 1847 eos
974 1794 1256 1849 excidisse.
1283 1794 1414 1849 Nam
1444 1798 1533 1866 qui
1558 1807 1661 1851 stat
1690 1803 1925 1869 quidem,
1957 1807 2177 1863 audiens

606 1885 717 1937 lieri
749 1899 849 1936 non
877 1900 1032 1953 posse
1062 1895 1119 1940 ut
1145 1888 1233 1958 qui
1266 1888 1457 1943 cecidit
1482 1892 1688 1944 veniam
1712 1907 2046 1963 assequatur,
2076 1901 2179 1954 erit

610 1983 1002 2050 vehementior,
1031 1997 1079 2039 et
1108 1986 1172 2038 ad
1197 1986 1442 2041 standum
1477 1987 1679 2042 ﬁrmior
1707 2000 1759 2044 et
1787 1992 2027 2047 stabilior
2056 2015 2068 2049 :
2102 1997 2180 2050 sin

606 2088 778 2129 autem
806 2079 853 2129 iu
878 2094 995 2131 cum
1022 2077 1109 2146 qui
1136 2078 1389 2133 ceciderit
1418 2080 1602 2133 eadem
1637 2082 1802 2137 utaris
1825 2084 2176 2152 vehementia,

608 2183 890 2237 irunqnam
924 2178 1199 2238 resurget;
1231 2184 1350 2223 nam
1381 2186 1482 2240 qua
1510 2187 1605 2239 spe
1634 2175 1881 2228 ostendet
1932 2178 2183 2231 mutatio-

609 2276 723 2310 tzettt
744 2261 765 2311 ?
790 2259 905 2314 Non
934 2260 1101 2314 solum
1135 2270 1310 2316 autent
1340 2263 1491 2330 dicit,
1525 2264 1712 2326 Flevit,
1761 2270 1852 2322 sed
1890 2270 2071 2337 etiam,
2103 2272 2187 2327 lu-

605 2352 839 2417 quisivit.
873 2352 987 2406 Non
1018 2369 1145 2425 ergo
1169 2356 1387 2424 expellit
1427 2358 1818 2425 ptenitentiam,
1870 2376 1991 2417 cum
2036 2364 2183 2431 dicit,

612 2440 728 2494 Non
774 2443 956 2495 invenit
1006 2446 1311 2513 pmnitentiae
1360 2447 1561 2506 locum:
1592 2449 1684 2503 sed
1730 2451 1842 2504 vult
1883 2455 2055 2520 potius
2093 2471 2187 2512 eos

610 2535 835 2597 munire,
870 2535 1155 2604 ﬁrmusque
1182 2537 1405 2591 reddere
1426 2554 1488 2592 ac
1516 2540 1733 2595 stabiles
1763 2558 1827 2597 ne
1857 2558 2029 2597 ruant.
2056 2547 2185 2615 Qui-

610 2640 836 2693 cumque
871 2640 997 2695 ergo
1042 2628 1299 2695 gelicnmc
1326 2644 1428 2681 non
1457 2632 1702 2697 credunt,
1732 2633 1919 2687 horum
1966 2640 2189 2691 remini-

609 2725 873 2769 seantur:
920 2716 1241 2787 quicumque
1296 2720 1601 2776 existimant
1655 2736 1869 2792 [CCCdlu
1917 2743 2020 2782 non
2071 2745 2189 2785 esse

610 2807 891 2873 punit-uda,
926 2808 1037 2863 haec
1065 2812 1319 2880 cogitent.
1345 2814 1449 2867 Cur
1478 2813 1617 2867 Esau
1644 2833 1746 2869 non
1771 2827 1850 2871 est
1872 2834 2187 2891 assequutus

609 2898 861 2951 veniam?
888 2898 1146 2966 Quoniam
1184 2917 1285 2956 non
1319 2914 1373 2957 ut
1400 2910 1635 2975 oportuit
1662 2909 1769 2978 egit
1800 2911 2184 2979 pmniteuliam.

680 2989 731 3041 5.
770 2986 863 3041 Vis
892 2990 1071 3045 videre
1101 3003 1338 3046 exactam
1368 3006 1421 3049 et
1452 2998 1753 3053 absolutam
1788 3004 2190 3070 pteuitemiam?

610 3078 747 3133 Audi
767 3082 1129 3148 pmuitentiam
1157 3084 1297 3139 Petri
1323 3095 1439 3154 post
1466 3090 1821 3158 negationem.
1842 3094 1969 3148 Nam
1990 3112 2108 3167 qua:
2125 3103 2191 3155 ab

613 3189 677 3221 eo
701 3182 848 3241 gesta
873 3184 996 3228 sunt
1026 3191 1246 3231 narrans
1276 3180 1615 3248 evangelista,
1638 3181 1702 3234 Et
1733 3201 1981 3253 egressus,
2002 3189 2189 3259 inquit,

611 3263 750 3327 foras
795 3261 931 3329 ﬂet-it
959 3276 1147 3315 amare.
1179 3261 1467 3333 Propterea
1497 3267 1543 3319 ci
1574 3268 1731 3321 etiam
1781 3273 2060 3327 remissum
2102 3278 2197 3332 luit

613 3350 873 3419 ejusmodi
924 3363 1215 3422 peccatum,
1250 3357 1497 3424 quoniam
1536 3361 1802 3427 quomodo
1829 3367 2063 3433 Oportuit
2091 3372 2197 3440 egit

614 3444 1004 3512 pmnitentiam.
1037 3447 1193 3516 Atqui
1248 3449 1481 3502 nondum
1528 3450 1765 3506 oblatum
1794 3455 1961 3511 fuerat
1991 3460 2194 3515 sacriﬁ-

612 3536 774 3600 cium,
812 3537 1043 3591 nondum
1074 3536 1209 3592 facta
1238 3538 1429 3606 hostia,
1459 3543 1689 3597 nondum
1718 3546 1979 3603 sublatum
2009 3565 2195 3619 pecca-

615 3640 744 3691 tum,
773 3628 945 3684 adhuc
960 3630 1285 3687 dominatum
1310 3634 1582 3691 obtinebat
1605 3647 1657 3691 et
1686 3642 2015 3708 tyrannidem
2039 3660 2196 3701 excr-

616 3721 789 3773 cebat.
837 3720 900 3773 Et
944 3731 998 3773 ut
1040 3722 1176 3775 scias
1203 3724 1342 3793 quod
1375 3727 1583 3796 negatio
1611 3745 1713 3783 non
1747 3742 1850 3785 tam
1881 3746 1993 3789 erat
2014 3752 2196 3792 succr-

616 3810 717 3864 dia:
747 3825 809 3864 ac
850 3812 1203 3882 negl‘gcutim,
1233 3830 1388 3882 quam
1432 3832 1494 3870 ex
1540 3834 1604 3872 eo
1629 3823 1766 3890 quod
1794 3823 1931 3880 Deus
1961 3841 2079 3881 cum
2111 3828 2199 3885 de-

618 3916 877 3965 seruerat,
910 3903 1157 3959 erudiens
1191 3908 1473 3963 humanam
1498 3912 1635 3967 scire
1665 3930 1989 3985 mensuram,
2018 3930 2199 3977 etnon

618 4013 911 4066 repugnare
934 3999 995 4052 iis
1013 4015 1131 4069 qua:
1151 4000 1468 4058 dicebautur
1492 4021 1519 4058 a
1538 4006 1807 4077 Magistro,
1837 4028 2010 4083 neque
2038 4018 2203 4088 magis

618 4105 775 4160 quam
819 4089 908 4142 alii
956 4105 1144 4159 sapere
1168 4133 1182 4156 ,
1218 4094 1311 4147 sed
1354 4096 1489 4151 scire
1526 4100 1666 4168 quod
1709 4102 1910 4173 absque
1941 4106 2047 4160 Deo
2075 4109 2202 4163 nihil

622 4192 795 4250 potest
822 4184 953 4249 ﬁeri,
977 4193 1028 4237 et
1049 4184 1187 4254 quod
1217 4184 1329 4239 Nisi
1361 4187 1604 4244 Dominus
1624 4194 1943 4259 ludiﬁcaverit
1964 4197 2200 4267 domum,

621 4277 810 4343 frustra
835 4274 1062 4327 laborant
1087 4278 1169 4345 qui
1192 4280 1446 4344 (tuli/icon:
1468 4297 1574 4334 eum
1609 4283 1776 4353 (Ps-al.
1806 4286 1923 4341 l'26.
1960 4290 2013 4357 l)
2038 4306 2052 4353 ;
2082 4292 2205 4346 audi

622 4366 887 4432 quomodo
920 4382 1141 4421 monens
1175 4371 1472 4425 inadestuiu
1502 4390 1635 4437 esse,
1656 4375 1751 4443 ipsi
1783 4379 1878 4432 soli
1904 4379 2209 4438 dixitChri-

622 4468 736 4510 stus
763 4476 776 4511 :
807 4455 1007 4524 Simon,
1041 4457 1239 4521 Simon,
1272 4466 1468 4531 expetiit
1496 4476 1543 4519 ιε
1568 4477 1792 4536 δαίιιηαδν
1819 4483 1869 4524 ,τι
1898 4485 1944 4526 ιε
1972 4475 2209 4533 cribrum

624 4551 751 4601 sicut
783 4549 1035 4613 triticum;
1063 4561 1109 4603 et
1133 4568 1221 4622 ego
1250 4570 1340 4621 pro
1367 4564 1412 4607 te
1436 4557 1629 4625 rogavi,
1656 4569 1706 4610 ut
1730 4578 1827 4615 non
1854 4567 2055 4632 deﬁciat
2083 4570 2211 4636 ﬁdes

628 4640 754 4708 tua(
786 4638 909 4692 Luc.
940 4639 1031 4693 22.
1055 4641 1140 4695 3i.
1175 4642 1243 4697 52
1275 4645 1311 4712 ).
1344 4642 1471 4697 Nam
1505 4648 1751 4715 quoniam
1783 4665 1894 4707 crat
1927 4660 2212 4717 verisimili:

635 4761 753 4799 eum
774 4742 872 4795 sibi
900 4739 1107 4808 placere
1128 4748 1179 4793 et
1204 4736 1339 4788 elato
1359 4746 1475 4784 esse
1491 4732 1687 4795 animo,
1702 4733 1787 4799 qui
1807 4732 1907 4782 sibi
1932 4739 2071 4783 esset
2087 4744 2213 4782 con-

634 4839 775 4889 scius
801 4830 936 4902 quod
966 4829 1085 4899 plus
1111 4841 1266 4896 quant
1293 4836 1478 4877 omnes
1502 4820 1767 4873 Christum
1796 4820 2055 4888 diligeret,
2088 4818 2206 4871 ideo

634 4940 857 4996 peccare
902 4934 954 4976 et
1002 4920 1301 4987 Magistrum
1346 4914 1606 4983 abuegare
1651 4912 1842 4965 sinitur
1878 4929 1891 4965 :
1929 4920 2212 4979 propterea

634 5019 792 5073 etiam
816 5015 956 5069 licvit
981 5024 1181 5070 amare,
1200 5018 1249 5061 et
1266 5006 1368 5059 alia
1396 5020 1513 5075 qua:
1534 5003 1709 5057 ﬂetum
1739 5012 1859 5057 sunt
1879 5012 2211 5071 consequuta

636 5110 757 5162 fecit
782 5105 988 5159 similia.
1028 5100 1163 5167 Quid
1194 5100 1332 5152 enim
1366 5114 1468 5151 non
1503 5097 1659 5151 fecit?
1686 5111 1742 5150 se
1772 5104 1950 5164 postea
1981 5093 2214 5151 coniecit

638 5204 686 5254 in
720 5198 946 5267 pericula
970 5196 1263 5255 innumera,
1297 5202 1346 5245 et
1369 5206 1462 5261 per
1490 5188 1663 5243 omnia
1689 5187 1919 5241 ostendit
1961 5202 2207 5256 magnam

632 5292 795 5347 animi
828 5288 907 5343 sui
932 5290 1171 5341 virtutem
1202 5296 1253 5339 ct
1286 5282 1654 5337 constantiam.
1681 5282 2048 5336 Ptnnitentiam
2072 5296 2209 5349 quo-

638 5401 736 5453 rgue
752 5382 855 5451 egit
877 5378 1061 5443 Judas,
1081 5379 1215 5431 sicut
1238 5377 1366 5442 divi,
1395 5374 1487 5429 sed
1520 5374 1658 5428 male
1688 5390 1699 5423 :
1730 5388 1787 5427 se
1813 5373 2003 5443 quippe
2031 5386 2208 5425 Stran-

634 5478 851 5549 golavit.
864 5471 1228 5531 Panitentiam
1249 5485 1456 5539 quoque
1474 5469 1601 5539 egit,
1618 5467 1754 5521 sicut
1767 5466 1895 5534 dixi,
1912 5467 2081 5533 Esau;
2103 5469 2210 5522 imo

702 5625 717 5653 ί
744 5622 993 5683 Interpres
1012 5619 1213 5683 Latinus
1235 5622 1401 5683 noster
1421 5618 1467 5666 in
1480 5614 1680 5683 _7._a_mbri
1701 5624 1745 5683 et
1770 5618 2097 5670 Madianitidc.
2118 5623 2217 5671 Sed

640 5678 1035 5735 hiutianus'circa
1064 5681 1257 5729 καιναί)ιί
1276 5686 1325 5743 et
1348 5678 1689 5743 t'ltasbitidam.
1718 5682 1823 5737 Quo
1845 5684 2071 5743 probatur
2093 5684 2219 5733 hanc

643 5761 802 5793 ιρι-(ιω
830 5759 941 5793 esse
968 5744 1249 5807 lectionem.
1274 5742 1389 5807 lituo
1413 5740 1671 5807 vocabatur:
1684 5744 1826 5807 t‘ozbi
1846 5740 1954 5807 ﬁlia
1975 5755 2063 5807 ,ευτ’
2089 5745 2219 5807 prin-

634 5811 757 5871 cipis
775 5809 849 5857 no'
865 5806 1051 5856 discinxi
1076 5804 1464 5863 .ttttttianitnrmn,
1488 5805 1641 5867 inquit
1656 5803 1879 5867 Vulgata,
1896 5803 2118 5867 Numeri,
2146 5810 2216 5858 [5.

1337 404 1394 459 S.
1433 400 1708 459 JOANNIS
1744 387 2187 452 CHRYSOSTOM

2302 382 2563 440 RCllil'll’.
2605 378 3127 438 CONSTANTINUP.
3777 372 3837 426 Si
3853 396 3879 421 ιι

2292 528 2417 565 vero
2442 521 2537 561 nec.
2562 507 2664 574 egit
2689 502 2900 570 quidem
2920 491 3434 568 pteniteutiam,ejus
3455 488 3597 544 enim
3625 488 3877 558 laerynuc

2293 616 2396 657 non
2419 607 2567 653 erant
2594 588 3045 665 pmoiteutize,scd
3071 585 3242 656 potius
3266 578 3623 638 insultationis
3650 587 3706 633 et
3736 577 3831 631 ira:
3861 593 3875 629 :

2292 691 2449 759 idque
2487 684 2773 742 ostendunt
2797 695 2858 736 ea
2884 694 3004 749 qum
3030 688 3342 746 sequuntur.
3370 668 3742 727 Pamiteutiam
3770 665 3881 735 egit

2290 784 2474 838 beatus
2508 776 2667 833 David
2691 818 2703 841 ,
2737 775 2814 829 sic
2840 772 3024 826 dicens
3056 786 3067 821 :
3096 767 3297 821 Laoabo
3328 781 3415 836 per
3444 761 3675 832 singulas
3704 770 3881 814 noctes

2291 876 2471 929 lectum
2493 885 2676 934 meum,
2697 863 2931 934 lacrymis
2953 861 3074 914 meis
3095 868 3305 913 uratum
3327 870 3487 909 meum
3504 852 3679 923 rigabo
3700 849 3879 919 (Paul.

2290 966 2344 1020 6.
2388 965 2419 1016 7
2448 964 2463 1032 )
2492 980 2502 1013 :
2528 972 2577 1015 et
2610 956 2750 1027 quod
2780 953 3065 1025 aliquando
3095 949 3386 1004 admiserat
3415 953 3722 1015 peccatum,
3757 951 3883 1010 post

2290 1066 2366 1109 tot
2387 1067 2573 1115 annos,
2592 1058 2711 1118 post
2729 1058 2797 1101 tet
2822 1043 3211 1115 generationes,
3237 1049 3505 1107 tamquam
3523 1032 3661 1106 quod
3686 1046 3883 1087 recens

2288 1146 2584 1201 accedisset
2608 1140 2857 1195 deﬂebat.
2898 1136 3031 1191 Eum
3057 1135 3198 1189 enim
3244 1130 3333 1199 qui
3368 1130 3473 1198 agit
3504 1124 3879 1197 paenitentiam

2291 1255 2393 1291 non
2425 1244 2634 1305 oportet
2663 1230 2816 1286 irasci
2846 1242 3016 1297 neque
3046 1223 3253 1279 eﬁ‘erari
3281 1264 3294 1282 ,
3327 1222 3418 1275 sed
3452 1231 3717 1288 tamquam
3746 1229 3884 1270 cou-

2290 1330 2593 1383 demnatum
2626 1323 2857 1385 conteri,
2882 1328 2939 1373 ut
2963 1317 3050 1388 qui
3081 1332 3183 1370 non
3206 1314 3399 1368 habeat
3423 1311 3666 1367 ﬁduciam
3690 1352 3703 1375 ,
3736 1318 3796 1363 ut
3824 1310 3881 1361 in

2289 1435 2447 1489 quem
2474 1417 2574 1470 lata
2596 1416 2664 1469 sit
2682 1411 2966 1472 sententia,
2984 1419 3039 1462 ιιι
3055 1408 3141 1477 qui
3160 1406 3345 1461 debeat
3370 1420 3397 1456 τι
3417 1404 3526 1458 sola
3547 1402 3726 1456 salvus
3755 1414 3885 1454 esse

2291 1508 2673 1571 misericordia,
2700 1505 2788 1575 qui
2838 1503 2889 1556 in
2926 1499 3323 1555 benel‘actorem
3352 1495 3655 1565 apparuerit
3685 1494 3883 1546 imme-

2289 1618 2408 1658 mor
2423 1613 2475 1656 et
2491 1602 2744 1670 ingratus,
2762 1606 3028 1664 tamquam
3045 1589 3329 1659 reprobum
3357 1597 3411 1641 et
3434 1585 3649 1654 dignum
3670 1582 3848 1652 suppli
3863 1612 3883 1621 -

2290 1698 2388 1752 ciis
2415 1690 2905 1750 innumerabilibus.
2924 1686 2979 1742 Si
2998 1686 3109 1739 lucc
3135 1683 3349 1752 cogitet,
3370 1694 3474 1733 non
3502 1679 3760 1732 irascetar
3788 1690 3885 1729 oe-

2292 1803 2391 1858 que
2419 1778 2904 1855 indignahitur,sed
2935 1776 3157 1847 lugebit,
3176 1771 3344 1837 ﬂebit,
3362 1766 3891 1839 ingemiscctmjula'

2293 1881 2367 1934 bit
2398 1888 2549 1932 nocte
2576 1885 2627 1929 et
2649 1874 2753 1926 die.
2782 1871 2913 1925 Eum
2945 1870 3033 1939 qui
3065 1868 3173 1937 agit
3194 1863 3560 1935 paenitentiam
3587 1875 3883 1930 numquam

2291 1978 2495 2040 oportet
2528 1981 2679 2019 suum
2732 1962 2968 2015 oblivisci
3011 1967 3307 2029 peccatum,
3341 1954 3433 2009 sed
3468 1953 3629 2007 Deum
3664 1949 3883 2021 quidem

2292 2079 2479 2134 rogare
2499 2072 2554 2114 ut
2586 2076 2648 2113 ne
2675 2058 2787 2127 ejus
2817 2050 3280 2117 meniincrit,dum
3307 2048 3422 2118 ipse
3449 2060 3661 2116 semper
3684 2042 3885 2098 memi-

2292 2160 2369 2212 nit
2398 2171 2410 2206 :
2441 2156 2483 2207 si
2514 2167 2610 2206 nos
2636 2150 2750 2220 ejus
2776 2141 3350 2204 meminerimus,Deus
3373 2138 3488 2207 ejus
3509 2136 3882 2191 obliviscetur.

2293 2250 2369 2306 De
2387 2248 2540 2302 nobis
2563 2245 2689 2313 ipsis
2712 2256 2893 2311 parias
2910 2250 3200 2297 sumamus,
3224 2247 3321 2286 nos
3352 2232 3495 2300 ipsos
3520 2240 3831 2283 accusemus
3864 2243 3881 2279 :

2294 2344 2363 2397 ita
2381 2341 2618 2395 iudicem
2653 2334 2995 2397 placabimus.
3018 2330 3298 2383 Peccatum
3325 2324 3466 2378 enim
3490 2319 3628 2391 quod
3653 2316 3874 2373 confes-

2298 2440 2389 2476 sus
2426 2425 2607 2479 lueris.
2645 2426 2697 2473 tit
2738 2424 2943 2481 minus;
2977 2419 3117 2489 quod
3147 2420 3426 2474 confessus
3451 2432 3553 2470 non
3582 2414 3748 2469 fueris
3772 2455 3789 2479 ,
3821 2415 3883 2467 ﬁt

2300 2516 2546 2567 deterius.
2599 2512 2724 2566 Nam
2757 2512 2799 2565 si
2832 2521 3102 2581 peccaturo
3135 2510 3232 2563 sibi
3265 2507 3564 2578 adjunxcrit
3593 2505 3879 2575 impuden-

2303 2606 2425 2658 tiam
2452 2606 2789 2673 animtunque
2817 2604 3099 2672 ingratum,
3122 2614 3407 2669 numquam
3431 2598 3687 2653 consistet
3711 2615 3723 2649 :
3748 2613 3856 2667 quo

2304 2696 2462 2750 modo
2492 2695 2607 2747 talis
2628 2694 2842 2748 omnino
2871 2692 3059 2762 poterit
3089 2705 3275 2745 cavere
3306 2703 3371 2745 nc
3403 2690 3453 2742 in
3480 2688 3664 2743 eadem
3694 2701 3887 2741 rursus

2301 2785 2497 2841 incidat
2526 2786 2613 2854 qui
2646 2785 2791 2853 prius
2821 2782 3043 2836 nescivit
3071 2797 3128 2835 se
3160 2780 3415 2850 peccare?

2370 2876 2566 2932 Bonum
2609 2886 2679 2931 est
2723 2885 2923 2945 peccata
2966 2890 3059 2928 sua
3100 2888 3369 2943 agnoscere
3411 2880 3455 2925 et
3493 2872 3545 2923 in
3588 2869 3886 2924 meritoriam

2298 2987 2547 3027 revocare.
2566 3000 2634 3010 -
2655 2968 2731 3024 Ne
2759 2969 2916 3038 igitur
2945 2980 3197 3037 negemus
3224 2974 3439 3034 peccata
3466 2972 3642 3017 nostra
3662 3004 3677 3027 ,
3707 2977 3838 3031 rogo
3867 3004 3882 3025 ,

2300 3076 2474 3131 neque
2502 3060 2668 3113 simus
2695 3057 3048 3127 impudentes,
3075 3072 3140 3110 ne
3170 3055 3250 3110 vel
3282 3054 3430 3108 inviti
3456 3053 3641 3107 demus
3672 3067 3885 3121 petras.

2302 3149 2658 3206 AudivitCain
2682 3164 2709 3202 a
2738 3148 2847 3203 Deo
2878 3166 2889 3201 :
2920 3145 3016 3201 Ubi
3040 3156 3112 3200 est
3140 3146 3261 3199 Abel
3285 3149 3445 3216 frater
3468 3144 3694 3199 tuus?et
3717 3143 3847 3198 dicit
3872 3162 3885 3197 :

2305 3242 2488 3297 Nescio
2506 3258 2524 3295 :
2542 3240 2782 3310 numquid
2806 3254 2897 3309 ego
2917 3254 3028 3293 sum
3052 3247 3217 3291 custos
3239 3236 3414 3307 fratris
3434 3237 3531 3290 mei
3550 3234 3701 3303 (Gen.
3728 3237 3781 3291 ι.
3802 3234 3889 3305 9)?

2302 3334 2462 3389 Vides
2504 3314 2771 3403 quomodo
2816 3330 2916 3384 hoc
2955 3329 3167 3400 gravius
3207 3338 3480 3398 peceatum
3520 3326 3742 3383 fecerit?
3778 3326 3888 3382 Sed

2302 3441 2407 3479 non
2436 3424 2514 3478 sic
2537 3424 2654 3493 ejus
2683 3432 2835 3493 pater
2854 3463 2869 3486 ,
2899 3421 2987 3488 qui
3018 3435 3137 3474 cum
3165 3418 3420 3473 audiisset
3442 3461 3455 3479 ,
3487 3416 3652 3471 Adam
3682 3418 3765 3471 ubi
3793 3434 3842 3471 es
3862 3418 3891 3471 .’

2301 3515 2493 3586 inquit,
2512 3513 2693 3567 Audivi
2711 3529 2876 3568 uocem
2898 3520 3056 3575 tuam,
3076 3520 3120 3563 et
3142 3510 3282 3562 timui
3303 3509 3537 3579 quoniam
3559 3525 3671 3562 sunt
3692 3510 3887 3573 nudus,

2302 3617 2347 3660 et
2392 3623 2470 3660 mc
2519 3604 2757 3657 abscondi
2802 3600 2971 3673 (Gen.
3002 3601 3051 3655 5.
3091 3599 3142 3655 9.
3188 3596 3316 3668 10).
3361 3597 3604 3669 Magnum
3650 3607 3733 3652 est
3790 3598 3889 3653 bo-

2304 3712 2429 3752 nmn
2473 3694 2684 3749 assidue
2730 3691 3040 3748 meminisse
3096 3698 3479 3759 peccatorum:
3511 3687 3706 3742 delicto
3753 3688 3889 3742 nihil

2304 3788 2373 3841 ita
2407 3785 2646 3841 medetur
2696 3793 2752 3836 ut
2800 3781 3010 3836 assidua
3055 3778 3400 3834 recordatio:
3445 3777 3573 3832 nihil
3617 3778 3888 3833 hominem

2305 3878 2436 3933 adeo
2482 3876 2657 3931 reddit
2696 3874 2901 3929 tardum
2942 3871 3006 3926 ad
3048 3870 3256 3925 vitium.
3314 3869 3439 3925 Scio
3487 3869 3630 3940 quod
3684 3872 3892 3926 resiliat

2305 3968 2724 4032 conseicntia,ct
2774 3982 2879 4021 non
2908 3965 3138 4035 patiatur
3186 3977 3244 4017 se
3298 3960 3550 4031 ﬂagellari
3602 3976 3631 4015 a
3686 3977 3894 4017 memo-

2307 4064 2382 4118 ria
2415 4060 2705 4123 malorum;
2739 4056 2831 4113 sed
2864 4055 3073 4110 fortiter
3099 4054 3300 4123 stringe
3326 4054 3581 4111 animam.
3603 4061 3657 4108 et
3676 4067 3892 4108 camum

2306 4156 2353 4209 ei
2383 4156 2593 4221 impone
2626 4169 2637 4203 :
2668 4152 2804 4204 sicut
2831 4149 2971 4204 enim
3011 4162 3179 4218 equus
3200 4144 3508 4211 effrenatus,
3542 4144 3611 4199 ita
3642 4146 3896 4200 intolera-

2309 4248 2428 4301 bilis
2452 4253 2551 4311 est,
2572 4258 2671 4298 nec
2686 4242 2799 4297 vult
2814 4240 2913 4295 sibi
2935 4238 3254 4310 persuadere
3276 4235 3415 4307 quod
3437 4237 3755 4306 peccaverit.
3780 4237 3897 4293 Hoc

2312 4346 2475 4391 totum
2499 4337 2653 4405 plane
2675 4342 2757 4389 est
2785 4332 3101 4388 satanicum.
3127 4329 3233 4385 Sed
3271 4344 3367 4383 nos
3398 4329 3445 4384 ci
3479 4328 3897 4399 persuadeamus

2310 4428 2450 4498 quod
2485 4427 2801 4495 peccaverit,
2835 4431 2889 4477 ut
2916 4432 2970 4477 et
2996 4430 3113 4491 agat
3138 4420 3525 4491 paenitentiam,
3553 4429 3744 4475 etcum
3778 4436 3897 4491 pm-

2312 4520 2583 4574 nitentiam
2610 4516 2799 4587 egerit,
2834 4514 3089 4569 liberetur
3119 4528 3145 4565 a
3169 4512 3460 4581 suppliciis.
3489 4512 3770 4580 Quomodo
3793 4515 3899 4579 vis,

2312 4613 2395 4667 dic
2416 4624 2613 4681 qureso,
2645 4608 2709 4661 de
2739 4605 2969 4674 peccatis
2996 4605 3203 4673 assequi
3234 4603 3463 4668 veniam,
3489 4607 3532 4657 si
3562 4618 3623 4657 ea
3659 4604 3898 4658 nondum

2313 4706 2387 4759 sis
2423 4698 2733 4756 confessus?
2760 4697 2847 4751 ille
2886 4695 2977 4765 qui
3024 4692 3261 4763 peccavit
3289 4692 3442 4762 plane
3482 4702 3564 4747 est
3595 4693 3905 4749 misericoro

2314 4797 2397 4850 dia
2420 4794 2607 4862 dignus
2633 4798 2685 4844 et
2712 4787 2993 4843 clementia
3015 4803 3028 4839 :
3054 4795 3107 4839 tu
3138 4793 3315 4838 autem
3336 4798 3458 4838 cum
3476 4783 3708 4838 nondum
3732 4784 3784 4839 id
3808 4786 3901 4840 tibi

2316 4886 2665 4960 persuaseris,
2689 4880 2957 4953 quomodo
2983 4893 3190 4947 (equum
3220 4891 3411 4933 censes
3441 4886 3499 4930 ut
3545 4878 3901 4948 consequaris

2319 4976 2757 5041 misericordiam,
2778 4975 2826 5026 in
2853 4970 3081 5042 peccatis
3100 4968 3234 5024 adeo
3256 4966 3589 5036 inpudenter
3606 4979 3658 5023 te
3672 4968 3902 5038 gerens?

2318 5070 2739 5130 Peisoadeamus
2766 5065 2918 5119 nobis
2946 5063 3073 5131 ipsis
3098 5060 3238 5130 quod
3265 5060 3600 5131 peccavimus
3626 5077 3638 5113 :
3664 5075 3770 5113 non
3800 5060 3900 5113 liu-

2325 5178 2417 5232 gna
2446 5166 2615 5213 solum
2645 5158 2880 5213 dicamus
2898 5198 2912 5219 ,
2938 5156 3029 5211 sed
3058 5158 3218 5209 etiam
3246 5162 3425 5208 mente
3448 5164 3512 5205 ac
3535 5148 3858 5216 cogitatione
3885 5163 3901 5201 :

2318 5271 2385 5310 ne
2411 5268 2505 5308 nos
2532 5255 2768 5307 dicamus
2796 5260 2997 5304 tantum
3025 5259 3353 5319 peccatores,
3378 5244 3469 5299 sed
3496 5242 3657 5298 etiam
3686 5248 3901 5309 peccata

2320 5357 2690 5399 recenseamus
2712 5381 2727 5406 ,
2754 5340 3026 5410 speciatim
3060 5334 3473 5405 unumquodque
3499 5341 3899 5386 euumerantes.

2317 5438 2429 5491 Nm;
2465 5434 2556 5487 tibi
2607 5434 2726 5486 dico
2757 5441 2812 5485 ut
2848 5447 2906 5486 ea
2941 5441 3211 5498 tamquam
3242 5440 3485 5496 pompam
3537 5423 3588 5477 in
3634 5421 3900 5491 publicitm

2319 5547 2328 5593 ι
2353 5526 2573 5587 rotet-as,
2598 5538 2768 5592 neque
2788 5532 2843 5576 ut
2863 5521 2998 5590 apud
3020 5520 3151 5573 alios
3174 5527 3225 5573 te
3245 5531 3483 5580 accuses,
3508 5513 3600 5571 sed
3628 5522 3685 5567 ut
3712 5528 3903 5583 parcas

2313 5616 2590 5686 Propheta:
2611 5614 2836 5668 dicenti:
2865 5610 3045 5665 Revela
3062 5610 3279 5663 Domino
3304 5608 3436 5661 viam
3454 5616 3591 5660 luant
3613 5603 3783 5675 (Psal.
3809 5605 3899 5660 56.

2315 5709 2395 5777 5).
2425 5705 2575 5776 Apud
2606 5706 2767 5759 Deum
2799 5718 2862 5758 ea
2892 5700 3167 5765 conﬁtere,
3196 5699 3333 5766 apud
3374 5697 3615 5753 Iudicem
3642 5695 3903 5752 conﬁtere

2316 5807 2526 5870 peccata
2552 5806 2657 5864 tua,
2681 5810 2861 5863 orans,
2889 5795 2933 5848 si
2960 5809 3061 5848 non
3091 5791 3286 5861 lingua,
3308 5791 3495 5845 saltem
3527 5790 3822 5852 memoria;
3850 5800 3904 5844 et
