4094 6446
237 409 348 468 an

266 546 346 601 ita
372 556 507 612 roga
539 534 604 593 ut
637 538 715 592 tui
751 534 1076 589 misereatur.
1101 526 1155 581 Si
1186 522 1400 593 peccata
1427 528 1515 612 tua
1538 514 1752 572 assidue
1772 516 1869 567 ha-

282 638 411 691 beas
433 610 489 685 in
520 625 814 687 memoria.
835 632 1113 689 numquam
1138 614 1315 669 oderis
1329 610 1649 682 proximum,
1671 618 1771 660 nec
1786 618 1874 659 ae-

284 735 455 795 cepta:
479 718 699 789 injuriae
727 711 1052 770 memineris.
1075 706 1188 763 Non
1214 705 1334 799 dico
1351 743 1366 769 ,
1396 702 1441 758 si
1474 700 1564 754 tibi
1597 710 1873 799 persuase-

291 790 373 874 ris
396 827 450 872 te
476 827 598 869 esse
628 816 959 878 peecatorem
990 820 1004 855 :
1030 815 1134 855 non
1163 799 1232 853 ita
1261 796 1363 849 hoc
1402 799 1575 863 potest
1620 790 1868 843 humilem

290 908 523 965 reddere
543 904 798 963 animam,
815 899 949 951 sicut
963 908 1022 948 ea
1045 906 1162 960 quae
1176 904 1269 960 per
1287 903 1344 943 se
1368 896 1420 941 et
1440 883 1577 955 apud
1600 898 1657 936 se
1675 881 1873 949 specia‘

292 1004 392 1055 lim
438 996 815 1052 examinantur
867 995 1098 1057 peccata.
1127 983 1239 1037 Non
1271 980 1394 1034 odio
1426 976 1641 1031 habebis
1666 990 1765 1028 nee
1791 973 1872 1027 in-

279 1091 448 1159 jurize
497 1093 728 1152 accepta:
770 1076 1071 1133 memineris
1094 1113 1112 1141 ,
1152 1072 1268 1127 hinc
1306 1079 1558 1139 perpetuo
1574 1066 1786 1159 habens
1816 1065 1867 1119 in

285 1157 576 1240 rncmoria,
607 1188 711 1227 non
743 1167 1006 1231 irasceris,
1033 1180 1137 1219 non
1166 1170 1385 1232 appetes
1415 1157 1708 1212 maledictis
1726 1195 1741 1219 ,
1764 1170 1868 1208 non

280 1273 403 1325 etis
424 1265 684 1334 superbus
703 1271 753 1315 et
781 1259 971 1321 elatus,
998 1271 1100 1308 non
1131 1254 1181 1307 in
1219 1250 1402 1306 eadem
1432 1263 1613 1303 rursus
1644 1244 1865 1309 incides,

281 1364 356 1417 ad
392 1360 535 1413 bona
569 1352 801 1410 facienda
830 1348 935 1405 eris
961 1343 1340 1401 Vehementior.

362 1454 422 1506 4.
456 1448 613 1501 \‘ides
634 1458 789 1512 quam
837 1440 997 1494 multa
1048 1438 1183 1489 bona
1228 1434 1470 1488 oriuntur
1500 1446 1563 1483 ex
1614 1430 1867 1481 memoria

280 1551 637 1613 peccatorum
658 1537 683 1589 ἲ
715 1533 831 1587 llaec
877 1544 1006 1599 ergo
1034 1526 1230 1582 nostris
1268 1524 1459 1577 animis
1495 1519 1865 1613 inscribamus.

279 1608 421 1687 ἑοῖο
445 1627 586 1698 quod
611 1621 919 1679 memoriam
936 1627 1041 1672 tam
1063 1614 1307 1670 acerbam
1330 1626 1434 1665 non
1456 1614 1651 1678 patitur
1668 1608 1864 1672 anima;

276 1720 383 1775 sed
412 1697 534 1773 eam
566 1727 836 1783 cogamus,
876 1717 931 1763 et
955 1708 1059 1761 vim
1086 1706 1134 1759 ei
1159 1702 1464 1756 efferamus.
1495 1697 1678 1752 Melius
1700 1706 1781 1750 est
1812 1704 1869 1750 ut

278 1823 439 1865 nunc
468 1814 802 1873 peccatorum
822 1798 1123 1852 mordeatur
1142 1793 1417 1855 memoria,
1452 1804 1607 1858 quam
1634 1788 1865 1841 cruciatu

276 1899 379 1971 qui
412 1898 625 1952 futurus
645 1902 725 1948 est
752 1892 843 1944 illo
872 1900 1133 1957 tempore.
1166 1882 1335 1947 Nunc,
1377 1882 1420 1935 si
1448 1896 1630 1936 eorum
1676 1878 1865 1933 memi-

279 1994 460 2055 neris,
493 1997 548 2042 et
576 2001 637 2041 ea
667 1982 879 2039 assidue
908 1980 1019 2034 Deo
1049 1976 1245 2032 offeras
1265 2016 1278 2039 ,
1309 1982 1363 2027 et
1409 1986 1502 2040 pro
1548 1971 1626 2025 eis
1674 1984 1828 2039 roges
1847 2009 1863 2035 ,

276 2085 395 2139 cito
424 2096 485 2136 ea
533 2075 735 2132 delebis
765 2092 778 2128 :
810 2074 890 2126 sin
919 2080 1097 2124 autem
1128 2080 1267 2121 nunc
1312 2078 1500 2119 eorum
1529 2062 1604 2117 sis
1628 2062 1823 2116 oblitus
1846 2100 1864 2128 ,

282 2186 419 2226 tunc
450 2168 535 2223 vel
565 2167 755 2220 invitus
783 2160 1170 2221 recordaberis,
1197 2170 1315 2211 cum
1346 2156 1395 2208 in
1424 2152 1655 2208 medium
1686 2150 1864 2222 profe-

279 2273 501 2325 rentur,
532 2268 585 2313 et
615 2268 878 2325 tamquam
924 2252 975 2305 in
1025 2262 1269 2318 pompam
1305 2245 1662 2314 producentur
1684 2256 1863 2296 coram

280 2350 560 2408 omnibus,
577 2357 631 2401 et
646 2345 831 2398 amicis
848 2350 901 2397 et
917 2339 1143 2393 inimicis
1160 2346 1214 2391 et
1232 2334 1456 2404 angelis.
1471 2333 1584 2388 Non
1604 2332 1744 2386 enim
1764 2331 1862 2386 soli

278 2441 505 2501 dicebat
531 2436 739 2502 Davidi,
772 2433 897 2500 Qua:
919 2442 971 2485 tu
998 2430 1157 2500 fecisti
1184 2430 1236 2481 in
1261 2428 1457 2481 occulto
1478 2467 1492 2492 ,
1520 2442 1612 2496 ego
1632 2426 1862 2478 omnibus

274 2538 476 2609 faciam
494 2536 759 2605 manifesta
782 2534 857 2602 (2.
871 2531 1207 2602 Reg.l2.12),
1228 2530 1321 2585 sed
1338 2530 1496 2583 etiam
1516 2528 1668 2580 nobis
1682 2524 1854 2579 omni-

270 2626 403 2684 bus.
423 2626 697 2688 Ilomines,
729 2625 917 2691 inquit,
948 2623 1190 2688 timuisti,
1213 2630 1267 2676 et
1288 2634 1383 2674 eos
1412 2622 1578 2687 magis
1599 2616 1861 2671 reveritus

268 2733 338 2773 es
362 2733 524 2789 quam
575 2717 739 2771 Deum
765 2732 781 2780 ;
810 2725 861 2769 et
895 2715 1002 2768 Deo
1028 2714 1241 2769 vidente
1267 2726 1372 2766 non
1401 2711 1621 2775 curasti,
1653 2709 1744 2763 sed
1773 2708 1858 2762 vi-

272 2809 533 2865 dentibus
576 2806 879 2863 hominibus
908 2806 1109 2876 pudore
1137 2819 1196 2859 es
1220 2803 1443 2858 allectus
1474 2818 1490 2857 :
1520 2800 1671 2857 Oculi
1689 2800 1855 2865 enim,

275 2901 476 2971 linquit,
496 2899 775 2962 hominum,
790 2907 861 2951 est
888 2913 1059 2950 eorum
1081 2896 1249 2948 timor.
1265 2893 1548 2961 Propterea
1571 2905 1749 2946 coram
1774 2888 1858 2943 his

273 2993 414 3062 ipsis
435 2991 587 3044 dabis
607 3004 819 3058 poenas;
843 2999 894 3042 te
912 3002 1052 3042 enim
1081 3000 1319 3054 arguam,
1335 2995 1421 3037 tua
1449 2992 1662 3050 peccata
1688 2978 1855 3033 oculis

273 3081 521 3135 omnium
552 3079 859 3148 subiiciens.
889 3076 1020 3132 Nam
1042 3075 1181 3139 quod
1226 3074 1328 3128 hoc
1362 3074 1431 3127 sit
1457 3086 1660 3131 verum,
1688 3079 1741 3123 et
1769 3069 1855 3122 illc

272 3171 367 3226 die
396 3170 634 3222 omnium
663 3177 897 3222 nostrum
947 3175 1161 3235 peccata
1210 3174 1478 3230 tamquam
1514 3162 1563 3214 in
1609 3173 1857 3230 pompam

276 3260 680 3328 producentur,
715 3257 814 3312 nisi
851 3270 992 3311 nunc
1015 3270 1077 3309 ea
1105 3253 1312 3308 assidua
1342 3250 1709 3305 recordatione
1759 3248 1854 3305 dce

280 3352 513 3413 leamus,
537 3344 659 3402 audi
680 3346 945 3417 quomodo
977 3347 1027 3399 in
1054 3360 1299 3414 pompam
1334 3343 1640 3413 producitur
1667 3340 1859 3396 crude-

279 3440 404 3494 litas
427 3450 478 3494 et
507 3439 865 3492 inhumanitas
890 3452 1075 3491 eorum
1104 3436 1193 3504 qui
1227 3435 1311 3488 hic
1340 3450 1443 3488 non
1469 3433 1670 3487 miserti
1694 3441 1817 3485 sunt
1841 3448 1856 3485 :

278 3532 510 3595 Esurioi,
545 3532 731 3600 inquit,
758 3543 806 3585 et
833 3547 933 3583 non
978 3530 1185 3583 dedistis
1222 3529 1343 3580 milii
1386 3526 1521 3595 quod
1546 3525 1855 3580 comederem

277 3624 497 3693 (.llatth.
519 3622 607 3676 25.
633 3622 724 3689 42)
767 3621 1114 3688 Quandonam
1144 3621 1256 3674 lirec
1281 3619 1574 3673 dicuntur?
1600 3618 1853 3689 numquid

279 3715 331 3765 in
364 3712 609 3781 angulo?
657 3710 908 3778 numquid
956 3711 1008 3764 in
1056 3710 1306 3764 occulto?
1345 3709 1726 3779 Nequaquam;
1759 3707 1854 3763 sed

277 3801 534 3869 quando?
561 3800 781 3865 Quando
802 3799 1004 3854 venerit
1026 3798 1191 3852 Filius
1215 3800 1443 3853 hominis
1464 3800 1514 3850 in
1539 3798 1704 3867 gIOria
1733 3811 1850 3864 sua,

278 3902 334 3946 et
358 3892 758 3958 congregat-erit
804 3904 989 3943 omnes
1033 3900 1237 3958 gentes,
1270 3889 1478 3959 quando
1514 3888 1612 3941 hos
1650 3899 1703 3943 et
1733 3889 1854 3943 illos

280 3984 630 4051 separaverit,
662 3990 782 4034 tunc
804 3983 1049 4034 omnibus
1066 3980 1401 4035 audientibus
1427 3980 1587 4042 dicet,-
1618 3993 1854 4035 Statuens

280 4087 310 4125 a
347 4070 551 4125 dexlris
600 4079 653 4122 et
677 4071 905 4123 sinistris
940 4088 954 4124 :
990 4070 1211 4134 Esurivi,
1237 4081 1283 4124 et
1334 4087 1432 4123 non
1478 4072 1684 4124 dedistis
1731 4072 1854 4125 milii

281 4164 559 4217 comedere.
598 4160 723 4213 \‘ide
752 4174 935 4213 rursus
969 4162 1081 4213 illas
1126 4161 1358 4230 quinque
1404 4162 1630 4230 virgines
1673 4176 1851 4216 coram

281 4253 528 4307 omnibus
566 4252 839 4305 amlientes
886 4268 901 4301 :
946 4250 1127 4304 Nescio
1166 4267 1270 4304 vos.
1325 4252 1568 4321 Quinque
1617 4254 1756 4305 enim
1800 4264 1852 4307 et

282 4348 516 4414 quinque
560 4360 661 4397 non
712 4344 1008 4410 signiﬁcant
1057 4350 1259 4394 tantum
1316 4359 1589 4395 numerun
1643 4344 1847 4399 illarum

282 4438 532 4504 quinque,
566 4436 655 4487 sed
689 4447 875 4485 omnes
905 4432 1065 4484 malas
1095 4444 1143 4484 et
1172 4432 1413 4484 crudeles
1443 4443 1494 4484 et
1538 4432 1850 4487 inhumanas

284 4527 525 4596 virgines,
548 4535 602 4579 et
630 4540 722 4578 eas
748 4538 867 4591 qum
897 4538 1005 4575 non
1027 4535 1144 4574 sunt
1174 4522 1492 4587 huiusmodi.
1512 4521 1598 4576 Sic
1626 4525 1781 4575 etiam
1807 4525 1849 4577 is

283 4634 480 4689 quoque
507 4618 597 4683 qui
624 4631 790 4668 unum
815 4612 1286 4674 infuditlalcnlttttt,
1315 4613 1510 4664 audivit
1531 4628 1707 4665 coram
1730 4628 1847 4666 om-

282 4711 437 4769 nin-:5.
469 4720 519 4763 et
548 4709 615 4761 iis
633 4706 803 4758 etiam
828 4703 915 4768 qui
940 4704 1167 4769 quinque
1190 4712 1244 4755 et
1268 4704 1351 4765 qui
1377 4703 1481 4754 dno
1512 4706 1799 4757 attiileruot
1832 4722 1845 4759 :

266 4800 405 4860 Sent:
445 4814 676 4863 nequam
714 4803 764 4847 et
810 4795 988 4860 ignave
1017 4793 1231 4858 (Matth.
1265 4793 1354 4847 25.
1385 4793 1499 4861 26).
1533 4794 1644 4847 Non
1673 4796 1847 4853 verbis

250 4902 427 4955 50],"...
456 4894 558 4949 sm]
590 4888 770 4943 etiam
802 4884 961 4936 rebus
986 4893 1039 4935 et
1065 4882 1214 4936 iactis
1230 4898 1323 4937 eos
1352 4893 1473 4938 tunc
1502 4890 1709 4952 arguit:
1743 4888 1849 4942 sic-

240 4998 474 5055 utetiam
509 4984 659 5043 dicit
690 4975 1050 5044 evangelista,
1090 4974 1335 5029 Videbunt
1366 4978 1415 5029 in
1454 4993 1596 5044 quem
1627 4982 1847 5047 conﬁxe-

1083 413 1147 469 ΙΝ
1188 414 1397 471 EPIST.
1440 415 1531 470 AD
1571 413 1934 470 1158111505.
1977 418 2129 476 CAP.
2172 419 2285 476 ΧΗ.
2334 422 2558 479 HOJIIL.
2604 426 2793 481 XXXI.

3425 436 3529 493 213

1984 536 2099 579 runt
2125 526 2301 595 (Joan.
2333 530 2419 586 l9.
2452 532 2565 603 57).
2600 533 2769 589 Simul
2809 537 2950 591 enim
2980 539 3081 594 erit
3107 544 3340 597 omnium
3373 563 3545 603 resur-

1980 617 2171 686 rectio,
2199 629 2535 689 peccatorum
2564 634 2615 681 et
2640 625 2902 695 iustorum
2927 645 2942 694 ;
2975 629 3130 686 simul
3156 632 3328 690 aderit
3362 653 3545 695 mane.

1984 725 2241 796 indicans.
2271 723 2453 794 Cogita
2494 741 2620 794 ergo
2650 724 2834 794 quales
2865 735 2987 781 tunc
3015 732 3168 781 erant
3197 728 3286 798 qui
3315 740 3469 784 erunt
3496 733 3544 785 ir

1984 815 2146 877 luctu,
2180 815 2230 867 in
2264 829 2525 877 mmrore,
2555 814 2643 883 qui
2673 813 2950 869 trahentur
2985 816 3035 868 in
3066 818 3261 885 ignem,
3295 816 3421 871 dum
3453 833 3542 875 co-

1981 915 2234 958 ronantur
2259 906 2365 958 alii.
2405 903 2591 966 Venite,
2620 906 2808 974 inquit,
2832 905 3079 960 benedicti
3096 905 3276 965 Patris
3293 909 3409 975 mei,
3432 927 3525 977 pos

1978 997 2134 1048 sidrte
2172 1006 2400 1063 paratum
2446 997 2580 1048 vobis
2622 1011 2830 1065 regnum
2871 1012 2901 1048 α
2944 997 3296 1051 constitutione
3337 1000 3545 1065 mundi,

1979 1094 2032 1140 et
2058 1101 2257 1148 rursus,
2290 1084 2541 1140 Discedite
2568 1102 2599 1139 a
2626 1103 2705 1140 me
2744 1088 2795 1140 in
2823 1088 2990 1157 ignem
3018 1099 3252 1158 paratum
3282 1090 3482 1146 diabolo
3504 1105 3547 1145 et

1976 1175 2166 1247 angelis
2184 1178 2290 1242 ejus
2323 1175 2529 1247 (Matth.
2557 1176 2647 1231 9.5.
2679 1178 2769 1233 54.
2798 1178 2907 1246 41)-

2048 1266 2222 1318 Aliena
2259 1268 2387 1320 bona
2430 1270 2731 1336 rapientium
2779 1270 3100 1339 supplicium.
3129 1301 3202 1312 —-
3229 1271 3342 1327 Nan
3374 1275 3545 1328 Solum

1977 1358 2137 1410 verba
2170 1359 2464 1423 audiamus,
2484 1360 2576 1413 sed
2607 1360 2775 1414 oculis
2815 1366 2971 1416 etiam
3000 1363 3259 1432 descripta
3299 1366 3548 1433 subjicia-

1973 1463 2092 1502 mns
2117 1458 2169 1502 et
2190 1450 2550 1505 existimemus
2577 1467 2695 1505 eum
2727 1467 2865 1506 nunc
2888 1452 3096 1509 adesse.
3126 1462 3178 1507 et
3209 1452 3323 1508 hare
3344 1454 3543 1523 dicere,
3585 1502 3590 1507 .

1972 1549 2023 1593 et
2050 1554 2145 1593 nos
2174 1539 2225 1592 in
2253 1540 2396 1594 illum
2431 1542 2601 1609 ignem
2633 1542 2919 1598 abducere.
2952 1543 3171 1610 Qualem
3221 1555 3345 1601 tunc
3384 1546 3547 1603 habe-

1972 1628 2145 1683 bimus
2194 1632 2465 1685 aoitnam?
2514 1634 2721 1702 qualem
2771 1636 3399 1703 etmsoiationeni?Quid
3455 1653 3547 1694 ve-

1971 1736 2049 1785 ro,
2097 1722 2307 1790 quando
2363 1723 2413 1776 in
2463 1724 2594 1778 duas
2644 1736 2823 1795 partes
2867 1727 3199 1784 dividemur?
3246 1729 3368 1799 quid
3418 1745 3544 1785 vero

1969 1813 2179 1880 tpmudu
2232 1814 2297 1867 de
2335 1816 2515 1885 rapina
2572 1818 2980 1873 accusabimur?
3008 1836 3291 1889 quamnam
3340 1824 3545 1890 poteri-

1969 1919 2084 1956 mus
2132 1903 2325 1959 aii‘erre
2367 1908 2799 1962 exitusalionem?
2838 1925 3120 1979 quemnam
3172 1913 3539 1981 probationem

1967 2006 2015 2048 et
2055 1998 2229 2065 specie
2268 2014 2369 2051 non
2408 1998 2738 2053 inhonestam
2791 2003 3131 2057 orationem?
3160 2003 3368 2058 Nullam
3401 2024 3414 2059 :
3444 2008 3539 2061 sed

1966 2101 2185 2140 necesse
2216 2090 2315 2141 erit
2344 2100 2396 2141 ut
2431 2091 2587 2143 vincti
2616 2102 2670 2144 et
2695 2092 2945 2145 deorsum
2976 2094 3231 2148 ineurvati
3266 2096 3541 2150 trahatnur

1964 2179 2025 2230 ad
2058 2178 2189 2233 OStia
2221 2180 2574 2244 eaminmum,
2606 2181 2667 2234 ad
2698 2181 2915 2236 ﬂuvium
2965 2186 3098 2254 ignis
3119 2230 3131 2241 .
3167 2187 3216 2239 in
3251 2188 3499 2243 tenebras
3521 2229 3537 2252 ,

1964 2268 2027 2320 ad
2053 2267 2306 2337 supplicia
2341 2270 2679 2333 immortalia,
2709 2282 2762 2325 et
2790 2274 3054 2327 neminem
3084 2276 3148 2328 ad
3178 2292 3274 2329 nos
3302 2276 3538 2351 liberan-

1962 2358 2085 2411 dum
2118 2374 2305 2427 rogare
2339 2362 2648 2429 poterimus.
2677 2361 2789 2415 Non
2822 2373 2995 2432 potest
3025 2366 3186 2431 enim,
3218 2367 3406 2436 inquit,
3430 2384 3534 2424 non

1964 2461 2136 2520 potest
2164 2450 2284 2505 hinc
2328 2453 2450 2506 illuc
2482 2453 2731 2508 transiri:
2762 2462 2845 2508 est
2870 2457 3015 2510 enim
3048 2456 3187 2512 inter
3217 2473 3314 2513 nos
3352 2470 3407 2515 ct
3441 2475 3538 2515 vus

1961 2560 2205 2614 magnum
2236 2544 2396 2599 chaos
2421 2543 2570 2617 (Luc.
2607 2546 2692 2600 16.
2718 2545 2809 2616 26)
2840 2565 2851 2598 :
2886 2556 2938 2601 et
2968 2563 3063 2603 nec
3088 2550 3390 2606 volentibus
3412 2551 3538 2608 licet

1962 2637 2205 2699 transire,
2239 2645 2292 2689 et
2322 2652 2534 2690 manum
2564 2638 2823 2705 przeberc,
2854 2638 2949 2693 sed
2982 2654 3201 2696 necesse
3228 2652 3310 2696 est
3340 2658 3535 2713 perpe-

1959 2738 2048 2781 tuo
2073 2726 2284 2791 ardere,
2328 2727 2540 2781 nemine
2569 2728 2721 2782 nobis
2750 2744 2904 2798 opem
2950 2729 3175 2794 ferente,
3203 2732 3316 2787 sive
3346 2734 3415 2787 sit
3446 2750 3537 2803 pa-

1959 2826 2057 2882 ter,
2088 2816 2202 2872 sire
2224 2827 2412 2883 mater,
2441 2817 2552 2873 sive
2578 2818 2822 2888 quilibet,
2851 2819 3056 2874 etiamsi
3094 2820 3288 2875 habeat
3312 2826 3534 2879 inultam

1962 2912 2026 2966 ad
2061 2913 2223 2966 Deum
2256 2913 2497 2966 ﬂdueiam
2535 2931 2548 2968 :
2583 2912 2760 2968 Frater
2782 2916 2947 2983 enim,
2980 2918 3289 2985 inquit,non
3317 2923 3539 2986 redimit,

1959 3003 2167 3056 redimet
2206 3005 2355 3057 homo
2385 3003 2555 3073 (Psal.
2577 3006 2667 3059 68.
2696 3005 2796 3076 8)?
2820 3008 2951 3061 Cum
2980 3023 3107 3077 ergo
3152 3024 3257 3063 non
3298 3010 3454 3065 liceat
3484 3007 3535 3060 i.i

1960 3093 2065 3146 alio
2104 3092 2302 3147 habere
2333 3107 2480 3161 spem
2513 3095 2721 3159 salutis,
2751 3112 2908 3165 quam
2956 3098 3005 3150 in
3051 3098 3250 3167 seipse,
3297 3109 3417 3168 post
3449 3100 3539 3158 Dri

1963 3181 2338 3249 benignitatem
2387 3193 2440 3237 et
2469 3184 2830 3249 clementiam,
2862 3201 2993 3257 rogo
3036 3187 3213 3242 omnia
3242 3187 3499 3245 iaciamus
3524 3238 3538 3256 ,

1961 3282 2018 3326 ut
2050 3273 2153 3325 vita
2177 3274 2246 3326 sit
2273 3273 2423 3327 nobis
2465 3276 2660 3328 munda
2690 3286 2938 3347 recteque
2966 3278 3225 3346 instituta,
3254 3291 3307 3335 ct
3348 3297 3444 3335 nec
3476 3288 3538 3337 ab

1962 3363 2113 3417 initio
2143 3364 2305 3417 ullam
2336 3366 2690 3433 suscipiamus
2733 3368 2993 3421 maculam
3023 3388 3037 3423 :
3069 3371 3150 3424 sin
3194 3372 3388 3437 minus,
3424 3385 3541 3442 post

1958 3463 2260 3521 susceptam
2289 3454 2500 3523 quidem
2535 3458 2790 3510 maculam
2825 3473 2893 3512 ne
2918 3460 3264 3525 dormiamus,
3290 3465 3385 3517 sed
3415 3480 3539 3531 per.

1959 3557 2267 3598 severcmus
2296 3560 2508 3615 semper
2548 3546 2735 3602 sordes
2763 3548 2980 3604 abluere
3008 3565 3101 3620 per
3132 3555 3495 3620 paenitentiam
3520 3601 3538 3624 ,

1957 3651 2056 3707 per
2086 3637 2371 3708 laerymas,
2402 3655 2493 3708 per
2515 3644 2804 3706 orationes,
2835 3658 2932 3715 per
2950 3646 3370 3721 elecnmsynam.
3400 3651 3535 3716 Quid

1958 3743 2106 3792 vero,
2140 3730 2326 3795 inquit,
2356 3731 2400 3785 si
2432 3748 2537 3785 non
2586 3734 2807 3788 habeam
2839 3737 2976 3792 unde
3022 3738 3211 3795 faciam
3242 3744 3543 3817 elecniosy-

1961 3836 2079 3873 nam
2105 3822 2127 3873 ἲ
2155 3822 2255 3876 Sed
2290 3822 2453 3877 habes
2499 3826 2745 3892 poculum
2798 3842 2946 3897 aqua:
2981 3828 3184 3899 frigida)
3206 3874 3220 3893 ,
3253 3845 3539 3902 quantum-

1959 3926 2184 3980 cumque
2204 3912 2276 3965 sis
2297 3928 2526 3981 pauper;
2546 3916 2636 3967 sed
2657 3915 2976 3971 duomiuuta
2998 3918 3181 3987 habes,
3200 3924 3360 3991 pedes
3376 3926 3535 3981 habes

1962 4010 2016 4052 ut
2033 4018 2051 4050 ι
2068 4003 2210 4054 isites
2231 4013 2477 4069 a'grotos,
2497 4012 2552 4057 ut
2572 4006 2883 4073 ingrediaris
2901 4023 3203 4076 carcerem;
3226 4015 3315 4067 sed
3342 4026 3535 4072 lecium

1959 4091 2142 4153 habes,
2163 4104 2215 4145 ut
2245 4095 2480 4163 excipias
2510 4097 2762 4165 hospites.
2780 4098 2895 4152 Non
2923 4112 3003 4153 est
3029 4104 3192 4167 enim,
3214 4122 3316 4158 non
3336 4119 3416 4159 est
3450 4126 3537 4159 vv-

1958 4180 2042 4231 nia
2069 4180 2131 4231 iis
2155 4182 2241 4247 qui
2276 4198 2377 4235 non
2400 4185 3032 4257 faciunteleemosynam,
3061 4207 3157 4247 nec
3188 4203 3407 4249 utuntur
3437 4214 3537 4250 mi-

1957 4270 2265 4325 serieordia.
2289 4274 2407 4326 Ilazc
2424 4289 2519 4327 nos
2534 4277 2681 4330 vobis
2702 4280 2914 4333 assidue
2930 4281 3173 4349 dicimus,
3198 4295 3249 4337 ut
3274 4288 3353 4339 vel
3369 4305 3428 4341 ex
3448 4306 3533 4343 as-

1955 4361 2205 4415 siduitate
2233 4379 2413 4429 parum
2434 4366 2555 4435 quid
2578 4369 2885 4422 elliciamus.
2903 4372 3027 4427 llaec
3043 4374 3286 4442 dicimus,
3306 4394 3408 4432 non
3427 4392 3530 4436 tam

1955 4468 2137 4508 eormn
2168 4458 2358 4522 quibus
2382 4458 2515 4513 bene
2542 4463 2618 4524 lit,
2651 4478 2806 4529 quam
2830 4468 2989 4519 vestri
3030 4482 3209 4521 Curam
3241 4484 3487 4539 gazentt-s
3521 4497 3529 4528 :

1956 4562 2074 4598 nam
2101 4548 2202 4600 illis
2225 4550 2436 4615 quidem
2457 4566 2515 4603 ea
2536 4567 2653 4619 quae
2678 4554 2761 4606 hic
2778 4565 2903 4608 sunt
2921 4558 3085 4622 datis;
3105 4560 3335 4615 cudestia
3355 4572 3533 4619 autem

1953 4638 2189 4704 accipitis
2208 4657 2219 4691 :
2246 4655 2363 4705 quin
2386 4643 2537 4696 nobis
2559 4646 2805 4697 omnibus
2826 4645 2979 4700 detur
2999 4652 3272 4719 consequi,
3290 4657 3454 4722 gratia
3480 4668 3534 4712 et

1954 4726 2278 4796 benignitate
2297 4732 2505 4785 Domini
2530 4738 2694 4787 nostri
2718 4735 2842 4789 Jesu
2872 4738 3223 4802 Christi,cmn
3254 4758 3357 4811 quo
3388 4744 3531 4800 Patri

1954 4834 2054 4871 una
2080 4836 2196 4873 eum
2212 4833 2396 4877 sancto
2412 4824 2612 4892 Spiritu
2629 4827 2817 4895 gloria,
2836 4829 3023 4896 honor,
3044 4832 3320 4901 imperium
3335 4847 3386 4891 et
3404 4838 3532 4893 adu-

1955 4911 2109 4979 ratio,
2133 4927 2272 4968 nunc
2291 4923 2342 4969 et
2366 4930 2596 4986 semper,
2613 4926 2665 4971 et
2694 4919 2745 4972 in
2767 4920 2958 4975 saecula
2982 4924 3320 4980 saeculorum.
3342 4932 3527 4984 Amen.
