4094 6408
643 374 743 428 2w

1380 373 1434 428 S.
1474 367 1746 427 Jl).\-.\'NIS
1774 366 2233 424 CHRYSOSTOMI
2271 368 2584 425 ARCDIEP.
2625 370 3150 429 CONSTANTINOP.

1904 560 2243 622 HOMILIA
2281 560 2550 623 XXXII.

649 710 778 766 Cn.
815 710 899 764 l2.
948 724 998 762 ν.
1042 708 1127 763 18.
1156 706 1277 761 Non
1314 707 1445 760 enim
1482 697 1750 760 accessistis
1784 706 1853 758 ad
1886 705 2191 759 tractabilem

720 808 950 859 montem,
970 805 1015 849 et
1033 795 1374 849 accensibilem
1400 796 1583 864 ignem,
1607 804 1652 847 et
1678 794 1921 847 turbinem
1943 803 1987 846 et
2008 792 2189 863 caligi-

721 902 829 940 nem
844 894 890 938 et
910 884 1207 961 procellam,
1226 883 1310 938 l9.
1335 894 1380 937 et
1401 884 1530 936 tubis
1547 898 1743 946 sonum,
1767 892 1812 935 et
1835 898 1997 935 vocem
2017 881 2191 935 verbo-

717 993 849 1040 runt,
864 992 1010 1046 quam
1032 976 1115 1045 qui
1134 975 1420 1039 audierunt,
1438 982 1789 1027 excusaverunt
1808 989 1861 1027 se
1880 989 1942 1025 ne
1963 973 2032 1027 eis
2052 973 2189 1039 ﬁeret

714 1069 932 1138 verbium
954 1065 1042 1121 20.
1060 1063 1173 1119 Non
1190 1066 1315 1118 enim
1334 1062 1595 1133 portabant
1613 1063 1745 1132 quod
1760 1061 2047 1115 dicebatur:
2069 1061 2132 1115 Et
2146 1063 2190 1115 si

718 1155 866 1208 bestia
883 1154 1090 1224 tetigerit
1106 1162 1340 1219 montem,
1365 1152 1687 1220 lapidabitur.
1733 1151 1795 1205 2i
1810 1192 1824 1205 .
1844 1151 1910 1204 Et
1931 1153 2026 1218 (ita
2046 1152 2188 1205 terri-

715 1243 809 1298 bile
822 1252 925 1296 erat
936 1242 1070 1310 quod
1078 1240 1351 1311 ridebatur)
1367 1240 1564 1311 Moyses
1575 1241 1721 1305 dixit,
1731 1240 2008 1294 Exterritus
2021 1258 2131 1294 sum
2143 1250 2188 1295 et

716 1330 1059 1386 tremebundus
1092 1328 1211 1386 :22.
1230 1334 1319 1385 sed
1335 1330 1606 1383 accessistis
1636 1331 1702 1383 ad
1736 1330 1862 1384 Sion
1892 1340 2107 1384 montem
2140 1341 2187 1384 et

713 1424 954 1477 civitatem
966 1422 1058 1476 Dei
1075 1419 1577 1486 rimtisJerusalem
1588 1421 1851 1483 calestem,
1862 1430 1907 1474 et
1922 1421 2186 1474 multorum

712 1512 926 1565 millium
942 1512 1226 1581 angelorum
1244 1510 1730 1577 frequentiam,25.et
1744 1507 2023 1561 Ecclesiam
2034 1511 2187 1577 primi

711 1607 919 1657 tirurum
930 1602 1013 1672 qui
1026 1601 1292 1669 conscripti
1305 1610 1419 1654 sunt
1434 1601 1484 1652 in
1498 1601 1651 1661 caelis,
1667 1610 1712 1652 et
1722 1600 1944 1668 judicent
1963 1601 2183 1653 omnium

715 1694 891 1757 Deum,
910 1702 954 1745 et
975 1691 1176 1758 spiritus
1190 1692 1447 1760 justorum
1471 1693 1819 1758 perfectorum,
1844 1681 1933 1745 24.
1950 1698 1997 1743 et
2014 1689 2182 1743 Testa-

711 1784 860 1837 menti
888 1782 1000 1836 novi
1026 1782 1343 1834 mediatorem
1361 1779 1559 1843 Iesum,
1585 1786 1629 1831 et
1657 1777 1919 1848 sanguinis
1936 1778 2181 1847 aspersio-

711 1892 821 1928 nem
844 1874 1018 1928 melius
1045 1872 1318 1941 loquentem
1345 1885 1491 1939 quam
1517 1869 1654 1921 Abel.

722 2036 768 2086 l.
809 2038 969 2085 [arant
1008 2029 1218 2097 quioem
1260 2028 1310 2081 in
1357 2026 1553 2095 templo
1600 2024 1959 2089 admirabilia,
2011 2034 2189 2081 sancta

647 2128 984 2181 sanctorum;
1015 2125 1168 2171 erant
1212 2129 1394 2169 rursus
1438 2113 1690 2168 terribilia
1720 2115 1877 2168 etiam
1920 2115 2032 2170 haec
2073 2131 2191 2184 qua:

650 2214 781 2264 tacta
826 2218 947 2263 sunt
992 2207 1042 2260 in
1088 2214 1264 2259 monte
1306 2204 1470 2265 Sinai,
1517 2204 1670 2271 ignis,
1716 2205 1965 2269 tenebras,
1998 2205 2186 2276 caligo,

649 2300 872 2369 procella
925 2312 939 2349 :
969 2295 1125 2350 Visus
1154 2302 1236 2349 est
1260 2294 1422 2357 enim,
1451 2293 1635 2361 inquit,
1664 2293 1799 2347 Deus
1831 2292 1881 2346 in
1912 2293 2053 2348 Sinai
2097 2307 2185 2362 per

648 2396 839 2460 ignem,
884 2386 1166 2458 procellam
1208 2394 1261 2437 et
1297 2383 1569 2453 caliginem
1608 2379 2186 2451 (Exod.c.19;etDeut.

645 2483 695 2535 5.
727 2480 840 2547 22).
869 2478 1067 2531 Novum
1099 2484 1273 2528 autem
1302 2472 1693 2527 Testamentum
1738 2486 1858 2525 cum
1901 2472 2045 2527 nullo
2090 2473 2187 2527 ho-

648 2587 761 2625 rum
790 2569 967 2623 datum
994 2574 1093 2631 est,
1135 2562 1229 2618 sed
1255 2562 1431 2616 datum
1466 2560 1562 2614 luit
1597 2575 1626 2612 a
1652 2558 1860 2615 Christo
1887 2560 1938 2614 in
1966 2562 2188 2630 simplici

642 2670 908 2714 sermone.
938 2652 1069 2709 Vide
1107 2666 1231 2721 ergo
1269 2649 1535 2719 quomodo
1565 2648 1751 2703 borum
1796 2664 2005 2718 quoque
2034 2649 2190 2704 iaciat

641 2744 1087 2817 comparationem
1134 2756 1151 2805 ;
1198 2749 1254 2795 et
1302 2754 1363 2793 ea
1414 2739 1602 2792 merito
1649 2740 1823 2809 posuit
1873 2740 2185 2807 posteriora.

644 2840 771 2895 Nam
798 2832 1007 2906 quando
1032 2831 1109 2885 eis
1130 2828 1390 2900 persuasit
1415 2842 1507 2895 per
1530 2826 1956 2892 innumerabilia,
1979 2828 2189 2896 quando

643 2932 799 2985 etiam
850 2923 1077 2979 ostendit
1123 2920 1246 2990 quid
1291 2918 1497 2973 intersit
1523 2919 1657 2972 inter
1686 2930 1967 2987 utrumque
2001 2920 2188 2974 Testa-

643 3027 875 3071 mentum
902 3031 914 3065 :
940 3026 1060 3066 tunc
1090 3024 1153 3065 eo
1184 3009 1328 3078 prius
1356 3006 1657 3075 reprobate,
1683 3007 1872 3061 deinde
1902 3008 2049 3062 facile
2075 3009 2187 3063 haec

642 3121 849 3175 quoque
876 3101 1172 3175 aggreditur
1201 3117 1213 3151 :
1244 3106 1297 3151 et
1335 3096 1457 3166 quid
1482 3096 1648 3150 dicit?
1675 3095 1793 3149 Non
1820 3098 1947 3150 enim
1972 3100 2183 3152 accessi-

640 3198 729 3249 stis
755 3195 821 3247 ad
847 3189 1147 3245 tractabilem
1173 3196 1385 3240 montem
1427 3195 1474 3238 et
1501 3200 1757 3239 accensum
1787 3186 1971 3252 ignem,
2001 3196 2046 3239 et
2078 3198 2186 3239 tur-

639 3286 798 3337 binem
816 3323 828 3345 ,
871 3288 916 3333 et
952 3278 1246 3347 caliginem,
1270 3283 1314 3327 et
1343 3272 1646 3341 procellam,
1677 3282 1723 3326 et
1751 3273 1880 3327 tuba:
1902 3290 2107 3341 sonum,
2139 3284 2185 3328 et

640 3388 802 3426 uocem
823 3368 1075 3423 uerborum
1100 3404 1114 3429 ,
1141 3378 1290 3434 quam
1314 3363 1400 3431 qui
1423 3362 1719 3425 audierunt,
1749 3374 2094 3416 recusaverunt
2120 3381 2181 3418 ne

640 3466 711 3501 eis
742 3457 1008 3502 adderetur
1035 3452 1249 3504 uerbum.
1282 3450 1398 3504 Non
1428 3434 1557 3504 enim
1590 3456 1855 3521 portabant
1881 3457 2016 3522 quod
2060 3454 2189 3507 dice-

643 3540 786 3589 batur
816 3554 833 3591 :
867 3546 930 3590 ιιι
958 3540 1001 3591 si
1026 3538 1180 3591 bestia
1207 3541 1416 3609 tetigerit
1443 3550 1674 3601 montem,
1711 3542 2037 3609 lapidabitur.
2070 3543 2190 3594 llazc

645 3636 785 3689 sunt,
818 3627 999 3694 inquit,
1034 3627 1304 3693 terribilia,
1324 3637 1374 3681 et
1396 3627 1525 3682 adeo
1550 3629 1801 3682 terribilia
1822 3639 2060 3698 utncque
2090 3629 2190 3683 ler-

644 3725 764 3767 rent
783 3715 1125 3780 auditionem,
1148 3732 1315 3784 neque
1342 3717 1503 3769 bestia
1526 3718 1740 3771 auderet
1762 3720 2062 3773 ascendere.
2086 3719 2187 3773 Sed

648 3820 751 3856 non
772 3814 919 3858 θιτιιιι
933 3806 1041 3858 hinc
1056 3807 1195 3869 talia,
1212 3807 1379 3874 qualia
1399 3823 1513 3875 quae
1532 3818 1705 3876 postea
1720 3819 1837 3862 sunt
1851 3821 2186 3879 consequuta:

645 3894 767 3962 quid
790 3898 925 3948 enim
945 3895 1087 3949 Sinai
1110 3896 1171 3948 ad
1190 3899 1370 3950 caelum
1393 3897 1415 3947 ?
1434 3898 1554 3965 quid
1578 3899 1710 3967 ignis
1726 3902 2111 3955 contrectabilis
2126 3904 2189 3955 ad

647 3986 810 4039 Deum
856 3986 939 4054 qui
972 4001 1071 4039 non
1100 3995 1269 4054 potest
1294 3990 1605 4041 contrectari
1629 3989 1651 4040 ?
1679 3988 1811 4042 Deus
1835 3992 1972 4043 enim
2002 4002 2187 4056 noster,

648 4078 832 4143 inquit,
856 4088 923 4129 est
952 4078 1077 4146 ignis
1097 4093 1387 4130 consumens
1408 4077 1588 4145 (Hebr.
1616 4078 1699 4131 l2.
1727 4081 1834 4149 ib).
1860 4081 2083 4137 Terrore
2099 4098 2191 4135 au-

648 4178 751 4221 tem
784 4169 935 4223 fuisse
963 4170 1111 4237 plena
1129 4185 1242 4237 qua:
1273 4169 1324 4222 in
1354 4180 1530 4223 monte
1546 4180 1691 4239 gesta
1708 4181 1847 4234 sunt,
1873 4187 1935 4223 ex
1962 4173 2025 4225 iis
2050 4183 2190 4240 patet

646 4271 763 4325 qua:
780 4256 1051 4309 dicebant:
1073 4255 1151 4309 Ne
1176 4258 1405 4327 loquatur
1432 4260 1568 4310 nobis
1588 4257 1739 4316 Deus.
1756 4259 1839 4312 sed
1864 4260 2089 4329 loquatur
2106 4280 2190 4315 uo-

646 4347 719 4400 bis
755 4346 951 4416 Moyses
981 4345 1170 4415 (Exod.
1200 4348 1287 4401 20.
1320 4348 1425 4415 19).
1492 4348 1609 4402 Νοη
1640 4353 1899 4418 portabant
1924 4354 2051 4405 enim
2071 4396 2082 4415 ,
2118 4355 2191 4405 in-

646 4436 774 4502 quit,
822 4436 950 4503 quod
994 4437 1249 4489 dicebatur
1292 4453 1309 4489 :
1352 4438 1415 4490 Et
1453 4440 1496 4490 si
1536 4439 1687 4491 bestia
1718 4441 1927 4510 tetigerit
1958 4453 2188 4509 montem,

648 4523 967 4593 lapidabitur.
1021 4525 1084 4577 Et
1132 4526 1245 4591 (ita
1294 4528 1507 4581 terribile
1560 4540 1662 4581 erat
1704 4532 1835 4599 quod
1886 4533 2186 4602 dicebatur)

647 4612 845 4681 Moyses
889 4614 1033 4678 dixit,
1081 4613 1359 4669 Exterritus
1402 4635 1509 4669 sum
1560 4630 1603 4672 et
1651 4622 2011 4678 tremebundus.
2060 4626 2192 4691 Quid

647 4703 833 4755 mirum
892 4718 985 4771 pro
1038 4707 1231 4773 popqu
1285 4707 1405 4760 talia
1456 4723 1574 4761 eum
1633 4724 1840 4777 passum
1898 4729 2013 4768 esse
2056 4715 2188 4780 dici,

645 4793 856 4861 quando
903 4794 1012 4861 ipsc
1056 4796 1144 4863 qui
1191 4797 1455 4865 ingressus
1486 4811 1594 4853 erat
1623 4802 1897 4871 caliginem
1918 4846 1931 4867 ,
1967 4807 2048 4859 ubi
2079 4823 2192 4861 erat

652 4884 808 4946 Deus,
853 4882 1044 4950 inquit,
1092 4883 1370 4939 Exterritus
1414 4904 1525 4941 sum
1572 4901 1618 4943 et
1659 4894 2049 4948 tremebundus?
2092 4898 2194 4951 Sed

646 4971 917 5024 accessistis
942 4972 1007 5023 ad
1034 4984 1247 5026 montem
1276 4976 1422 5040 Sion,
1460 4987 1505 5031 et
1544 4980 1785 5033 civitatem
1819 4982 1915 5036 Dei
1957 4987 2158 5041 viventis
2177 5031 2192 5053 ,

647 5059 923 5111 Jerusalem
965 5060 1225 5126 etelestem,
1268 5073 1312 5116 et
1358 5067 1630 5119 multarunt
1667 5069 1880 5123 millium
1904 5076 2195 5143 angelorum

650 5151 995 5218 frequentiam,
1040 5164 1087 5206 et
1113 5150 1381 5209 Ecclesium
1412 5160 1772 5225 primitioorum
1814 5166 1898 5231 qui
1930 5170 2195 5237 conscripti

656 5250 771 5293 sunt
790 5242 840 5293 in
864 5243 1014 5307 ctelis,
1046 5255 1089 5297 et
1108 5247 1331 5314 jndicem
1356 5252 1575 5303 omnium
1602 5251 1781 5320 Deum,
1810 5266 1854 5306 et
1883 5258 2087 5324 spiritus
2105 5263 2193 5330 ju-

650 5342 841 5383 storttm
867 5332 1282 5403 perfectorum,et
1299 5336 1592 5394 Testamenti
1620 5345 1731 5396 novi
1757 5347 2079 5403 mediatorem
2111 5351 2199 5405 Je-

650 5436 788 5483 sum,
820 5430 865 5472 et
890 5424 1147 5491 sanguinis
1175 5430 1509 5493 aspersionem
1540 5433 1717 5488 melius
1746 5435 2025 5502 loquentem
2050 5458 2197 5509 quant

650 5510 790 5563 Abel.
825 5511 1025 5566 Videsis
1060 5530 1154 5582 per
1178 5528 1395 5585 quantas
1434 5536 1519 5575 res
1544 5524 1908 5580 excellentiam
1946 5531 2063 5580 novi
2099 5529 2196 5582 Te-

652 5603 894 5656 stamenti
920 5619 1073 5673 supra
1098 5617 1245 5661 vetus
1266 5612 1512 5664 ostendit.
1532 5612 1767 5684 Namque
1790 5633 1883 5685 pro
1906 5618 2194 5674 Jerusalem

654 5700 907 5760 terrestri,
947 5703 1098 5755 datur
1136 5704 1425 5761 Jerusalem
1453 5710 1679 5765 caelestis
1708 5729 1719 5775 ;
1747 5712 2029 5767 Accessistis
2058 5718 2196 5769 enim

654 5787 717 5837 ιλιι
764 5787 1008 5846 civitatem
1058 5792 1150 5848 Dei
1199 5796 1419 5864 virentis,
1469 5800 1744 5858 Jerusalem
1790 5805 2029 5859 calestem
2060 5823 2075 5859 :
2105 5826 2197 5879 pro

2287 702 2465 773 Moyse
2492 713 2573 758 est
2594 703 2779 766 Jesus;
2804 700 2869 753 Et
2890 700 3201 765 Testamenti,
3231 699 3430 768 inquit,
3459 692 3573 749 nari
3598 690 3850 746 mediato-

2292 808 2396 846 rem
2421 792 2596 847 Jesum
2622 808 2640 846 :
2665 807 2759 861 pro
2800 792 2991 859 populo
3015 791 3184 860 angeli
3214 803 3436 853 omnes;
3469 785 3533 839 Et
3568 781 3851 837 multorum

2292 882 2580 952 angelorum
2604 881 2961 953 frequentiam,
3006 880 3194 949 inquit.
3240 878 3505 945 Quosnam
3552 872 3854 943 primitivos

2290 981 2547 1049 intelligit,
2575 995 2695 1033 cum
2727 981 2874 1043 dicit,
2897 982 2957 1034 Et
2979 980 3249 1033 licclesiam
3280 978 3683 1045 primitivorum.’
3717 974 3847 1029 Otu-

2288 1086 2380 1124 nes
2410 1070 2635 1123 ﬁdeiium
2668 1070 2878 1123 choros.
2908 1068 3133 1121 Eosdem
3156 1068 3313 1121 etiam
3342 1068 3556 1135 spiritus
3578 1066 3844 1133 justuruui

2290 1160 2641 1229 perfecturum
2673 1169 2845 1214 vocat.
2876 1158 2949 1212 Ne
2976 1158 3150 1227 itaque
3179 1171 3317 1225 (egre
3347 1156 3527 1210 feratis
3558 1176 3571 1209 :
3603 1153 3735 1207 Cum
3760 1153 3846 1207 his

2287 1250 2454 1314 eritis,
2485 1250 2669 1318 inquit.
2692 1247 2825 1313 Quid
2849 1255 2929 1302 cst
2954 1245 3091 1315 quod
3114 1245 3241 1299 dicit
3264 1262 3278 1299 :
3307 1243 3370 1297 Et
3384 1244 3642 1313 sanguinis
3661 1258 3843 1310 asper-

2287 1338 2351 1391 sit
2366 1355 2476 1391 nem
2521 1337 2700 1390 melius
2744 1335 3025 1405 loquentem
3068 1350 3216 1401 quam
3256 1332 3423 1386 Abel!
3463 1331 3673 1400 sangtiis
3711 1345 3845 1399 ergo

2287 1429 2465 1483 Abelis
2494 1428 2740 1498 loquutus
2779 1426 2899 1480 est?
2924 1424 3117 1489 Certe;
3144 1432 3197 1477 et
3222 1421 3509 1491 quomodo,
3539 1420 3659 1474 audi
3698 1419 3843 1473 Pau-

2288 1518 2394 1572 lum
2436 1516 2696 1571 dicentem
2730 1532 2744 1568 :
2780 1513 2910 1568 Fide
2947 1514 3216 1583 plurimam
3263 1512 3476 1565 hostium
3521 1508 3643 1563 Abel
3689 1524 3844 1577 quam

2289 1606 2411 1663 Cain
2436 1606 2633 1671 obtulit,
2664 1621 2753 1675 per
2770 1620 2916 1672 quam
2943 1603 3273 1656 testimonium
3298 1608 3625 1669 consequutus
3644 1608 3848 1651 estesse

2279 1698 2489 1766 justus;
2524 1704 2572 1748 et
2616 1710 2703 1764 per
2739 1694 2878 1746 illam
2915 1692 3181 1762 defunctus
3209 1692 3375 1743 adhuc
3402 1690 3617 1758 loquitur
3652 1685 3841 1757 (Hebr.

2288 1785 2373 1839 Η.
2401 1783 2463 1855 ι)
2484 1798 2499 1847 ς
2522 1792 2577 1839 et
2602 1796 2786 1837 rursus
2804 1781 2931 1836 dicit
2957 1781 3092 1833 Deus
3118 1797 3131 1831 :
3168 1779 3274 1832 Vox
3295 1780 3551 1848 sanguinis
3573 1777 3744 1844 fratris
3770 1778 3847 1829 tui

2286 1878 2472 1929 clamat
2510 1875 2578 1929 ad
2602 1891 2680 1929 me
2706 1873 2855 1945 (Gen.
2883 1874 2937 1927 4.
2977 1871 3087 1943 l0).
3116 1872 3221 1927 Aut
3247 1870 3346 1924 hoc
3372 1884 3499 1939 ergo
3524 1867 3842 1932 dicendum;

2286 1974 2377 2019 aut
2403 1962 2551 2031 illud,
2578 1964 2715 2033 quod
2743 1963 2915 2018 adhuc
2943 1977 3081 2017 nunc
3108 1960 3452 2025 decantatur;
3491 1958 3583 2013 sed
3627 1972 3729 2012 non
3772 1958 3845 2011 ita

2288 2063 2349 2109 ut
2389 2055 2601 2124 sanguis
2644 2054 2879 2109 Christi:
2925 2053 3015 2107 hic
3056 2052 3197 2107 enim
3226 2065 3414 2105 omnes
3454 2048 3745 2111 mundavit,
3789 2058 3847 2102 et

2286 2142 2700 2215 splendidiorem
2724 2142 3114 2196 emittitvocem
3128 2146 3183 2191 et
3199 2140 3661 2210 significantiorem
3686 2181 3701 2202 ,
3733 2153 3844 2208 quo

2282 2233 2458 2299 majus
2482 2231 2642 2286 habet
2659 2230 2798 2301 quod
2822 2245 2915 2299 per
2939 2244 3023 2283 res
3048 2229 3215 2283 fertur
3236 2228 3614 2283 testimonium.
3640 2228 3727 2281 25.
3763 2226 3846 2280 Vi-

2288 2331 2397 2376 dete
2423 2340 2485 2378 ne
2510 2322 2743 2377 recusetis
2763 2321 3060 2389 loquentem.
3083 2319 3144 2373 Si
3164 2319 3293 2371 enim
3318 2318 3395 2371 illi
3419 2334 3517 2370 non
3538 2316 3841 2386 effugerunt,

2287 2422 2567 2467 recusantes
2591 2428 2702 2466 eum
2730 2412 2813 2480 qui
2842 2425 2998 2478 supra
3036 2417 3216 2461 terrant
3257 2407 3461 2459 oracula
3507 2406 3794 2474 loquebatur
3821 2422 3843 2460 :
3879 2403 3883 2405 λ

2287 2502 2443 2555 multo
2469 2501 2624 2570 magis
2637 2515 2762 2562 -nos,
2802 2499 2888 2566 qui
2924 2498 2987 2550 de
3025 2498 3161 2550 caelis
3189 2495 3467 2564 loquentem
3496 2496 3635 2548 nobis
3660 2496 3845 2549 auerti-

2287 2607 2415 2644 nms.
2461 2590 2551 2643 26.
2598 2588 2752 2657 Cujus
2794 2604 2889 2640 vox
2922 2587 3072 2639 movit
3099 2597 3282 2639 terram
3309 2596 3427 2638 tunc
3458 2600 3477 2638 :
3511 2602 3643 2638 nunc
3679 2595 3848 2640 autem

2287 2680 2584 2747 repromittit
2610 2719 2624 2741 ,
2652 2679 2819 2730 dicens
2842 2694 2862 2730 :
2905 2676 3085 2729 Adhuc
3126 2678 3293 2741 semel,
3327 2686 3373 2730 et
3398 2692 3486 2746 ego
3516 2678 3714 2731 monebo
3743 2694 3848 2733 non

2287 2769 2447 2823 solum
2490 2779 2691 2832 terram,
2718 2768 2805 2821 sed
2843 2778 2888 2821 et
2916 2768 3112 2821 caelum.
3142 2767 3229 2819 27.
3263 2766 3411 2833 Quod
3450 2778 3637 2833 autent,
3664 2768 3846 2822 Adhuc

2287 2858 2455 2921 semel,
2484 2860 2622 2921 dicit,
2644 2858 2861 2910 declarat
2896 2858 3153 2911 mobilium
3180 2857 3557 2910 translationem
3588 2868 3842 2926 tamquam

2288 2948 2551 3017 factorum,
2580 2958 2635 3000 ut
2660 2957 2892 3001 maneant
2930 2964 2987 3001 ea
3010 2964 3121 3013 qua:
3146 2958 3264 3001 sunt
3290 2949 3583 3001 immobilia.
3615 2949 3705 3004 28.
3734 2948 3846 3002 Ita-

2286 3056 2382 3108 que
2421 3054 2629 3109 regnum
2656 3039 2904 3092 immobile
2927 3040 3246 3107 suscipientes
3264 3081 3278 3103 ,
3310 3040 3579 3093 habeamus
3608 3041 3842 3109 gratiam,

2290 3146 2377 3199 per
2399 3145 2545 3196 quam
2577 3129 2849 3183 serviamus
2872 3131 3125 3197 placentes
3166 3128 3273 3182 Deo
3301 3146 3417 3181 cum
3456 3140 3588 3181 metu
3626 3140 3673 3182 et
3709 3145 3848 3184 reue-

2287 3218 2468 3273 rentia.
2497 3217 2589 3273 29.
2626 3215 2822 3270 Etenim
2858 3215 2987 3271 Deus
3032 3228 3201 3271 noster
3246 3219 3377 3287 ignis
3407 3234 3703 3272 consumens
3745 3228 3841 3272 est.

2287 3304 2564 3362 Terribilia
2591 3314 2713 3360 sunt
2743 3308 2865 3371 illa;
2911 3306 3003 3360 sed
3036 3307 3201 3360 multo
3231 3305 3345 3360 haec
3373 3306 3765 3361 admirabiliora
3792 3318 3848 3361 et

2289 3398 2621 3469 prmclariora
2655 3416 2668 3451 :
2700 3413 2802 3451 non
2829 3407 2953 3451 sunt
2980 3399 3120 3451 enim
3157 3398 3389 3451 tenebrae
3421 3398 3524 3462 hic,
3560 3413 3730 3466 neque
3757 3414 3846 3453 ca-

2289 3490 2411 3559 ligo,
2436 3504 2607 3559 neque
2648 3490 2901 3559 procella,
2935 3499 2990 3542 ut
3020 3490 3147 3542 illic.
3184 3489 3247 3542 Et
3277 3505 3373 3544 cur
3404 3499 3527 3543 tunc
3575 3491 3713 3544 Deus
3750 3506 3847 3560 per

2288 3582 2459 3649 ignem
2488 3580 2633 3633 visus
2662 3580 2779 3633 est?
2807 3580 2906 3633 Per
2936 3580 3018 3633 illa
3054 3580 3183 3633 mihi
3222 3580 3433 3633 videtur
3458 3580 3612 3633 tacite
3639 3582 3844 3650 signiﬁ-

2287 3684 2409 3723 care
2428 3669 2620 3723 veteris
2646 3668 2966 3723 Testamenti
2995 3669 3391 3734 obscuritatem,
3420 3668 3695 3737 legemque
3726 3685 3845 3726 esse

2291 3759 2648 3813 adumbratam
2672 3768 2724 3813 et
2750 3768 3022 3828 opertam:
3054 3767 3309 3827 praeterea
3338 3758 3496 3812 etiam
3525 3767 3579 3811 ut
3601 3761 3847 3816 ostendat

2288 3848 2427 3917 quod
2453 3848 2727 3917 legislator
2752 3862 2871 3903 esse
2898 3848 3089 3902 debeat
3117 3848 3389 3913 terribilis,
3420 3857 3473 3903 et
3498 3864 3620 3903 acer
3650 3851 3701 3903 in
3746 3867 3842 3919 pu-

2296 3938 2501 3992 niendis
2533 3940 2595 3991 iis
2624 3939 2710 4007 qui
2738 3938 3068 4007 delinquunt.

2360 4030 2411 4081 ‘2.
2429 4032 2559 4094 Quid
2582 4048 2705 4085 vero
2732 4036 2867 4087 tuba:
2884 4036 3126 4090 sonitus?
3148 4037 3352 4102 Merito,
3376 4048 3553 4105 utpote
3580 4056 3697 4093 eum
3725 4043 3841 4110 qui-

2291 4119 2407 4172 dam
2433 4136 2520 4173 rex
2542 4122 2696 4175 adsit.
2718 4124 2827 4176 lloc
2842 4125 3051 4193 quidem
3070 4135 3215 4180 certe
3236 4129 3338 4180 erit
3363 4129 3592 4181 etiamin
3612 4130 3844 4186 secundo

2292 4208 2562 4262 adventu:
2604 4209 2743 4262 Tuba
2770 4222 2931 4276 canet,
2961 4214 3161 4282 inquit,
3211 4225 3257 4269 et
3304 4232 3473 4269 omnes
3518 4219 3842 4272 excitabimur

2294 4296 2367 4364 (ἰ.
2398 4297 2511 4349 Cor.
2545 4299 2625 4351 15.
2656 4299 2768 4370 52).
2801 4301 2976 4370 Itaque
3004 4319 3069 4356 ex
3096 4305 3289 4359 virtute
3334 4304 3424 4360 Dei
3466 4308 3566 4360 erit
3604 4312 3840 4364 omnium

2292 4390 2629 4442 resurrectio.
2676 4390 2785 4443 Vox
2833 4402 3006 4445 autem
3042 4394 3179 4447 tubae
3221 4395 3352 4449 nihil
3383 4397 3522 4451 aliud
3562 4400 3841 4467 signiﬁcat,

2291 4489 2445 4542 quam
2474 4477 2611 4545 quod
2634 4492 2820 4533 omnes
2851 4489 3093 4548 Oporteat
3124 4498 3420 4552 resurgere.
3444 4485 3546 4541 Sed
3579 4497 3701 4541 tunc
3726 4503 3846 4542 om-

2293 4563 2378 4615 nia
2407 4565 2491 4617 illa
2517 4578 2667 4620 erant
2694 4568 2929 4628 sensilia,
2954 4580 3007 4623 et
3036 4573 3359 4639 spectacula,
3392 4584 3447 4629 et
3471 4592 3625 4631 voces
3650 4577 3842 4646 (Exod.

2286 4669 2328 4706 c.
2349 4652 2430 4720 l9)
2457 4670 2744 4724 :qtuevero
2764 4669 2970 4727 postea,
3003 4662 3180 4714 omnia
3210 4664 3558 4737 intelligibilia
3588 4678 3639 4721 et
3665 4668 3847 4722 invisi.

2290 4746 2430 4802 bilia.
2459 4751 2626 4816 Atque
2652 4750 2911 4819 signiﬁcat
2939 4752 3075 4820 ignis
3103 4754 3221 4821 quia
3248 4755 3383 4809 Deus
3407 4757 3538 4826 ignis
3564 4770 3673 4812 est:
3701 4758 3843 4815 Deus

2290 4837 2417 4887 enim
2446 4847 2634 4905 noster,
2657 4840 2842 4908 inquit,
2868 4842 2998 4911 ignis
3024 4859 3317 4897 consumens
3338 4857 3408 4900 est
3432 4861 3449 4899 :
3473 4848 3640 4917 caligo
3668 4860 3849 4910 autem

2289 4934 2342 4978 et
2372 4926 2604 4981 tenebrte
2647 4939 2701 4983 et
2729 4928 2903 4983 fumus
2927 4946 3112 4987 rursus
3141 4934 3427 4989 ostendunt
3451 4950 3566 4991 rem
3595 4952 3710 4992 esse
3736 4947 3847 4994 ter-

2290 5017 2516 5071 ribilem.
2546 5018 2634 5073 Sic
2655 5021 2810 5073 etiam
2842 5020 2969 5075 dicit
2998 5022 3158 5077 Isaias
3190 5041 3202 5076 :
3235 5024 3304 5079 Et
3329 5026 3507 5081 domus
3541 5028 3740 5098 impleta
3768 5042 3848 5085 est

2290 5108 2425 5177 fumo
2443 5106 2587 5175 (lsai.
2609 5107 2661 5161 6.
2681 5109 2754 5176 4).
2771 5109 2835 5163 Ει
2855 5110 2979 5179 quid
3003 5111 3101 5164 sibi
3141 5112 3247 5166 vult
3270 5116 3542 5182 procella?
3562 5116 3765 5185 Pigrum
3790 5130 3850 5174 et

2290 5200 2529 5267 ignavum
2553 5214 2669 5252 esse
2692 5214 2857 5267 genus
2884 5202 3167 5256 humanum
3190 5205 3500 5273 :oportebat
3519 5221 3643 5276 ergo
3668 5207 3849 5276 ipsum

2290 5288 2371 5340 his
2400 5285 2635 5340 excitari.
2658 5286 2840 5343 Nullus
2864 5290 3005 5343 enim
3029 5299 3144 5345 erat
3186 5292 3319 5348 adeo
3354 5294 3518 5350 hebes
3542 5305 3595 5349 et
3633 5296 3844 5364 tardus,

2306 5376 2373 5443 tui
2407 5392 2509 5429 non
2535 5386 2765 5431 mentem
2794 5393 3001 5433 sursum
3043 5382 3309 5436 attolleret
3337 5398 3457 5437 cum
3487 5384 3601 5439 inec
3632 5386 3848 5452 ﬁerent,

2287 5478 2403 5517 cum
2431 5464 2573 5533 leges
2596 5464 2873 5521 ferrentur.
2891 5468 3098 5539 Moyses
3126 5470 3472 5539 loquebatur;
3499 5474 3638 5529 Deus
3652 5475 3856 5535 οἰγουο

2288 5556 2635 5623 respondebat
2656 5576 2667 5610 :
2684 5560 2957 5627 oportebat
2972 5562 3112 5614 enim
3136 5563 3225 5617 Dei
3246 5564 3465 5631 proferri
3482 5580 3683 5619 vocem.
3700 5567 3860 5635 Quo-

2288 5644 2423 5696 niam
2452 5659 2542 5712 per
2567 5645 2797 5717 Moysem
2826 5658 2941 5702 erat
2966 5649 3136 5718 legem
3163 5650 3383 5715 laturus,
3413 5664 3690 5722 propterea
3720 5672 3850 5711 eum

2288 5733 2410 5786 facit
2465 5734 2567 5787 ﬁde
2618 5736 2855 5805 dignum.
2917 5738 3030 5792 Non
3083 5740 3333 5794 videbant
3388 5745 3556 5812 ipsum
3628 5756 3856 5813 propter

2288 5823 2601 5893 caliginem,
2652 5842 2755 5883 non
2813 5828 3094 5885 audiebant
3150 5832 3318 5901 ipsum
3382 5844 3592 5904 prnptt-r
3658 5852 3852 5900 \‘uct-su
