4094 6422
192 386 304 442 ἳὲι

196 486 497 556 gracilem.
549 491 705 557 Quid
754 493 918 563 ergo?
965 493 1103 548 Deus
1152 495 1447 565 respondit,
1494 512 1620 552 voce
1670 500 1820 568 quasi

210 578 481 648 populum
512 583 814 653 alloquens
844 594 899 638 et
939 584 1178 639 efliciens
1205 596 1260 641 ut
1289 588 1434 657 leges
1464 589 1690 644 audiret.
1717 590 1819 646 Sed

224 670 405 739 priora
448 683 822 743 repetamus:
855 675 972 728 Non
1019 677 1150 728 enim
1191 680 1466 733 accessistis
1512 681 1579 733 ad
1606 694 1821 736 montem

233 762 573 828 tractabilem,
589 774 637 816 et
658 780 926 818 accensum
943 768 1126 834 ignem,
1144 777 1188 820 et
1206 770 1335 822 tuba:
1346 773 1560 823 sonitum
1596 782 1641 825 et
1658 788 1820 826 vocem

242 854 523 910 rerborum.
555 870 710 924 quam
734 857 820 924 qui
858 857 1125 910 audierunt
1151 871 1505 913 excusaverunt
1528 877 1598 924 se,
1630 863 1818 931 inquit,

241 960 305 996 ue
329 944 401 995 eis
430 945 573 1011 fieret
604 945 829 999 verbum.
858 945 961 1015 Ipsi
990 962 1116 1016 ergo
1142 963 1316 1002 causa:
1344 949 1570 1012 fuerunt,
1596 960 1652 1004 ut
1685 952 1821 1005 Deus

241 1049 342 1100 per
371 1049 591 1089 carnem
623 1036 948 1103 apparuerit.
982 1036 1115 1104 Quid
1142 1053 1265 1092 vero
1303 1038 1588 1095 dicebant?
1616 1039 1823 1110 Loqua-

237 1135 346 1189 tur,
375 1125 573 1193 inquit,
606 1126 746 1179 nobis
776 1125 995 1196 Moyses,
1024 1138 1070 1181 et
1094 1145 1193 1182 non
1220 1130 1450 1198 loquatur
1477 1132 1617 1185 nobis
1653 1131 1815 1188 Deus.

313 1214 554 1269 Ecclesia
582 1232 800 1284 presens
817 1219 968 1271 veteri
991 1220 1424 1287 pracellit.—Qni
1448 1221 1644 1277 faciunt
1662 1238 1813 1280 com-

236 1303 578 1371 parationes.
597 1305 682 1358 illa
706 1307 874 1375 magis
887 1306 1118 1371 elevant.
1136 1319 1190 1361 ut
1209 1309 1322 1364 brec
1340 1311 1620 1365 ostendant
1647 1314 1821 1369 multo

234 1409 366 1447 esse
393 1394 597 1462 majora
625 1412 636 1443 :
668 1410 768 1463 ego
793 1405 971 1450 autem
1005 1398 1265 1453 mirabilia
1294 1410 1347 1453 et
1387 1401 1474 1454 illa
1522 1415 1641 1456 esse
1670 1413 1815 1471 puto,

237 1496 434 1553 utpote
478 1486 572 1539 Dei
601 1500 783 1555 opera,
817 1503 935 1554 quae
980 1498 1293 1557 potestatem
1339 1493 1454 1559 ejus
1498 1493 1814 1560 ostendant;

234 1586 428 1629 tamen
485 1574 566 1627 vel
614 1576 691 1628 sic
751 1584 930 1630 nostra
980 1579 1345 1645 priestantiora
1384 1590 1438 1634 et
1490 1579 1814 1638 mirabiliora

232 1675 503 1733 ostendo.
539 1674 676 1728 Sunt
720 1674 864 1729 enim
912 1673 1198 1741 dupliciter
1246 1688 1433 1745 magna
1469 1694 1482 1730 :
1516 1677 1657 1745 quod
1702 1692 1822 1731 omn

224 1767 350 1822 sint
404 1773 461 1820 et
493 1765 745 1835 praeclara
799 1774 853 1821 et
906 1765 1127 1834 majora.
1157 1766 1222 1819 ad
1269 1781 1331 1819 ea
1364 1783 1573 1836 quoque
1621 1769 1827 1822 facilior

232 1863 425 1926 pateat
456 1854 656 1910 aditus.
691 1855 803 1911 Hoc
845 1857 1003 1911 etiam
1050 1855 1179 1910 dicit
1207 1856 1447 1911 scribens
1495 1859 1546 1911 in
1588 1858 1824 1928 Epistula

232 1949 305 2001 ad
359 1946 696 2009 Corinthios,
746 1944 858 2000 Nos
904 1947 1122 1999 revelata
1164 1946 1294 2014 [acie
1346 1945 1562 2017 gloriam
1619 1948 1825 2002 Domini

229 2039 571 2108 speculamur
602 2038 678 2108 (2.
706 2035 825 2093 ϐω.
857 2039 908 2092 5.
947 2039 1071 2107 l8);
1104 2047 1157 2093 et
1184 2054 1289 2091 non
1320 2038 1458 2093 sicut
1501 2040 1708 2112 Moyses
1731 2056 1824 2109 po-

232 2133 404 2186 nebat
432 2132 675 2187 velamen
700 2145 864 2199 super
891 2130 1077 2184 faciem
1111 2145 1282 2184 suam.
1314 2129 1427 2185 Non
1458 2132 1654 2201 dignati
1678 2144 1821 2199 sunt,

233 2224 437 2292 inquit,
464 2222 540 2275 illi
569 2222 631 2276 iis
652 2221 844 2290 quibus
867 2236 963 2274 nos
986 2220 1181 2291 dignati
1202 2236 1405 2275 sumus.
1427 2222 1666 2287 Quanam
1682 2224 1822 2276 enim

233 2331 297 2369 re
309 2324 439 2370 sunt
452 2313 651 2383 dignati
664 2313 687 2365 ἲ
702 2314 947 2367 tenebras
959 2313 1529 2383 viderunt,caliginem,
1546 2315 1827 2369 audierunt

232 2421 428 2460 vocem
440 2444 453 2456 .
467 2403 573 2459 Sed
588 2414 641 2456 tu
654 2419 865 2472 quoque
879 2419 1060 2458 vocem
1074 2404 1265 2457 audisti
1276 2419 1401 2468 .non
1418 2419 1511 2474 per
1522 2406 1797 2475 ealiginein
1808 2448 1821 2471 ,

235 2498 334 2551 sed
357 2511 456 2562 per
473 2509 688 2549 carnem
709 2511 722 2545 :
742 2510 849 2548 non
873 2494 1015 2550 fuisti
1041 2496 1376 2563 perturbatus
1401 2512 1572 2566 neque
1599 2498 1823 2552 tunmltu

233 2587 499 2657 agitatus,
529 2584 624 2641 sed
651 2594 706 2639 et
733 2586 925 2640 stetisti
959 2595 1010 2638 et
1046 2586 1297 2654 loquutus
1323 2601 1382 2640 es
1406 2601 1525 2641 cum
1561 2588 1821 2642 interces-

234 2692 388 2732 sore.
438 2676 649 2745 Alioqui
698 2684 753 2730 ct
796 2676 843 2729 id
893 2677 1033 2746 quod
1080 2692 1185 2731 non
1227 2678 1370 2732 cadit
1413 2680 1512 2733 sub
1551 2692 1821 2749 aspectum

236 2768 481 2824 ostendit
510 2783 605 2836 per
635 2767 924 2822 tenebras:
961 2767 1026 2821 Et
1055 2769 1243 2841 caligo,
1277 2770 1467 2839 inquit.
1493 2772 1583 2825 sub
1615 2770 1822 2840 pedibus

235 2859 352 2929 ejus
390 2856 562 2926 (Psal.
600 2856 687 2911 l7.
721 2856 833 2928 l0).
864 2855 1015 2912 Tunc
1043 2860 1201 2912 etiam
1231 2859 1403 2912 timuit
1432 2859 1657 2931 Moyses.
1684 2875 1824 2915 nunc

234 2958 421 3003 autem
454 2947 675 3001 nullus:
718 2956 845 3001 tunc
873 2947 1098 3017 populus
1127 2949 1276 3001 stetit
1322 2948 1455 3001 infra
1480 2966 1494 3012 ;
1522 2965 1620 3003 nos
1644 2965 1821 3004 autem

237 3053 348 3091 non
381 3035 540 3097 infra.
564 3038 660 3091 sed
687 3035 819 3090 cado
864 3037 1190 3103 superiores,
1224 3052 1388 3105 prope
1412 3037 1577 3092 Deum
1610 3049 1663 3091 nt
1694 3037 1819 3103 lilii;

236 3128 334 3181 sed
360 3142 469 3180 non
498 3126 634 3180 sicut
660 3125 888 3196 Moyses.
918 3125 1030 3180 lllic
1052 3136 1167 3180 erat
1189 3127 1479 3190 desertmn,
1502 3128 1588 3181 hic
1611 3130 1818 3191 civitas,

238 3229 288 3272 et
322 3217 614 3272 multorum
645 3216 870 3270 millium
900 3218 1208 3286 angelorum
1238 3229 1447 3273 ccetus:
1485 3219 1568 3272 bic
1590 3219 1822 3273 ostendit

237 3309 491 3379 gaudium
519 3319 572 3362 et
600 3308 836 3362 laetitiam
870 3324 965 3378 pro
989 3310 1214 3379 caligine
1245 3320 1299 3365 et
1343 3312 1573 3366 tenebris
1599 3322 1652 3366 et
1698 3328 1822 3381 pro-

237 3400 400 3454 cella.
426 3394 785 3453 EtEcrlesiam
817 3402 1267 3468 ptintogenitorum
1291 3402 1377 3470 qui
1415 3404 1687 3470 conscripti
1705 3411 1821 3456 sunt

239 3492 296 3544 in
322 3489 481 3551 ca'lis,
509 3499 555 3542 et
569 3489 801 3557 judicent
828 3491 1050 3542 omnium
1096 3490 1280 3543 Deum.
1318 3492 1394 3545 illi
1432 3508 1537 3546 non
1573 3509 1815 3549 accesse-

238 3592 401 3644 runt,
444 3582 537 3635 sed
574 3583 755 3649 procul
803 3588 1086 3647 steterunt,
1118 3592 1173 3637 et
1215 3584 1425 3654 Moyses
1458 3602 1470 3636 :
1519 3600 1612 3639 vos
1642 3596 1818 3640 autem

235 3673 565 3729 accessistis.
599 3672 693 3726 llic
720 3688 813 3726 eos
844 3684 1025 3736 terret,
1050 3674 1265 3729 dicens:
1291 3674 1355 3727 Et
1377 3677 1443 3728 ad
1460 3677 1687 3746 judicem
1711 3693 1819 3730 om-

234 3770 379 3819 nium
416 3766 581 3820 Deum
602 3783 622 3813 ρ·
664 3785 767 3820 non
796 3770 1098 3822 Jlldwltl‘lllll
1147 3772 1317 3823 Solum
1346 3782 1397 3825 et
1438 3775 1693 3836 fidelium,
1724 3777 1813 3830 sed

234 3870 288 3911 et
319 3859 480 3910 totius
515 3858 657 3911 orbis
689 3868 843 3913 terra:
874 3861 1077 3914 sedebit
1103 3860 1291 3915 iudex.
1325 3862 1389 3915 Et
1433 3865 1688 3933 spiritibus
1724 3870 1814 3937 fu-

234 3960 432 4001 rtorum
478 3950 835 4017 perfectorum.
870 3955 1090 4005 Animas
1122 3952 1249 4007 dicit
1282 3956 1591 4023 proborum.
1635 3955 1695 4008 Et
1723 3956 1814 4010 Te-

236 4040 473 4092 stamenti
514 4040 628 4092 novi
660 4041 984 4094 mediatorem
1030 4041 1239 4108 Jesum,
1270 4056 1313 4097 et
1341 4048 1602 4114 sanguinis
1641 4064 1814 4113 auter-

234 4131 430 4183 sionem
452 4147 471 4192 ;
507 4130 605 4183 boc
627 4142 709 4185 est
742 4134 1130 4201 purgationem.
1158 4134 1342 4189 Melius
1369 4136 1646 4207 loquentem
1668 4156 1815 4206 quam

236 4222 383 4276 Abel.
412 4220 469 4275 Si
508 4224 729 4292 sanguis
774 4223 1024 4292 loquitur,
1052 4226 1219 4281 multo
1261 4243 1426 4297 magis
1470 4230 1591 4282 vivit
1640 4231 1682 4284 is
1726 4232 1814 4299 qui

237 4315 334 4367 luit
358 4314 591 4367 occisus.
614 4314 748 4380 Quid
775 4326 948 4370 autem
974 4318 1247 4385 loquitur?
1278 4318 1346 4371 Et
1367 4321 1596 4389 spiritus,
1623 4321 1815 4391 inquit,

238 4407 465 4473 loquitur
495 4407 760 4473 gemitibus
798 4408 1214 4462 inenarrabilibus
1243 4410 1418 4481 (Rom.
1446 4413 1497 4465 8.
1530 4411 1644 4481 26).
1678 4416 1816 4480 Οιιοσ

237 4497 405 4554 modo
436 4498 707 4567 loquitur?
761 4497 887 4551 Nam
923 4497 1009 4553 ubi
1040 4502 1283 4555 inciderit
1313 4504 1362 4555 in
1390 4515 1619 4557 mentem
1645 4506 1816 4560 since-

238 4604 381 4649 ram,
410 4604 526 4641 cam
555 4590 772 4653 euitat,
804 4600 856 4644 et
893 4590 1017 4644 facit
1064 4601 1118 4645 ut
1148 4593 1414 4661 loquatur.
1456 4593 1628 4647 Videte
1654 4613 1715 4649 ne
1742 4613 1810 4651 ne-

240 4678 429 4731 cusetis
476 4679 791 4746 loquentem;
820 4682 917 4734 hoc
943 4692 1047 4745 est,
1078 4698 1146 4737 ne
1189 4682 1456 4751 rejiciatis.
1491 4684 1550 4738 Si
1581 4688 1711 4738 enim
1743 4684 1825 4739 illi

240 4785 344 4819 non
373 4766 676 4836 effugerunt,
708 4782 997 4822 recusantes
1044 4789 1151 4823 eum
1185 4772 1268 4834 qui
1313 4788 1462 4837 super
1507 4784 1689 4826 terram
1734 4781 1814 4831 lo-

240 4858 509 4924 quebatur.
541 4857 833 4923 Quemnam
866 4860 1031 4914 dicit?
1077 4861 1201 4936 Milli
1232 4862 1437 4917 videtur
1466 4864 1643 4920 dicere
1668 4866 1816 4937 Moy-

243 4962 385 5002 sctn.
443 4949 551 5001 lloc
580 4959 659 5001 est
704 4960 877 5003 autem
926 4954 1060 5019 quod
1094 4954 1261 5007 dicit:
1297 4954 1351 5009 Si
1393 4970 1494 5008 non
1523 4956 1819 5027 effugerunt

242 5038 335 5105 qui
366 5049 680 5091 recusarunt
706 5057 823 5091 enm
868 5043 953 5106 qui
988 5042 1155 5111 legem
1191 5043 1393 5098 ferebat
1423 5046 1474 5098 in
1508 5057 1669 5107 terra,
1695 5063 1814 5101 eum

244 5130 334 5198 qui
363 5144 395 5183 e
434 5130 565 5183 cado
614 5129 714 5184 fert
746 5131 914 5201 legem
965 5136 1233 5201 quomodo
1278 5138 1679 5192 recnsabimus?
1721 5140 1817 5196 llic

245 5231 425 5273 autem
460 5220 693 5274 ostendit
736 5238 840 5276 non
881 5224 1020 5292 quod
1055 5225 1141 5277 ille
1190 5227 1258 5278 sit
1294 5226 1470 5291 alius;
1502 5229 1639 5283 absit
1668 5246 1677 5279 :
1712 5244 1815 5282 non

246 5312 407 5364 alium
456 5322 508 5365 et
533 5312 694 5365 alium
727 5315 976 5375 ostendit.
996 5315 1087 5368 scd
1116 5316 1254 5384 quod
1282 5316 1523 5371 videatur
1549 5322 1816 5381 terribilis.

248 5419 427 5459 vocem
478 5406 733 5459 emittens
776 5420 806 5458 e
842 5407 991 5459 cwlo.
1043 5407 1181 5461 Idem
1210 5409 1421 5478 quidem
1450 5421 1529 5463 est
1558 5421 1611 5465 et
1658 5410 1741 5465 bic
1766 5422 1820 5467 et

249 5497 367 5559 ille;
424 5498 510 5553 bic
556 5507 735 5552 autem
768 5507 849 5551 est
883 5500 1132 5554 terribilis
1164 5518 1177 5553 :
1211 5517 1314 5555 non
1339 5503 1478 5556 enim
1512 5502 1642 5558 dicit
1672 5504 1825 5559 diffe-

245 5589 461 5643 rentiam
512 5603 897 5659 personarum.
928 5591 1019 5642 sed
1050 5591 1332 5645 donorum.
1380 5591 1533 5647 Unde
1565 5592 1667 5647 hoc
1694 5611 1822 5651 con-

241 5680 376 5735 stat?
419 5681 499 5737 Ex
549 5680 617 5733 iis
649 5692 773 5747 qum
812 5678 1126 5748 subjungit:
1163 5680 1221 5735 Si
1245 5684 1374 5734 enim
1400 5682 1478 5735 illi
1508 5699 1606 5736 non
1634 5683 1821 5750 elltrge-

233 5789 355 5850 runt,
415 5780 729 5831 recusantes
782 5785 893 5823 eum
923 5773 1009 5842 qui
1063 5788 1210 5841 super
1256 5782 1437 5828 terram
1493 5774 1823 5844 loquebatur;

1040 388 1103 443 IN
1143 388 1358 444 EPIST.
1401 386 1490 442 AD
1531 385 1888 441 ιιεθιιιεοε.
1932 384 2080 441 CAP.
2123 386 2237 441 XII.
2282 386 2509 441 llOlllL.
2554 386 2748 442 XXIII

3397 387 3502 445 εΗ

1923 486 2267 555 multomagis
2309 500 2398 537 nos
2433 484 2518 551 qui
2560 482 2701 536 nobis
2726 483 2789 534 de
2813 480 2947 535 ca'lis
2975 482 3253 547 loquentem
3295 497 3497 534 aversa-

1924 594 2058 631 ntur.
2096 574 2232 641 Quid
2272 574 2439 644 ergo?
2483 583 2636 627 estne
2666 571 2749 624 bic
2775 571 2911 625 alius
2952 571 3019 623 ab
3050 570 3181 624 illo?
3230 578 3500 639 quomodo

1922 682 2051 737 ergo
2076 664 2235 727 dicit.
2267 662 2425 734 Cujus
2449 678 2546 716 vos:
2590 663 2740 716 movit
2792 671 2973 714 terram
3003 659 3165 714 tunc?
3210 677 3307 714 vox
3353 662 3496 715 cnim

1932 760 2040 822 eius
2066 757 2153 825 qui
2184 756 2330 810 dedit
2362 755 2555 824 legem,
2588 762 2787 807 terram
2826 752 3011 804 movit.
3048 748 3201 805 Nunc
3230 761 3395 804 autem
3419 767 3500 805 re-

1921 849 2187 919 promittit.
2233 848 2449 901 dicens:
2482 846 2661 900 Adhuc
2704 845 2877 908 semel,
2921 854 2967 896 et
3013 860 3105 911 ego
3147 844 3348 896 movebo
3399 859 3499 897 non

1921 943 2086 994 solum
2125 950 2328 999 terram.
2362 939 2449 991 sed
2492 938 2643 991 etiam
2678 935 2880 989 cretum.
2924 933 3280 1001 Quodautem,
3324 933 3502 985 Adhuc

1920 1033 2093 1097 semel,
2123 1032 2266 1088 dicit.
2301 1032 2525 1084 declarat
2548 1028 2813 1083 mobilium
2843 1027 3225 1080 translationem
3247 1035 3501 1093 tamquam

1922 1127 2194 1193 factorum.
2209 1120 2488 1176 Tollenlur
2510 1135 2639 1189 ergo
2655 1118 2832 1172 omnia
2856 1117 2923 1172 de
2942 1116 3138 1179 medio,
3158 1106 3504 1184 compingen-

1922 1224 2117 1283 tnrquc
2162 1213 2338 1265 omnia
2366 1227 2434 1265 ex
2463 1211 2573 1264 alto
2600 1209 2651 1263 in
2699 1208 2749 1262 id
2794 1206 2934 1277 quod
2966 1216 3047 1261 est
3073 1206 3330 1274 optimum
3359 1222 3371 1258 :
3398 1204 3500 1257 hoc

1921 1305 2061 1355 enim
2090 1298 2173 1355 bis
2196 1302 2353 1356 tacite
2373 1300 2652 1370 signiﬁcat.
2668 1299 2803 1366 Quid
2827 1314 2954 1368 ergo
2974 1297 3279 1362 doles,eum
3306 1296 3503 1364 pateris

1922 1394 1971 1445 ia
2018 1396 2217 1446 mundo
2246 1407 2352 1446 non
2397 1391 2654 1457 manenti,
2682 1405 2803 1445 cum
2826 1388 3080 1458 afﬂigeris
3110 1389 3160 1441 in
3191 1385 3389 1441 mundo
3411 1386 3502 1454 qui

1920 1482 2078 1552 paulo
2102 1492 2220 1553 post
2246 1482 2435 1535 transit
2451 1482 2474 1535 ἲ
2490 1481 2545 1535 Si
2572 1481 2622 1534 in
2644 1480 2923 1550 posteriori
2945 1490 3186 1547 tempore
3206 1476 3387 1531 mundi
3416 1475 3502 1529 fu-

1923 1582 2040 1629 tura
2057 1584 2197 1629 esset
2216 1574 2425 1645 requies
2438 1582 2492 1627 et
2512 1572 2781 1637 remissio,
2811 1581 2937 1625 tunc
2957 1570 3119 1639 affligi
3145 1577 3418 1639 oporteret
3434 1566 3501 1621 ad

1921 1666 2081 1721 linem
2118 1664 2486 1734 aspicientem.
2524 1662 2591 1718 Ut
2624 1670 2881 1726 maneant,
2914 1661 3105 1731 inquit,
3128 1676 3240 1732 qua:
3264 1669 3381 1714 sunt
3406 1660 3500 1713 im-

1918 1756 2147 1813 mobilia.
2178 1758 2432 1822 Qutenam
2460 1766 2636 1811 autem
2664 1764 2788 1810 sunt
2817 1754 3148 1808 immobilia?
3181 1753 3401 1808 Futura.

1991 1851 2042 1905 ὅ.
2074 1848 2267 1903 Omnia
2296 1863 2425 1917 ergo
2443 1862 2539 1915 pro
2562 1850 2661 1900 boc
2687 1856 2998 1915 agatnus,ut
3021 1845 3107 1897 illa
3132 1858 3496 1913 assequamur,

1920 1940 2025 1994 illis
2054 1948 2111 1992 ut
2138 1937 2377 1992 fruamur
2403 1938 2576 1991 bonis.
2611 1936 2791 2001 Certe,
2817 1952 2946 2006 rogo
2977 1945 3031 1990 et
3055 1935 3299 1999 obsecro.
3327 1936 3379 1989 in
3401 1934 3501 1989 hoc

1920 2034 2154 2087 studium
2204 2045 2480 2101 ponamus.
2510 2031 2566 2085 In
2590 2031 2802 2085 civitate
2828 2044 2945 2097 quae
2986 2040 3069 2082 est
3114 2029 3313 2081 ruitura
3347 2042 3501 2080 nemo

1922 2122 2170 2178 mdificat.
2202 2122 2294 2175 Dic
2322 2121 2472 2185 mibi,
2500 2135 2648 2190 rogo,
2680 2121 2722 2173 si
2768 2121 2884 2186 quis
2913 2118 3113 2172 diceret
3143 2118 3256 2172 fore
3302 2127 3358 2170 ut
3390 2117 3507 2170 Ιιςυο

1920 2216 2106 2271 civitas
2130 2225 2245 2283 post
2262 2229 2457 2268 annum
2480 2223 2729 2277 corruat;
2756 2212 2838 2265 illa
2866 2216 2991 2265 vcrb
3012 2226 3318 2279 numquam,
3337 2211 3500 2264 azdifi-

1920 2322 2143 2363 caresne
2167 2308 2217 2360 in
2242 2322 2303 2361 ea
2330 2321 2445 2375 qnzr
2466 2315 2549 2359 est
2565 2307 2766 2358 ruitura
2782 2304 2805 2343 9
2825 2304 3181 2370 Quamobrem
3203 2319 3343 2356 nunc
3365 2318 3499 2373 quo-

1921 2415 2025 2470 que
2042 2400 2195 2454 dico:
2225 2398 2300 2453 Ne
2322 2398 2645 2451 mdificemns
2673 2397 2724 2449 in
2749 2396 2847 2449 hoc
2870 2395 3069 2449 mundo
3094 2413 3105 2445 :
3136 2394 3328 2449 cadent
3348 2394 3501 2460 paulo

1921 2501 2043 2563 post
2063 2501 2116 2547 ct
2146 2492 2393 2560 perilnmt
2414 2491 2611 2544 omnia.
2631 2488 2768 2555 Quid
2795 2503 2922 2542 vero
2949 2488 3089 2548 dico.
3121 2489 3349 2543 casura?
3379 2497 3505 2541 ante

1925 2585 2042 2652 ejus
2085 2582 2291 2636 ruinam
2327 2597 2422 2634 nos
2459 2581 2751 2651 peribimus
2803 2588 2857 2633 ct
2880 2580 3058 2649 gravia
3090 2581 3375 2649 patienntr,
3405 2592 3503 2634 nos

1922 2689 1985 2729 ex
2034 2674 2161 2743 ipsis
2191 2672 2534 2727 excedemus.
2564 2671 2670 2726 Cur
2696 2671 3020 2725 :edilieainus
3051 2686 3211 2737 super
3240 2671 3499 2725 arenam!

1997 2767 2165 2821 Terra
2181 2778 2346 2820 motus
2391 2764 2834 2834 con'lttgrationcs,
2856 2762 3075 2815 hostium
3103 2763 3492 2824 irruptiones.—

1924 2856 2275 2913 .Edilicemus
2302 2873 2462 2924 supra
2495 2859 2936 2931 petramlllatth.
2955 2862 3009 2915 7.
3044 2858 3171 2929 27):
3200 2877 3320 2917 nam
3349 2860 3505 2931 quid-

1923 2948 2047 3017 quid
2078 2949 2311 3013 irrnerit,
2337 2949 2474 3002 dirui
2518 2964 2621 3003 non
2652 2950 2846 3018 poterit
2873 2950 3001 3005 illud
3031 2951 3335 3019 aedilicium,
3370 2952 3501 3007 nihil

1921 3038 1974 3094 id
2004 3048 2178 3109 potest
2201 3056 2538 3110 expugnare;
2587 3052 2641 3096 et
2663 3042 2854 3097 merito
2889 3061 2901 3095 :
2936 3060 3058 3097 nam
3106 3044 3169 3099 ad
3225 3046 3371 3101 illam
3426 3047 3499 3101 lo-

1920 3145 2040 3185 cum
2090 3132 2250 3186 nullis
2299 3131 2507 3186 insidiis
2555 3141 2700 3201 patet
2748 3133 2943 3201 aditus,
2993 3135 3130 3189 sicut
3174 3145 3357 3189 contra
3417 3136 3501 3191 bic

1922 3230 2066 3291 patet
2093 3221 2359 3275 invadenti
2394 3241 2406 3275 :
2452 3237 2573 3276 nam
2616 3232 2670 3277 ct
2710 3233 2867 3278 terra:
2910 3237 3087 3280 motus
3114 3237 3167 3281 et
3206 3226 3496 3298 conﬂagra.

1919 3313 2096 3367 tiones
2118 3322 2170 3365 ct
2201 3313 2431 3367 hostium
2476 3316 2821 3382 irruptiones,
2868 3315 2981 3370 bznc
3018 3319 3176 3371 etiam
3220 3334 3315 3373 nos
3345 3318 3498 3373 vivos

1920 3405 2131 3474 privant
2158 3405 2257 3458 isto
2285 3405 2536 3471 aedilicio,
2565 3422 2707 3475 smpe
2736 3422 2913 3461 autem
2948 3410 3108 3462 etiam
3155 3426 3274 3463 cum
3304 3427 3367 3463 eo
3400 3428 3497 3466 nos

1919 3495 2166 3564 perdunt.
2216 3496 2438 3563 Quando
2478 3508 2653 3550 autent
2700 3499 2871 3567 ipsum
2907 3501 3065 3553 etiam
3112 3502 3340 3564 steterit,
3374 3512 3498 3556 tunc

1917 3604 2017 3644 nos
2042 3600 2132 3643 ant
2162 3593 2379 3643 nun-bus
2403 3592 2509 3645 cito
2538 3592 2773 3652 abducit.
2808 3606 2895 3647 aut
2925 3605 3206 3651 tumentes
3237 3614 3340 3650 non
3371 3596 3498 3650 sinit

1918 3697 1983 3735 co
2011 3691 2155 3735 recte
2185 3682 2284 3736 frui
2315 3701 2328 3736 :
2362 3699 2603 3753 qnmnatn
2637 3687 2778 3739 enim
2808 3699 2891 3741 cst
2928 3687 3196 3755 Voluptas.
3238 3688 3326 3743 ubi
3373 3702 3495 3743 sunt

1918 3773 2110 3832 morbi.
2140 3781 2193 3826 et
2220 3774 2525 3835 calumnire,
2558 3785 2611 3829 et
2656 3776 2876 3839 invidia,
2925 3788 2977 3830 et
3030 3777 3276 3831 insidiai?
3318 3781 3420 3832 Ant
3453 3780 3496 3833 si

1918 3850 2019 3917 hoc
2060 3880 2163 3916 non
2205 3864 2313 3929 sit,
2346 3879 2487 3932 saepe
2529 3866 2770 3920 dolemus
2818 3882 2869 3922 et
2916 3885 3057 3938 a‘grc
3089 3869 3305 3925 let-imus
3355 3874 3495 3942 quod

1917 3954 2115 4007 liberos
2160 3970 2264 4007 non
2314 3957 2709 4024 susceperimus
2740 3999 2753 4021 ,
2809 3976 2911 4012 non
2966 3959 3227 4014 habentes
3278 3964 3359 4016 eui
3401 3978 3497 4017 no-

1915 4056 2055 4099 stras
2083 4044 2272 4097 domos
2302 4055 2602 4114 cmteraqne
2632 4047 2932 4112 tradamus;
2974 4061 3027 4101 ct
3065 4050 3259 4105 deinde
3291 4051 3503 4107 crucia-

1915 4152 2033 4189 mur
2056 4137 2195 4205 quod
2232 4136 2534 4191 laboremus
2561 4139 2701 4193 aliis.
2723 4142 2873 4209 Smpc
2895 4149 3073 4195 autem
3107 4145 3265 4197 etiam
3298 4145 3361 4196 ad
3396 4160 3494 4198 no-

1914 4238 2054 4282 stros
2087 4229 2330 4283 inimicos
2358 4242 2536 4283 nostra
2572 4234 2809 4299 pervenit
2863 4233 3152 4297 hereditas,
3187 4251 3289 4289 non
3321 4236 3494 4290 solum

1914 4333 2033 4372 cum
2068 4333 2165 4371 nos
2190 4321 2604 4386 excesseritnus,
2625 4322 2717 4376 sed
2740 4323 2898 4376 etiam
2926 4325 3079 4379 nobis
3106 4326 3279 4380 adhuc
3310 4328 3494 4381 viven-

1915 4412 2074 4466 tibus.
2097 4412 2232 4478 Quid
2262 4429 2389 4482 ergo
2407 4424 2488 4481 est
2512 4416 2757 4469 misnrius
2776 4433 2932 4486 quam
2961 4418 3208 4473 laborare
3236 4420 3491 4485 inimicis,

1910 4512 1960 4558 et
2003 4512 2060 4555 ut
2091 4504 2164 4556 illi
2197 4504 2248 4557 in
2276 4505 2455 4572 quiete
2481 4506 2710 4575 degant,
2740 4510 2842 4562 sibi
2895 4521 3110 4578 peccata
3164 4515 3494 4582 cotigerere?

1913 4596 2078 4664 llnjus
2106 4599 2181 4650 rci
2211 4597 2372 4650 multa
2406 4600 2643 4667 exempla
2672 4610 2964 4656 cernuntur
2995 4605 3045 4657 in
3073 4605 3415 4670 civitatibus;
3440 4615 3492 4659 et

1912 4697 2084 4749 taceo.
2140 4704 2208 4743 ne
2268 4688 2509 4743 molestia
2554 4693 2782 4745 alliciam
2823 4709 2915 4747 eos
2942 4698 3029 4763 qui
3082 4710 3203 4750 sunt
3264 4697 3492 4764 privati;

1910 4778 2169 4848 quosdam
2199 4794 2262 4834 ex
2296 4781 2373 4833 eis
2406 4782 2716 4836 nominatim
2733 4785 2988 4847 dicerem.
3014 4797 3067 4841 et
3097 4790 3257 4842 nzulla
3284 4804 3491 4857 possem

1912 4884 2147 4931 narrare,
2173 4880 2222 4923 et
2254 4870 2445 4925 multas
2472 4872 2619 4925 vobis
2646 4872 2834 4928 domos
2862 4878 3167 4937 ostendere.
3193 4896 3309 4948 quae
3331 4895 3489 4934 accc—

1911 4970 2102 5031 perunt
2132 4962 2375 5015 dominos
2413 4965 2657 5019 inimicos
2683 4981 2868 5021 eorum
2898 4970 2985 5037 qui
3030 4970 3159 5023 iniis
3178 4971 3497 5028 fabricandis

1908 5062 1959 5107 et
1992 5053 2244 5107 ornandis
2273 5054 2795 5110 laboraret-ammon
2818 5060 2988 5112 solum
3020 5072 3196 5115 autem
3216 5064 3376 5128 mdes,
3396 5071 3487 5119 sed

1908 5152 1961 5196 et
1991 5144 2251 5211 mancipia
2280 5152 2333 5199 et
2363 5155 2471 5199 tota
2496 5161 2637 5215 smpe
2667 5148 2934 5203 hereditas
2963 5155 3286 5220 pervenitad
3319 5156 3489 5207 inimi-

1912 5259 2024 5299 cos.
2055 5243 2210 5297 Tales
2234 5254 2357 5296 sunt
2378 5258 2464 5297 res
2490 5247 2753 5298 humanae.
2784 5245 2838 5299 ln
2864 5246 3011 5300 carlis
3043 5256 3220 5300 autem
3254 5247 3382 5299 nibil
3408 5260 3490 5301 est

1909 5336 2095 5390 borum
2131 5335 2271 5405 quod
2305 5336 2571 5399 verearis;
2614 5352 2805 5405 nempe
2855 5353 2923 5392 ne
2950 5353 3072 5391 cum
3115 5338 3213 5392 istc
3241 5338 3487 5393 decesse-

1907 5427 2005 5490 rit,
2050 5425 2191 5480 alius
2240 5426 2417 5479 veniat
2463 5426 2729 5491 inimicus,
2778 5440 2831 5481 et
2881 5428 3132 5481 succedat
3178 5428 3484 5505 ltcrcditati.

1905 5514 2037 5571 Nam
2070 5532 2241 5585 neque
2270 5532 2415 5570 mors
2443 5526 2525 5571 est
2558 5516 2685 5582 illic,
2718 5534 2814 5573 nec
2847 5519 3174 5581 inimicitim;
3209 5521 3321 5574 Sola
3364 5534 3492 5577 sunt

1908 5616 2217 5661 sanctorum
2267 5606 2652 5661 tabernacula:
2690 5610 2739 5661 in
2788 5608 2893 5662 illis
2942 5619 3121 5663 autem
3168 5612 3365 5664 sanctis
3407 5620 3483 5664 est

1905 5699 2210 5766 exsultatio,
2242 5698 2520 5768 gaudium.
2554 5700 2737 5753 lmtitia
2768 5717 2781 5755 :
2825 5699 2935 5753 Vox
2978 5702 3145 5765 enim,
3178 5702 3349 5769 inquit
3400 5717 3484 5754 rx-

1900 5790 2191 5845 sultatiouis
2246 5799 2315 5843 est
2363 5792 2413 5845 it:
2456 5791 2790 5845 tabernaculis
2838 5792 3087 5853 iustorum
3138 5792 3306 5864 (Paul.
3362 5794 3483 5849 ll'l.
