4094 6406
623 372 731 428 2‘23

643 469 751 539 15).
794 466 928 522 Sunt
955 474 1173 529 aeterna,
1204 464 1359 516 finem
1390 474 1493 513 non
1544 457 1827 512 habentia:
1861 470 1921 512 ea
1952 464 2190 525 tempore

644 573 749 612 non
778 565 1051 618 corruunt,
1089 569 1190 607 non
1219 559 1423 604 mutant
1463 562 1817 617 possessores,
1846 546 1939 602 sed
1966 554 2109 602 stant
2135 546 2188 602 in

641 655 895 715 perpetuo
926 645 1053 702 llore
1079 658 1141 697 ac
1166 642 1380 711 vigore;
1425 650 1478 693 et
1512 640 1720 694 merito.
1766 636 1880 692 Non
1923 646 2005 692 est
2047 638 2190 692 enim

641 739 745 792 illic
770 736 960 806 aliquid
979 732 1300 802 corruptioni
1320 731 1604 785 obnoxium
1625 738 1678 785 et
1694 730 1747 784 in
1768 727 1907 798 quod
1933 728 2088 783 cadat
2111 729 2192 783 in-

644 828 848 886 teritus.
874 824 965 879 sed
997 834 1119 877 sunt
1145 822 1319 877 omnia
1352 821 1665 875 immortalia
1693 828 1745 873 et
1773 819 1823 872 in
1868 834 1984 889 quae
2010 818 2193 873 interi-

642 931 726 974 tus
748 918 876 972 nihil
904 926 1095 987 potcSt.
1128 914 1182 969 In
1211 915 1311 969 hoc
1350 912 1625 967 :edilicium
1656 910 1984 965 cll‘undamus
2031 924 2193 980 pecu-

643 1010 755 1065 nias
787 1029 799 1061 :
833 1022 936 1062 non
964 1014 1045 1060 est
1068 1005 1218 1060 nobis
1244 1020 1375 1074 Opus
1400 1004 1583 1067 fabris,
1619 1016 1722 1057 non
1746 1000 2034 1087 operariis:
2060 1016 2191 1070 pau-

641 1113 825 1171 perum
852 1112 1039 1152 manus
1069 1098 1164 1150 has
1191 1094 1340 1149 nobis
1369 1094 1510 1149 (edes
1531 1093 1810 1159 zedilicant,
1830 1092 2022 1157 claudi,
2039 1092 2185 1158 czeci,

640 1202 693 1247 et
722 1191 755 1244 ii
787 1190 875 1259 qui
897 1198 1020 1243 sunt
1043 1188 1211 1241 manci
1240 1202 1301 1241 ac
1331 1185 1500 1239 mutili
1526 1204 1539 1238 :
1569 1184 1621 1238 hi
1652 1184 1769 1239 illas
1790 1183 2191 1238 :edillcant.Nec

640 1283 866 1342 mireris,
897 1295 1013 1333 cum
1042 1280 1197 1333 etiam
1226 1292 1446 1347 regnum
1474 1277 1573 1346 ipsi
1621 1276 1772 1329 nobis
1801 1275 2113 1339 concilient,
2140 1288 2192 1331 et

639 1372 703 1426 ad
736 1372 896 1425 Deum
924 1369 1045 1423 dent
1074 1369 1229 1433 nobis
1250 1368 1515 1423 ﬁduciam.

709 1461 1036 1530 Elecmosyua
1076 1476 1137 1514 ea;
1174 1460 1354 1530 rapina
1392 1459 1723 1529 improbatur.
1754 1459 1953 1514 Laudes
1981 1459 2191 1514 efeemo-

637 1554 1214 1623 synan—lileemosyna
1228 1551 1368 1606 enim
1391 1551 1676 1619 est0ptima
1693 1560 1744 1604 et
1759 1554 2189 1622 prmstantissima

638 1642 875 1711 quiedam
891 1657 994 1705 ars,
1011 1651 1189 1709 etquze
1206 1640 1560 1709 patrocinatur
1576 1641 1653 1695 eis
1671 1643 1758 1711 qui
1777 1652 2023 1698 exercent
2037 1660 2150 1697 eam
2173 1662 2188 1699 :

638 1741 719 1785 est
734 1731 870 1785 enim
892 1732 996 1784 Deo
1013 1732 1200 1797 amica,
1220 1739 1321 1783 stat
1340 1745 1547 1798 semper
1564 1731 1610 1783 ei
1631 1731 1939 1801 propinqua,
1962 1748 2057 1801 pro
2076 1736 2192 1802 qui-

639 1818 738 1872 bus
793 1819 915 1871 velit
942 1819 1090 1871 facile
1127 1827 1309 1886 petens
1345 1821 1589 1887 gratiam,
1629 1820 1671 1873 si
1703 1820 1861 1873 modo
1896 1837 1923 1872 a
1961 1823 2111 1874 nobis
2142 1824 2190 1876 ei

640 1922 743 1961 non
774 1908 861 1960 fiat
903 1907 1124 1975 injuria;
1157 1906 1213 1959 fit
1237 1918 1434 1973 autem,
1472 1907 1678 1975 quando
1705 1923 1818 1962 eam
1858 1909 2076 1967 facimus
2124 1928 2188 1967 ex

638 1998 817 2066 rapina
840 2014 853 2050 :
880 1997 1016 2067 quod
1044 1997 1088 2050 si
1115 1998 1183 2051 sit
1210 2011 1338 2066 pura
1365 2012 1425 2051 ac
1446 1998 1673 2062 sincera,
1693 2001 1907 2053 multant
1934 2002 2024 2055 dat
2053 2003 2189 2056 fidu-

636 2092 771 2147 ciam
799 2091 862 2146 iis
887 2092 975 2160 qui
1010 2106 1127 2146 eam
1159 2106 1366 2145 sursum
1411 2092 1675 2147 emittunt.
1708 2094 1888 2150 Tanta:
1923 2108 2045 2151 sunt
2074 2100 2186 2167 ejus

638 2181 796 2241 vires.
828 2190 882 2233 ut
908 2181 1061 2234 etiam
1086 2194 1179 2249 pro
1207 2179 1269 2233 iis
1297 2191 1546 2247 precetur
1572 2184 1658 2251 qui
1685 2182 1815 2253 lapsi
1843 2196 1966 2241 sunt
1989 2190 2185 2259 quique

639 2280 939 2339 peccarunt.
974 2270 1087 2338 Ipsa
1131 2268 1397 2339 perfringit
1444 2272 1669 2337 vincula,
1714 2274 1870 2329 solvit
1916 2280 2182 2347 tenebras,

638 2363 811 2430 ignem
856 2361 1169 2430 exstinguit,
1209 2375 1440 2415 vermem
1492 2364 1774 2432 interimit,
1805 2369 2019 2437 expellit
2058 2372 2185 2426 strio

636 2452 818 2506 dorem
863 2453 1095 2506 dentium
1129 2471 1142 2506 :
1172 2454 1217 2506 ei
1263 2468 1379 2507 cum
1412 2470 1596 2523 magna
1625 2458 1907 2513 securitate
1934 2463 2183 2529 aperiun-

627 2557 712 2600 tur
761 2554 924 2612 ρος-ιω
974 2544 1241 2598 ctelorum.
1291 2544 1358 2598 Et
1412 2544 1547 2600 sicut
1593 2546 1918 2616 ingrediente
1978 2551 2178 2619 regina,

626 2635 799 2689 nullus
825 2649 887 2688 ex
931 2633 1014 2699 iis,
1048 2634 1129 2688 cui
1172 2644 1253 2688 est
1293 2636 1575 2689 commissa
1622 2646 1889 2705 portarum
1917 2639 2178 2706 custodia,

626 2722 838 2776 audebit
866 2724 1168 2778 examinare
1196 2739 1436 2793 qumnam
1482 2727 1549 2779 sit
1585 2737 1637 2780 et
1668 2727 1803 2782 unde
1823 2770 1836 2791 ,
1867 2728 1959 2783 sed
1998 2745 2181 2785 omnes

627 2813 803 2867 statim
832 2826 946 2866 eam
988 2813 1253 2880 excipiunt
1282 2833 1294 2867 :
1327 2815 1394 2868 ita
1436 2817 1591 2869 etiam
1634 2818 2023 2889 eleemosyuam
2057 2838 2069 2872 :
2099 2832 2179 2876 est

630 2904 770 2957 enim
803 2916 861 2957 re
890 2918 1011 2956 vera
1043 2905 1242 2972 regina,
1277 2905 1516 2959 homines
1562 2908 1666 2977 Deo
1714 2908 1910 2964 faciens
1955 2911 2178 2965 similes.

629 2991 802 3046 Estote
844 2993 1005 3057 enim,
1049 2993 1234 3060 inquit,
1281 2996 1643 3060 misericordes,
1680 2998 1805 3049 sicut
1848 2997 2000 3052 Pater
2032 3013 2183 3054 rester

630 3082 841 3135 caelestis
868 3092 939 3134 est
968 3083 1247 3136 misericors
1276 3082 1420 3151 (Luc.
1447 3084 1498 3137 ti.
1526 3086 1634 3155 56).
1666 3086 1758 3139 Est
1782 3088 1916 3140 alata
1948 3100 2000 3141 et
2032 3090 2181 3154 levis,

631 3171 743 3223 alas
773 3170 925 3223 habet
956 3186 1164 3235 aureas,
1194 3172 1349 3225 habet
1380 3173 1604 3226 volatum
1647 3176 1733 3243 qui
1774 3177 1923 3230 valde
1954 3178 2185 3234 oblectat

632 3260 867 3329 angelos.
903 3260 1028 3321 Illic,
1077 3261 1261 3329 inquit,
1294 3260 1479 3314 Peume
1526 3262 1771 3317 columba:
1831 3266 2182 3336 deargeulatte,

633 3360 679 3403 et
709 3351 911 3402 dorsum
958 3352 1065 3419 ejus
1109 3351 1159 3401 in
1189 3349 1387 3419 fulgore
1432 3352 1543 3402 auri
1576 3351 1742 3421 (Psal.
1774 3353 1858 3407 67.
1893 3357 1999 3425 14).
2036 3356 2187 3413 Volat

633 3440 772 3493 enim
815 3450 1076 3504 tamquam
1112 3439 1352 3509 quaedam
1386 3457 1541 3495 aurea
1587 3452 1639 3496 et
1691 3444 1874 3499 vivens
1918 3447 2183 3516 columba,

636 3531 895 3600 placidum
925 3530 1122 3585 habens
1152 3544 1421 3599 aspectum
1462 3544 1515 3587 et
1554 3532 1733 3590 mitem
1772 3539 2001 3597 oculum.
2046 3540 2188 3596 Nihil

636 3631 717 3677 est
746 3623 838 3675 illo
866 3624 1018 3676 oculo
1049 3624 1258 3677 melius.
1288 3625 1511 3678 Pulcher
1540 3637 1621 3679 est
1649 3637 1700 3681 et
1729 3644 1879 3697 pavo,
1910 3631 2003 3685 sed
2034 3633 2096 3687 ad
2128 3634 2190 3687 il-

638 3712 739 3765 lam
766 3713 1006 3788 collatus,
1035 3725 1113 3767 est
1139 3715 1382 3782 graculus
1404 3734 1415 3768 :
1435 3714 1565 3768 adeo
1593 3728 1670 3769 est
1701 3716 1812 3771 hmc
1840 3721 1947 3773 avis
1976 3723 2191 3788 pulchra

638 3813 691 3854 et
724 3784 1066 3857 admirabilis.
1096 3803 1357 3871 Perpetuo
1384 3820 1589 3857 sursum
1634 3819 1852 3874 Spectat,
1900 3811 2060 3863 multa
2101 3813 2192 3867 Dei

637 3891 993 3944 circumdatur
1014 3892 1177 3960 gloria
1202 3908 1214 3955 ;
1245 3901 1325 3945 est
1352 3894 1497 3961 virgo
1531 3910 1728 3961 pennas
1757 3896 1954 3952 habens
1980 3915 2189 3967 aureas,

638 3980 952 4048 composita,
987 3981 1116 4033 facie
1156 3980 1376 4034 candida
1418 3994 1469 4035 et
1511 3996 1783 4038 mansueta
1818 4005 1827 4038 ε
1860 3999 1942 4042 est
1974 3991 2108 4043 alata
2141 4001 2194 4046 et

640 4072 791 4135 levis,
825 4081 970 4125 stans
1000 4086 1162 4140 prope
1194 4071 1439 4125 thronum
1472 4072 1715 4142 Regium.
1746 4076 1966 4142 Quando
1990 4080 2192 4147 judica-

641 4178 792 4226 mur,
839 4161 989 4216 adest
1037 4172 1253 4229 repente
1296 4172 1348 4215 et
1394 4174 1631 4231 apparet,
1664 4176 1715 4218 et
1744 4182 1838 4219 nos
1881 4184 1907 4219 a
1938 4171 2194 4238 siipplicio

639 4254 796 4323 eripit
841 4254 949 4307 suis
998 4254 1184 4321 pennis
1233 4254 1580 4323 amplectens.
1628 4255 1755 4308 Eam
1804 4258 1939 4313 Deus
2002 4264 2197 4317 mavult

640 4361 795 4416 quam
826 4344 1081 4398 saerilicia
1104 4362 1117 4398 :
1137 4345 1294 4398 multa
1314 4360 1452 4414 saepe
1480 4346 1545 4400 de
1576 4362 1633 4401 ea
1656 4348 1883 4417 loquitur
1914 4370 1925 4403 :
1959 4355 2023 4405 ita
2055 4356 2194 4410 illam

641 4437 828 4506 diligit.
850 4434 1061 4486 Viduam
1098 4444 1142 4487 et
1170 4437 1417 4504 pupillum
1442 4447 1487 4489 et
1518 4455 1802 4507 pauperem,
1822 4443 2007 4511 inquit,
2037 4448 2195 4499 susci-

643 4530 760 4596 piet.
779 4527 851 4579 Ex
873 4542 933 4579 ea
948 4527 1057 4579 vult
1087 4527 1224 4580 Deus
1251 4530 1502 4597 appellari
1526 4550 1536 4580 :
1561 4532 1821 4586 Miserator
1849 4548 1891 4588 et
1923 4541 2198 4595 misrricors

645 4618 908 4681 Dominus,
937 4617 1008 4669 ait
1033 4616 1213 4681 David,
1242 4618 1537 4687 longanimis
1562 4632 1608 4674 et
1636 4625 1801 4676 multm
1825 4627 2191 4696 misericordias,

642 4721 687 4763 et
723 4726 871 4762 verax
900 4707 1069 4778 (Psaf.
1114 4711 1232 4764 145.
1260 4712 1311 4764 9.
1341 4721 1385 4763 et
1412 4711 1528 4778 ίΟΞ,
1549 4712 1601 4766 8.
1622 4724 1665 4765 et
1698 4716 1816 4769 1M.
1834 4718 1921 4785 8);
1947 4730 1997 4773 et
2015 4738 2197 4778 rursus

644 4802 796 4863 alius,
837 4799 1181 4852 Misericordia
1214 4799 1305 4853 Dei
1332 4818 1480 4869 super
1497 4818 1689 4856 omnem
1705 4814 1885 4859 terram
1911 4808 2075 4878 (Psal.
2106 4814 2191 4868 56.

648 4896 757 4964 l2).
784 4894 896 4962 ipsa
924 4895 1127 4947 salvum
1160 4894 1281 4949 fecit
1309 4911 1474 4965 genus
1499 4896 1805 4964 hominum;
1834 4916 1953 4955 nam
1973 4906 2069 4960 nisi
2099 4924 2199 4963 no-

645 4988 737 5042 stri
769 4997 909 5041 esset
937 4988 1202 5053 misertus,
1221 4989 1394 5041 omnia
1420 4991 1695 5057 periissent
1720 5010 1731 5043 :
1762 4994 1869 5062 ipsa
1898 4996 2200 5054 misericor-

648 5080 730 5134 dia
760 5092 875 5139 nos,
900 5092 1018 5131 cum
1042 5092 1275 5131 essemus
1322 5079 1532 5145 hostes,
1566 5082 1857 5137 conciliavit
1887 5102 1899 5137 :
1928 5086 2037 5153 ipsa
2065 5088 2200 5143 bona

650 5168 775 5223 fecit
797 5168 1205 5233 innumerabilia,
1242 5170 1350 5237 ipsa
1378 5174 1640 5239 persuasit
1684 5173 1778 5227 Dei
1814 5173 1946 5251 Filio
1972 5186 2028 5230 ut
2053 5178 2200 5235 fieret

650 5278 837 5320 servus
862 5274 915 5319 et
944 5264 1171 5332 seipsum
1204 5266 1517 5322 exinaniret.
1548 5270 1673 5324 Eam
1702 5272 2035 5340 aemulemur,
2064 5275 2198 5331 dile-

652 5354 741 5419 Cti,
774 5369 1031 5425 perquam
1057 5355 1184 5409 salvi
1213 5356 1329 5411 facti
1362 5374 1541 5413 smnus
1568 5376 1581 5425 ;
1608 5375 1723 5415 eam
1752 5361 2049 5433 diligamus,
2083 5382 2197 5419 eam

1330 362 1384 418 S.
1424 358 1692 417 JOANNIS
1727 352 2188 412 ClliiYSOSTOMl
2226 350 2536 406 ABCIllEl’.
2576 350 3094 409 CONSTANTINOP.

3726 344 3843 405 2Εώ

2274 447 2511 515 pecuniis
2559 448 2933 518 prasferamus;
2972 461 3027 506 et
3072 454 3270 524 absque
3317 455 3552 524 pecuniis
3600 458 3827 513 animam

2274 536 2561 594 habeamus
2588 540 3008 598 misericordem.
3042 544 3182 599 Nihil
3207 555 3286 599 est
3316 546 3452 615 quod
3482 547 3550 602 ita
3576 548 3823 604 Christia-

2275 644 2397 682 num
2429 630 2708 699 exprimat,
2740 641 2796 686 ut
2821 632 3159 704 eleemosyna
3201 653 3212 688 :
3246 635 3374 690 nihil
3399 638 3537 705 quod
3570 639 3830 693 increduli

2274 728 2326 773 et
2349 734 2533 774 omnes
2560 722 2628 775 ita
2654 720 2999 788 admirentur,
3027 734 3083 777 ut
3108 725 3316 793 quando
3344 728 3672 781 miseremur.
3703 728 3833 782 Nam

2278 824 2376 863 nos
2401 825 2611 880 quoque
2636 826 2778 881 sa‘pe
2830 813 2927 866 hac
2956 828 3173 884 egemus
3214 817 3594 881 misericordia,
3636 826 3689 872 et
3730 820 3835 871 Deo

2275 900 2510 969 quotidie
2539 900 2763 956 dicimus
2796 919 2808 952 :
2844 902 3131 957 Secundum
3169 922 3403 976 magnam
3442 908 3835 961 misericordiam

2278 999 2413 1041 tuam
2463 991 2695 1044 miserere
2739 993 2898 1046 nostri
2926 993 3095 1063 (Psal.
3140 996 3230 1049 24.
3280 996 3355 1065 7).
3390 997 3541 1051 Prius
3571 999 3670 1067 ipsi
3701 999 3836 1053 inei-

2276 1081 2509 1149 piamus;
2545 1081 2652 1136 imo
2692 1097 2819 1137 vero
2859 1099 2962 1138 non
2994 1088 3139 1154 prius
3187 1088 3504 1157 incipimus;
3547 1093 3657 1159 ipse
3696 1092 3845 1144 enim

2272 1170 2377 1240 jam
2407 1172 2800 1229 ostenditsuam
2824 1175 2874 1228 in
2899 1191 2994 1229 nos
3018 1178 3432 1234 misericordiam
3468 1197 3482 1247 ;
3514 1183 3606 1237 sed
3634 1182 3839 1248 dilecti,

2277 1264 2597 1331 posteriores
2624 1279 2925 1334 sequamur.
2954 1266 3083 1321 Nam
3133 1268 3177 1323 si
3225 1270 3464 1325 homines
3518 1272 3841 1326 miserentur

2276 1352 2673 1419 misericordis,
2732 1356 2939 1409 etiamsi
2995 1367 3208 1426 peccata
3250 1357 3471 1413 fecerint
3532 1360 3838 1423 innumera,

2278 1442 2447 1496 multo
2498 1445 2666 1513 magis
2691 1444 2849 1500 Deus.
2884 1447 3349 1515 AudiPropbetam
3392 1449 3653 1506 dicentem
3685 1471 3699 1504 :
3732 1452 3845 1522 Ego

2278 1540 2459 1595 autent,
2492 1532 2678 1601 inquit,
2707 1535 2833 1587 sicut
2858 1535 2990 1588 oliva
3015 1538 3274 1607 fructifera
3299 1540 3350 1591 iu
3383 1539 3529 1593 domo
3554 1540 3646 1595 Dei
3666 1541 3843 1610 (Psal.

2280 1622 2367 1676 5|.
2388 1622 2499 1692 l0).
2520 1608 2733 1678 Fiamus
2750 1625 2881 1680 tales
2910 1628 3078 1696 qualis
3115 1627 3265 1695 olea;
3306 1631 3450 1685 omni
3476 1646 3539 1687 ex
3567 1608 3719 1702 parte
3750 1650 3846 1688 nr-

2279 1726 2465 1781 gemur
2494 1715 2769 1783 prmceptis
2788 1754 2803 1781 ,
2825 1730 2936 1768 non-
2959 1718 3097 1771 enim
3116 1718 3309 1774 surlicit
3326 1736 3443 1776 esse
3460 1734 3516 1776 ut
3531 1724 3729 1790 oleam,
3746 1727 3849 1781 sed

2282 1810 2491 1869 oportet
2520 1804 2677 1856 etiam
2704 1819 2824 1858 esse
2855 1804 3203 1862 fructiferam.
3234 1808 3370 1863 Sunt
3398 1812 3537 1866 enim
3566 1815 3652 1883 qui
3683 1816 3849 1870 mise-

2283 1900 2460 1946 rentes
2487 1908 2580 1961 per
2609 1902 2772 1947 totum
2802 1910 2993 1949 annum
3040 1912 3203 1965 pauca
3234 1899 3452 1965 dantes,
3486 1904 3566 1957 vel
3619 1906 3848 1972 singulis

2285 1979 2648 2047 hebdomadis,
2668 1992 2758 2035 aut
2784 1984 3041 2037 tantillum
3066 1996 3377 2055 erogantes;
3408 1990 3492 2045 isti
3524 1996 3845 2060 suntolivm,

2284 2068 2375 2122 sed
2398 2084 2501 2121 non
2524 2068 2826 2133 fructifera,
2857 2087 3037 2127 verum
3060 2074 3243 2129 aridzn.
3270 2077 3397 2131 Nam
3422 2082 3558 2149 quod
3584 2084 3850 2139 miscren~

2287 2169 2369 2213 tur
2387 2158 2621 2228 quidem,
2649 2170 2772 2215 sunt
2792 2162 2945 2218 oliva:
2969 2181 2983 2227 ;
3008 2166 3097 2220 sed
3129 2170 3377 2236 quoniam
3411 2186 3512 2226 non
3547 2174 3687 2245 large
3710 2188 3761 2230 et
3786 2179 3851 2231 li-

2287 2248 2555 2314 beraliter,
2601 2265 2704 2303 non
2746 2262 2866 2305 sunt
2894 2253 3043 2309 oliva:
3074 2255 3377 2312 fructiferae.
3409 2260 3510 2315 Sed
3541 2266 3707 2320 simus
3747 2284 3852 2322 nos

2290 2339 2564 2392 fructiferi.
2591 2338 2742 2408 Smpe
2771 2340 2901 2407 dixi,
2922 2351 2975 2397 et
3002 2359 3140 2399 nunc
3180 2346 3299 2401 dico
3330 2364 3345 2412 ;
3376 2364 3478 2403 non
3520 2366 3704 2407 eorum
3728 2373 3847 2426 qua:

2289 2431 2408 2483 data
2428 2440 2549 2484 sunt
2566 2446 2810 2486 mensura
2827 2442 2881 2487 et
2908 2437 3200 2505 quantitate
3219 2440 3513 2496 ostenditur
3540 2446 3849 2515 magnitudo

2292 2519 2667 2592 eleemosynm,
2693 2524 2784 2578 sed
2813 2528 2929 2594 ejus
2954 2530 3041 2598 qui
3082 2530 3174 2585 dat
3220 2537 3485 2591 voluntate
3514 2545 3566 2591 et
3592 2539 3859 2595 instituto.

2294 2605 2453 2664 Scitis
2483 2613 2605 2681 quid
2638 2613 2819 2669 fecerit
2860 2618 3010 2673 vidua
3042 2638 3056 2686 ;
3086 2626 3304 2694 expedit
3332 2628 3473 2682 enim
3502 2643 3711 2699 semper
3753 2631 3857 2683 hoc

2295 2698 2485 2754 olferre
2510 2704 2832 2771 exemplum,
2863 2717 2918 2760 ut
2944 2724 3010 2763 ne
3034 2725 3233 2781 pauper
3254 2717 3465 2785 quidem
3496 2718 3562 2771 de
3588 2734 3645 2773 se
3667 2718 3850 2787 despe-

2294 2798 2394 2853 ret,
2423 2790 2608 2845 videns
2634 2807 2749 2846 eam
2794 2812 2911 2864 qua:
2946 2798 3050 2853 duo
3097 2806 3317 2860 contulit
3348 2808 3568 2861 minuta.
3600 2808 3853 2863 Tulerum

2293 2880 2505 2949 quidam
2544 2887 2699 2937 etiam
2729 2887 2861 2954 pilos
2902 2904 3019 2943 cum
3051 2895 3302 2963 templum
3349 2909 3768 2962 coustrueretur,
3801 2911 3854 2955 et

2296 2987 2360 3025 ne
2395 2972 2477 3026 isti
2509 2975 2721 3044 quidem
2761 2987 2885 3032 sunt
2931 2983 3131 3049 rejecti.
3183 2987 3288 3041 Sed
3330 2993 3373 3042 sl
3414 3006 3598 3044 aurum
3644 2991 3856 3060 quidem

2298 3061 2572 3128 habentes,
2608 3066 2739 3133 pilos
2780 3070 3117 3137 obtulissent,
3158 3075 3379 3132 fuissent
3423 3082 3770 3143 exscerandi;
3812 3099 3841 3136 s

2296 3161 2470 3205 autem
2501 3169 2619 3206 eum
2650 3155 2749 3209 hoc
2791 3159 2959 3212 solum
2993 3162 3270 3230 haberent,
3305 3167 3352 3237 id
3390 3169 3714 3235 obtulerunt,
3745 3171 3858 3227 fue—

2296 3250 2417 3294 rent
2454 3246 2677 3312 accepti.
2714 3246 2995 3315 Propterea
3022 3253 3149 3306 Cain
3181 3272 3392 3325 quoque
3435 3258 3531 3313 fuit
3565 3262 3860 3329 repreheno

2296 3344 2403 3394 sus,
2437 3346 2537 3385 non
2567 3334 2704 3402 quod
2736 3337 2852 3389 vilia
2877 3339 3146 3406 obtulerit,
3180 3344 3270 3398 sed
3298 3347 3435 3414 quod
3465 3349 3719 3403 vilissima
3747 3368 3859 3405 ons-

2299 3422 2441 3475 uium
2493 3440 2610 3493 qute
2668 3426 2891 3483 habuit:
2950 3431 3282 3501 Maledictus,
3338 3438 3538 3507 inquit,
3585 3446 3668 3507 qui
3716 3445 3861 3497 habet

2299 3514 2592 3580 masculum,
2636 3528 2680 3570 et
2722 3517 2826 3572 Deo
2853 3521 2997 3587 o/I'ert
3025 3539 3315 3595 corruptum
3354 3530 3606 3598 (dlalaclt.
3654 3536 3703 3588 1.
3746 3535 3862 3604 Η).

2298 3601 2409 3654 Non
2438 3606 2679 3660 absolute
2708 3609 2872 3674 dixit;
2914 3614 3003 3665 sed
3038 3616 3125 3683 qui
3164 3618 3342 3684 habet,
3378 3622 3564 3689 inquit,
3594 3634 3645 3677 et
3674 3601 3862 3693 parcit.

2299 3690 2351 3744 Si
2379 3694 2639 3771 quispiam
2666 3712 2790 3766 ergo
2832 3716 2935 3752 non
2967 3702 3153 3769 habet,
3184 3708 3334 3776 culpa
3375 3721 3544 3776 vacat,
3588 3714 3695 3769 imo
3738 3733 3863 3771 vero

2300 3780 2455 3834 habet
2482 3786 2799 3839 mercedem.
2824 3790 2955 3854 Quid
2984 3796 3122 3845 enim
3152 3806 3231 3848 est
3259 3799 3411 3851 vilius
3438 3800 3644 3856 duobus
3667 3805 3861 3867 obolis,

2299 3881 2349 3923 ct
2377 3874 2543 3942 magis
2570 3876 2715 3929 nihili
2747 3894 2900 3945 quam
2934 3883 3058 3949 pili?
3093 3886 3215 3953 quid
3253 3890 3422 3957 cotyla
3453 3891 3640 3946 simil}.
3675 3896 3864 3949 vilius?

2299 3960 2388 4012 sed
2421 3969 2591 4015 tamen
2636 3964 2749 4017 hac
2776 3983 2879 4019 non
2921 3968 3130 4023 fuerunt
3160 3976 3415 4029 :estimata
3450 3980 3668 4035 minoris
3704 3999 3862 4052 quam

2300 4051 2444 4104 vituli
2494 4062 2546 4105 et
2588 4069 2794 4109 aurum.
2848 4058 2976 4112 Nam
3017 4062 3271 4126 Quatenus
3317 4068 3513 4136 quidem
3550 4073 3692 4123 habet
3723 4051 3861 4142 quis-

2299 4143 2431 4211 piam
2463 4154 2533 4195 est
2562 4158 2813 4214 acceptus,
2846 4167 2944 4203 uou
2973 4164 3217 4219 quatenus
3243 4175 3341 4210 nou
3372 4161 3517 4214 habet
3548 4162 3605 4231 (2
3657 4162 3772 4219 Cor.
3802 4167 3861 4220 8.

2302 4236 2387 4305 12)
2410 4256 2421 4299 ;
2448 4248 2532 4302 et,
2573 4241 2826 4306 Quatenus
2853 4245 2996 4300 liabet
3016 4288 3029 4309 ,
3070 4249 3259 4319 inquit,
3290 4270 3467 4310 manus
3497 4268 3601 4323 tua,
3634 4259 3860 4331 benefac.

2302 4328 2443 4392 Ideo,
2490 4346 2635 4399 rogo,
2684 4333 2841 4388 alacri
2886 4338 3066 4391 animo
3108 4340 3440 4399 clfundamus
3486 4328 3765 4405 facultates
3807 4354 3863 4408 in

2301 4433 2555 4487 pauperes
2583 4440 2594 4474 :
2619 4425 2715 4476 etsi
2748 4442 2921 4493 parva}
2952 4430 3077 4495 sint,
3103 4435 3343 4489 eamdem
3371 4439 3693 4505 accipiemus
3722 4459 3866 4498 mer-

2300 4510 2482 4565 cedem
2512 4527 2665 4580 quam
2695 4518 2780 4584 qui
2808 4520 2957 4584 plura
2988 4525 3349 4590 contulerunt,
3385 4529 3489 4581 imo
3530 4532 3671 4597 plura
3702 4550 3863 4603 quam

2302 4602 2388 4668 qui
2420 4602 2610 4656 talenta
2641 4610 2979 4662 contulerunt
3007 4612 3431 4669 innumerabilia.
3459 4618 3513 4672 Si
3544 4621 3654 4675 lucc
3696 4602 3867 4679 faciav

2308 4706 2443 4755 mus,
2484 4707 2827 4762 assequemur
2857 4699 2947 4752 Dei
2992 4701 3267 4757 thesauros
3310 4707 3601 4765 ineffabiles
3632 4729 3643 4767 :
3672 4713 3715 4767 si
3754 4730 3864 4772 non

2294 4791 2463 4845 solum
2490 4791 2780 4857 audiamus,
2808 4795 2899 4849 sed
2928 4798 3082 4851 etiam
3106 4815 3356 4870 agamus;
3384 4806 3427 4858 si
3452 4822 3556 4861 non
3582 4809 3859 4866 laudemus

2298 4889 2520 4943 tantum,
2551 4882 2641 4935 sed
2670 4884 2827 4937 etiam
2856 4885 3005 4940 factis
3031 4893 3394 4951 ostendamus.
3424 4897 3551 4964 Quae
3580 4900 3735 4954 detur
3762 4918 3858 4955 no-

2292 4972 2372 5025 bis
2400 4972 2642 5027 omnibus
2672 4978 2924 5047 consequi
2948 5021 2963 5045 ,
2992 4984 3156 5050 gratia
3197 4995 3251 5038 et
3282 4986 3603 5057 benignitate
3645 4991 3851 5049 Domini

2291 5074 2453 5126 nostri
2483 5072 2607 5126 Jesu
2635 5074 2854 5139 Christi,
2883 5092 2999 5129 cum
3040 5091 3144 5144 quo
3174 5076 3317 5129 Patri
3359 5092 3456 5129 una
3500 5092 3618 5131 cum
3664 5089 3848 5132 sancto

2285 5155 2480 5232 Spiritu
2511 5165 2695 5233 gloria,
2728 5168 3026 5237 imperium,
3057 5168 3244 5235 honor,
3274 5184 3416 5225 nunc
3444 5181 3497 5225 et
3525 5186 3752 5241 semper,
3794 5181 3848 5227 et

2292 5254 2340 5305 in
2372 5254 2564 5307 saecula
2591 5254 2928 5311 saeculorum.
2960 5258 3149 5312 Amen.
