4088 6424
195 519 249 572 όύ
276 515 387 584 γάρ
427 514 554 567 ῐστι
584 531 639 566 τι
684 511 918 584 φθαρτὸν
949 510 1069 564 οὐδέ
1126 509 1391 581 ἐπίκηρον
1442 508 1574 571 ἐκεῖ,
1634 504 1769 558 ἀλλά

194 599 367 653 πάντα
391 597 649 650 ἀθάνατα
675 597 768 649 καὶ
788 594 1058 664 ἀκήρατα.
1095 591 1303 645 Οὐκοῦν
1336 588 1663 658 κενώσωμεν
1688 587 1769 649 είς

190 679 389 749 ταύτην
420 679 528 748 τὴν
562 676 851 747 οίκοδομὴν
878 675 947 728 τά
984 674 1243 744 χρήματα
1267 686 1280 700 ’
1318 672 1380 726 ού
1436 671 1516 724 δεῖ
1576 669 1768 723 τεκτό-

191 779 292 814 νων
349 762 516 829 ἡμῖν,
574 758 695 811 οὐδὲ
750 756 996 827 ἐργατῶν
1029 772 1042 785 ·
1080 756 1135 807 αί
1160 753 1265 807 τῶν
1314 755 1562 817 πενήτων
1590 752 1769 823 χεῖρες

190 843 284 905 τὰς
333 840 606 902 τοιαύτας
646 836 1021 907 οἰκοδομοῦσιν
1074 836 1274 898 οίκίας,
1302 836 1351 887 οί
1379 833 1564 904 χωλοὶ,
1594 832 1645 884 οί
1672 848 1769 884 τυ-

192 923 333 991 φλοὶ,
370 924 423 975 οί
457 922 738 991 ἀνάπηροι
765 934 779 949 ⁸
810 914 955 973 οὗτοι
1011 918 1225 979 ἐκείνας
1257 918 1354 978 τάς
1409 916 1587 977 οἰκίας
1617 915 1763 967 01x0-

191 1005 439 1075 δομοῦσι.
478 1003 594 1057 Καὶ
626 1003 702 1073 μὴ
734 1000 1045 1070 θαυμάσῃς,
1098 999 1233 1051 ὅπου
1260 1015 1323 1065 γε
1348 998 1440 1052 καὶ
1492 995 1769 1066 βασιλείαν

189 1089 318 1158 ἡμῖν
346 1080 505 1140 οῦτοι
538 1082 883 1153 προξενοῦσι,
909 1082 1005 1134 καὶ
1032 1080 1345 1151 παρρησίαν
1396 1080 1529 1149 ἡμῖν
1562 1077 1768 1131 διδόασι

192 1169 322 1241 πρὸς
346 1168 443 1221 τὸν
475 1166 639 1220 Θεόν.

267 1250 332 1302 Ἦ
358 1248 476 1320 γὰρ
523 1244 865 1317 ἐλεημοσύνη
898 1245 1061 1314 τέχνη
1091 1242 1175 1307 τίς
1202 1244 1349 1297 ἐστιν
1402 1241 1623 1315 ἀρίστη,
1673 1241 1770 1294 καὶ

192 1333 494 1404 προστάτις
526 1331 636 1383 τῶν
667 1328 1049 1400 ἐργαζομένων
1071 1327 1273 1396 αὑτήν
1304 1322 1769 1404 φαηγάρτῷθεῷ

196 1401 341 1487 ίέθθ]
355 1416 503 1476 ἐστι,
524 1412 621 1465 καὶ
642 1411 866 1479 πλησίον
886 1410 1114 1475 ἔστηκεν
1128 1407 1313 1472 αὑτοῦ,
1332 1408 1470 1476 ὑπὲρ
1485 1401 1558 1460 ὧν
1572 1406 1637 1460 ἂν
1654 1404 1770 1475 βού-

191 1495 367 1562 ληται,
399 1493 650 1555 εὐκόλως
675 1491 897 1544 αίτοῦσα
922 1491 1101 1560 χάριν,
1124 1489 1287 1559 μόνον
1312 1489 1380 1542 άν
1412 1489 1487 1558 μὴ
1512 1488 1768 1556 ἀδικῆται

194 1580 317 1647 παρ’
340 1576 510 1646 ἡμῶν
537 1592 551 1604 ·
576 1574 841 1627 ἀδικεῖται
860 1573 939 1638 δέ,
962 1573 1090 1625 ὅταν
1110 1570 1171 1635 ἐξ
1194 1570 1453 1639 ἁρπαγῆς
1476 1570 1645 1638 αὐτὴν
1672 1571 1769 1641 ἐρ-

193 1657 496 1727 γαζώμεθα
524 1672 539 1685 ·
564 1654 641 1717 ὠς
685 1655 779 1707 ἐάν
875 1652 1111 1722 καθαρὰ,
1146 1650 1347 1721 πολλὴν
1376 1653 1490 1713 τοῖς
1518 1650 1769 1720 ἀναπέμ-

196 1756 387 1793 πουσιν
415 1738 597 1807 αὐτὴν
629 1735 812 1788 δίδωσι
838 1734 936 1803 τὴν
966 1735 1303 1805 παρρησίαν.
1328 1732 1576 1800 Τοσαύτη
1599 1733 1768 1800 αὐτῆς

195 1823 227 1891 ἡ
256 1823 434 1891 ἰσχῦς,
462 1821 552 1873 δτι
580 1818 675 1870 καὶ
714 1817 855 1886 ύπὶρ
890 1814 1413 1886 προσκεκρουκότων
1449 1812 1641 1877 δεῖται,
1676 1814 1768 1865 καὶ

196 1902 331 1974 ύπέρ
381 1899 817 1972 ἡμαρτηκότων.
873 1898 1024 1967 Δῦτη
1071 1895 1527 1969 διαρρηγνυσιτά
1556 1894 1764 1965 δεσμὰ,

197 1984 305 2037 λύει
326 1984 387 2037 τὸ
423 1983 649 2048 σκότος,
690 1981 941 2035 σϐέννυσι
963 1980 1026 2034 τὸ
1060 1978 1192 2050 πῦρ,
1225 1979 1450 2033 θανατοί
1478 1977 1569 2031 τὸν
1624 1978 1769 2030 σκώ-

196 2066 354 2134 ληκα,
410 2064 718 2118 ἀπελαύνει
750 2064 840 2116 τὸν
868 2063 979 2116 τῶν
1029 2061 1257 2116 ὀδόντων
1291 2059 1535 2131 βρυγμόν
1559 2076 1571 2090 ο
1598 2059 1769 2130 ταύτῃ

202 2148 331 2213 μετά
359 2146 574 2215 πολλῆς
613 2146 791 2208 ἀδείας
824 2144 1129 2212 ἀνοίγονται
1165 2143 1272 2195 τῶν
1307 2141 1551 2211 οὐρανῶν
1579 2142 1636 2195 αί
1662 2141 1767 2193 πύς

198 2228 300 2283 λαι.
324 2228 439 2283 Καὶ
463 2227 660 2297 ῶσπερ
694 2225 959 2297 βασιλίδος
984 2224 1259 2295 είσιούσης
1301 2224 1473 2288 οὐδεὶς
1508 2222 1769 2293 τολμήσει

198 2311 300 2365 τῶν
325 2311 593 2379 φυλάκων
620 2309 727 2362 τῶν
747 2312 840 2361 ἐπὶ
866 2312 984 2372 ταῖς
1007 2308 1198 2378 θύραις
1212 2308 1563 2377 τεταγμένων
1580 2305 1767 2371 ἐξετά-

202 2410 285 2445 σσι
312 2395 395 2456 τίς
412 2394 503 2462 είη
529 2393 626 2445 καὶ
659 2392 841 2454 πόθεν,
875 2389 1012 2444 ἀλλὰ
1036 2389 1235 2452 πάντες
1264 2388 1466 2453 εὐθέως
1484 2387 1771 2458 ὑποδέχον-

198 2489 281 2525 ται
296 2490 312 2505 υ
343 2473 491 2527 οὕτω
506 2472 577 2543 δὴ
601 2472 803 2541 καὶτὴν
821 2470 1191 2541 ἐλεημοσύνην
1207 2487 1220 2499 ·
1242 2471 1452 2540 βασιλὶς
1490 2472 1599 2540 γάρ
1621 2470 1769 2523 ἐστιν

202 2558 384 2620 ὅντως,
425 2556 655 2626 ὁμοίους
699 2552 1019 2623 ἀνθρώπους
1080 2553 1309 2607 ποιοῦσα
1352 2553 1489 2622 Θεῷ.
1512 2555 1770 2607 Ἕσεσθε

202 2638 324 2707 γάρ,
359 2641 554 2707 φησὶν,
578 2638 964 2707 οίκτφμονες,
1002 2637 1083 2703 ὡς
1111 2640 1144 2689 ό
1175 2636 1376 2704 Πατὴρ
1403 2634 1571 2704 ὑμῶν
1599 2639 1631 2689 ό
1666 2636 1769 2689 οὐ-

197 2719 403 2787 ράνιος
467 2721 789 2785 οἰκτίρμων
839 2720 1034 2773 ἐστίν.
1091 2719 1425 2789 Ὑπόπτερός
1488 2720 1606 2774 ἐστι
1677 2719 1770 2772 καὶ

206 2802 398 2872 κούφη,
458 2802 745 2869 πτέρυγας
792 2802 987 2871 ἐχουσα
1042 2804 1269 2871 χρυσᾶς,
1320 2802 1518 2870 πτῆσιν
1574 2802 1768 2872 ἔχουσα

207 2886 339 2937 πάνυ
394 2887 714 2957 τέρπουσαν
744 2886 865 2946 τοὺς
898 2885 1179 2952 ἀγγέλους.
1220 2885 1386 2949 Ἐκεῖ,
1435 2886 1602 2954 φησὶ,
1628 2884 1770 2938 Πτέ-

198 2984 373 3035 ρυγες
402 2964 763 3043 σςεριστερᾶς
829 2968 1387 3036 περιηργῳωμέναι,
1440 2968 1537 3020 καί
1573 2967 1644 3020 τὰ
1667 2984 1769 3035 με-

208 3049 463 3117 τάφρενα
500 3050 695 3115 αὐτῆς
721 3050 790 3102 ἐν
817 3052 1141 3118 χλωρότητι
1187 3052 1464 3119 χρυσίου.
1501 3052 1768 3123 Καθάπερ

210 3134 311 3200 γάρ
366 3133 680 3203 περιστερά
727 3149 811 3195 τις
876 3133 1051 3203 χρυσῆ
1112 3133 1205 3184 καὶ
1265 3132 1452 3196 ζῶσα,
1510 3134 1768 3197 πέταται,

207 3214 352 3283 δμμα
411 3214 692 3286 προσηνὲς
752 3214 980 3283 ἔχουσα,
1030 3215 1307 3285 ὀφθαλμὸν
1369 3217 1593 3286 ἡμερον.
1668 3218 1773 3269 06-

208 3297 289 3348 δὲν
344 3296 439 3349 τοῦ
492 3295 778 3364 ὀφθαλμοῦ
839 3297 1048 3348 ἐκείνου
1116 3296 1339 3366 βέλτιον.
1414 3298 1592 3360 Καλός
1658 3300 1771 3351 ἐστι

216 3380 298 3429 καὶ
334 3379 363 3430 ὁ
412 3377 612 3439 ταὼς,
672 3378 809 3430 ἀλλὰ
863 3378 998 3449 πρὸς
1061 3380 1275 3449 ἐκείνην
1334 3381 1541 3443 κολοιός
1592 3383 1768 3433 ἐστιν’

214 3461 375 3522 οὕτως
418 3463 452 3528 ἡ
513 3460 664 3529 ὅρνις
724 3460 862 3529 αῦτη
918 3461 1056 3531 καλή
1116 3462 1199 3523 τίς
1246 3464 1360 3514 ἐστι
1418 3462 1510 3513 καὶ
1564 3462 1773 3530 θαυμα-

215 3543 324 3611 στή.
364 3542 515 3595 ’Δνω
549 3542 635 3595 διὰ
672 3543 869 3607 παντὸς
894 3545 1019 3613 ὁρᾷ,
1043 3543 1208 3614 πολλῇ
1254 3542 1349 3595 τοῦ
1382 3542 1514 3596 Θεοῦ
1551 3546 1616 3614 τῇ
1647 3544 1770 3615 δόξῃ

214 3625 689 3695 περιστοιχίζεται·
708 3626 975 3695 παρθένος
997 3627 1113 3679 ἐστὶ
1129 3628 1405 3696 πτέρυγας
1422 3626 1619 3695 ἔχουσα
1644 3644 1772 3695 χρύ-

216 3709 326 3769 σᾶς,
354 3708 819 3778 περιεσταλμένη,
847 3708 1037 3762 λευκὸν
1067 3710 1355 3780 πρόσωπον
1420 3710 1617 3779 ἔχουσα
1676 3709 1772 3761 καὶ

213 3790 408 3858 ἥμερον
426 3808 439 3820 ·
472 3791 783 3860 ύπὸπτερός
807 3794 921 3844 ἐστι
950 3792 1039 3843 καὶ
1075 3791 1272 3861 κούφη,
1300 3792 1449 3861 παρά
1473 3792 1565 3845 τὸν
1584 3791 1771 3862 θρόνον

214 3873 415 3925 ἑστῶσα
439 3874 536 3925 τὸν
572 3872 869 3941 βασιλικόν.
908 3874 1073 3926 Ὅταν
1127 3874 1456 3943 κρινώμεθα,
1486 3876 1638 3943 ἄφνω
1678 3876 1771 3943 ἐφ-

219 3955 429 4008 ίπταται
461 3956 565 4007 καὶ
606 3957 874 4023 φαίνεται,
907 3957 998 4009 καὶ
1036 3956 1330 4025 ἐξαιρεῖται
1354 3957 1452 4024 τῆς
1500 3957 1771 4019 κολάσεως

212 4037 368 4101 ἡμᾶς.
397 4041 529 4099 ταῖς
581 4038 748 4106 αὐτῆς
802 4038 1026 4107 πτέρυξι
1072 4038 1491 4108 περιϐάλλουσα.
1554 4040 1767 4107 Ταύτην

213 4118 342 4168 θέλει
371 4121 398 4170 ὁ
427 4119 572 4181 Θεὸς
606 4118 835 4187 μᾶλλον,
873 4120 904 4189 ἧ
941 4119 1134 4182 θυσίας
1164 4138 1177 4151 ο
1205 4120 1376 4173 πολλά
1425 4124 1553 4191 περὶ
1600 4122 1769 4189 αὐτῆς

211 4200 517 4267 διαλέγεται
536 4217 550 4231 ⁸
574 4198 746 4264 οὕτως
771 4201 939 4269 αὐτὴν
958 4202 1119 4269 φιλεῖ.
1154 4202 1355 4269 Χήραν
1380 4204 1477 4256 καί
1504 4204 1770 4270 ὀρφανὸν

215 4282 301 4332 καὶ
348 4284 608 4348 πένητα,
641 4285 823 4351 φησὶν,
862 4283 1257 4351 ἀναλήψεται.
1293 4285 1413 4335 Ἀπ’
1448 4286 1619 4354 αὐτῆς
1677 4302 1766 4352 φι-

216 4362 289 4412 λεῖ
304 4363 591 4417 καλεῖσθαι
608 4366 636 4416 ό
650 4364 782 4426 Θεός
803 4381 815 4393 ⁸
851 4366 1174 4434 Οικτίρμων
1193 4368 1291 4420 καί
1316 4366 1586 4433 ἐλεήμων
1606 4369 1639 4419 ό
1656 4368 1768 4419 Κύ-

210 4461 345 4508 ριος,
392 4446 619 4513 φησὶνὸ
652 4445 831 4507 Δαυῖδ,
874 4449 1251 4517 μακρόθυμος
1296 4450 1392 4501 καί
1432 4448 1767 4514 πολυέλεος

214 4528 299 4578 καί
318 4528 641 4593 ἀληθινός·
664 4529 757 4581 καὶ
785 4530 942 4582 πάλιν
973 4530 1176 4599 ἔτερος,
1199 4532 1410 4596 Ἔλεος
1457 4532 1562 4584 τοῦ
1620 4532 1767 4585 Θεοῦ

212 4607 543 4664 ἐπιστᾶσαν
579 4608 694 4675 τὴν
733 4610 867 4679 γῆν.
920 4611 1065 4682 Αὕτη
1106 4614 1168 4665 τὸ
1198 4613 1307 4665 τῶν
1353 4613 1650 4683 ἀνθρώπων
1678 4616 1768 4682 γέ-

213 4705 292 4750 νος
341 4690 648 4744 διέσωσεν·
682 4694 732 4743 εί
787 4692 893 4763 γάρ
947 4694 1021 4763 μὴ
1073 4695 1305 4765 ἠλέησεν
1362 4698 1563 4765 ἡμᾶςὸ
1598 4699 1766 4761 Θεὸς,

218 4774 383 4826 πάντα
397 4774 461 4828 ἂν
494 4774 772 4828 ἀπόλωλεν
804 4792 817 4805 ·
852 4774 988 4844 αῦτη
1023 4776 1245 4844 ἐχθροὺς
1269 4780 1300 4847 ἡ
1312 4780 1415 4846 μᾶς
1440 4779 1599 4841 ὄντας
1639 4798 1770 4832 κατ-

218 4854 451 4930 ήλλαξιν,
506 4855 648 4922 αὕτη
672 4857 739 4908 τά
766 4858 930 4927 μυρία
968 4858 1148 4925 ἀγαθά
1181 4861 1491 4927 είργάσατο,
1518 4862 1655 4930 αὕτη
1677 4863 1769 4915 τὸν

221 4929 335 4994 TV”
367 4937 459 4993 τοῦ
484 4939 624 4993 Θεοῦ
661 4938 843 4992 ἔπεισε
886 4939 1069 4992 δοῦλον
1116 4942 1373 5007 γενέσθαι
1404 4944 1497 4995 καὶ
1530 4929 1765 4997 κενῶσαι

903 400 969 455 IN
1007 398 1227 456 EPIST.
1270 398 1362 453 AD
1398 394 1754 453 HEBBEOS.
1796 393 1947 449 CAP.
1990 392 2108 448 XII.
2148 390 2385 449 HOMIL.
2430 393 2648 449 XXXII.

3334 394 3447 451 221

1872 504 2083 557 ἑαυτόν.
2110 503 2328 574 Ταύτην
2346 504 2704 575 ζηλώσωμεν,
2728 505 3021 574 ἀγαπητοὶ,
3045 506 3112 559 δι’
3142 501 3210 576 ἧς
3232 505 3445 578 ἐσώθη-

1884 585 2189 658 μεν·
2223 587 2428 657 ταύτην
2474 588 2869 656 άγαπὴσωμεν,
2909 587 3114 658 ταύτην
3147 589 3448 659 χρημάτων

1882 668 2435 739 προτιμήσωμεν,καὶ
2465 668 2632 738 χωρὶς
2648 667 2948 738 χρημάτων
2979 668 3156 739 ψυχὴν
3177 668 3447 738 ἐλεήμονα

1873 747 2107 819 ἔχωμεν.
2145 750 2312 803 Οὐδὲν
2341 749 2485 803 οῦτω
2536 750 3039 819 χαρακτηριστικὸν
3089 751 3443 819 Χριστιανοῦ,

1871 834 1946 895 ὡς
1989 832 2326 904 ἐλεημοσύνη
2345 849 2359 863 ⁸
2393 832 2545 886 οὐδὲν
2574 832 2718 885 οὕτω
2742 834 2835 884 καὶ
2868 831 3091 885 ἄπιστοι
3112 834 3205 885 καὶ
3239 835 3447 899 πάντες

1872 916 2261 985 θαυμάζουσιν,
2280 917 2355 979 ὡς
2376 917 2502 968 ὅταν
2531 915 2792 983 ἐλεῶμεν.
2852 914 3127 985 Πολλαχοῦ
3196 916 3304 985 γάρ
3352 918 3448 970 καὶ

1871 999 2031 1068 ἡμεῖς
2064 998 2295 1067 δεόμεθα
2327 998 2422 1051 τοῦ
2452 996 2637 1060 ἐλέους
2666 997 2881 1061 τούτου,
2907 999 3003 1051 καὶ
3032 998 3168 1067 πρὸς
3196 999 3289 1051 τὸν
3316 998 3447 1052 Θεὸν

1870 1080 1993 1135 καθ’
2034 1081 2270 1150 ἑκάστην
2308 1081 2540 1149 λέγομεν
2562 1097 2575 1112 ·
2622 1080 2787 1133 Κατά
2822 1081 2889 1134 τὸ
2933 1080 3087 1149 μέγα
3124 1097 3239 1135 σου
3276 1081 3449 1146 ἕλεος

1871 1163 2130 1229 ἐλέησον
2148 1161 2324 1231 ἡμᾶς.
2348 1164 2619 1233 Πρότερον
2649 1164 2805 1215 αὐτοὶ
2824 1163 3122 1232 ἀρχώμεθα
3138 1182 3151 1193 ·
3178 1163 3375 1232 μᾶλλον
3391 1165 3449 1217 δὲ

1870 1248 1970 1300 οὑκ
1984 1246 2267 1316 ἀρχόμεθα
2281 1247 2564 1316 πρότερον·
2586 1246 2683 1298 καὶ
2703 1245 2811 1316 γάρ
2832 1246 2991 1308 αὐτὸς
3006 1246 3105 1317 ἡδη
3138 1246 3449 1313 ἐπεδείξατο

1869 1330 1959 1380 τὸν
1975 1328 2121 1380 ἔλεον
2152 1327 2313 1380 αὐτοῦ
2332 1328 2422 1379 τὸν
2453 1328 2583 1397 περὶ
2616 1328 2788 1396 ἡμᾶς.
2828 1326 2989 1391 Ἀλλ’,
3018 1329 3314 1397 ἀγαπητοὶ,
3344 1329 3449 1381 κᾶν

1871 1410 2112 1481 δεύτεροι
2153 1408 2434 1479 ἐπώμεθα.
2470 1410 2530 1461 Εί
2567 1409 2676 1477 γὰρ
2706 1407 2984 1479 ἄνθρωποι
3016 1410 3107 1461 τὸν
3140 1410 3406 1480 ἐλεήμονα
3429 1453 3444 1471 ,

1873 1493 1975 1545 κᾶν
2001 1493 2168 1563 μυρία
2197 1492 2496 1562 ἐργάσηται
2527 1493 2919 1563 ἁμαρτήματα,
2984 1492 3227 1545 ἐλεοῦσι·
3263 1493 3447 1561 πολλῷ

1880 1574 2081 1643 μᾶλλον
2098 1576 2125 1625 ό
2152 1573 2303 1634 Θεός.
2328 1575 2524 1625 Ἀκουε
2552 1572 2644 1626 τοῦ
2676 1575 2955 1644 προφήτου
2982 1574 3231 1642 λέγοντος
3253 1590 3267 1606 ⁸
3310 1575 3449 1643 Ἐγὼ

1872 1654 1940 1708 δὲ
1969 1656 2113 1709 ὡσεί
2136 1656 2329 1720 ἐλαία,
2364 1658 2519 1724 φησι,
2558 1654 2939 1723 κατάκαρπος
2968 1656 3037 1708 ἐν
3065 1656 3145 1720 τῷ
3161 1656 3309 1719 οικῳ
3342 1657 3448 1711 τοῦ

1877 1736 2044 1789 Θεοῦ.
2064 1736 2309 1789 Τοιοῦτοι
2334 1735 2642 1804 γενώμεθα,
2665 1737 2740 1800 ὼς
2763 1737 2919 1791 ἐλαία
2954 1736 3244 1805 γενώμεθα
3264 1754 3277 1769 ⁸
3312 1738 3447 1789 πάν-

1873 1816 2028 1871 τοθεν
2090 1816 2403 1887 βριθώμεθα
2454 1821 2574 1880 ταῖς
2630 1819 2869 1881 ἐντολαῖς
2898 1835 2912 1849 ·
2949 1821 3010 1871 οὐ
3040 1820 3146 1889 γὰρ
3190 1821 3351 1891 ἀρκεῖ
3372 1820 3448 1883 ὠς

1874 1900 2061 1953 ἐλαίαν
2088 1897 2249 1961 εἶναι,
2274 1898 2409 1951 ἀλλὰ
2430 1900 2523 1952 καὶ
2556 1901 2933 1969 κατάκαρπον.
2968 1901 3088 1953 Εἰσὶ
3123 1900 3232 1971 γάρ
3260 1900 3308 1954 οἳ
3338 1901 3451 1953 ἐλε-

1875 1982 2061 2043 οῦντες
2122 1980 2278 2047 ὀλίγα
2320 1979 2577 2044 διδόασιν,
2609 1981 2641 2048 ἢ
2668 1980 2757 2035 διὰ
2808 1980 3005 2044 παντὸς
3052 1981 3149 2035 τοῦ
3203 1982 3449 2055 ἐνιαυτοῦ

1878 2062 2045 2128 ἅπαξ,
2074 2061 2108 2133 ἡ
2137 2062 2259 2114 καθ’
2306 2062 2543 2132 ἑκάστην
2576 2062 2878 2133 ἑϐδομάδα,
2911 2062 2943 2132 ἡ
2972 2063 3033 2115 τὸ
3058 2064 3223 2133 τυχὸν
3262 2066 3451 2135 προϊέ-

1878 2160 2029 2213 μενοι
2057 2160 2071 2175 ο
2098 2137 2244 2197 οὗτοι
2274 2143 2449 2196 ἐλαῖαι
2475 2143 2575 2213 μέν
2597 2145 2754 2207 εἰσιν,
2771 2145 2832 2197 οὐ
2855 2144 3199 2214 κατάκαρποι
3218 2145 3294 2212 δὲ,
3315 2146 3450 2200 ἀλλά

1876 2224 1970 2277 καὶ
1988 2224 2181 2295 ·ξηραί.
2210 2224 2334 2277 ὀτι
2354 2225 2453 2294 μέν
2482 2224 2591 2295 γάρ
2619 2224 2882 2288 ἐλεοῦσιν,
2924 2224 3102 2277 ἐλαῖαι
3126 2243 3139 2255 ·
3188 2227 3269 2279 ὅτι
3297 2227 3355 2280 δέ
3387 2227 3447 2279 ού

1877 2307 2197 2377 φιλοτίμως,
2223 2306 2282 2359 οὐ
2312 2306 2657 2379 κατάκαρποι
2689 2306 2889 2361 ἐλαῖαι.
2934 2306 3075 2360 Ἀλλ’
3101 2309 3261 2378 ἡμεῖς
3285 2310 3452 2362 κατά-

1877 2406 2083 2460 καρποι
2107 2388 2414 2459 γενώμεθα.
2460 2391 2523 2442 Ὀ
2551 2389 2813 2453 πολλάκις
2837 2387 3010 2454 εἷπον,
3042 2390 3136 2444 καὶ
3163 2388 3306 2457 λέγω
3331 2389 3447 2443 νῦν·

1874 2474 1933 2525 οὐ
1951 2472 2028 2543 τῷ
2054 2472 2238 2542 μέτρῳ
2259 2471 2366 2524 τῶν
2393 2471 2685 2541 διδομένων
2710 2472 2769 2525 τὸ
2794 2472 3023 2542 μέγεθος
3051 2473 3327 2526 δείκνυται
3350 2473 3450 2542 τῆς

1876 2552 2271 2625 ἐλεημοσύνης,
2300 2552 2440 2606 ἀλλά
2463 2556 2529 2623 τῇ
2561 2554 2878 2625 προαιρέσει
2904 2553 2997 2606 τοῦ
3025 2553 3277 2617 διδόντος.
3301 2555 3449 2607 Ἰστε

1873 2637 1943 2691 τά
1977 2637 2119 2691 κατά
2144 2637 2241 2706 τὴν
2268 2637 2444 2707 χήραν
2474 2652 2487 2666 ο
2519 2636 2684 2689 καλὸν
2714 2636 2803 2688 ἀεὶ
2822 2635 3012 2705 φέρειν
3041 2636 3196 2690 τοῦτο
3224 2637 3285 2689 τὸ
3319 2638 3450 2691 ὑπό-

1874 2720 2098 2789 δειγμα,
2130 2719 2217 2772 ινα
2255 2719 2390 2789 μηδέ
2414 2719 2443 2771 ὁ
2472 2717 2637 2788 πένης
2662 2717 3013 2789 ἀπογινώσκῃ
3064 2717 3277 2782 ἑαυτοῦ,
3308 2717 3451 2787 ὁρῶν

1875 2803 1956 2864 είς
1980 2799 2079 2871 τὴν
2109 2800 2178 2852 τά
2198 2799 2292 2853 δύο
2336 2799 2510 2852 λεπτά
2535 2799 2970 2853 καταϐαλοῦσαν.
3008 2800 3285 2867 Ἤνεγκάν
3307 2815 3451 2862 τινες

1876 2884 1970 2938 καὶ
2003 2885 2197 2954 τρίχας
2226 2884 2284 2936 ἐν
2315 2886 2380 2954 τῇ
2399 2883 2494 2936 τοῦ
2517 2884 2644 2937 ναοῦ
2675 2886 3011 2952 κατασκευῇ,
3038 2884 3133 2936 καὶ
3156 2884 3274 2936 οὐδὲ
3306 2878 3449 2937 οὗτοι

1875 2968 2288 3038 ἁπεϐλήθησαν.
2334 2967 2474 3021 Ἀλλ’
2509 2970 2555 3019 εί
2597 2968 2694 3037 μὲν
2720 2968 2939 3037 χρυσίον
2973 2966 3207 3037 ἔχοντες,
3255 2970 3448 3036 τρίχας

1870 3051 2085 3121 ἔφερον,
2142 3049 2567 3121 ἐπικατάρατοιο
2606 3050 2733 3102 εἰδὲ
2774 3051 2935 3103 τοῦτο
2984 3050 3197 3119 ἔχοντες
3252 3049 3447 3117 μόνον,

1869 3133 2027 3186 τοῦτο
2079 3133 2347 3202 ἡνεγκαν,
2410 3134 2717 3187 ἀπόδεκτοι.
2764 3133 2862 3185 Διά
2914 3133 3071 3185 τοῦτο
3127 3133 3277 3186 καὶὸ
3309 3134 3449 3184 Κάῖν

1872 3214 2155 3284 ἐμέμφθη,
2182 3215 2282 3268 οὐκ
2300 3215 2487 3285 ἐπειδὴ
2506 3215 2681 3283 φαῦλα
2704 3216 3101 3286 προσήνεγκεν,
3124 3214 3235 3267 ἀλλ’
3262 3213 3450 3283 ἐπειδὴ

1870 3291 1944 3350 ὧν
1965 3294 2075 3366 εἶχε
2089 3298 2155 3350 τά
2178 3299 2483 3368 φαυλότερα
2501 3317 2512 3328 ·
2535 3298 3016 3365 Ἐπικατάρατος,
3041 3297 3224 3365 φησὶν,
3244 3295 3309 3361 ὃς
3326 3296 3450 3363 ἔχει

1871 3380 2080 3447 ἄρσεν,
2102 3381 2198 3433 καί
2219 3381 2346 3434 θύει
2356 3379 2786 3449 διεφθαρμένον
2801 3377 2880 3448 τῷ
2898 3380 3039 3446 Θεῷ,
3059 3381 3169 3449 Οὐχ
3182 3379 3364 3442 ἁπλῶς
3380 3375 3450 3431 εἷο

1873 3480 1996 3525 πεν,
2030 3462 2364 3532 ἀλλ’ὁέχων,
2397 3464 2552 3532 φησὶ,
2586 3465 2681 3516 καὶ
2712 3464 3047 3533 φειδόμενος.
3080 3463 3142 3515 El
3169 3463 3346 3515 τοίνυν
3365 3478 3449 3524 τις

1872 3544 1973 3597 οὐκ
2006 3544 2141 3614 ἔχει,
2175 3544 2520 3614 ἀπήλλακται
2560 3546 2654 3598 καὶ
2709 3545 3091 3616 ἐγκλημάτων,
3155 3545 3351 3613 μᾶλλον
3390 3544 3447 3597 δὲ

1869 3626 1984 3696 ἔχει
2034 3627 2244 3695 μισθόν.
2278 3627 2344 3677 Τί
2372 3627 2477 3696 γὰρ
2511 3628 2605 3681 δύο
2663 3628 2866 3681 ὀϐολῶν
2922 3628 3322 3697 εὐτελέστερον,
3352 3628 3447 3681 καὶ

1868 3708 2071 3778 τριχῶν
2106 3709 2598 3780 οὐδαμινέστερον;
2635 3712 2685 3763 τί
2718 3710 2772 3762 δὲ
2804 3710 3131 3777 σεμιδάλεως
3163 3709 3392 3778 κοτύλης
3425 3727 3439 3774 ;

1871 3791 1984 3843 ἀλλ’
1996 3792 2145 3860 ὅμως
2154 3791 2329 3843 ταῦτα
2343 3792 2918 3862 ηὐδοκίμησενξόμοίως
2932 3795 3039 3854 τοῖς
3056 3790 3205 3862 [501]
3225 3792 3445 3861 μόσχοις

1870 3876 1963 3926 καὶ
1981 3873 2057 3944 τῷ
2075 3875 2303 3945 χρυσίῳ.
2340 3875 2478 3930 Καθ’
2496 3875 2526 3927 ὃ
2545 3876 2655 3943 γὰρ
2680 3876 2801 3943 ἕχει
2831 3892 2941 3940 τις,
2976 3875 3441 3941 εὐπρόσδεκτος,

1869 3958 1941 4010 οὐ
1990 3956 2163 4009 καθ’ὃ
2181 3958 2293 4010 οὐκ
2328 3956 2449 4024 ἔχει
2472 3974 2485 3986 °
2528 3958 2643 4019 καὶ,
2661 3957 2755 4021 Ὠς
2776 3958 2851 4009 ἂν
2872 3957 3005 4024 ἔχῃ,
3039 3958 3223 4026 φησὶν,
3243 3960 3279 4021 ἡ
3312 3958 3441 4025 χείρ

1870 4055 2006 4104 σου,
2033 4034 2101 4092 εὖ
2121 4040 2279 4092 ποίει
2304 4040 2431 4103 ·διὸ,
2462 4040 3128 4109 παρακαλῶ,κενώσωμεν
3148 4040 3440 4109 προθύμως

1868 4121 1939 4173 τά
1953 4122 2080 4173 ὄντα
2097 4123 2176 4183 εἰς
2192 4123 2317 4183 τοὺς
2336 4122 2595 4190 πένητας⁸
2617 4121 2717 4175 κᾶν
2738 4121 2895 4189 ὀλίγα
2910 4117 2964 4193 ᾖ.
2984 4123 3073 4175 τὸν
3090 4123 3250 4175 αὐτὸν
3272 4122 3439 4191 ληψό-

1875 4204 2012 4274 μεθα
2042 4205 2231 4271 μισθὸν
2265 4207 2377 4267 τοῖς
2416 4206 2483 4256 τὰ
2512 4204 2732 4257 πλείονα
2766 4205 3183 4265 καταϐάλλουσι,
3240 4206 3439 4273 μᾶλλον

1873 4288 1930 4339 δὲ
1960 4286 2180 4339 πλείονα
2216 4287 2326 4339 τῶν
2358 4288 2528 4355 μυρία
2572 4287 2810 4339 τάλαντα
2843 4288 3309 4340 καταϐαλλόντων.
3342 4288 3438 4339 Ἀν

1868 4369 2041 4423 ταῦτα
2068 4368 2333 4438 ποιῶμεν,
2358 4368 2751 4437 ἐπιτευξόμεθα
2771 4369 2877 4421 τῶν
2904 4371 3125 4436 ἀφάτων
3150 4370 3438 4438 θησαυρῶν

1870 4451 1960 4504 τοῦ
1996 4451 2153 4513 Θεοῦ,
2186 4451 2252 4504 ἂν
2273 4451 2347 4521 μὴ
2379 4452 2667 4520 ἀκούωμεν
2694 4451 2877 4520 μόνον,
2902 4453 3037 4504 ἀλλὰ
3061 4454 3153 4505 καὶ
3181 4454 3435 4522 πράττω-

1874 4551 1993 4602 μεν,
2031 4533 2096 4586 ἂν
2122 4533 2195 4603 μὴ
2228 4532 2558 4601 ἐπαινῶμεν,
2590 4533 2724 4585 ἀλλὰ
2746 4534 2839 4585 καὶ
2869 4534 2955 4587 διὰ
2987 4536 3094 4587 τῶν
3116 4534 3292 4605 ἔργων
3321 4537 3439 4587 ἐπι-

1870 4618 2225 4683 δεικνύωμεν.
2274 4610 2371 4667 Ὧν
2426 4617 2633 4683 γένοιτο
2682 4616 2885 4679 πάντας
2934 4618 3079 4686 ἡμᾶς
3140 4619 3433 4684 ἐπιτυχεῖν.

1872 4701 2053 4769 χάριτι
2082 4700 2171 4749 καὶ
2204 4697 2579 4767 φιλανθρωπία
2593 4697 2685 4750 τοῦ
2704 4699 2907 4768 Κυρίου
2934 4699 3091 4767 ἡμῶν
3118 4698 3290 4767 Ἰησοῦ
3314 4701 3437 4767 Χρι-

1871 4780 2018 4844 στοῦ,
2062 4780 2202 4847 μεθ’
2228 4774 2289 4833 06
2320 4780 2396 4849 τῷ
2428 4781 2633 4850 Πατρὶ,
2680 4780 2795 4850 ἅμα
2827 4780 2903 4849 τῷ
2938 4782 3075 4849 ἁγίῳ
3132 4781 3431 4849 Πνεύματι,

1869 4862 1992 4925 δόξα
2022 4904 2036 4927 ,
2061 4862 2278 4931 κράτος,
2300 4862 2455 4932 τιμὴ,
2484 4862 2578 4917 νῦν
2604 4864 2695 4916 καὶ
2723 4864 2829 4927 ἀεὶ,
2858 4864 2950 4917 καὶ
2971 4866 3050 4929 είς
3069 4866 3195 4927 τοὺς
3232 4862 3433 4927 αἰῶνας

1868 4946 1977 4997 τῶν
2009 4945 2239 4998 αἰώνων.
2273 4946 2325 4997 Ἀ
2340 4947 2467 5015 μήν.
