4094 6426
177 397 279 453 123

952 389 1014 447 ΙΝ
1054 385 1266 445 ῙΞΡῙΞΤ.
1310 382 1399 439 Af)
1440 368 1794 435 "BNL-EOS.
1838 365 1986 423 CA1".
2029 362 2167 420 Xlll.
2228 361 2457 420 llOillL.
2496 363 2737 419 XXXI".

3379 372 3487 429 2ὲὸ

1530 562 1867 625 HOMILIA
1913 560 2212 621 XXXIII.

205 698 338 751 Cu.
371 695 462 751 ιε.
499 711 556 748 γ.
592 693 693 749 23.
727 692 909 763 Itaque
935 705 1139 757 regnum
1170 686 1421 740 immobile
1449 685 1773 753 suscipientes
1797 722 1811 745 .

288 788 570 841 habeamus
592 785 836 855 gratiam,
861 797 948 849 per
971 796 1119 846 quant
1140 778 1413 831 serviamus
1434 774 1684 844 placentes
1707 772 1813 825 Deo

295 894 409 933 cum
431 887 572 929 metu
604 863 653 927 et
678 872 970 927 reveretuia.
993 869 1084 923 29.
1110 867 1307 921 Etenim
1335 865 1469 919 Deus
1494 874 1660 917 noster
1682 863 1815 933 ignis

300 982 602 1022 consumens
626 973 718 1019 est.

306 1063 351 1114 Ι.
384 1057 538 1124 Quod
572 1055 697 1109 alibi
730 1053 875 1116 dicit,
904 1052 1029 1119 Qua!
1046 1051 1179 1104 enim
1207 1048 1455 1113 uidentur,
1480 1057 1596 1099 sunt
1623 1055 1815 1114 tempo-

223 1155 363 1206 ralia
390 1168 405 1214 ;
431 1166 546 1220 qua
570 1160 735 1201 autem
758 1163 855 1200 non
880 1146 1128 1206 videntur,
1151 1153 1334 1196 (eterna
1362 1140 1434 1210 (2.
1461 1138 1575 1193 Cor.
1601 1139 1654 1194 4.
1688 1138 1811 1208 l8);

219 1255 277 1298 ct
308 1259 380 1298 ex
413 1256 481 1296 eo
506 1238 723 1293 adhibet
751 1236 1168 1290 consolationem
1195 1234 1245 1286 iu
1275 1232 1424 1285 malis
1449 1246 1566 1300 quae
1594 1229 1813 1284 ferimus

217 1338 273 1388 in
307 1336 420 1386 vita
456 1330 740 1401 praesenti;
776 1329 875 1383 hoc
902 1326 987 1381 hic
1016 1340 1226 1393 quoque
1258 1323 1380 1377 facit
1404 1334 1457 1377 et
1487 1322 1611 1375 dicit
1645 1339 1658 1374 :
1693 1318 1808 1373 lla-

209 1429 438 1482 beamus
484 1425 739 1496 gratiam;
771 1422 869 1475 hoc
903 1430 1005 1479 est,
1031 1420 1138 1472 Deo
1175 1430 1393 1487 agamus
1429 1414 1623 1484 gratias
1647 1454 1661 1476 ,
1694 1428 1808 1467 ma-

211 1534 456 1575 neamus
488 1519 647 1572 firmi.
680 1515 794 1570 Non
830 1514 1001 1568 solum
1044 1512 1185 1567 enim
1228 1524 1331 1563 non
1372 1508 1628 1563 debemus
1669 1522 1811 1575 aegre

207 1612 369 1663 ferre
416 1606 698 1678 prxsentia
719 1644 736 1669 ,
768 1604 859 1657 sed
887 1603 1044 1657 etiam
1077 1609 1291 1669 propter
1322 1598 1493 1652 futura
1526 1598 1807 1650 maximam

209 1699 433 1753 habere
474 1698 719 1766 gratiam.
763 1692 867 1747 Per
903 1708 1051 1762 quam
1095 1692 1366 1745 serviamus
1401 1688 1521 1741 bene
1563 1690 1809 1758 placentes

210 1790 375 1851 Deo;
409 1790 461 1844 id
491 1798 572 1843 est
592 1828 606 1851 ,
635 1788 709 1839 sic
737 1786 876 1840 enim
909 1786 1029 1838 licet
1057 1783 1258 1837 svrvire
1292 1782 1398 1837 Deo
1430 1781 1562 1834 bene
1594 1782 1806 1849 placen-

206 1890 357 1945 tem,
389 1880 434 1934 si
468 1880 520 1931 in
548 1876 797 1932 omnibus
824 1877 929 1945 agit
956 1875 1173 1944 gratias.
1205 1871 1409 1936 Omnia,
1441 1872 1630 1940 inquit,
1660 1873 1810 1940 facite

202 1972 416 2036 absque
462 1968 941 2021 murmurationibus
979 1975 1027 2018 et
1066 1958 1810 2034 disceptationibus(Pliilipﬁ.

205 2065 332 2131 14).
368 2061 522 2130 Quod
554 2062 694 2115 enim
728 2060 912 2115 fecerit
938 2057 1198 2128 quispiam
1228 2070 1586 2117 murmurans,
1614 2052 1671 2109 id
1694 2070 1808 2107 am-

206 2164 376 2223 putat
401 2164 453 2207 et
480 2152 651 2222 perdit
679 2148 999 2213 mercedem,
1023 2148 1158 2201 sicut
1189 2146 1438 2200 Israelita:
1459 2163 1471 2199 :
1496 2146 1645 2200 scitis
1662 2145 1806 2199 enim

203 2260 359 2316 quas
404 2258 591 2310 poenas
619 2241 882 2295 dederunt
910 2239 979 2293 ob
1021 2240 1485 2291 murumrationcs.
1518 2235 1805 2303 Propterea

204 2338 386 2390 dicit:
418 2333 600 2405 Neque
627 2333 964 2385 murmuretis.
986 2328 1099 2383 Non
1130 2339 1445 2398 poteStei-go
1471 2326 1583 2381 lleri
1616 2338 1672 2380 ut
1698 2328 1805 2381 Deo

208 2427 288 2481 ita
318 2426 535 2481 servias
563 2434 616 2477 ut
644 2423 691 2477 ei
725 2422 935 2491 placeas
958 2461 973 2483 ,
1000 2420 1043 2472 si
1072 2435 1176 2471 non
1216 2419 1263 2471 ci
1297 2417 1493 2489 habeas
1516 2418 1713 2486 gratias
1738 2416 1807 2471 de

208 2517 478 2571 cornibus
496 2523 549 2569 et
578 2514 644 2569 de
672 2511 1045 2567 tentationibus
1065 2520 1118 2564 et
1144 2508 1212 2563 de
1238 2508 1433 2576 quiete.
1452 2506 1579 2561 Cum
1602 2517 1731 2560 metu
1759 2516 1805 2560 et

209 2607 535 2669 reverentia;
559 2604 660 2659 hoc
685 2615 787 2668 est,
811 2601 939 2655 nihil
964 2600 1242 2669 loquamur
1270 2597 1550 2667 impudens
1576 2606 1630 2652 et
1654 2612 1808 2653 arro-

211 2712 381 2770 gans,
401 2697 496 2752 sed
529 2710 624 2749 nos
650 2706 1051 2762 coutponamus,
1069 2700 1125 2744 ut
1150 2691 1315 2745 simus
1339 2690 1624 2744 reverendi
1660 2708 1673 2742 :
1704 2689 1807 2745 hoc

212 2789 370 2841 enim
392 2798 473 2839 cst
500 2786 637 2854 quod
666 2784 793 2838 dicit
814 2781 964 2836 :Cum
991 2789 1122 2833 metu
1149 2790 1197 2833 et
1224 2780 1517 2833 reverentia.
1542 2778 1803 2849 (cum)

213 2883 268 2935 1.
287 2881 495 2934 Caritas
524 2879 853 2949 fraternitatis
880 2888 1080 2932 maneat
1105 2877 1159 2931 in
1179 2880 1336 2933 vobis.
1361 2877 1420 2929 Ξ.
1446 2874 1514 2929 Et
1540 2875 1804 2946 hospitali-

216 2981 374 3027 tatem
393 2972 545 3025 nolite
556 2970 808 3025 oblivisci:
822 2986 910 3039 per
924 2974 1055 3023 lianc
1064 2970 1196 3022 enim
1208 2970 1460 3021 latuerunt
1479 2966 1703 3036 quidam,
1720 2981 1812 3018 an-

216 3062 348 3132 gelis
376 3062 593 3129 hospitio
615 3059 992 3129 exceptisNide
1011 3059 1279 3128 quomodo
1298 3057 1451 3127 jubet
1473 3070 1565 3111 eos
1588 3071 1737 3109 serva
1747 3070 1801 3107 re

221 3150 510 3220 prmseutia
544 3169 558 3204 :
589 3166 685 3204 nec
721 3149 869 3204 addit
912 3149 1051 3212 alia;
1093 3163 1198 3203 non
1238 3148 1379 3203 enim
1408 3146 1577 3201 dixit:
1618 3146 1804 3200 Estote

219 3252 496 3297 amatores
535 3240 787 3306 fratrum,
823 3238 949 3294 sed:
986 3237 1193 3291 Maneat
1227 3238 1413 3291 caritas
1451 3235 1800 3305 fraternitatis.

223 3332 295 3388 Et
314 3347 502 3387 rursus
530 3346 633 3386 non
662 3329 811 3395 dicit,
843 3330 1027 3385 Estotc
1052 3329 1361 3398 hospitales,
1389 3343 1451 3382 ac
1472 3328 1515 3381 si
1544 3328 1676 3381 tales
1698 3342 1803 3382 non

222 3422 371 3485 sint;
398 3420 491 3475 sed
512 3461 527 3486 ,
563 3419 938 3491 Hospitalitatis
976 3420 1131 3473 nolite
1168 3418 1391 3472 oblivisci
1419 3432 1438 3470 :
1463 3427 1637 3486 potest
1662 3417 1802 3472 enim

226 3514 332 3569 hoc
379 3513 619 3568 accidere
662 3528 725 3567 ex
771 3509 1165 3566 afﬂictionibus.
1217 3508 1421 3565 Deinde
1469 3509 1521 3563 id
1569 3507 1791 3572 addidit,

226 3606 371 3675 quod
412 3605 580 3673 magis
611 3612 810 3671 poterat
841 3603 1103 3665 excitare,
1134 3600 1319 3655 dicens
1347 3617 1362 3655 :
1388 3597 1663 3653 Inscientes
1691 3600 1805 3668 qui-

226 3698 349 3750 dam
369 3696 575 3765 angelos
596 3694 813 3763 hospitio
838 3703 1162 3758 exceperunt.
1186 3689 1349 3745 Vides
1365 3701 1593 3759 quantus
1614 3688 1803 3752 honor,

227 3800 484 3859 quantum
525 3787 726 3841 lucrum
772 3785 967 3840 fuerit?
1005 3782 1142 3850 Quid
1180 3791 1294 3849 est,
1327 3780 1651 3836 Inscientes?
1692 3779 1806 3835 Non

228 3885 616 3948 cognoscentes
665 3875 894 3945 hospitio
942 3880 1288 3941 exceperunt.
1331 3870 1454 3925 ldco
1499 3885 1688 3941 magna
1727 3881 1809 3926 est

229 3967 538 4023 Abrahamo
565 3980 770 4021 merces
791 4005 807 4031 ,
836 3965 975 4034 quod
1009 3964 1253 4018 nesciens
1278 3976 1373 4017 eos
1400 3975 1520 4017 esse
1546 3960 1762 4031 angelos
1786 4002 1802 4026 ,

231 4058 468 4130 hospitio
492 4057 764 4127 exceperit
793 4074 808 4109 :
840 4071 960 4110 nam
987 4056 1030 4109 si
1062 4054 1325 4113 scivisset.
1359 4066 1465 4107 non
1497 4052 1684 4107 fuisset
1708 4052 1809 4105 mi-

232 4150 481 4206 randum.
514 4148 739 4217 Quidam
768 4146 951 4201 dicunt
990 4159 1112 4200 eum
1152 4142 1239 4198 hic
1270 4144 1433 4198 etiam
1470 4141 1809 4197 subiudicare

234 4244 446 4299 Lutum.
477 4242 530 4297 5.
564 4239 868 4295 Mementote
886 4238 1164 4291 vinctorum
1186 4244 1439 4305 tamquam
1457 4233 1607 4287 simul
1632 4232 1806 4299 vincti,

232 4345 279 4388 et
308 4334 647 4389 laborantium
668 4342 923 4401 tamquam
950 4338 996 4383 et
1017 4329 1116 4400 ipsi
1142 4328 1195 4380 in
1217 4342 1427 4394 corpore
1452 4334 1724 4380 morantes.
1751 4325 1806 4380 4.

237 4424 551 4481 Honorabile
576 4422 875 4477 connubium
907 4420 961 4473 in
986 4419 1245 4484 omnibus,
1269 4425 1315 4471 et
1344 4426 1483 4470 torus
1509 4416 1810 4469 immacula-

234 4529 315 4571 tus
349 4531 367 4568 :
393 4514 723 4584 fornicatores
748 4520 914 4564 autem
938 4519 983 4563 et
1008 4508 1265 4563 adulteros
1286 4505 1536 4579 judicabit
1564 4504 1722 4561 Deus.
1754 4507 1807 4562 5.

236 4608 357 4661 Sint
401 4620 565 4658 more:
600 4604 707 4658 sine
749 4602 1004 4665 avaritia;
1035 4599 1251 4654 contenti
1294 4598 1639 4669 prementibus.
1681 4596 1811 4653 Vide

238 4713 395 4768 quam
425 4696 585 4749 multa
612 4693 768 4749 verba
800 4691 957 4747 faciat
983 4691 1049 4746 de
1087 4690 1455 4760 temperantia.
1494 4688 1699 4753 Pacem,
1729 4690 1809 4744 in-

237 4789 373 4859 quit,
405 4785 658 4841 scetemini
681 4794 725 4839 et
752 4784 1235 4852 sanctiﬁcationem,’
1267 4791 1343 4847 et,
1374 4779 1536 4836 Nemo
1562 4784 1626 4835 sit
1654 4786 1813 4851 formo

239 4890 382 4933 cator
424 4886 511 4929 aut
556 4877 841 4945 profanus;
875 4882 927 4928 et
965 4887 1104 4927 nunc
1144 4887 1360 4939 rursus,
1391 4870 1744 4926 Fornicatores
1771 4892 1794 4925 ε

241 4968 499 5024 adulteros
514 4966 765 5039 judicabit
786 4962 947 5020 Deus.
970 4964 1175 5035 Ubique
1192 4977 1314 5017 cum
1345 4978 1502 5032 pinna
1530 4972 1610 5017 est
1631 4962 1813 5032 prnhi.

242 5061 391 5117 tt'uio.
417 5059 483 5115 Et
507 5060 794 5132 quomodo,
812 5060 936 5116 hinc
962 5060 1232 5131 perpende
1260 5074 1274 5111 :
1303 5070 1424 5112 cum
1452 5054 1692 5116 dixisset.
1712 5050 1819 5106 Pa-

243 5166 347 5205 cem
467 5146 739 5205 sectemini
818 5165 931 5205 cum
1026 5148 1256 5203 omnibus
1275 5155 1323 5201 et
1348 5144 1814 5215 sanctiﬁcationem,

242 5239 545 5310 subjuntit:
574 5238 702 5296 Sine
722 5255 821 5310 qua
840 5254 987 5294 nemo
1011 5238 1193 5295 ridebit
1217 5236 1491 5292 Dominum
1516 5234 1702 5307 (Hebr.
1726 5235 1813 5290 Η.

244 5333 368 5403 N):
400 5330 487 5388 hic
508 5345 661 5396 vero,
691 5327 1049 5385 Fornicatores
1073 5337 1238 5384 autem
1267 5336 1313 5381 et
1338 5326 1594 5381 adulteros
1614 5324 1816 5395 iudica-

245 5424 308 5477 bit
337 5421 474 5479 Deus
494 5440 515 5489 ;
538 5433 594 5480 et
620 5436 745 5477 cum
770 5422 920 5493 prius
947 5422 1248 5493 posuisset:
1282 5417 1593 5475 Honorabile
1618 5434 1816 5473 connu—

241 5516 365 5572 bium
390 5518 444 5574 in
472 5516 745 5580 omnibus,
777 5524 824 5570 et
851 5525 989 5569 torus
1025 5513 1378 5568 immaculatus
1408 5528 1427 5565 :
1458 5525 1613 5582 pinna
1640 5510 1816 5566 addita

238 5610 456 5666 ostendit
485 5622 548 5663 se
568 5607 694 5678 jure
718 5604 1061 5675 subjuuxisse
1079 5618 1139 5659 ea
1165 5618 1284 5674 qua:
1310 5601 1562 5672 deinceps
1588 5616 1820 5672 sequun-

230 5711 325 5757 tur.
370 5701 427 5759 Si
480 5698 636 5755 cnim
680 5708 998 5750 concessum
1037 5701 1121 5749 est
1161 5692 1589 5757 malrimonium,
1626 5691 1818 5746 merito

218 5798 427 5869 punitur
465 5795 780 5851 scortator,
813 5786 1002 5840 merito
1044 5784 1301 5854 supplicio
1332 5784 1561 5840 afﬁcitur
1586 5781 1812 5837 adulter.

1922 677 2018 729 llic
2041 690 2098 729 se
2128 682 2276 743 parat
2300 675 2364 727 ad
2399 674 2738 741 pugnandum
2765 671 3021 722 adversus
3054 666 3359 723 luereticos.
3384 664 3501 722 Non

1920 768 2054 819 dixit
2094 781 2308 820 rursus:
2352 764 2537 819 Nullus
2577 763 2647 816 sit
2688 761 3019 823 fornicator;
3050 756 3143 811 sed
3175 773 3296 813 cum
3336 756 3502 813 semel

1918 857 2158 921 dixisset,
2191 866 2313 908 tunc
2340 864 2604 922 tamquam
2629 864 2968 906 communem
3000 847 3227 917 subjecit
3253 845 3503 901 admoni-

1921 947 2137 1006 tionem,
2171 960 2274 997 non
2306 954 2572 1012 tamquam
2614 940 2681 993 ad
2726 942 2869 1008 ipsos
2911 938 3069 992 verba
3099 937 3356 1007 dirigens.
3387 936 3503 990 Sint

1920 1052 2081 1088 mores
2121 1036 2230 1090 sine
2271 1036 2483 1087 avaritia
2506 1048 2525 1095 ;
2556 1032 2773 1086 contenti
2813 1029 3160 1092 manentibus.
3188 1026 3303 1082 Non
3329 1026 3457 1081 dixit
3485 1066 3502 1091 ,

1918 1126 2058 1180 Nihil
2086 1126 2420 1195 possidentis,
2446 1125 2559 1186 sed,
2588 1123 2705 1177 Sint
2726 1139 2889 1175 mores
2914 1121 3023 1175 sine
3046 1120 3299 1183 avaritia;
3325 1119 3374 1173 id
3398 1128 3501 1182 est,

1916 1216 1982 1269 sit
2022 1233 2171 1270 mens
2228 1216 2413 1279 libera,
2459 1214 2705 1269 ostendat
2752 1220 2983 1266 mentem
3038 1208 3500 1280 pltilosophicam;

1916 1309 2162 1361 ostendet
2190 1318 2393 1368 autem,
2424 1306 2468 1359 si
2494 1305 2712 1357 minime
2734 1315 3037 1370 qua-ramus
3062 1316 3182 1370 qua:
3230 1297 3501 1369 superﬂua

1916 1408 2059 1463 sunt,
2076 1400 2118 1452 si
2136 1398 2296 1451 rebus
2314 1398 2527 1450 utilibus
2546 1405 2749 1450 tantum
2760 1404 2821 1449 et
2834 1392 3148 1448 necessariis
3169 1389 3504 1445 adhaeresco-

1917 1504 2053 1543 mus.
2078 1487 2207 1542 Nam
2236 1489 2478 1555 superius
2507 1489 2666 1541 etiam
2694 1486 2825 1539 dixit
2850 1503 2862 1537 :
2892 1484 2953 1538 Et
2982 1486 3216 1552 rapinam
3251 1483 3497 1537 bonorum

1916 1592 2190 1635 vestrorum
2228 1596 2341 1633 cum
2368 1579 2555 1649 gaudio
2575 1578 2861 1645 suscepistis
2885 1575 2904 1648 (
2932 1576 3088 1630 llebr.
3122 1575 3207 1629 10.
3373 1572 3500 1627 lla-t3

1915 1672 2223 1734 admonent,
2241 1685 2307 1723 ne
2336 1671 2438 1723 sint
2464 1669 2629 1723 avari.
2652 1666 2904 1729 Contenti,
2931 1668 3121 1733 inquit,
3150 1663 3496 1734 prwseutibns.

1917 1762 2115 1817 Deinde
2138 1773 2219 1815 est
2239 1762 2395 1814 etiam
2431 1761 2516 1813 hic
2543 1758 2863 1818 consolatio,
2887 1766 2944 1809 ut
2972 1773 3037 1811 ne
3058 1756 3363 1823 desperent.
3384 1752 3502 1818 Ipse

1915 1854 2045 1907 enim
2064 1853 2189 1906 dixit
2206 1868 2223 1905 :
2238 1850 2357 1904 Non
2382 1861 2429 1903 te
2449 1852 2695 1914 deseram,
2712 1864 2866 1917 neque
2887 1846 3249 1915 derelinquant.
3265 1842 3317 1899 6.
3336 1842 3419 1895 Ita
3448 1852 3501 1895 nt

1914 1943 2224 2010 conﬁdenter
2246 1943 2495 2004 dicamus,
2525 1940 2772 1994 Dominus
2796 1940 2920 1993 uti/ti
2940 1940 3146 2008 adjutor
3175 1946 3246 1991 est
3271 1952 3405 1990 :non
3431 1937 3498 1989 ti-

1915 2034 2052 2088 mebo
2074 2034 2193 2103 quid
2222 2034 2374 2094 facint
2392 2033 2512 2084 mihi
2540 2033 2710 2083 homo.
2732 2030 2865 2084 Ecce
2890 2043 3077 2083 rursus
3094 2035 3176 2081 est
3203 2025 3500 2080 consolatio

1916 2125 1967 2178 in
1987 2122 2445 2178 lcutationibus.7.
2466 2120 2767 2174 Mementote
2789 2118 3175 2189 prtepositorum
3197 2126 3496 2170 vestrorum.

1919 2214 2029 2269 lloc
2052 2216 2165 2281 jam
2192 2214 2441 2283 Superius
2462 2212 2641 2266 dicere
2668 2211 2880 2265 volebat
2910 2228 2923 2263 :
2954 2219 3235 2278 propterea
3266 2206 3495 2272 dicebat,

1915 2306 2102 2361 Pacem
2129 2304 2389 2359 sectemini
2417 2319 2534 2356 cum
2560 2301 2812 2355 onmibus.
2844 2300 3014 2369 llujus
3042 2299 3202 2353 ctiam
3243 2297 3501 2352 adumnc-

1914 2395 2003 2452 bat
2030 2394 2538 2452 ’I’hessalonicenses
2559 2433 2575 2458 ,
2604 2401 2661 2448 ut
2686 2407 2781 2447 eos
2806 2391 3066 2446 haberent
3094 2391 3145 2445 in
3176 2404 3387 2445 summo
3409 2390 3500 2441 ho.

1917 2502 2069 2543 norc.
2096 2486 2417 2551 Mementote,
2450 2487 2639 2555 inquit,
2664 2484 3052 2553 prtepositorum
3078 2492 3376 2549 vestrorum,
3408 2482 3498 2551 qui

1913 2576 2050 2631 vobis
2076 2577 2268 2643 loquuti
2306 2586 2423 2630 sunt
2448 2574 2651 2628 uerbum
2688 2572 2785 2626 Dei
2812 2588 2831 2627 :
2866 2588 3081 2642 quorum
3122 2572 3363 2628 intuentes
3396 2574 3496 2626 €35-

1908 2682 2013 2725 tum
2041 2670 2435 2725 conversationis
2454 2708 2469 2735 ,
2492 2668 2766 2722 imitamini
2790 2668 2944 2737 fidem
2972 2668 3049 2737 (I.
3080 2665 3257 2721 Thess.
3283 2666 3340 2723 5.
3373 2666 3487 2737 15).

1906 2760 2163 2828 Quaenam
2215 2770 2296 2814 cst
2342 2761 2457 2814 haec
2496 2756 2921 2827 consequentia?
2964 2755 3175 2826 Optima
3223 2754 3485 2826 quidem:

1906 2850 2324 2906 Considcmntes
2350 2850 2519 2916 enim,
2551 2849 2741 2919 inquit,
2772 2862 2959 2904 eorum
2985 2848 3449 2903 conversationem
3467 2887 3489 2912 ,

1908 2956 2100 3010 nempe
2141 2941 2305 2994 vitam
2326 2980 2342 3006 ,
2373 2940 2654 2994 imitamini
2694 2939 2852 2994 fidem
2884 2954 2899 2992 :
2929 2953 2959 2993 a
2990 2936 3186 2993 munda
3217 2937 3360 2994 enim
3380 2938 3491 2992 vita

1906 3040 1990 3084 est
2020 3028 2173 3085 tides.
2203 3031 2308 3083 Aut
2335 3028 2496 3085 tidem
2526 3029 2655 3083 dicit
2695 3028 3043 3083 stabilitatem
3074 3037 3131 3084 et
3158 3028 3487 3084 firmitatem.

1905 3121 2232 3187 Quomodo?
2258 3121 2509 3177 Ostendit
2534 3122 2677 3176 enim
2700 3120 2840 3191 quod
2867 3120 3091 3175 llrmiter
3112 3120 3271 3176 rebus
3298 3119 3491 3176 futuris

1904 3213 2218 3277 credentes,
2264 3221 2469 3266 rectum
2510 3212 2634 3267 vita:
2677 3212 2977 3267 institutum
3019 3220 3325 3267 tenuerunt.
3374 3210 3491 3268 Non

1866 3304 2047 3357 tenim
2081 3303 2236 3357 vitam
2260 3304 2618 3359 ostendissent
2643 3302 2894 3358 mundum
2923 3317 2986 3357 ac
3005 3318 3213 3374 puram.
3247 3305 3291 3357 si
3320 3301 3389 3359 de
3410 3302 3497 3358 fu-

1908 3393 2041 3447 turis
2092 3392 2457 3459 dubitassem,
2487 3393 2533 3447 si
2580 3393 2959 3462 ambagisseut.
2995 3392 3350 3460 Quamobrem
3392 3392 3496 3449 hoc

1908 3480 2082 3549 ipsum
2115 3482 2200 3537 hic
2220 3497 2429 3551 quoque
2444 3493 2616 3537 curat.
2636 3485 2690 3537 8.
2715 3482 2865 3537 Iesus
2892 3480 3122 3537 Christus
3150 3484 3259 3537 lteri
3283 3495 3327 3538 et
3345 3484 3498 3539 hodie

1907 3572 2038 3625 idem
2068 3573 2193 3641 ipse,
2224 3583 2269 3625 et
2296 3573 2348 3625 in
2374 3573 2577 3628 secula.
2604 3572 2654 3629 9.
2684 3573 2939 3627 Doctrinis
2965 3576 3115 3628 curiis
3139 3583 3186 3628 et
3221 3576 3497 3647 peregrinis

1908 3666 2062 3719 nolite
2074 3665 2255 3719 abduci
2276 3681 2296 3721 :
2318 3667 2563 3735 optimum
2583 3676 2653 3721 est
2675 3668 2807 3720 enim
2831 3668 2997 3739 gratia
3021 3668 3236 3721 stabiliri
3260 3684 3366 3735 cor,
3394 3685 3497 3723 non

1908 3757 2054 3822 escis,
2076 3771 2190 3826 qua:
2214 3772 2315 3810 non
2343 3760 2642 3829 profuerant
2666 3757 3041 3812 ambulantibus
3069 3759 3121 3812 in
3148 3759 3241 3814 eis.

1978 3847 2032 3900 2.
2070 3846 2164 3901 llic
2194 3846 2343 3909 illud,
2379 3845 2525 3909 fleri,
2556 3846 2685 3901 dicit
2713 3862 2871 3902 omne
2902 3857 3113 3917 tempus
3144 3848 3515 3917 praeteritum,

1910 3949 1983 4003 et,
2021 3938 2204 4004 Hodie,
2222 3954 2458 4009 praesens
2486 3950 2695 4007 tempus
2720 3956 2735 4004 ;
2759 3938 3020 4003 sarculum,
3041 3941 3273 3994 futurum
3300 3950 3354 3996 et
3382 3939 3501 3994 infl-

1910 4029 2102 4083 nitum.
2121 4028 2231 4083 Hoc
2260 4039 2364 4093 est,
2400 4028 2697 4084 Audivistis
2726 4028 3051 4099 pontificem,
3075 4030 3167 4085 sed
3194 4046 3299 4084 non
3326 4032 3503 4100 ponti-

1912 4120 2065 4174 ﬁcem
2090 4120 2177 4191 qui
2201 4120 2410 4175 desinat
2432 4138 2447 4176 :
2468 4136 2679 4190 semper
2699 4121 2842 4176 enim
2870 4120 3009 4176 idem
3033 4131 3136 4177 est.
3164 4122 3395 4178 Perinde
3418 4132 3499 4177 at-

1910 4226 2016 4281 que
2044 4211 2087 4265 si
2110 4222 2289 4267 essent
2315 4212 2405 4281 qui
2432 4210 2672 4266 dicerent
2715 4227 2837 4267 eum
2886 4227 2993 4267 non
3040 4227 3162 4267 esse
3187 4212 3497 4269 crucifixum

1911 4305 1999 4376 qui
2023 4314 2385 4376 exspectatur,
2415 4306 2510 4362 sed
2539 4314 2818 4361 venturum
2851 4322 2971 4362 esse
2999 4308 3195 4362 alium:
3221 4307 3323 4363 hoc
3346 4308 3496 4375 dicit,

1911 4398 2053 4468 quod
2084 4398 2173 4469 qui
2200 4409 2283 4454 est
2313 4397 2444 4453 Heri
2454 4410 2499 4454 et
2532 4399 2703 4462 ltodie,
2724 4397 2749 4452 1
2758 4401 2870 4452 dem
2898 4409 2967 4454 est
2987 4400 3261 4454 iustecula.
3280 4400 3379 4455 Per
3397 4400 3501 4457 hoc

1911 4486 2104 4561 quippe
2130 4489 2412 4546 manifeste
2436 4491 2512 4545 ait
2536 4490 2677 4561 quod
2706 4492 2795 4561 qui
2825 4492 2991 4558 venit,
3033 4507 3217 4546 rursus
3242 4503 3498 4548 venturus

1911 4580 2013 4647 sit,
2044 4581 2293 4652 idemque
2322 4583 2437 4651 ipse
2466 4592 2520 4637 et
2547 4591 2671 4637 ante
2696 4591 2810 4637 erat
2832 4624 2845 4647 ,
2876 4591 2932 4637 et
2956 4592 3071 4649 est,
3104 4592 3157 4638 et
3185 4583 3287 4639 erit
3314 4584 3366 4638 in
3390 4599 3500 4638 sa:-

1911 4670 2050 4725 cula.
2092 4670 2223 4725 Nam
2261 4687 2403 4729 nunc
2444 4687 2658 4744 quoque
2696 4672 2881 4728 dicunt
2918 4672 3087 4728 Judmi
3116 4675 3276 4729 alium
3308 4684 3499 4731 ventu.

1912 4753 2065 4828 rum;
2094 4771 2149 4817 ct
2172 4778 2294 4818 cum
2319 4778 2385 4818 eo
2412 4765 2499 4833 qui
2539 4774 2623 4819 est
2654 4764 2863 4833 seipsos
2891 4766 3235 4834 privaverint,
3268 4768 3503 4823 incident

1913 4857 1966 4910 in
2012 4856 2422 4911 Antichristum.
2464 4856 2719 4912 Doctriuis
2750 4858 2902 4912 rariis
2944 4868 2991 4912 et
3033 4860 3306 4931 peregrinis
3348 4861 3502 4914 nolite

1912 4947 2113 5003 abduci.
2143 4948 2258 5004 Non
2290 4949 2463 5004 solum
2507 4950 2803 5021 peregrinis
2826 4992 2841 5017 ,
2874 4950 2967 5005 sed
3013 4950 3173 5005 etiam
3200 4953 3361 5007 variis
3390 4953 3503 5008 vult

1913 5051 2008 5092 eos
2035 5038 2225 5093 abduci
2253 5055 2268 5092 :
2301 5048 2520 5093 noverat
2550 5038 2693 5094 enim
2719 5055 2786 5094 ex
2811 5049 3036 5111 utraque
3073 5050 3222 5111 parte
3263 5043 3500 5097 nascitu-

1913 5144 2027 5184 ram
2054 5130 2342 5199 perniciem
2372 5130 2628 5187 seductis.
2663 5130 2922 5203 Optimum
2951 5143 3021 5187 est
3049 5134 3179 5186 enim
3209 5136 3374 5204 gratia
3399 5148 3502 5190 sta—

1915 5222 2051 5277 biliri
2077 5240 2183 5289 eor,
2214 5240 2315 5279 non
2343 5224 2468 5278 escis
2488 5265 2502 5288 ,
2529 5240 2643 5296 qua
2670 5241 2771 5279 non
2806 5226 3105 5297 profuerunt
3132 5228 3503 5284 ambulantibus

1915 5314 1969 5367 in
1997 5314 2085 5370 eis.
2118 5314 2215 5370 llic
2247 5316 2497 5385 paulatim
2526 5316 2831 5371 subiudicat
2857 5331 2952 5373 eos
2979 5318 3067 5387 qui
3095 5318 3503 5375 introducebant

1915 5404 2345 5463 observatioiiem
2372 5407 2615 5463 ciborum
2650 5425 2665 5463 :
2705 5408 2810 5463 tlde
2837 5409 2980 5464 enim
3006 5411 3204 5465 munda
3231 5423 3353 5466 sunt
3382 5430 3501 5467 uiu-

1916 5504 2001 5560 nia
2029 5522 2041 5558 :
2072 5506 2171 5561 nde
2199 5521 2327 5578 ergo
2352 5522 2485 5577 opus
2508 5515 2609 5572 est,
2638 5523 2743 5563 non
2771 5509 2925 5564 cibis.
2952 5510 3042 5565 l0.
3074 5510 3329 5567 Habemus
3357 5516 3490 5570 enim

1914 5595 2097 5663 altare,
2120 5595 2183 5649 de
2202 5612 2299 5665 quo
2326 5598 2471 5653 edere
2492 5614 2593 5652 non
2617 5597 2797 5653 habent
2826 5609 3114 5667 potestatem
3141 5602 3229 5671 qui
3252 5604 3485 5658 taberna-

1914 5683 2032 5740 culo
2055 5684 2358 5743 deserviant.
2387 5686 2514 5755 Quae
2540 5694 2664 5743 sunt
2688 5689 2829 5758 apud
2859 5704 2977 5753 nos,
3012 5691 3199 5763 inquit,
3228 5708 3333 5747 non
3362 5705 3489 5749 sunt

1913 5773 2084 5843 qualia
2118 5775 2332 5835 .ludaica
2355 5816 2371 5843 ,
2412 5776 2549 5833 adeo
2582 5786 2639 5833 ut
2677 5792 2777 5834 nec
2821 5780 3052 5851 pontifici
3086 5783 3298 5852 quidem
3326 5784 3485 5842 liveat
