4094 6410
661 386 760 420 οεὶτ

666 406 755 440 ζει

664 493 844 530 eorum
878 492 993 533 esse
1019 476 1339 548 participem.
1368 476 1739 544 Quamobrem,
1772 482 2014 546 quoniam
2038 478 2203 531 dixit:

663 567 738 621 Ne
765 568 1072 632 observetis,
1097 568 1370 622 videbatur
1390 578 1564 623 autem
1598 569 1697 623 hoc
1721 582 1838 624 esse
1862 569 1974 639 ejus
1997 568 2087 639 qui
2111 585 2203 624 sua

660 659 885 713 destruit
908 701 921 721 ,
961 660 1059 713 hoc
1102 674 1281 712 rursus
1317 661 1546 714 invertit.
1577 660 1708 714 Num
1735 676 1830 715 nos
1857 676 2065 730 quoque
2099 678 2202 715 non

661 750 1016 813 observamus,
1042 749 1241 818 inquit?
1267 747 1618 805 Observantus
1638 752 1794 805 etiam
1819 751 2199 813 vehementius,

661 853 725 891 ne
764 841 886 907 ipsis
923 838 1131 908 quidem
1166 840 1527 894 sacerdotibus
1555 840 1667 894 haec
1702 840 2080 908 impertientes.
2114 842 2199 895 Η.

664 928 880 992 Quorum
908 931 1035 981 enim
1063 930 1353 981 animalium
1380 930 1596 996 infertur
1626 930 1829 999 sanguis
1872 945 1962 997 pro
1999 941 2200 1000 peccato

656 1018 706 1068 in
732 1025 899 1070 sancto
928 1035 1014 1086 per
1040 1018 1338 1085 pontiﬁcem,
1367 1020 1542 1071 horum
1572 1035 1781 1084 corpora
1802 1029 2086 1072 cremantur
2113 1036 2199 1073 ex-

657 1115 732 1155 tra
762 1115 940 1158 castra.
976 1104 1056 1158 12.
1093 1105 1304 1172 Propter
1335 1108 1467 1161 auod
1503 1117 1552 1159 et
1590 1106 1737 1161 Iesus
1776 1119 1829 1160 ut
1867 1110 2198 1176 sanctiﬁcaret

574 1212 578 1216 ·
658 1210 741 1257 per
766 1210 905 1246 suum
928 1195 1218 1264 sanguinem
1240 1197 1497 1264 populum,
1522 1206 1659 1249 extra
1681 1208 1877 1265 portam
1908 1216 2081 1265 passus
2103 1211 2194 1253 est.

657 1281 838 1334 Vidisti
868 1281 1083 1349 ﬁguram
1118 1283 1575 1351 resplendeutem?
1602 1283 1759 1339 Extra
1788 1297 1973 1353 castra,
2010 1288 2191 1357 inquit,

652 1380 722 1432 et,
755 1368 911 1424 Extra
932 1380 1145 1439 portam.
1170 1372 1424 1438 Quoniam
1446 1388 1571 1442 ergo
1591 1390 1705 1444 qua:
1730 1376 2082 1431 oll'erebantur
2100 1394 2195 1447 pro

651 1470 864 1526 peccato
904 1470 1057 1531 typus
1095 1463 1303 1530 quidam
1346 1473 1528 1526 erant,
1560 1474 1612 1519 et
1645 1476 1787 1519 extra
1822 1476 1989 1521 castra
2018 1468 2068 1521 in
2096 1469 2191 1521 ho-

650 1554 937 1605 towustum
970 1554 1412 1619 incendebantur,
1436 1556 1554 1623 jure
1590 1559 1776 1613 merito
1804 1569 1950 1613 extra
1988 1572 2190 1628 portam

649 1658 829 1710 passus
856 1654 932 1697 est
959 1642 1113 1697 Jesus
1138 1647 1224 1714 qui
1254 1661 1346 1714 pro
1370 1650 1597 1714 peccatis
1634 1652 1828 1703 nostris
1854 1651 2057 1705 oblatus
2089 1661 2188 1706 est.

645 1730 899 1796 Quocirca
926 1732 1081 1786 etiam
1113 1749 1207 1787 nos
1236 1744 1442 1801 oportet
1470 1752 1587 1789 eum
1615 1738 1701 1806 qui
1734 1754 1827 1807 pro
1857 1740 2007 1793 nobis
2046 1756 2190 1795 mor-

646 1829 751 1873 tem
780 1822 896 1879 tulit
940 1822 1158 1888 imitari,
1185 1824 1444 1893 longeque
1474 1842 1501 1877 a
1532 1829 1673 1879 curis
1700 1828 1853 1898 hujus
1887 1831 2066 1883 mttndi
2102 1847 2189 1885 re-

645 1908 855 1974 ceiere,
884 1910 984 1964 hoc
1014 1923 1089 1965 est
1104 1950 1125 1977 ,
1158 1923 1302 1965 extra
1350 1916 1597 1969 mundum
1629 1918 1814 1984 simus,
1846 1928 1899 1973 et
1948 1935 2189 1978 seorsum

643 2011 672 2047 a
716 1997 872 2051 rebus
912 2001 1150 2053 terrenis.
1195 2000 1343 2056 Unde
1392 2002 1492 2058 hoc
1541 2005 1927 2074 significaturus
1972 2011 2189 2080 subjun-

641 2088 717 2139 xit
750 2106 760 2139 :
793 2091 875 2143 15.
912 2090 1160 2144 Exeamus
1190 2108 1304 2163 ergo
1332 2095 1399 2145 ad
1426 2111 1535 2147 eum
1560 2106 1701 2149 extra
1730 2110 1912 2163 castra,
1940 2101 2189 2172 imprope-

639 2177 770 2227 riunt
812 2180 917 2247 ejus
957 2190 1207 2246 portantes
1231 2222 1244 2244 ,
1280 2181 1380 2237 hoc
1418 2195 1526 2247 est,
1560 2186 1741 2240 eadem
1785 2190 2071 2257 patientes,
2097 2207 2188 2246 so-

641 2267 881 2319 cietatem
905 2284 1022 2321 cum
1051 2285 1114 2323 eo
1145 2270 1398 2325 habentes
1432 2274 1483 2326 in
1518 2276 1864 2342 passionibns.
1898 2280 2185 2351 Tamquam

641 2357 1021 2411 ctmdemnatus
1040 2399 1053 2419 ,
1085 2360 1224 2412 foras
1262 2371 1411 2415 actus
1438 2371 1518 2415 est
1544 2364 1594 2416 in
1620 2381 1825 2419 crucem
1857 2386 1869 2420 :
1899 2385 2069 2439 neque
2094 2388 2190 2430 nos

641 2460 767 2511 ergo
792 2446 981 2511 pudeat
1005 2446 1141 2501 foras
1162 2458 1213 2501 et
1235 2459 1379 2502 extra
1400 2452 1646 2505 mundum
1669 2456 1831 2509 exire.
1848 2457 1979 2512 lilud
1998 2462 2187 2530 quippe

642 2534 807 2588 innuit
831 2550 922 2602 per
954 2536 1004 2589 id
1030 2537 1165 2605 quod
1192 2537 1349 2591 dicit:
1380 2539 1539 2592 Extra
1570 2552 1751 2605 castra,
1784 2554 1854 2609 et,
1888 2545 2044 2600 Extra
2075 2566 2187 2616 por-

640 2634 756 2675 tum.
791 2623 876 2678 ﬂ.
914 2622 1031 2677 Non
1073 2628 1202 2679 enim
1243 2627 1479 2681 habemus
1517 2630 1629 2695 hic,
1668 2631 1865 2700 inquit,
1912 2652 2186 2694 manentem

640 2728 899 2789 ciritatem,
931 2726 1017 2779 sed
1045 2730 1261 2794 futuram
1289 2726 1600 2794 inquirimus.
1633 2716 1713 2783 13.
1751 2728 1851 2782 Per
1876 2730 2038 2799 ipsum
2066 2747 2183 2800 ergo

639 2813 904 2877 oﬂ'eramus
930 2815 1137 2867 hostiam
1172 2813 1334 2867 laudis
1363 2831 1555 2883 semper
1576 2814 1684 2869 Deo
1706 2857 1720 2881 ,
1751 2817 1806 2869 id
1829 2828 1900 2870 est
1923 2855 1941 2883 ,
1968 2821 2183 2887 fructum

639 2902 976 2968 conﬁtentium
1002 2903 1189 2955 nomini
1208 2903 1332 2969 ejus.
1366 2902 1462 2957 Per
1480 2904 1663 2973 ipsum,
1692 2905 1782 2969 ait,
1809 2916 2070 2975 tamquam
2093 2922 2185 2975 per

640 2992 936 3058 pontificem
964 3034 978 3057 ,
1018 2994 1156 3061 quod
1197 2994 1263 3047 ad
1303 3008 1513 3047 carnem
1552 2996 1755 3051 attinet.
1798 2997 2182 3065 Conﬁtendum,

642 3083 826 3152 inquit,
853 3086 1038 3136 nomini
1066 3088 1189 3153 ejus.
1226 3086 1333 3139 Hoc
1357 3096 1457 3150 est,
1485 3086 1624 3140 Nihil
1664 3088 1936 3158 loquamur
1964 3090 2183 3143 maledi-

639 3184 788 3236 cum,
815 3172 942 3225 nihil
968 3182 1270 3241 protervum
1293 3214 1307 3235 ,
1337 3174 1461 3228 nihil
1494 3175 1692 3242 audax,
1720 3177 1847 3231 nihil
1873 3178 2148 3246 impudens
2168 3222 2182 3245 ,

641 3260 767 3312 nihil
799 3276 1048 3328 arrogans
1073 3279 1086 3325 ;
1116 3263 1207 3316 sed
1235 3279 1352 3317 cum
1382 3265 1577 3330 pudore
1603 3274 1654 3319 et
1689 3268 1983 3322 reverentia
2012 3270 2183 3321 omnia

641 3348 889 3403 faciamus
913 3362 963 3403 et
992 3350 1245 3405 dicamus.
1278 3352 1423 3418 Quod
1453 3354 1660 3422 quidem
1681 3371 1785 3409 non
1821 3366 2017 3412 temere
2037 3357 2182 3424 dicit,

640 3440 733 3492 sed
762 3442 924 3505 utqui
949 3451 1127 3495 nosset
1149 3457 1240 3495 eos
1260 3457 1375 3496 esse
1399 3444 1447 3495 in
1477 3442 1759 3499 afﬂictione
1783 3463 1796 3500 :
1825 3447 1996 3500 anima
2012 3457 2183 3501 autem

642 3542 785 3595 spem
805 3529 978 3598 abjicit
1000 3530 1047 3583 in
1070 3530 1455 3596 afﬂictionibus,
1474 3541 1528 3587 et
1549 3534 1801 3604 pudorem
1824 3538 1984 3591 exuit.
2000 3537 2103 3593 Sed
2123 3554 2186 3593 ne

642 3631 759 3682 nos,
789 3618 973 3685 inquit.
1002 3619 1135 3672 Ecce
1166 3636 1343 3674 rursus
1366 3623 1464 3675 hoc
1487 3624 1656 3690 ipsum
1677 3624 1957 3694 dicitquod
1983 3627 2187 3683 dicebat

643 3709 881 3775 superius
907 3726 920 3760 :
950 3706 1067 3761 Non
1093 3710 1367 3765 deserentes
1387 3754 1399 3777 ,
1429 3713 1595 3781 inquit
1611 3755 1623 3777 ,
1650 3716 2075 3785 congregationem
2099 3733 2187 3770 no-

642 3806 797 3849 stram
822 3796 999 3865 (Hebr.
1018 3798 1103 3853 10.
1120 3800 1231 3867 25).
1252 3801 1338 3856 Sic
1357 3803 1495 3855 enim
1519 3806 1802 3871 poterimus
1820 3807 1990 3859 omnia
2020 3806 2189 3861 facere

642 3902 761 3941 cum
786 3887 981 3955 pudore
994 3898 1047 3943 ct
1064 3898 1364 3945 reverenter
1380 3909 1391 3943 :
1410 3906 1552 3959 saepe
1570 3894 1708 3947 enim
1733 3894 1959 3963 ipsorum
1982 3911 2189 3965 quoque

644 3977 911 4033 hominum
960 3980 1157 4049 pudore
1206 3981 1397 4047 all‘ecti,
1427 3985 1587 4037 multa
1616 4000 1732 4055 qua:
1776 3995 1897 4039 sunt
1952 3987 2187 4056 improba

645 4083 748 4123 non
782 4069 1017 4123 facimus.
1051 4070 1135 4125 16.
1161 4070 1506 4140 Bene/icentiae
1538 4083 1702 4128 autem
1748 4086 1794 4130 et
1829 4078 2187 4130 communionis

646 4158 796 4211 nolite
821 4159 1058 4214 oblivisci.

716 4251 767 4303 5.
814 4248 1139 4315 Ilospitalitas
1159 4253 1544 4306 commendatur.
1574 4284 1642 4293 —
1674 4254 1795 4309 Haec
1827 4263 1951 4309 tunc
1980 4255 2189 4324 quidem

645 4340 838 4394 Paulus
859 4339 1084 4403 dicebat,
1114 4356 1250 4393 nunc
1278 4357 1400 4395 vero
1427 4356 1522 4411 ego
1543 4342 1659 4396 dico
1685 4362 1698 4396 :
1733 4359 1835 4398 non
1863 4354 2033 4399 autem
2061 4361 2193 4413 prte-

646 4430 881 4483 seutibus
910 4438 1106 4483 tantum
1132 4430 1250 4484 dico
1278 4429 1649 4495 fratribus,sed
1680 4433 1835 4485 etiam
1868 4433 2188 4488 absentibus.

649 4521 810 4575 Nemo
838 4531 1009 4574 vestra
1042 4523 1211 4589 rapuit
1243 4538 1255 4573 :
1286 4522 1329 4573 si
1362 4531 1536 4575 autem
1568 4523 1654 4576 alii
1687 4534 1889 4577 vestras
1920 4524 2193 4577 facultates

646 4620 952 4680 rapuerunt,
987 4610 1118 4663 unde
1139 4612 1256 4665 licet
1277 4612 1535 4667 ostendite
1558 4614 1978 4678 hOSpitalitatem.
1998 4614 2189 4679 Quam-

649 4717 769 4755 nam
808 4716 931 4769 ergo
977 4716 1113 4753 nunc
1160 4702 1465 4755 habebimus
1498 4704 1908 4764 excusationem,
1952 4718 2067 4757 cmn
2111 4704 2191 4755 isti

648 4794 803 4846 etiam
840 4802 953 4859 post
981 4806 1192 4844 suorum
1224 4794 1476 4845 bonorum
1525 4796 1758 4861 rapinam
1808 4795 1918 4848 her
1944 4794 2194 4848 audiant?

654 4886 709 4937 lit
743 4885 880 4947 vide,
916 4885 996 4937 hic
1025 4884 1169 4945 dicit,
1216 4884 1556 4951 Bene/immite
1598 4887 1751 4939 nolite
1794 4887 2029 4948 oblivisci,
2077 4905 2193 4942 cum

655 4975 795 5040 prius
820 4973 1055 5035 dixisset,
1090 4971 1462 5041 Hospitalitatis
1481 5015 1495 5039 ,
1527 4991 1629 5027 non
1658 4975 1796 5027 aliud
1826 4986 1876 5029 et
1904 4977 2041 5029 aliud
2071 4978 2195 5029 sub-

654 5066 775 5116 inde
802 5065 1100 5123 ostendens,
1124 5065 1214 5118 sed
1248 5081 1403 5118 unum
1436 5075 1486 5119 et
1513 5067 1646 5119 idem
1676 5083 1765 5132 per
1796 5069 1986 5121 variam
2013 5070 2194 5121 dictio-

656 5169 797 5205 nem.
827 5152 889 5204 Et
916 5168 1016 5204 non
1042 5152 1563 5223 dixit,Susccptionis
1587 5156 1846 5220 hospitum
1873 5156 2035 5214 nolite
2063 5159 2195 5209 obli-

658 5244 807 5306 visci,
839 5244 948 5299 sed.
977 5243 1356 5312 Hospitalitatis,
1389 5246 1485 5300 hoc
1513 5256 1610 5308 est.
1642 5246 1753 5299 Non
1781 5246 1946 5300 solum
1979 5248 2199 5313 (‘Xt‘ipiif‘

653 5347 901 5412 hnspiit's,
936 5348 1027 5398 sed
1059 5350 1213 5401 etiam
1243 5348 1476 5418 hospites
1504 5352 1724 5421 diligite.
1770 5351 1875 5406 Nec
1900 5352 2031 5407 dixit
2058 5353 2197 5406 futu-

650 5451 756 5485 ram
801 5445 849 5486 et
894 5436 1175 5501 repositam
1222 5442 1719 5506 remunerationem,
1774 5458 1840 5496 ne
1884 5458 1975 5497 eos
2019 5457 2198 5497 rursus

646 5525 825 5577 reddat
871 5526 1188 5593 supiniores,
1228 5530 1318 5583 sed
1346 5547 1457 5583 eam
1499 5548 1614 5603 qua:
1640 5535 1745 5601 jam
1779 5533 1872 5587 fuit
1900 5535 2019 5587 data
2053 5553 2063 5587 :
2096 5532 2198 5587 Per

645 5613 771 5663 lmuc
799 5615 947 5677 enim,
980 5617 1173 5679 intulit,
1203 5619 1403 5686 quidam
1449 5623 1707 5676 inscientes
1745 5624 1957 5691 hospitio
1991 5640 2193 5693 excepe-

644 5714 758 5755 runt
798 5708 1019 5773 angelos.
1072 5706 1175 5762 Sed
1218 5713 1487 5780 superiora
1532 5715 1818 5783 videamus,
1863 5714 2185 5783 llonorab‘ile,

1410 382 1464 434 S.
1504 373 1774 432 JOANNIS
1807 366 2273 427 CllRYSOSTOMl
2314 366 2621 423 ARCHIEP.
2662 358 3185 419 CONSTANTINOT'.
3765 361 3862 417 92$

2288 474 2474 546 inquit,
2499 470 2797 527 connubtum
2835 468 2887 519 in
2917 464 3161 525 omnibus,
3198 472 3241 512 ct
3272 470 3409 510 torus
3448 448 3841 547 immaculata?"

2283 537 2558 635 Quomodo
2588 561 2610 613 ’ἒ
2639 557 2896 627 Quoniam
2940 558 2989 608 in
3043 554 3301 611 castitate,
3355 546 3542 615 inquit,
3591 550 3648 596 et
3684 537 3846 635 pudi-

2282 628 2403 712 citia
2454 661 2730 709 conservat
2783 648 3009 702 tidelem.
3040 644 3134 698 llic
3177 642 3336 696 etiam
3368 637 3523 690 tacite
3555 632 3722 701 tangit
3748 628 3841 684 Ju-

2282 747 2446 812 dteos,
2500 741 2639 812 quod
2692 735 3102 793 abominandum
3167 730 3529 785 existimarent
3586 719 3843 778 concubio

2281 850 2392 893 tum
2424 854 2437 888 :
2473 834 2535 888 Et
2562 833 2645 903 qui
2674 847 2735 885 ea:
2777 830 2910 883 coitu
2936 826 3169 895 resurgit,
3204 822 3390 891 inquit,
3424 834 3523 872 non
3562 824 3634 870 est
3663 828 3843 882 purus.

2282 932 2395 986 Non
2426 936 2549 984 sunt
2578 920 2927 979 abominanda
2955 933 3073 988 qum
3100 927 3224 970 sunt
3251 930 3313 967 ex
3338 920 3545 971 natura,
3576 923 3611 961 ο
3639 906 3845 975 ingrate

2280 1033 2333 1077 et
2360 1021 2504 1076 nullo
2531 1031 2691 1073 sensu
2728 1012 2946 1083 prmdite
2990 1007 3173 1063 Judtec
3198 1046 3212 1069 ,
3242 1002 3333 1058 sed
3364 1016 3481 1072 qua:
3511 1008 3635 1053 sunt
3658 1012 3725 1050 ex
3754 1012 3845 1045 vn.

2280 1117 2481 1170 Iuntate
2508 1120 2563 1163 et
2602 1108 2767 1162 libero
2808 1101 2967 1156 animi
2997 1097 3395 1153 arbitrioznam
3442 1091 3493 1145 si
3536 1086 3846 1143 honorabiie

2278 1208 2332 1253 et
2359 1195 2610 1251 mundum
2636 1200 2719 1245 est
2743 1183 3157 1244 matrimonium,
3187 1193 3281 1233 cur
3306 1178 3465 1231 etiam
3495 1189 3562 1228 ex
3589 1187 3654 1227 eo
3680 1171 3846 1240 pollui

2279 1286 2587 1343 existimas?
2615 1282 2728 1335 Sint
2760 1291 2941 1338 mores,
2969 1272 3161 1340 inquit,
3191 1269 3299 1322 sine
3321 1265 3552 1319 avaritia.
3581 1260 3846 1329 Quoniam

2280 1379 2451 1441 multi,
2479 1384 2753 1445 postquam
2775 1383 2866 1423 sua
2896 1366 3031 1419 bona
3056 1358 3359 1422 ell'uderint,
3382 1356 3567 1411 volunt
3585 1362 3847 1445 prtetextu

2279 1444 2631 1539 eleemosynae
2680 1478 2741 1518 ea
2788 1473 2967 1515 rursus
3015 1453 3309 1523 acquirere,
3365 1456 3643 1518 propterea
3688 1444 3845 1505 dicit,

2280 1562 2395 1615 Sint
2426 1574 2581 1612 mores
2610 1555 2715 1607 sine
2748 1549 2994 1603 avaritia:
3024 1545 3123 1598 hoc
3152 1552 3254 1603 est,
3288 1539 3361 1594 Ea
3404 1547 3603 1591 tantum
3630 1550 3847 1603 qurcra.

2278 1666 2396 1706 mus
2425 1648 2613 1719 quibus
2646 1653 2728 1698 est
2762 1656 2913 1712 opus,
2960 1646 3013 1693 et
3043 1650 3159 1706 qua:
3194 1642 3316 1686 sunt
3352 1627 3669 1719 necessaria.
3704 1624 3846 1719 Quid

2283 1757 2409 1796 vero
2430 1714 2455 1806 ,v
2491 1740 2533 1792 si
2581 1752 2645 1789 ne
2685 1749 2745 1788 ea
2794 1730 3003 1799 quidem
3056 1725 3209 1780 nobis
3252 1717 3574 1790 suppetant?
3616 1716 3733 1815 Non
3773 1714 3844 1766 ita

2278 1840 2380 1897 est,
2420 1844 2523 1882 non
2570 1827 2637 1878 ita
2678 1832 2757 1878 est
2788 1841 2801 1875 :
2835 1822 2946 1890 ipse
2975 1816 3115 1872 enim
3146 1813 3297 1875 dixit,
3331 1820 3383 1863 et
3413 1813 3839 1897 nonrmentitur:

2282 1921 2399 1975 Non
2448 1928 2492 1970 te
2524 1917 2768 1976 deseram,
2802 1926 2955 1979 neque
2999 1917 3045 1973 te
3088 1904 3451 1970 derelinquant.
3482 1899 3563 1953 Ita
3584 1905 3642 1949 ut
3682 1898 3846 1949 conli-

2277 2013 2464 2067 denter
2498 2008 2765 2061 dicamus:
2795 2000 3040 2053 Dominus
3085 1995 3208 2048 milii
3236 1993 3438 2055 adiutor
3468 2004 3487 2043 :
3516 2004 3615 2041 non
3660 1985 3845 2037 timebo

2278 2102 2397 2173 quid
2428 2100 2579 2169 faciat
2608 2094 2728 2147 milii
2758 2092 2904 2145 homo
2938 2087 3104 2159 (Psal.
3136 2085 3261 2173 H7.
3288 2082 3367 2173 6).
3398 2082 3474 2134 Ac
3504 2079 3561 2173 ἐἰ
3592 2077 3794 2130 diceret
3826 2092 3841 2126 :

2277 2169 2451 2247 ilabes
2492 2188 2557 2240 ab
2600 2187 2717 2254 ipso
2748 2181 3091 2251 promissum,
3143 2190 3208 2227 ne
3238 2172 3446 2225 dubites
3485 2169 3552 2223 de
3597 2176 3838 2221 ca-tero:

2277 2284 2388 2351 ipse
2416 2288 2498 2334 est
2524 2274 2801 2346 pollicitus,
2858 2284 2923 2323 ne
2966 2266 3221 2334 ambigas.
3255 2261 3383 2316 Illud
3412 2268 3609 2351 autem,
3644 2256 3765 2351 Non
3794 2270 3846 2351 te

2278 2347 2521 2431 deseram,
2554 2380 2657 2419 non
2698 2363 2824 2416 dicit
2851 2359 3024 2414 solum
3051 2355 3119 2410 de
3156 2353 3413 2423 pecuniis,
3451 2349 3545 2404 sed
3584 2349 3747 2403 etiam
3774 2347 3845 2399 de

2277 2462 2388 2513 aliis
2418 2456 2683 2510 omnibus.
2708 2451 2958 2505 Dominus
2984 2446 3103 2499 ntilti
3122 2445 3325 2513 adjutor
3352 2458 3371 2494 :
3397 2456 3495 2493 non
3518 2437 3698 2491 timebo
3720 2438 3842 2505 quid

2278 2551 2428 2619 facint
2457 2546 2581 2599 milii
2603 2546 2769 2597 homo.
2795 2542 2859 2595 Et
2883 2538 3074 2591 merito
3096 2534 3373 2602 Propheta:
3395 2530 3591 2584 dictum
3615 2528 3837 2619 addidit,

2279 2618 2350 2693 sic
2378 2638 2660 2705 obsignans
2687 2644 3005 2692 sermonem,
3041 2634 3096 2680 et
3120 2623 3405 2677 alacriores
3447 2634 3543 2673 nos
3586 2618 3837 2676 reddens,
3896 2664 3905 2671 ,

2280 2740 2333 2780 ut
2362 2743 2426 2781 ne
2452 2726 2813 2794 desperemus.
2846 2718 2953 2770 lioc
2991 2730 3117 2783 ergo
3150 2729 3243 2766 nos
3274 2725 3485 2780 quoque
3512 2708 3754 2762 dicamus
3786 2708 3838 2757 in

2287 2821 2535 2876 omnibus
2564 2815 2965 2876 tentationibus,
3013 2812 3240 2864 humana
3285 2806 3646 2862 irrideamus:
3677 2802 3855 2857 donec.

2288 2914 2450 2969 Deum
2492 2910 2746 2965 habemus
2777 2905 3083 2977 propitium,
3126 2914 3282 2955 nemo
3318 2912 3417 2953 nos
3455 2894 3746 2967 superabit.
3783 2893 3848 2944 lt

2285 3002 2447 3067 enim,
2484 3001 2525 3053 si
2557 2999 2643 3052 ille
2672 2999 2740 3051 sit
2768 2997 3033 3058 inimicus,
3061 2990 3267 3046 etiamsi
3310 3002 3496 3041 omnes
3523 2985 3631 3039 sint
3669 2983 3822 3037 amici

2286 3093 2415 3147 nihil
2442 3090 2658 3162 prodest
2691 3106 2703 3141 :
2740 3088 2807 3141 ita
2836 3086 2879 3140 si
2922 3088 3036 3154 ipse
3063 3084 3132 3137 sit
3167 3080 3389 3140 amicus,
3423 3074 3627 3131 etiarnsi
3663 3089 3798 3125 omni
3823 3088 3852 3123 δ

2285 3184 2674 3252 belligerentur,
2724 3176 2858 3232 nihil
2907 3190 3006 3230 nos
3046 3173 3207 3229 ltedit.
3247 3172 3368 3226 Ideo
3406 3168 3537 3224 dixit
3569 3184 3583 3219 :
3615 3163 3735 3220 Non
3780 3167 3815 3214 n‘

2285 3277 2424 3327 ntebo
2456 3274 2577 3345 quid
2600 3272 2753 3342 faciat
2791 3269 2911 3321 nti/ti
2935 3268 3103 3321 homo.
3138 3264 3435 3320 Mementote
3466 3259 3847 3328 prtepositorum

2284 3374 2576 3428 vestrorum,
2607 3363 2690 3432 qui
2715 3360 2848 3414 vobis
2875 3360 3067 3427 loquuti
3092 3366 3205 3410 sunt
3234 3355 3431 3409 uerbum
3454 3352 3565 3405 Dei.
3600 3350 3693 3404 llic
3716 3365 3843 3418 quo-

2283 3469 2386 3521 que
2416 3453 2658 3506 existimo
2689 3466 2807 3505 cum
2841 3451 3015 3503 dicere
3042 3447 3108 3501 de
3150 3446 3345 3499 auxilio
3376 3462 3388 3495 :
3419 3444 3519 3497 hoc
3563 3440 3702 3495 enim
3742 3451 3847 3502 est,

2288 3544 2384 3611 Qui
2409 3543 2543 3596 vobis
2583 3542 2771 3611 loquuti
2810 3548 2925 3594 sunt
2960 3538 3157 3591 uerbum
3195 3534 3309 3588 Dei.
3347 3534 3572 3599 Quorum
3601 3540 3850 3587 intuentes

2285 3638 2469 3689 exitum
2512 3633 2918 3697 conversationis,
2961 3628 3227 3683 imitamini
3258 3628 3428 3694 ﬁdem.
3460 3624 3595 3692 Quid
3624 3631 3725 3690 est,
3753 3621 3853 3675 ln-

2285 3725 2513 3778 tuentes?
2541 3724 2766 3778 Assidue
2808 3730 3100 3785 versantes,
3143 3716 3280 3787 apud
3322 3731 3417 3770 vos
3457 3714 3847 3777 examinantes.

2286 3815 2660 3870 ratiocinantes
2685 3855 2699 3879 ,
2731 3819 2972 3866 accurate
3003 3820 3055 3865 et
3092 3817 3276 3864 exacte
3301 3816 3621 3876 quzerentes,
3655 3814 3710 3859 ut
3735 3804 3851 3858 vul—

2285 3906 2351 3959 tis
2377 3913 2687 3958 scrutantes.
2718 3903 2877 3955 Recte
2903 3900 3046 3962 dicit,
3081 3898 3282 3951 Exitum
3305 3896 3724 3959 conversationis;
3748 3896 3850 3948 hoc

2284 4004 2385 4058 est,
2408 3995 2495 4063 qui
2517 3993 2765 4063 pertingit
2789 4005 2953 4059 usque
2980 3989 3045 4043 ad
3076 3987 3256 4051 tinem,
3276 3988 3522 4056 quoniam
3556 3986 3749 4040 bonum
3783 3986 3847 4036 ti-

2285 4100 2404 4139 nem
2429 4083 2610 4136 habuit
2637 4097 2819 4137 eorum
2841 4080 3194 4133 conversatio.
3228 4075 3378 4131 Jesus
3400 4074 3630 4131 Christus
3662 4075 3769 4127 lteri
3798 4086 3847 4128 et

2286 4176 2451 4239 hodie,
2482 4175 2611 4226 idem
2641 4186 2687 4227 et
2725 4175 2777 4225 in
2806 4172 3009 4225 uacula.
3032 4170 3087 4224 Id
3115 4179 3197 4225 est
3220 4187 3233 4222 :
3260 4167 3336 4223 Ne
3361 4167 3677 4221 existimetis
3705 4167 3843 4236 quod

2287 4278 2410 4321 tunc
2436 4266 2619 4321 fecerit
2652 4264 2921 4327 miracula,
2953 4277 3093 4317 nunc
3132 4268 3306 4314 autem
3340 4273 3444 4313 non
3474 4258 3667 4315 faciat:
3702 4257 3842 4311 idem

2287 4360 2397 4425 ipse
2414 4365 2513 4418 est,
2539 4365 2591 4410 et
2615 4356 2858 4424 quoniam
2888 4353 3025 4407 idem
3047 4361 3149 4417 est,
3180 4365 3281 4404 non
3306 4359 3386 4405 est
3408 4359 3616 4418 tempus
3636 4348 3850 4418 quando

2287 4464 2389 4502 non
2413 4447 2575 4517 possit
2594 4448 2691 4500 ista
2711 4444 2949 4516 operari:
2969 4444 3034 4498 ad
3058 4443 3195 4513 quod
3221 4442 3437 4497 torsitau
3458 4441 3749 4509 respiciens
3769 4440 3851 4493 di-

2287 4538 2359 4593 xit
2377 4557 2389 4592 :
2412 4537 2706 4591 Mementote
2722 4536 3100 4605 prtepost'torum
3119 4544 3408 4588 uestrorum.
3424 4532 3683 4585 Doctrinis
3699 4534 3850 4585 rariis

2287 4639 2332 4681 et
2355 4627 2626 4697 peregrinis
2655 4625 2807 4679 nolite
2826 4625 3023 4677 abduci.
3042 4623 3347 4693 Peregrinis,
3374 4621 3474 4675 hoc
3504 4630 3603 4686 est,
3624 4622 3850 4676 diversis

2286 4721 2353 4773 ab
2374 4720 2435 4774 iis
2462 4734 2587 4789 quas
2607 4734 2637 4772 a
2667 4718 2817 4771 nobis
2842 4716 3115 4769 audivistis
3147 4734 3159 4768 :
3201 4714 3382 4778 Variis,
3419 4713 3518 4766 hoc
3543 4724 3624 4766 est
3647 4754 3660 4776 ,
3691 4728 3852 4767 omne

2286 4825 2452 4880 genus
2473 4808 2744 4862 doctrinis.
2765 4806 2919 4859 Tales
2940 4805 3079 4858 enim
3106 4803 3231 4857 nihil
3257 4803 3450 4857 habent
3479 4802 3636 4855 lixum
3668 4812 3723 4857 et
3742 4814 3852 4855 sta-

2290 4902 2417 4964 bile,
2435 4899 2525 4953 sed
2548 4896 3103 4960 suntvarite,maxime
3119 4894 3166 4947 id
3182 4892 3321 4963 quod
3347 4892 3412 4946 ad
3435 4892 3583 4947 cibos
3601 4892 3845 4960 pertinet.

2290 4991 2486 5045 ItiCil‘CU
2510 4988 2572 5040 ad
2604 4988 2703 5041 hoc
2731 4985 3023 5054 respiciens
3052 4984 3323 5053 subjungit
3352 5001 3366 5035 :
3397 4981 3598 5035 Bonum
3626 4983 3759 5036 enim
3781 4993 3853 5036 est

2289 5083 2447 5153 gratia
2476 5079 2691 5131 stabiliri
2718 5094 2820 5138 cor,
2852 5093 2950 5129 non
2980 5076 3122 5129 escis.
3155 5075 3242 5127 Eae
3267 5083 3391 5128 sunt
3420 5074 3599 5137 variae,
3624 5088 3702 5129 ea:
3728 5085 3854 5128 sunt

2292 5172 2599 5243 peregrinae.
2625 5169 2719 5222 ch
2746 5168 2796 5219 in
2821 5165 3237 5233 superstitiosam
3264 5165 3504 5218 ciborum
3529 5164 3855 5219 observatio-

2292 5278 2408 5317 nem
2439 5260 2704 5314 invehitur
2734 5276 2746 5310 :
2780 5255 3010 5310 ostendit
3037 5256 3178 5309 enim
3204 5255 3473 5323 quomodo
3503 5270 3564 5307 ex
3594 5257 3854 5321 supersti-

2292 5356 2422 5408 tiosa
2440 5353 2677 5407 ciborum
2708 5348 3076 5402 observatione
3094 5346 3145 5400 in
3164 5346 3388 5400 alienam
3407 5360 3435 5399 a
3461 5354 3600 5399 recta
3629 5344 3731 5399 ﬁde
3754 5348 3855 5399 do-

2288 5444 2509 5499 ctrinam
2532 5439 2829 5503 inciderint,
2860 5436 3085 5505 indeque
3116 5437 3165 5489 in
3193 5436 3367 5489 varias
3387 5444 3439 5489 et
3457 5449 3619 5487 novas
3648 5435 3855 5489 doctri-

2291 5549 2387 5589 nas
2407 5533 2601 5587 seusim
2626 5546 2683 5584 se
2707 5528 3035 5583 demiserint.
3064 5527 3127 5581 Et
3148 5525 3267 5580 vide
3293 5540 3412 5580 eum
3443 5540 3546 5578 non
3564 5523 3853 5581 audentem

2306 5638 2405 5691 hoc
2431 5645 2613 5703 aperte
2639 5634 2831 5697 dicere,
2855 5630 2949 5687 sed
2974 5630 3121 5701 quasi
3151 5630 3202 5683 in
3229 5629 3525 5697 aenigmate.
3552 5626 3682 5680 Dum
3710 5627 3855 5680 enim

2309 5729 2448 5786 dicit,
2474 5723 2954 5791 Nolitecircnmferri
2978 5720 3127 5773 variis
3146 5729 3190 5773 et
3218 5717 3355 5771 novis
3386 5716 3643 5780 doctrinis,
3664 5726 3738 5783 ct,
3765 5713 3858 5768 lio-
