4094 6416
188 405 282 465 939
928 394 992 452 IN
1030 389 1246 449 EPIST.
1291 387 1381 443 AI)
1445 375 1791 439 IIEBREOS

198 519 308 554 nam
323 503 459 554 enim
472 510 548 555 est
566 500 741 573 gratia
760 498 975 555 stabiliri
995 514 1101 563 cor,
1121 514 1224 552 non
1250 499 1374 552 escis
1392 512 1412 562 ;
1429 495 1656 565 idipsum
1680 496 1790 551 fere

196 592 316 648 dicit
333 592 478 662 quod
491 592 770 656 Christus,
791 589 907 644 Non
928 591 1063 658 quod
1077 590 1231 642 intrat
1258 588 1487 657 inquinat
1512 587 1789 651 hominem,

196 689 274 734 sed
297 694 431 749 quod
450 682 720 753 egreditur
744 678 957 752 (Matth.
984 680 1073 734 15.
1103 679 1227 749 II);
1254 677 1597 748 ostenditque
1620 684 1791 731 totum

195 787 307 828 esse
332 772 496 828 fidem
524 788 539 824 :
568 773 619 826 si
654 772 762 840 ipsa
791 786 889 824 nos
914 769 1217 834 stabilierit,
1248 782 1345 823 eor
1372 777 1480 823 stat
1508 767 1559 820 in
1586 773 1723 820 tuto.

265 864 415 917 Fides
440 874 515 917 est
548 863 813 916 contraria
840 861 1127 916 ratiocinio.
1151 889 1226 900 —
1251 858 1410 914 Fides
1436 872 1567 929 ergo
1587 856 1791 912 conﬁro

196 965 298 1011 mat
324 968 379 1011 et
421 955 664 1020 stabilit,
708 957 943 1008 rationes
972 966 1103 1005 vero
1131 950 1487 1015 labefaciunt;
1518 948 1791 1004 contraria

194 1046 328 1101 enim
356 1053 445 1102 est
476 1046 622 1100 ﬁdes
644 1045 943 1099 ratiocinio.
973 1043 1099 1110 ρυω
1120 1059 1219 1096 non
1245 1045 1568 1113 profuerunt,
1598 1041 1789 1111 inquit,

197 1138 573 1193 ambulantibus
621 1138 673 1191 in
701 1136 791 1190 cis.
822 1136 959 1204 Quid
988 1135 1130 1189 enim
1161 1135 1316 1199 lucri,
1344 1135 1431 1190 dic
1460 1150 1661 1206 quaeso.
1697 1148 1791 1189 ca-

196 1232 331 1301 pitur
371 1245 439 1285 ex
471 1227 900 1285 observatione?
928 1241 1109 1281 annon
1154 1226 1323 1296 magis
1353 1225 1571 1296 perdit?
1612 1240 1791 1280 annon

196 1336 307 1377 eum
334 1323 425 1390 qui
455 1330 547 1376 est
575 1319 878 1389 huiusmodi
905 1320 1094 1373 statuit
1114 1320 1212 1372 sub
1236 1318 1489 1387 peccato?
1514 1318 1570 1372 Si
1600 1317 1791 1374 obser-

195 1414 418 1467 vandum
447 1422 558 1478 est,
607 1413 999 1468 observandum
1043 1421 1127 1467 est
1157 1412 1245 1467 ubi
1292 1411 1415 1467 hinc
1462 1412 1669 1468 lucrum
1697 1410 1796 1465 ob-

194 1508 533 1561 servantibus
585 1505 822 1560 obvenit.
872 1506 1017 1559 Bona
1068 1505 1377 1561 observatio
1421 1515 1505 1559 est
1550 1504 1793 1559 amolitio

197 1601 470 1669 nequitur),
499 1614 604 1654 eor
646 1607 873 1665 rectmn,
909 1599 1079 1669 pietas
1124 1599 1176 1653 in
1218 1598 1404 1662 Deum,
1440 1608 1585 1652 recta
1635 1597 1790 1651 ﬁdes.

197 1694 316 1760 Qui:
340 1709 444 1746 non
470 1696 811 1761 profuerunt,
852 1689 1044 1761 inquit,
1074 1688 1447 1744 ambulantibus
1471 1690 1525 1742 in
1551 1689 1657 1751 eis;
1689 1687 1793 1743 hoc

194 1793 290 1844 est,
324 1782 388 1836 iis
414 1783 508 1850 qui
539 1788 894 1851 ea.perpetuo
920 1780 1247 1836 custodiunt.
1278 1780 1391 1835 Una
1420 1789 1502 1835 est
1531 1780 1793 1835 observa-

197 1875 263 1929 tio
289 1875 576 1929 abstiucrc
596 1890 625 1928 a
656 1882 897 1943 peccato.
920 1873 1056 1941 Quid
1085 1873 1227 1927 enim
1259 1872 1503 1942 prodest,
1536 1888 1658 1926 cum
1683 1874 1791 1927 sint

197 1966 427 2021 nonnulli
448 1965 594 2021 adeo
620 1966 865 2021 scelerati
884 1976 939 2020 ct
961 1964 1301 2029 exsecrandi,
1320 1974 1377 2019 ttt
1404 1963 1790 2019 sacriﬁciorum

202 2058 527 2126 nonpossint
549 2071 671 2111 esse
697 2054 1386 2127 participcstQuamobrem
1408 2055 1644 2110 nibileos
1664 2055 1789 2110 red-

201 2148 348 2205 debat
366 2151 576 2217 salvos,
593 2150 835 2220 quamvis
852 2150 1084 2204 studium
1109 2161 1369 2221 ponerent
1393 2151 1444 2206 in
1460 2152 1791 2206 observatio-

201 2240 377 2306 nibus;
411 2240 536 2306 sed,
558 2242 811 2309 quoniam
845 2240 1001 2296 fidem
1034 2257 1142 2297 non
1168 2241 1456 2310 habebant,
1480 2258 1547 2297 nc
1578 2243 1787 2313 sicqui-

200 2331 311 2386 dem
332 2333 411 2388 eis
431 2330 778 2402 profuerunt.
800 2332 996 2387 Deinde
1013 2348 1076 2387 es
1100 2334 1265 2401 ﬁgura
1286 2335 1423 2389 tollit
1440 2335 1783 2402 saeriﬁcium,

201 2431 248 2475 ct
268 2422 327 2475 ad
351 2423 639 2491 exemplar
655 2423 977 2492 primitivum
998 2422 1215 2477 deducit
1234 2425 1553 2491 orationem,
1568 2424 1785 2481 dicens:

204 2512 421 2577 Quorum
454 2515 594 2568 enim
622 2515 919 2567 animalium
958 2515 1176 2582 infertur
1203 2516 1410 2587 sanguis
1452 2534 1545 2583 pro
1587 2526 1788 2587 peccato

200 2604 249 2656 in
276 2616 453 2659 sancta
479 2624 573 2677 per
601 2608 910 2676 pontiﬁcem,
942 2606 1122 2660 laurum
1148 2623 1362 2678 corpora
1389 2619 1676 2664 cremantur
1700 2628 1784 2667 ea:-

202 2704 273 2749 tra
300 2707 490 2751 castra.
530 2696 789 2764 Quocirca
811 2695 847 2750 Ι
852 2714 965 2751 esus
1004 2708 1149 2752 extra
1174 2710 1375 2768 partem
1405 2717 1586 2771 passus
1610 2712 1704 2769 est,
1732 2713 1788 2759 ut

201 2789 534 2857 sancti/icaret
566 2788 817 2857 papulum
852 2790 1062 2859 preprio
1098 2792 1363 2861 sanguine.
1404 2792 1492 2847 Illa
1530 2809 1660 2865 ergo
1690 2797 1789 2851 ho-

198 2894 308 2933 rum
332 2891 492 2936 erant
516 2879 712 2951 ﬁgura,
731 2888 784 2935 ct
804 2883 884 2937 sic
906 2882 1092 2937 omnia
1115 2882 1361 2954 implevit
1383 2884 1639 2943 Christus
1664 2904 1794 2960 pas-

198 2991 287 3033 sus
312 2988 491 3034 extra.
528 2976 628 3032 llic
661 2979 822 3033 etiam
854 2979 1128 3049 signiﬁcat
1158 2996 1282 3035 eum
1316 2998 1413 3037 sua
1443 2995 1641 3054 sponte
1671 3002 1794 3043 esse

198 3083 549 3140 perpessum;
581 3071 882 3129 ostendens
911 3072 1058 3144 quod
1084 3084 1262 3145 neque
1292 3075 1382 3129 illa
1417 3084 1622 3132 tumere
1648 3077 1790 3136 facta

198 3177 331 3233 sunt,
351 3173 444 3226 sed
467 3172 639 3243 ﬁgura
662 3176 903 3242 qtuudam
925 3187 1078 3233 erant
1099 3188 1154 3234 et
1176 3180 1286 3249 ipsa
1316 3183 1644 3252 dispensatio
1670 3198 1776 3240 non

200 3255 321 3316 foris
333 3265 604 3332 passionis
624 3275 759 3332 erat,
775 3267 870 3322 sed
891 3271 1108 3339 sanguis
1131 3270 1182 3325 in
1201 3272 1391 3328 cadum
1414 3285 1496 3329 est
1514 3276 1775 3333 sublatus.

262 3352 314 3406 ι.
360 3353 524 3409 \‘ides
548 3371 677 3426 ergo
703 3359 843 3428 quod
865 3376 1051 3416 sumus
1077 3364 1361 3435 participes
1387 3369 1661 3438 sanguinis
1687 3371 1778 3440 qui

202 3438 527 3501 inferebatur
578 3447 631 3502 in
680 3461 903 3515 smicta,
948 3442 1131 3509 sancta
1171 3471 1335 3522 vera;
1383 3460 1630 3515 sacriﬁcii
1674 3438 1781 3533 quo

200 3534 306 3588 solo
336 3538 613 3594 fruebatur
639 3543 911 3597 sacerdos.
947 3545 1055 3600 Nos
1101 3562 1231 3617 ergo
1286 3550 1526 3605 veritatis
1564 3553 1780 3622 partici-

202 3637 288 3692 pes
308 3630 577 3684 sunms.Si
599 3646 727 3702 ergo
749 3650 853 3687 non
882 3635 1212 3705 imprOprrii,
1232 3639 1325 3694 sed
1343 3643 1782 3701 sanctiﬁcationis

201 3726 375 3770 sumus
406 3719 697 3789 participes
724 3762 739 3787 ,
784 3723 1170 3794 improperinm
1198 3739 1313 3783 erat
1342 3745 1502 3785 causa
1536 3735 1777 3790 sanctiﬁ-

200 3806 417 3861 catiOnis
448 3825 464 3862 :
499 3825 620 3863 nam
654 3822 707 3865 ut
743 3813 854 3882 ipse
896 3816 995 3869 fuit
1044 3819 1241 3886 probro
1282 3820 1507 3876 affectus
1532 3865 1548 3889 ,
1582 3824 1650 3877 ita
1684 3839 1782 3880 nos

199 3906 418 3964 quoque.
451 3896 508 3953 Si
536 3914 665 3971 ergo
690 3903 995 3970 exicrimus,
1016 3923 1137 3960 cum
1163 3925 1229 3963 eo
1247 3912 1447 3967 erimus
1469 3916 1775 3986 participes.

264 3986 473 4043 Crucem
503 3992 638 4061 ferre
663 3995 901 4051 debemus
934 4009 988 4052 ut
1017 3998 1248 4056 Christus
1280 4006 1414 4058 tulit.
1442 4036 1513 4047 —
1536 4009 1670 4075 Quid
1696 4020 1779 4064 est

200 4090 367 4136 autem
392 4124 409 4149 ,
456 4081 716 4142 Exeamus
751 4090 822 4143 ad
858 4091 1073 4158 ipsum?
1115 4093 1295 4151 Simus
1337 4102 1622 4171 participes
1664 4105 1781 4171 ejus

199 4174 624 4243 perpessionum,
654 4178 885 4237 feramus
912 4183 1027 4253 ejus
1057 4185 1438 4257 impmperitnn
1468 4209 1480 4245 :
1508 4209 1612 4248 non
1636 4198 1780 4251 enim

200 4259 307 4316 sine
327 4278 491 4320 causa
524 4283 711 4337 passus
739 4282 816 4325 est
850 4286 998 4328 extra
1029 4287 1257 4345 portam,
1282 4281 1377 4336 sed
1410 4294 1463 4337 ut
1493 4300 1591 4338 nos
1617 4287 1779 4343 etiam

198 4363 400 4410 erucem
458 4357 579 4425 ejus
627 4359 893 4430 feramus,
947 4374 1002 4420 et
1059 4383 1369 4426 maneamus
1421 4386 1569 4429 extra
1622 4392 1781 4433 nunt-

200 4440 316 4497 dum
339 4488 355 4513 ,
381 4458 439 4503 et
469 4448 540 4502 ibi
565 4464 881 4520 permanere
905 4455 1237 4515 studeamns.
1269 4463 1419 4518 Sicut
1450 4464 1540 4521 ille
1569 4470 1782 4537 probris

203 4540 546 4631 appetebatur
576 4550 843 4614 tamquam
872 4548 1284 4616 condemnatus,
1316 4554 1384 4608 ita
1417 4571 1514 4611 nos
1542 4575 1775 4631 quoque.

200 4624 261 4716 Et
309 4650 396 4700 per
448 4635 617 4703 ipsum
664 4635 938 4703 o/feramus
990 4640 1098 4694 Deo
1137 4646 1465 4714 sacriﬁcium.
1498 4624 1777 4716 Quodnam

199 4715 312 4775 dii-it
338 4724 702 4780 sucriﬁcium?
727 4728 844 4798 lpse
867 4730 1249 4799 interpretatus
1271 4748 1354 4792 est
1377 4715 1585 4807 dicens,
1614 4741 1781 4799 Fruc-

201 4819 295 4866 tum
318 4816 570 4872 (abierunt
597 4823 947 4889 conﬁtentium
978 4827 1172 4880 nomini
1200 4830 1311 4900 ejus
1336 4873 1352 4898 ,
1385 4836 1486 4888 hoc
1513 4846 1617 4903 est,
1652 4854 1777 4908 pre-

201 4917 281 4959 ces
305 4948 318 4969 ,
367 4906 600 4979 hymnos
623 4952 639 4977 ,
686 4914 977 4981 gratiarum
1009 4917 1277 4975 actionem
1303 4939 1316 4986 ;
1370 4923 1457 4979 illa
1484 4928 1627 4982 enim
1654 4906 1780 4986 sunt

203 4990 399 5050 fructus
429 4998 717 5055 labiorum.
758 5002 836 5057 Illi
860 5004 1157 5063 offerebant
1183 5027 1333 5075 oves.
1370 5014 1534 5070 boves
1562 5027 1614 5072 et
1644 5022 1779 5075 vitu-

202 5080 303 5144 los.
345 5100 407 5141 ct
443 5089 640 5144 dabant
667 5094 977 5149 sacerdoti:
1026 5114 1126 5154 nos
1170 5112 1348 5158 autem
1392 5107 1526 5162 nihil
1580 5108 1772 5167 horum

203 5176 483 5233 olli-raritas
506 5222 520 5242 ,
552 5182 644 5236 sed
674 5186 965 5253 gratiarum
994 5194 1283 5261 actionem,
1317 5205 1369 5251 et
1396 5196 1452 5253 in
1483 5202 1733 5259 omnibus
1759 5247 1774 5271 ,

204 5272 368 5335 queat)
412 5272 525 5327 fieri
554 5284 767 5343 potest,
796 5276 991 5349 Christi
1023 5282 1371 5343 imitationem
1402 5308 1413 5344 :
1450 5292 1551 5348 hoc
1578 5298 1776 5366 germi-

206 5372 317 5416 nent
353 5364 499 5415 labra
530 5375 730 5421 nostra.
780 5367 1136 5440 Bene/ieentice
1172 5387 1217 5430 et
1245 5364 1654 5450 participationis
1680 5406 1776 5443 ne-

206 5451 281 5506 lite
330 5456 560 5510 oblivisci
609 5474 628 5512 :
673 5459 858 5515 talibus
913 5464 1048 5518 enim
1100 5467 1279 5525 hostiis
1333 5475 1567 5542 placatur
1612 5479 1774 5539 Deus.

206 5542 388 5599 Demus
409 5547 456 5601 ri
478 5547 577 5603 hoc
602 5550 945 5619 sacriﬁcium,
975 5566 1034 5610 ut
1052 5558 1241 5617 oﬁ'crat
1264 5563 1403 5620 Patri
1430 5585 1444 5622 ε
1470 5570 1605 5625 alias
1631 5575 1774 5631 enim

207 5650 295 5690 non
322 5638 628 5734 oﬂ'eruntur
653 5682 668 5705 ,
703 5642 804 5698 nisi
832 5662 925 5713 per
955 5646 1149 5707 Filium
1174 5693 1192 5719 ,
1225 5654 1308 5711 vel
1343 5662 1521 5728 potFus
1548 5678 1645 5734 per
1680 5680 1777 5722 cor

203 5732 501 5785 contritum.
554 5728 681 5789 Ilaic
722 5737 903 5792 omnia
944 5740 1022 5796 sic
1064 5742 1205 5799 dixit
1233 5760 1451 5820 propter
1478 5728 1777 5815 imbecillos

207 5822 462 5919 indueras
485 5845 496 5877 :
521 5835 603 5880 est
625 5826 771 5881 enim
796 5832 1140 5903 perspicuum
1163 5841 1305 5908 quod
1328 5840 1447 5901 Filii
1476 5848 1548 5902 sit
1570 5852 1771 5919 gratia:

207 5912 419 5989 tlirqtiin
453 5918 597 5973 enim
626 5920 901 5991 quomodo
927 5935 1008 5980 est
1052 5926 1227 5986 honor
1256 5937 1517 6006 mquam?
1565 5912 1633 5999 it,
1660 5960 1770 6001 om,

464 6018 747 6084 ΡΛτιιοι..
790 6021 908 6088 Gtt.
948 6024 1170 6093 LXIII.

1853 372 2007 429 CAP.
2051 370 2191 427 XIII.
2234 367 2471 427 1105111..
2515 365 2761 426 XXXIII.

1894 505 2006 553 nes,
2041 487 2218 558 inquit
2241 526 2257 545 .
2291 486 2540 539 honorent
2571 480 2768 534 Filium
2796 521 2811 545 ,
2850 478 2976 531 sicut
3006 475 3260 529 honorant
3295 471 3503 525 Putrem

1894 579 2100 647 (Joan.
2134 578 2189 633 5.
2221 576 2293 631 25
2314 577 2355 646 ).
2408 573 2521 629 Nisi
2548 569 2852 644 gloriﬁcato
2900 568 3061 624 Patre
3090 564 3424 638 gloriﬁcetur
3448 574 3506 618 et

1894 670 2085 734 Filius.
2118 668 2208 724 ubi
2252 678 2335 724 est
2390 666 2566 722 honor
2605 662 2830 735 azqualis
2855 662 2879 715 ‘I
2902 660 3039 731 Quia
3094 658 3301 714 fructus
3334 658 3504 712 labio-

1895 779 2014 819 rum
2060 760 2435 818 conﬁtentium
2468 756 2675 813 nomini
2736 755 2856 826 ejus
2901 763 2990 810 est
3034 754 3331 825 gratiarum
3359 750 3504 806 actio

1894 866 2118 929 prapter
2132 855 2312 912 omnia
2332 864 2385 910 et
2414 867 2478 908 ea
2508 868 2629 924 qua:
2654 865 2751 921 pro
2772 849 2930 905 nobis
2948 862 3141 919 passus
3160 854 3247 902 est
3276 864 3290 901 :
3318 845 3499 900 omnia

1892 946 2125 1003 ieranms
2149 956 2305 1018 grato
2332 946 2537 1007 animo,
2582 943 2699 998 sive
2728 941 2799 997 sit
2832 949 3122 1013 paupertas
3151 981 3167 1006 ,
3215 940 3331 993 sive
3356 952 3503 991 mor-

1892 1037 1995 1097 bus
2018 1081 2034 1105 ,
2069 1039 2184 1095 sive
2225 1037 2437 1110 quidvis
2482 1034 2630 1090 aliud
2666 1052 2681 1088 :
2715 1049 2837 1087 nam
2875 1048 2998 1104 qua:
3028 1031 3182 1086 nobis
3212 1029 3503 1085 conferunt

1890 1130 2009 1205 ipse
2032 1133 2133 1188 scit
2159 1133 2329 1187 solus.
2363 1129 2504 1198 Quid
2530 1129 2665 1183 enim
2694 1143 2921 1192 oremus,
2955 1125 3154 1197 inquit,
3186 1125 3315 1179 sicut
3339 1140 3496 1194 apor-

1888 1236 1959 1284 ιιι
1987 1270 2003 1295 .
2033 1227 2284 1283 nescimus
2317 1225 2335 1295 (
2369 1225 2523 1280 Rom.
2577 1223 2633 1279 8.
2683 1221 2754 1277 26
2776 1219 2818 1293 ).
2847 1219 2948 1289 Qui
3004 1233 3135 1289 ergo
3182 1234 3251 1274 ne
3298 1217 3501 1275 scimus

1886 1321 2103 1393 quidem
2149 1328 2334 1390 petere
2378 1315 2522 1386 quod
2570 1322 2830 1387 oportet,
2878 1312 2980 1367 nisi
3012 1311 3263 1383 spiritum
3306 1325 3501 1381 appre-

1887 1415 2188 1472 bendamns
2213 1455 2229 1480 ,
2280 1411 2561 1483 quomodo
2592 1426 2653 1464 ea
2682 1425 2801 1481 qua:
2830 1408 2988 1463 nobis
3016 1407 3305 1462 conferunt
3350 1404 3497 1462 scia-

1884 1521 2005 1562 mus
2025 1506 2048 1560 2
2072 1504 2401 1560 Studeamus
2426 1518 2556 1573 ergo
2579 1516 2676 1572 pro
2694 1502 2947 1556 omnibus
2972 1498 3170 1555 oﬂ’erre
3196 1498 3496 1571 gratiarum

1884 1599 2193 1663 actionem,
2223 1597 2515 1666 omniaque
2571 1594 2695 1649 forti
2743 1593 2929 1647 animo
2982 1591 3243 1647 feramus.
3295 1591 3495 1645 Sumus

1885 1690 1938 1745 in
1992 1696 2563 1761 paupertate,sumus
2614 1686 2667 1741 in
2727 1684 2939 1751 inorbo,
2994 1683 3197 1755 gratias
3235 1697 3491 1753 agamus:

1880 1797 2005 1839 eum
2050 1782 2335 1837 calumniis
2379 1779 2723 1850 appetimur,
2766 1776 2984 1848 quando
3029 1773 3174 1830 male
3216 1774 3490 1844 patimur,

1883 1890 2105 1946 agaiuns
2149 1874 2353 1945 gratias
2393 1889 2407 1926 :
2438 1870 2544 1928 hoc
2572 1870 2717 1927 enim
2761 1867 2890 1923 facit
2915 1875 2975 1922 ut
3020 1865 3193 1921 simus
3223 1866 3334 1921 Deo
3364 1879 3492 1936 pro-

1882 1969 2062 2039 pinqui
2099 2008 2116 2034 ,
2174 1978 2301 2022 tunc
2368 1966 2531 2020 etiam
2602 1963 2771 2019 Deum
2839 1960 3105 2015 habemus
3163 1957 3488 2012 debitorem.

1882 2060 2111 2128 Quando
2153 2069 2330 2113 autent
2359 2065 2484 2111 sunt
2530 2054 2685 2111 nobis
2729 2067 2816 2108 res
2847 2050 3105 2107 secundae
3132 2059 3185 2105 et
3213 2046 3493 2103 beneﬁciis

1879 2154 2167 2218 afﬁciatur.
2198 2154 2310 2208 Deo
2335 2164 2525 2206 smnus
2551 2147 2832 2204 debitores
2865 2163 2881 2199 :
2910 2143 3151 2210 alioquin
3179 2143 3341 2198 etiam
3373 2141 3492 2195 lure

1878 2261 2025 2315 Szt'pc
2054 2258 2176 2300 sunt
2209 2246 2365 2299 huius
2394 2245 2445 2297 in
2484 2241 2749 2312 judicium
2779 2279 2794 2300 .
2844 2238 2933 2293 illa
2971 2251 3103 2291 vero
3130 2236 3193 2289 ad
3227 2233 3490 2290 eluendas

1881 2354 2067 2410 poenas
2110 2346 2476 2409 peccatorum.
2543 2332 2635 2388 Illa
2687 2330 2968 2385 attrahunt
3011 2326 3442 2384 misericordiam
3471 2368 3487 2390 ,

1882 2431 1970 2485 illa
1999 2430 2385 2501 benignitatem
2428 2437 2483 2484 et
2509 2423 2855 2481 clementiam
2899 2440 2913 2477 :
2960 2420 3076 2476 lucc
3102 2430 3283 2474 autem
3310 2420 3491 2474 estol-

1878 2520 1996 2579 Iant
2020 2523 2183 2577 etiam
2211 2522 2277 2575 ad
2307 2519 2673 2591 arrogantiam
2703 2560 2716 2580 ,
2750 2514 3030 2570 deducunt
3056 2514 3121 2568 ad
3149 2514 3487 2576 socordiam.

1878 2627 1941 2675 et
1982 2615 2223 2671 efficiunt
2254 2626 2309 2669 ut
2340 2629 2407 2669 ex
2441 2611 2721 2683 phantasia
2752 2610 2819 2665 de
2848 2608 3008 2663 nobis
3059 2622 3252 2677 magna
3294 2623 3490 2678 appre-

1882 2708 2181 2765 hendamus
2231 2724 2247 2759 :
2300 2706 2417 2761 lucc
2454 2720 2555 2759 nos
2600 2709 2884 2758 enervant.
2934 2702 3225 2769 Propterea
3274 2698 3491 2754 dicebat

1880 2802 2044 2858 ctiam
2079 2796 2345 2868 Propheta
2372 2816 2384 2851 :
2417 2795 2622 2850 Bonum
2653 2792 2779 2847 milii
2810 2793 2931 2861 quia
2958 2790 3245 2845 Inmu'liasti
3273 2806 3351 2844 me
3379 2832 3393 2855 ,
3427 2801 3485 2845 ut

1878 2895 2073 2949 discam
2084 2891 2485 2963 justi/icationes
2512 2899 2627 2944 tuas
2646 2886 2817 2961 (Psal.
2847 2886 2969 2942 118.
3000 2888 3058 2941 7|
3077 2888 3115 2957 ).
3143 2885 3373 2954 Quando
3396 2888 3489 2942 be-

1880 2987 2074 3041 neﬁcio
2105 2983 2329 3038 allectus
2351 2990 2404 3038 ct
2426 2996 2454 3034 a
2496 2979 2653 3034 malis
2682 2979 2939 3034 liberatus
2972 2976 3069 3033 fuit
3098 2978 3357 3033 Ezechias
3384 3022 3396 3041 ,
3433 2980 3486 3035 in

1878 3077 2044 3129 altum
2076 3076 2276 3129 elatum
2328 3082 2411 3127 est
2454 3087 2550 3127 cor
2575 3070 2693 3141 ejus
2732 3085 2747 3124 :
2790 3070 3006 3141 quando
3049 3077 3228 3125 autem
3257 3080 3488 3140 :rgrnta-

1879 3171 1951 3224 vit
1978 3212 1993 3233 .
2026 3181 2151 3225 tunc
2189 3180 2270 3224 est
2294 3166 2609 3222 humiliatus
2635 3205 2649 3231 ,
2682 3173 2812 3219 tunc
2836 3163 2935 3218 fuit
2969 3164 3082 3219 Deo
3123 3164 3484 3235 propinquus.

1879 3263 2099 3329 Quando
2124 3304 2139 3328 ,
2175 3262 2343 3332 inquit
2373 3303 2388 3328 ,
2418 3260 2675 3315 occidebat
2701 3274 2787 3315 eos
2810 3302 2826 3327 ,
2857 3270 2981 3314 tunc
3009 3263 3301 3330 quieti-bant
3335 3274 3477 3319 αι’..

1869 3364 1917 3409 et
1963 3352 2382 3407 convertebuntnr
2429 3364 2476 3406 et
2525 3368 2674 3406 mane
2717 3352 2987 3407 ueniebant
3028 3352 3098 3404 ad
3128 3367 3246 3404 eum
3295 3348 3477 3419 (Paul.

1870 3446 1958 3501 77.
1992 3446 2063 3501 54
2082 3447 2101 3515 )
2123 3462 2138 3510 ;
2171 3455 2227 3501 et
2254 3460 2444 3500 rursus
2467 3486 2482 3511 ,
2517 3445 2739 3511 Quando
2771 3454 2846 3499 est
2867 3446 3180 3499 incrasiatus
3203 3452 3249 3497 et
3275 3444 3471 3513 impin-

1867 3547 2071 3611 gnatus,
2105 3537 2448 3593 recalcitravit
2480 3536 2698 3590 dilectus
2730 3536 2749 3607 (
2775 3534 2930 3589 Deut.
2965 3536 3057 3590 δί.
3096 3536 3163 3591 15
3194 3536 3235 3605 ).
3266 3534 3475 3605 Cogno-

1868 3632 2028 3685 scitur
2057 3630 2191 3685 enint
2222 3628 2473 3683 Dominus
2493 3628 2698 3699 judicia
2732 3629 2947 3697 faciens.
2982 3627 3233 3699 Magnum
3269 3628 3474 3683 bonum

1867 3735 1948 3781 est
1978 3725 2216 3779 alllictio.
2241 3725 2402 3779 Arcta
2432 3724 2576 3779 enim
2608 3731 2693 3778 est
2720 3722 2807 3777 via
2832 3739 2847 3779 :
2875 3723 3228 3794 quamobrem
3250 3723 3482 3778 afﬂictio

1869 3830 1969 3869 nos
1999 3816 2161 3870 tradit
2194 3816 2244 3869 in
2294 3822 2521 3870 arctam.
2556 3813 2656 3883 Qui
2690 3828 2797 3869 non
2846 3814 3122 3882 afﬂigitur,
3159 3830 3265 3869 non
3297 3826 3482 3887 potest

1870 3908 2090 3962 intrare.
2110 3906 2208 3976 Qui
2228 3908 2373 3963 enim
2395 3908 2445 3961 in
2469 3916 2619 3961 arcta
2648 3906 2885 3977 seipsnm
2916 3906 3174 3978 amigitet
3199 3910 3414 3979 premit,
3437 3911 3483 3967 is

1869 4009 1951 4053 est
1970 3998 2134 4053 etiam
2160 3999 2247 4067 qui
2275 3999 2469 4052 fruitur
2494 3999 2681 4069 requie
2708 4014 2721 4051 :
2748 3999 2837 4069 qui
2865 4010 3043 4054 autem
3072 4002 3310 4069 seipsnm
3340 4002 3479 4057 dila-

1871 4102 1967 4159 tat,
1989 4108 2162 4165 ncqttc
2191 4093 2507 4163 ingreditur,
2525 4104 2578 4147 ct
2599 4096 2865 4162 premitur
2885 4103 3154 4165 tamquam
3174 4110 3399 4158 cuneus.
3424 4109 3481 4151 ttt

1870 4187 1943 4241 ita
1971 4186 2168 4252 dicam,
2198 4188 2404 4256 pulsus.
2441 4186 2580 4240 Audi
2614 4185 2891 4256 quomodo
2925 4188 3063 4243 banc
3094 4200 3300 4242 arctam
3336 4191 3477 4245 viam

1870 4279 2148 4351 ingressus
2193 4286 2276 4332 cst
2310 4278 2531 4344 Paulus.
2578 4277 2785 4348 Castigo
2818 4295 3007 4347 corpus
3039 4297 3203 4333 meum
3227 4324 3240 4344 ,
3267 4282 3480 4351 inquit,

1869 4382 1915 4425 et
1957 4372 2009 4425 in
2054 4371 2342 4425 servitutem
2392 4370 2570 4441 redigo
2597 4370 2615 4439 (
2644 4372 2693 4424 Ι.
2729 4369 2848 4425 Cor.
2900 4372 2954 4425 9.
2999 4371 3137 4442 27).
3171 4374 3485 4443 Castigabat
3546 4362 3551 4365 μ

1870 4479 2103 4535 corpus,
2156 4474 2213 4519 ut
2245 4473 2427 4535 posset
2472 4463 2678 4519 intran
2732 4481 2745 4517 :
2801 4473 3085 4533 prapteri-a
3128 4466 3179 4520 in
3229 4466 3483 4524 munilms

1869 4558 2252 4613 afﬂictionibus
2286 4557 2395 4611 Deo
2427 4566 2692 4627 perpetuo
2734 4557 2927 4626 agebat
2958 4559 3178 4627 gratias.
3228 4559 3482 4617 Pecuniis

1869 4666 1929 4707 es
1978 4650 2275 4705 multatus?
2326 4647 2428 4703 hoc
2462 4648 2764 4702 latitudinis
2798 4649 3025 4703 multum
3060 4651 3152 4704 tibi
3194 4653 3393 4707 attulit.
3436 4665 3478 4710 A

1868 4743 2037 4815 gloria
2068 4742 2360 4798 excidisti?
2390 4742 2491 4796 alia
2523 4744 2637 4798 brec
2690 4744 2941 4798 latitudo.
2964 4743 3266 4801 Calumniis
3297 4764 3356 4801 es
3382 4764 3481 4819 ap-

1873 4836 2104 4909 petitus?
2127 4838 2327 4893 crcdita
2350 4835 2637 4908 fnereqnze
2660 4837 2921 4893 adversus
2945 4847 2995 4894 te
3020 4849 3144 4895 sunt
3162 4840 3325 4909 dicta,
3344 4859 3482 4910 quo-

1872 4949 1991 4988 rum
2041 4945 2147 4985 non
2179 4946 2298 4984 cras
2339 4932 2430 4984 tibi
2464 4929 2742 4985 conscius?
2775 4931 2956 4985 lauare
2982 4943 3037 4986 et
3068 4936 3300 4996 exsinlta.
3335 4935 3484 4989 Beati

1869 5028 2037 5090 enim,
2067 5026 2118 5080 itt
2142 5025 2257 5094 ptit,
2289 5025 2429 5087 estis,
2462 5024 2669 5094 quando
2689 5040 2777 5079 vos
2810 5026 3010 5094 probris
3026 5026 3289 5093 affecerint
3316 5031 3485 5084 Immi-

1869 5134 1977 5183 nes,
2004 5126 2048 5170 et
2070 5115 2288 5169 dixerint
2312 5132 2460 5170 omne
2479 5117 2672 5169 malum
2696 5127 2874 5171 contra
2899 5133 3009 5183 eos,
3032 5121 3328 5175 mentientes
3356 5140 3479 5193 pm.-

1873 5221 1982 5282 pter
2016 5227 2113 5262 me.
2148 5206 2378 5263 Gaudete
2401 5218 2447 5263 et
2472 5209 2724 5263 exsultant
2747 5251 2761 5274 ,
2790 5210 3034 5279 quoniam
3079 5228 3272 5267 merces
3318 5227 3486 5269 vestra

1870 5306 2078 5376 copiosa
2102 5316 2175 5359 est
2205 5304 2257 5357 in
2280 5304 2419 5358 ca’lis
2446 5302 2662 5374 (Matth.
2682 5304 2733 5359 5.
2756 5304 2844 5359 Η.
2877 5304 2989 5377 12).
3025 5305 3165 5373 Quid
3195 5308 3410 5365 miraris
3439 5314 3487 5366 si

1876 5400 2089 5454 tristitia
2139 5396 2419 5462 afﬁceris,
2469 5408 2524 5452 et
2570 5398 2653 5453 vis
2700 5396 2915 5453 liberari
2962 5415 2991 5454 a
3054 5403 3488 5462 tentationibus?

1876 5489 2070 5546 Paulus
2101 5489 2268 5545 voluit
2298 5488 2550 5556 liberari,
2602 5500 2658 5544 et
2687 5505 2833 5561 saepe
2866 5490 3038 5547 Deum
3083 5497 3332 5565 rogavit,
3381 5515 3483 5552 nee

1874 5582 2182 5654 impetravit
2214 5599 2228 5635 :
2263 5581 2393 5636 illud
2419 5581 2603 5648 enim,
2637 5591 2732 5646 ter,
2764 5596 2910 5650 saepe
2936 5584 3226 5655 signiﬁcat.
3266 5589 3491 5655 Propter

1873 5676 2009 5747 quod
2036 5685 2112 5730 ter
2136 5674 2439 5743 Dominum,
2464 5675 2659 5746 inquit,
2690 5679 2869 5749 rogavi
2898 5693 2917 5733 :
2948 5689 2998 5733 et
3018 5680 3150 5735 dixit
3178 5684 3328 5749 milii,
3356 5685 3484 5757 Suf-

1874 5769 1985 5839 ﬁcit
2015 5768 2106 5823 tibi
2135 5767 2305 5841 gratia
2333 5784 2446 5823 mea
2493 5784 2514 5823 :
2558 5769 2718 5824 virtus
2762 5770 2899 5826 enim
2946 5788 3058 5827 mea
3095 5774 3148 5828 in
3185 5775 3485 5845 inﬁrmitate

1877 5868 2139 5939 perﬁcitur
2168 5870 2188 5940 (
2213 5866 2268 5921 2.
2302 5865 2426 5922 Cor.
2461 5865 2548 5922 I2.
2580 5865 2633 5922 8.
2666 5866 2764 5937 9).
2800 5866 3175 5928 Inﬁrmitatem
3224 5871 3314 5929 hic
3360 5873 3494 5931 dicit

1876 5961 2217 6020 afllictioaes.
2246 5958 2385 6032 Quid
2419 5974 2483 6017 ve
2496 5960 2595 6018 ro?
2622 5958 2890 6030 Quoniam
2924 5963 3041 6021 haec
3067 5965 3295 6038 audivit,
3326 5979 3488 6043 grato

3039 6059 3113 6123 15
