4094 6456
591 406 679 460 ὶῧί

592 501 769 555 animo
816 496 928 551 lucc
978 496 1137 559 tulit,
1179 503 1229 547 et
1271 493 1437 547 dicit:
1478 493 1750 563 PrOpterea
1794 495 1983 565 glorior
2010 494 2061 546 in
2084 494 2163 548 in—

595 591 918 662 prmitatibus
949 589 1068 642 meis
1099 586 1223 658 (Ib.
1255 602 1302 640 υ.
1358 586 1457 656 10)
1485 605 1499 651 ;
1540 588 1640 642 hoc
1665 597 1743 641 est
1768 627 1781 649 ,
1816 586 1943 640 mitti
1976 586 2161 656 placeo

589 695 645 737 et
672 684 885 752 quiesco
914 684 965 735 in
992 679 1396 734 afﬂictionibus.
1448 679 1549 733 Pro
1592 679 1839 732 omnibus
1863 692 1990 748 ergo
2030 692 2158 747 aga-

592 789 709 829 mus
734 773 948 842 gratias,
974 785 1069 838 pro
1095 768 1252 823 rebus
1274 768 1525 824 secundis
1550 778 1601 823 et
1627 782 1722 837 pro
1749 767 2157 822 afﬂictionibus:

591 879 658 917 ne
690 876 1099 925 tnurnturcmus,
1124 876 1191 915 ne
1215 860 1383 914 simus
1402 860 1613 930 ingrati.
1648 860 1740 913 Dic
1761 868 1815 913 et
1846 867 1901 912 tu
1928 875 1941 912 :
1972 856 2158 913 Nudus

588 956 717 1008 exiri
746 956 807 1006 de
826 963 993 1006 ventre
1035 953 1210 1006 matris
1240 968 1363 1006 mete
1387 994 1401 1019 ,
1441 963 1487 1006 et
1528 952 1695 1006 nudus
1735 950 1968 1006 excedam
1994 952 2011 1013 (
2035 950 2153 1005 Job.

588 1044 775 1113 1.9.71).
810 1042 922 1097 Non
952 1042 1241 1113 provenisti
1265 1042 1431 1111 gloria
1461 1042 1701 1111 insignis;
1735 1057 1801 1096 ne
1821 1057 2028 1111 qumras
2044 1042 2155 1111 glo-

584 1135 743 1189 riam.
794 1132 976 1189 Nudus
1006 1150 1109 1189 non
1143 1134 1315 1187 ευιιιιιι
1349 1134 1584 1201 pecuniis
1608 1174 1622 1196 ,
1671 1132 1765 1187 sed
1798 1132 1957 1189 etiam
1988 1132 2156 1199 gloria

566 1226 649 1281 ‘et
684 1228 818 1281 bona
849 1226 1241 1281 existimatione
1268 1229 1538 1295 ingressus
1566 1238 1625 1279 es
1653 1223 1703 1277 iit
1736 1223 1872 1278 banc
1898 1225 2081 1278 vitam.

660 1317 861 1372 Divitiw
898 1318 1307 1387 impedimentum
1347 1315 1415 1369 ad
1454 1317 1687 1369 salutent.
1716 1345 1787 1357 -—
1813 1316 1996 1386 Cogita
2027 1324 2158 1384 quot

589 1408 727 1462 mala
769 1423 912 1477 saepe
955 1418 1072 1463 orta
1113 1416 1238 1461 sunt
1279 1422 1341 1461 ex
1387 1408 1663 1476 pecuniis;
1696 1408 1801 1462 imo
1833 1408 2007 1476 potius
2034 1406 2154 1460 audi

588 1500 713 1571 quid
738 1500 879 1555 dicat
904 1500 1145 1555 Christus
1168 1517 1180 1553 :
1206 1497 1436 1554 Facilius
1462 1508 1554 1567 est,
1589 1501 1777 1569 ittqttit,
1809 1502 2053 1554 cometam
2080 1502 2167 1554 in-

589 1604 723 1647 trare
748 1610 833 1661 per
860 1595 1085 1663 foramen
1108 1607 1249 1656 acus,
1271 1608 1421 1659 quam
1444 1592 1643 1645 divitem
1663 1592 1856 1645 intrare
1876 1594 1927 1645 in
1950 1609 2158 1662 regnum

585 1684 823 1739 calorum
850 1682 1062 1754 (Matt/3.
1100 1682 1185 1737 l9.
1211 1681 1323 1750 24).
1354 1682 1514 1737 Vides
1545 1692 1672 1753 quot
1705 1684 1962 1738 bonorum
1992 1684 2158 1753 impe-

586 1775 880 1830 dimentum
925 1784 1049 1829 sunt
1077 1775 1275 1830 divitia:
1296 1817 1309 1840 ,
1342 1786 1396 1830 et
1425 1785 1477 1830 tu
1509 1779 1704 1845 qumris
1737 1776 1997 1832 ditescere
2022 1795 2034 1827 :
2060 1791 2158 1832 nec

586 1870 640 1923 in
671 1876 977 1938 paupertate
1006 1868 1234 1939 gaudes,
1268 1868 1405 1936 quod
1436 1869 1503 1921 sit
1531 1884 1773 1923 eversum
1806 1868 2157 1939 impedimen-

584 1961 732 2015 tum?
762 1960 911 2016 Adeo
938 1970 1017 2015 est
1045 1970 1265 2030 augusta
1306 1961 1386 2014 via
1432 1976 1549 2030 qua:
1595 1959 1744 2015 ducit
1786 1961 1852 2015 ad
1894 1976 2151 2031 regnum:

582 2054 714 2105 adeo
754 2053 871 2106 latae
914 2062 1038 2106 sunt
1066 2051 1265 2107 divitiae
1288 2095 1304 2118 ,
1337 2053 1586 2123 maleque
1626 2053 1797 2123 plena:
1828 2068 1891 2109 ac
1926 2064 2153 2109 tumore.

1311 402 1364 453 ς.
1408 396 1680 453 “HNNIS
1716 392 2183 450 CllllVSOSTO‘Ml
2226 389 2535 448 ARCHIEP.
2578 389 3114 446 CONSTANTINOP.

3754 386 3873 443 232

2269 492 2553 563 Propterea
2580 492 2728 556 dicit,
2760 491 2930 547 Vende
2940 510 3053 561 qua:
3068 493 3220 547 nubes
3236 492 3437 562 (Matth.
3457 495 3539 552 l9.
3552 493 3729 566 2i),ut
3750 498 3784 551 il
3793 499 3847 555 la

2267 585 2347 640 via
2386 594 2438 639 te
2464 586 2743 655 suscipiat.
2775 584 2884 640 Cur
2909 586 3061 655 cupis
3107 586 3403 657 pecunias?
3434 597 3714 657 propterea
3748 604 3849 645 eas

2267 677 2359 731 tibi
2384 676 2626 742 abstulit,
2652 688 2712 731 ut
2741 685 2792 730 te
2824 676 3011 731 liberet
3039 692 3066 728 a
3100 677 3376 731 servitute.
3406 676 3539 732 Nam
3569 678 3682 733 veri
3709 694 3847 747 quo-

2263 784 2368 839 que
2397 779 2609 838 patres,
2641 784 2762 823 cum
2816 768 2955 823 filius
3012 767 3173 824 fuerit
3220 780 3502 840 corruptus
3551 784 3848 827 consuetu-

2264 859 2388 914 dine
2432 859 2657 930 alicujns
2703 862 3019 922 meretricis,
3052 871 3105 915 et
3153 862 3199 916 ei
3230 877 3371 931 8:ch
3413 862 3690 918 admonito
3735 879 3849 919 non

2263 955 2591 1020 persuaserit
2633 962 2688 1004 ut
2727 952 2795 1005 ab
2838 966 2899 1006 ea
2950 953 3218 1016 discedat,
3280 954 3613 1009 meretricem
3660 957 3849 1023 procul

2262 1044 2571 1099 amandant.
2616 1043 2762 1097 'l‘alis
2808 1054 2891 1099 est
2929 1044 3088 1097 etiam
3142 1043 3294 1113 copia
3348 1046 3611 1113 pecuniae.
3662 1044 3851 1100 Nostri

2262 1136 2440 1205 itaque
2492 1151 2673 1190 curam
2726 1149 2918 1205 gerens
2949 1135 3206 1189 Dominus
3225 1176 3238 1199 ,
3272 1144 3325 1189 et
3354 1150 3383 1189 a
3410 1151 3549 1192 noxa
3572 1152 3689 1207 quae
3718 1138 3853 1191 inde

2261 1228 2519 1298 accipitur
2556 1241 2653 1281 nos
2697 1226 2930 1281 liberans
2956 1267 2970 1291 ,
3004 1226 3181 1281 aufert
3223 1235 3436 1281 nostras
3464 1229 3735 1297 pecunias.
3765 1228 3854 1282 Ne

2260 1321 2629 1375 existimemus
2654 1332 2781 1389 ergo
2809 1328 3175 1388 paupertatem
3213 1331 3333 1372 esse
3372 1319 3571 1372 malum
3602 1335 3615 1372 :
3648 1333 3849 1389 pecca-

2263 1418 2371 1464 tum
2396 1408 2565 1463 solum
2588 1416 2670 1463 est
2690 1411 2910 1465 malum.
2934 1407 3115 1477 Neque
3137 1407 3276 1463 enim
3298 1407 3497 1463 divitia:
3522 1425 3618 1479 per
3638 1419 3855 1464 se‘sunt

2262 1499 2459 1554 bonum
2486 1518 2498 1551 :
2523 1499 2694 1553 solum
2728 1499 2838 1553 Deo
2869 1497 3084 1568 placere
3110 1508 3191 1553 est
3220 1500 3438 1553 bonum.
3467 1497 3855 1567 Paupertatem

2261 1607 2390 1661 ergo
2411 1606 2737 1661 qtueramus,
2760 1590 2895 1644 hanc
2915 1600 3184 1645 sectemur
3206 1607 3219 1645 :
3241 1591 3310 1644 ita
3332 1590 3523 1644 ctelum
3544 1591 3854 1661 apprehen-

2261 1684 2473 1751 detnus,
2522 1684 2593 1738 ita
2636 1682 2869 1738 czelestia
2913 1683 3049 1737 bona
3091 1698 3662 1753 consequemur:qn:e
3690 1682 3855 1738 detur

2262 1777 2415 1830 nobis
2442 1775 2694 1829 onmibus
2715 1774 2993 1845 consequi,
3018 1776 3185 1845 gratia
3210 1785 3262 1830 et
3285 1775 3609 1846 benignitate
3635 1775 3852 1829 Domini

2262 1868 2427 1922 nostri
2457 1864 2584 1920 .Iesu
2624 1865 2819 1919 Christi
2848 1905 2863 1929 ,
2896 1880 3017 1919 cum
3058 1880 3163 1936 quo
3192 1865 3336 1920 Patri
3370 1880 3472 1919 una
3502 1880 3624 1921 cum
3657 1877 3852 1919 sancte

2261 1958 2462 2027 Spiritu
2494 1956 2773 2026 sitgloria,
2808 1956 3112 2026 imperium,
3144 1955 3335 2022 honor,
3365 1970 3506 2011 nunc
3531 1967 3585 2011 et
3611 1970 3849 2026 semper,

2265 2060 2320 2106 et
2340 2050 2393 2104 in
2421 2050 2615 2105 sarcula
2642 2048 2983 2104 seculorum.
3015 2048 3207 2103 Amen.

3792 2165 3824 2173 .—

1876 2199 2219 2258 HOMILIA
2267 2199 2564 2259 XXXIV.

576 2299 703 2354 Car.
735 2299 819 2355 15.
849 2315 905 2352 v.
936 2300 1021 2353 l7.
1056 2298 1259 2353 Obedite
1290 2298 1571 2369 praepositis
1598 2299 1793 2363 vestris,
1827 2310 1871 2353 et
1896 2300 2145 2369 subjucete

651 2390 721 2444 eis
750 2390 885 2461 :ipsi
909 2390 1040 2444 enim
1068 2391 1365 2461 pervigilant
1388 2390 1532 2460 quasi
1558 2390 1803 2442 rationem
1831 2407 1921 2460 pro
1956 2390 2150 2442 aninm-

652 2485 741 2537 bus
776 2484 949 2537 uestris
976 2483 1329 2536 redditurimt
1355 2498 1467 2534 cum
1498 2481 1683 2552 gaudio
1724 2482 1819 2534 hoc
1856 2482 2076 2551 faciant,
2106 2491 2149 2536 et

647 2590 745 2627 non
772 2584 1019 2642 gementes
1042 2590 1060 2627 :
1081 2574 1174 2627 Itoc
1201 2574 1331 2627 enim
1358 2589 1456 2626 non
1483 2574 1687 2642 expedit
1714 2573 1867 2627 vobis.

651 2669 701 2721 l.
730 2667 1093 2737 Magistratum
1121 2676 1175 2722 et
1193 2681 1458 2724 rectorem
1488 2684 1591 2723 non
1613 2668 1809 2723 habere
1827 2669 2020 2723 malum
2047 2679 2147 2735 est,

572 2767 625 2813 et
646 2766 1010 2826 argumentum
1040 2760 1323 2814 multarunt
1352 2761 1734 2825 calamitatum,
1754 2775 1815 2814 ac
1834 2760 2146 2828 principium

572 2850 986 2916 perturbationis
1028 2865 1089 2905 ac
1135 2849 1465 2904 confusionis
1497 2868 1511 2904 :
1543 2852 1772 2906 maxime
1804 2867 1928 2905 vero
1962 2851 2009 2904 itt
2052 2854 2152 2905 lic-

570 2937 729 2989 clesia
760 2938 808 2990 id
842 2946 987 2991 tanto
1026 2940 1376 3008 perniciosius
1428 2950 1544 3007 est,
1574 2952 1772 3013 quanto
1830 2942 2152 3012 principatus

572 3028 689 3096 ejus
717 3031 884 3097 major
909 3036 990 3082 est
1014 3038 1069 3084 et
1096 3029 1391 3084 sublimior.
1421 3032 1549 3086 Nam
1580 3033 1714 3087 sicut
1740 3031 1781 3086 si
1812 3031 1958 3086 ebori
1991 3047 2147 3101 cory-

575 3126 783 3189 plttrum
813 3134 864 3177 et
893 3124 1082 3177 ducem
1113 3124 1407 3188 sustuleris,
1438 3140 1540 3176 non
1569 3125 1668 3177 erit
1691 3126 1913 3193 amplius
1955 3124 2147 3178 chorus

574 3228 836 3282 congruus
852 3224 901 3265 et
925 3214 1223 3275 ordinatus;
1243 3224 1293 3267 et
1317 3215 1357 3265 si
1378 3233 1402 3264 a
1431 3214 1688 3283 phalange
1713 3215 1975 3268 exercitu;
1998 3231 2142 3267 amo.

573 3307 712 3359 vcris
731 3307 1121 3374 imperatorem,
1146 3322 1246 3359 non
1267 3308 1365 3360 erit
1388 3307 1612 3375 ampiius
1633 3306 1872 3359 ordinata
1901 3308 2041 3359 acies
2065 3324 2076 3370 ;
2099 3320 2142 3359 ei

571 3400 612 3451 si
639 3398 843 3469 navigio
875 3399 1139 3451 ademeris
1160 3400 1590 3465 gubernatorem,
1614 3414 1799 3451 navent
1828 3398 2105 3468 demerges
2134 3420 2142 3452 :

579 3490 642 3542 ita
670 3489 848 3551 etiam,
872 3490 963 3540 sia
988 3504 1143 3559 grege
1169 3500 1430 3556 pastorem
1457 3489 1760 3551 abstuleris,
1787 3490 1958 3542 omnia
1994 3506 2137 3543 errr.

576 3579 700 3630 iisti.
727 3579 893 3646 Atque
922 3579 1115 3631 malum
1143 3578 1353 3646 quidem
1385 3587 1464 3629 est
1488 3577 1827 3647 magistratus
1850 3586 1904 3629 et
1928 3580 2146 3631 rectoris

574 3670 842 3728 delectus,
878 3679 928 3721 et
961 3670 1169 3722 occasio
1215 3669 1541 3731 eversionis;
1588 3683 1691 3721 non
1740 3669 1915 3721 minus
1964 3683 2141 3723 autem

574 3758 771 3812 malum
805 3768 884 3812 est
930 3758 1087 3811 etiam
1135 3758 1495 3811 inoltedientia
1539 3772 1722 3811 eorum
1764 3760 1851 3827 qui
1904 3760 1983 3813 eis
2027 3770 2146 3813 Sunt

574 3847 797 3913 subjecti
825 3864 837 3899 :
864 3862 982 3899 nam
1007 3846 1141 3901 idem
1175 3862 1357 3901 rursus
1377 3846 1589 3901 accidit.
1617 3846 1846 3916 Populus
1871 3849 2010 3902 enim
2043 3865 2145 3901 nan

578 3958 764 3997 sarcns
781 3944 972 3997 rectori
991 3959 1051 3997 ac
1070 3936 1415 4014 magistratui,
1436 3954 1517 3998 est
1534 3945 1720 3998 similis
1738 3945 1783 3999 ei
1812 3945 1901 4012 qui
1930 3959 2031 3996 ιιυιι
2052 3942 2144 3995 lia-

578 4041 678 4099 Αρι,
696 4046 747 4090 et
765 4034 898 4091 forte
912 4036 1070 4090 etiam
1092 4036 1355 4091 deterior:
1381 4050 1499 4089 nam
1521 4036 1627 4089 illic
1645 4034 1858 4101 quidem
1882 4035 2039 4088 etiam
2065 4034 2143 4086 cis

570 4131 724 4182 datur
755 4131 925 4193 venia,
946 4130 987 4183 si
1012 4129 1142 4183 ordo
1166 4140 1215 4185 et
1236 4129 1529 4183 moderatio
1557 4143 1659 4180 non
1683 4126 2030 4184 observetur;
2056 4124 2141 4177 hic

570 4230 744 4275 autem
769 4237 871 4275 non
894 4224 988 4286 ita,
1017 4221 1108 4275 sed
1137 4223 1294 4276 etiam
1324 4227 1629 4291 puniuntur.
1656 4218 1723 4273 At
1749 4218 1889 4272 dicet
1918 4224 2139 4270 fortasse

567 4313 850 4382 quispiam,
888 4314 1099 4367 tertium
1133 4326 1251 4366 esse
1283 4312 1499 4376 malum,
1521 4326 1639 4363 cum
1674 4310 1843 4363 malus
1859 4310 2135 4362 sitrector.

570 4405 678 4473 Ego
706 4419 915 4474 quoque
948 4405 995 4456 id
1024 4404 1156 4465 scio,
1190 4412 1244 4457 et
1274 4418 1375 4456 non
1406 4417 1624 4472 parvum
1659 4402 1759 4455 hoc
1786 4402 1980 4454 malum
2001 4442 2015 4465 ,
2046 4401 2137 4453 sed

568 4496 726 4549 etiam
748 4496 899 4565 longe
916 4496 1065 4564 pejus
1086 4493 1294 4549 delectu
1314 4494 1535 4547 rectoris
1558 4509 1618 4546 ac
1638 4494 1975 4562 magistratus
1997 4510 2008 4544 :
2031 4507 2141 4545 me-

573 4589 671 4639 lius
693 4599 770 4641 est
789 4588 928 4641 enim
960 4603 986 4638 a
1018 4587 1162 4640 nullo
1179 4586 1493 4655 duci,quatu
1514 4585 1634 4640 duci
1665 4604 1691 4637 ιι
1722 4587 1881 4639 malo.
1902 4585 2030 4638 Nam
2052 4585 2140 4639 ille

567 4678 777 4745 quidem
808 4694 947 4746 sirpe
976 4679 1140 4730 evasit
1168 4678 1363 4741 salvus,
1384 4693 1526 4744 sa-pe
1548 4678 1704 4729 etiam
1740 4678 1882 4729 venit
1915 4678 1963 4729 in
2000 4678 2137 4745 peri-

564 4768 739 4822 eulum
762 4786 773 4829 ;
798 4769 878 4821 hic
909 4777 1084 4820 atttcut
1114 4769 1331 4821 omnino
1361 4767 1536 4820 veniet
1556 4768 1603 4819 iti
1628 4768 1939 4835 periculum,
1962 4782 2027 4820 uc
2048 4768 2141 4819 ab-

566 4862 788 4914 ducatur
810 4862 859 4913 in
877 4860 1181 4913 barathrum
1202 4858 1694 4929 ageturQuom0do
1708 4876 1836 4929 ergo
1855 4862 1979 4914 dicit
2004 4861 2138 4914 Pau-

566 4953 677 5005 lus:
702 4952 910 5007 Ubedite
931 4954 1210 5022 prapositis
1228 4965 1345 5005 vesti
1359 4954 1417 5014 is,
1440 4962 1485 5004 et
1502 4954 1748 5023 subjacete
1765 4961 1833 5005 ets
1849 4952 2016 5005 2Cqu
2048 4968 2137 5005 su-

568 5043 742 5109 perius
759 5043 978 5096 dixerit:
1003 5043 1226 5109 Quorum
1254 5043 1497 5095 intuentes
1522 5044 2132 5109 exitumconvrrsatt’onis,

563 5135 826 5187 imitamini
852 5134 1039 5203 ﬁdem;
1071 5143 1192 5187 luuc
1210 5133 1359 5195 dixit,
1390 5134 1594 5186 Ubedite
1625 5136 1907 5205 prwpositis
1939 5142 2132 5199 vestris,

567 5235 615 5277 et
637 5228 901 5291 subjacete.
932 5225 1066 5289 Quid
1094 5240 1240 5293 ergo,
1259 5226 1447 5295 inquit,
1466 5224 1674 5293 quando
1693 5226 1851 5279 fuerit
1877 5226 2065 5287 malus,
2084 5236 2137 5279 et

564 5333 670 5371 non
701 5317 1008 5372 obcdiemus
1032 5317 1118 5371 ei?
1140 5317 1325 5381 Malus,
1358 5316 1625 5387 quomodo
1650 5316 1824 5371 dicis?
1848 5320 1889 5371 si
1921 5328 2134 5386 propter

564 5408 720 5462 fidem
754 5408 1001 5478 quidem,
1048 5408 1168 5477 fuge
1198 5425 1318 5463 eum
1346 5418 1399 5464 et
1426 5408 1561 5463 evita
1586 5450 1600 5472 ,
1640 5425 1743 5463 non
1791 5410 1959 5464 solum
1992 5411 2032 5463 si
2066 5412 2134 5463 sit

566 5500 723 5553 homo
748 5542 761 5564 ,
796 5499 888 5554 sed
934 5501 1090 5553 etiam
1122 5501 1163 5552 si
1196 5501 1415 5570 angelus
1445 5500 1777 5556 descendens
1801 5519 1830 5555 e
1856 5503 1986 5555 carlo
2012 5522 2022 5555 :
2048 5518 2131 5557 sui

561 5602 735 5644 autem
767 5601 981 5659 propter
1012 5590 1193 5652 vitam,
1227 5605 1291 5645 ne
1318 5591 1389 5644 sis
1419 5592 1576 5646 nimis
1608 5593 1869 5645 curiosus.
1900 5592 2005 5646 Nec
2035 5593 2132 5648 ltoc

562 5684 857 5752 exemplum
881 5699 945 5739 cx
966 5700 1047 5739 me
1064 5686 1278 5739 allatum
1308 5686 1555 5752 dico,sed
1584 5704 1612 5741 ξι
1644 5688 1817 5741 divina
1835 5686 2126 5758 Scriptura.

561 5775 692 5827 Audi
716 5778 853 5828 cnim
866 5772 1131 5829 Christum
1156 5778 1418 5832 dicentem
1442 5796 1454 5832 :
1481 5778 1649 5848 Super
1669 5781 1956 5834 cathedram
1986 5780 2132 5850 Moy-

560 5868 621 5915 si»
649 5865 879 5917 sederunt
908 5867 1079 5920 Sf'l'ibtl’
1104 5880 1149 5919 ct
1184 5868 1429 5921 ΡΙιίινὶιαιὶ
1454 5867 1664 5940 (Matth.
1695 5870 1781 5924 9.5.
1812 5870 1864 5923 Ξ.
1896 5870 1970 5937 5).
1996 5871 2125 5924 Cum

2250 2300 2315 2353 de
2346 2300 2407 2352 iis
2432 2302 2578 2368 prius
2605 2298 2765 2351 tunlta
2798 2297 3018 2351 dixisset
3049 2302 3249 2367 gravia,
3294 2308 3417 2353 tunc
3457 2300 3586 2352 dicit
3618 2316 3628 2351 :
3662 2301 3837 2368 Super

2252 2391 2541 2445 cathedram
2567 2390 2759 2461 Moysis
2785 2392 3040 2444 sederunt.
3062 2391 3400 2461 Quwcumque
3428 2391 3565 2444 vobis
3586 2391 3831 2457 dixerint,

2248 2483 2404 2553 facile
2420 2497 2438 2535 :
2457 2498 2779 2552 quaecumque
2796 2492 2961 2535 autem
2981 2483 3209 2553 fecerint,
3229 2483 3383 2537 nolite
3398 2486 3584 2556 facere.
3602 2484 3832 2553 Habent,

2252 2572 2423 2641 inquit
2442 2614 2456 2638 ,
2490 2573 2799 2642 dignitatem
2824 2616 2838 2638 ,
2868 2573 2960 2628 sed
2993 2575 3113 2627 vitm
3136 2583 3259 2628 sunt
3288 2575 3595 2631 immunda.
3624 2578 3693 2632 At
3724 2595 3831 2634 non

2252 2664 2435 2729 vitam,
2468 2664 2561 2719 sed
2593 2664 2753 2719 verba
2785 2666 3043 2721 attendite
3069 2685 3079 2719 :
3109 2683 3227 2721 nam
3260 2677 3480 2739 propter
3510 2685 3687 2727 mores
3714 2674 3833 2742 qui-

2247 2753 2367 2809 dem
2396 2756 2572 2811 nullus
2592 2756 2843 2811 damnum
2876 2760 3161 2827 acceperit.
3183 2759 3398 2824 Quare?
3422 2761 3682 2827 Quoniam
3708 2774 3761 2817 et
3793 2766 3829 2820 ii

2246 2856 2369 2901 sunt
2397 2848 2648 2902 omnibus
2679 2847 2943 2903 manifesti
2968 2866 2983 2912 ;
3006 2860 3060 2904 et
3090 2866 3187 2903 nec
3219 2852 3332 2921 ipse
3354 2892 3369 2916 ,
3395 2854 3602 2907 etiamsi
3636 2856 3831 2910 millies

2245 2939 2313 2993 sil
2340 2940 2509 2993 malus
2530 2981 2543 3004 ,
2578 2940 2715 2995 mala
2741 2956 2989 3010 umquam
3021 2941 3255 2996 docebit.
3286 2942 3389 2998 Sed
3410 2955 3625 3014 pr0pter
3647 2947 3829 3003 lident.

2247 3030 2430 3099 Neque
2461 3033 2601 3086 enim
2629 3041 2709 3085 est
2742 3031 2791 3084 id
2816 3033 3061 3087 omnibus
3108 3034 3476 3100 manifestum;
3508 3053 3679 3107 neque
3710 3055 3829 3092 ma-

2248 3115 2331 3171 lus
2361 3118 2946 3175 recusaltitdoctrinam
2970 3122 3163 3177 docere
3188 3140 3518 3193 perversam.
3544 3126 3671 3180 Nam
3695 3131 3821 3182 illud

2242 3222 2474 3276 quoque,
2499 3209 2670 3263 Nolite
2680 3211 2939 3282 judicare,
2958 3224 3011 3265 ut
3033 3230 3129 3266 non
3145 3216 3823 3289 judicemini(il!attlt.7.l),

2242 3298 2310 3351 de
2335 3300 2437 3352 vita
2461 3301 2658 3353 dictum
2684 3311 2784 3367 est,
2807 3320 2909 3355 tton
2943 3304 3008 3358 de
3032 3304 3166 3359 fide:
3194 3306 3244 3360 Id
3269 3307 3481 3377 quidem
3504 3319 3650 3364 certe
3676 3313 3823 3379 quod

2243 3391 2599 3459 subjungitur,
2635 3393 2732 3446 hoc
2756 3395 3009 3449 ostendit.
3038 3396 3174 3463 Quid
3196 3399 3327 3450 enim
3358 3400 3513 3467 vides,
3538 3402 3725 3472 inquit,
3747 3407 3828 3473 fe-

2241 3492 2428 3534 stucam
2446 3485 2497 3535 in
2518 3486 2664 3538 oculo
2694 3487 2971 3553 ['ratrislni,
2990 3489 3176 3542 trabem
3189 3503 3353 3545 autem
3378 3494 3587 3549 ittoculo
3610 3507 3693 3549 tuo
3717 3515 3824 3554 non

2240 3573 2597 3627 uninmdrertis
2619 3575 2776 3645 (Ibid.
2791 3595 2837 3631 ιι.
2856 3581 2935 3641 5)?
2946 3580 3427 3657 Qua’cumqueergo
3438 3587 3655 3642 dixerint
3683 3592 3823 3645 rubis

2244 3675 2295 3714 ut
2321 3666 2542 3733 faciatis,
2570 3668 2933 3736 [urileU'accrc
2954 3679 3132 3727 autem
3153 3687 3227 3727 eat
3249 3676 3427 3743 operis
3446 3718 3462 3745 ,
3490 3694 3595 3732 non
3629 3680 3772 3747 tidei)
3805 3699 3821 3745 ;

2240 3756 2511 3808 secundum
2533 3766 2697 3810 autem
2721 3776 2873 3829 opera
2898 3776 3069 3815 eorum
3096 3765 3251 3819 nolite
3277 3767 3465 3835 facere.
3493 3768 3655 3825 Vides
3674 3776 3819 3841 quod

2242 3859 2343 3896 non
2373 3848 2583 3914 agaLde
2610 3848 2967 3918 dogmatibus,
2993 3854 3085 3908 sed
3115 3854 3181 3910 de
3203 3857 3306 3911 vita
3333 3867 3383 3911 el
3405 3860 3693 3929 operibus?
3715 3866 3821 3919 Sed

2243 3935 2431 3989 Paulus
2462 3953 2556 3992 cos
2583 3941 2807 4008 primum
2831 3945 3247 4010 commendavit,
3275 3961 3325 4001 et
3350 3958 3473 4005 tunc
3496 3952 3621 4006 dicit
3648 3970 3658 4005 :
3689 3953 3824 4008 Οὑε-

2240 4028 2340 4081 dite
2366 4033 2651 4099 praepositis
2682 4036 2874 4099 restria,
2911 4045 2956 4087 et
2990 4037 3202 4107 subjecti
3233 4049 3384 4094 estote
3412 4058 3429 4095 :
3456 4043 3554 4112 ipsi
3582 4046 3709 4097 enim
3744 4048 3823 4098 ti-

2237 4122 2397 4189 gilanl
2420 4140 2511 4190 pro
2533 4125 2793 4178 animabus
2818 4129 3267 4201 t‘estris‘tamquam
3288 4133 3531 4186 rationem
3551 4137 3823 4191 reddituri.

2238 4212 2471 4265 Audiant
2492 4214 2651 4267 etiam
2685 4217 2771 4284 qui
2795 4198 3004 4285 regunt:
3030 4198 3328 4275 ttousnlttttt
3364 4224 3396 4277 ii
3424 4227 3510 4294 qui
3542 4238 3821 4295 reguntur,

2237 4304 2377 4368 quod
2410 4306 2857 4373 quemadmodum
2891 4310 3044 4364 decet
3075 4313 3317 4367 subditos
3339 4330 3461 4370 csso
3482 4317 3821 4384 obedientes,

2240 4394 2309 4447 ita
2334 4408 2543 4464 oportet
2579 4400 2871 4467 principes,
2905 4417 3022 4455 es.~e
3050 4404 3328 4474 vigilantes
3354 4418 3405 4460 et
3428 4408 3654 4463 sobrios.
3681 4413 3823 4479 Quid

2236 4486 2407 4541 dicis?
2434 4488 2633 4558 vigilat,
2658 4492 2896 4547 imminet
2922 4496 3214 4562 periculum
3248 4497 3361 4564 cius
3392 4500 3571 4569 capiti,
3603 4502 3822 4570 subjici-

2238 4587 2323 4632 tur
2363 4580 2539 4647 pmnis
2592 4592 2933 4651 peccatorum
2992 4592 3229 4651 tuorum,
3277 4599 3330 4641 et
3374 4602 3593 4658 propter
3641 4602 3691 4647 te
3740 4606 3822 4649 est

2241 4681 2385 4723 tanto
2416 4672 2677 4727 obnoxius
2706 4674 2916 4740 timori,
2948 4685 3000 4729 et
3035 4686 3087 4727 tu
3112 4690 3170 4729 cs
3197 4677 3343 4747 piger
3373 4688 3425 4733 et
3450 4680 3685 4751 ignavus.
3715 4697 3823 4737 tor-

2236 4777 2437 4832 pcsque
2465 4774 2515 4817 et
2541 4780 2597 4818 es
2625 4765 2891 4829 sordidus,
2921 4782 3018 4821 nec
3044 4768 3124 4821 vis
3150 4770 3416 4839 obsequi?
3446 4772 3569 4827 ideo
3596 4778 3820 4845 subjun-

2234 4858 2308 4925 git
2328 4858 2540 4911 dicens:
2563 4856 2625 4911 Ut
2646 4875 2756 4910 cum
2776 4859 2963 4928 gaudio
2992 4860 3084 4911 huc
3108 4862 3321 4930 faciant,
3343 4874 3387 4917 et
3410 4880 3510 4917 non
3531 4878 3779 4935 gementes
3800 4885 3820 4924 .°

2235 4950 2329 5001 hoc
2365 4952 2495 5001 cnim
2536 4968 2634 5002 non
2675 4950 2872 5019 expedit
2917 4951 3074 5004 vobis.
3110 4952 3273 5008 Vides
3304 4955 3445 5023 quod
3496 4959 3743 5028 princeps
3771 4962 3817 5015 si

2234 5049 2605 5094 contemnatur
2626 5084 2640 5105 ,
2672 5058 2773 5093 non
2816 5052 3062 5111 Oportcat
3106 5058 3163 5098 se
3209 5046 3430 5111 uicisti;
3460 5050 3553 5103 sed
3586 5057 3816 5109 maxima

2235 5132 2364 5185 ultio
2385 5134 2451 5185 sit
2482 5132 2605 5185 llere
2634 5142 2685 5184 et
2719 5134 3106 5202 ingemiscere?
3133 5146 3184 5188 et
3214 5139 3426 5191 merito.
3457 5139 3588 5194 Nam
3620 5155 3671 5197 et
3698 5161 3814 5200 tne-

2232 5224 2374 5285 dico,
2405 5226 2445 5277 si
2476 5233 2850 5277 contemnatur
2880 5226 2945 5279 ab
2979 5236 3200 5296 :rgrolo,
3226 5246 3330 5283 non
3366 5231 3489 5287 licet
3520 5250 3577 5287 se
3608 5237 3810 5301 ulcisci,

2234 5316 2326 5370 sed
2360 5318 2485 5370 llirre
2514 5324 2567 5369 et
2593 5317 2961 5385 ingemiscere.
2994 5318 3086 5373 Sin
3136 5333 3316 5375 autem
3348 5324 3435 5379 ille
3479 5326 3811 5397 ingemiscat,

2231 5417 2283 5462 te
2327 5409 2612 5463 ulciscatur
2645 5408 2803 5464 Deus.
2839 5411 2891 5464 Si
2927 5411 3067 5465 enim
3108 5428 3205 5483 pro
3234 5418 3467 5484 peccatis
3499 5426 3693 5476 nostris
3726 5425 3809 5476 itt-

2230 5502 2583 5570 gemiscentes
2638 5503 2801 5555 licunt
2852 5505 3207 5573 attraltimus,
3258 5525 3353 5577 pro
3396 5511 3622 5566 aliorum
3657 5529 3810 5568 arro-

2228 5594 2404 5661 gantia
2438 5604 2489 5646 ct
2520 5602 2826 5662 contemptu
2870 5596 2915 5648 si
2964 5596 3400 5668 iugetniscitnus,
3433 5618 3611 5658 annon
3643 5609 3813 5661 multo

2230 5687 2432 5759 magis?
2454 5685 2610 5741 Vides
2633 5688 2771 5757 quod
2798 5706 2901 5743 non
2925 5691 3049 5744 sinit
3073 5706 3192 5747 eum
3221 5708 3504 5765 erumpere
3526 5697 3590 5751 ad
3617 5701 3810 5768 probra

2232 5793 2283 5835 et
2306 5782 2688 5836 contumelias?
2716 5782 2864 5836 rides
2886 5795 3081 5853 quanta
3102 5786 3170 5839 sit
3193 5786 3369 5856 philos
3410 5790 3565 5859 plna?
3588 5793 3815 5861 Oportet

2232 5890 2351 5927 cum
2389 5875 2733 5944 ingemiscere
2761 5877 2846 5945 qui
2876 5876 3185 5947 detpieitur,
3211 5882 3300 5949 qui
3330 5883 3694 5951 conculcmur,
3721 5886 3813 5953 qui
