4094 6414
187 551 506 620 cnttspuilllr.
544 546 627 601 Ne
659 544 902 601 conlldas
930 542 1071 610 quod
1106 554 1156 595 te
1187 556 1294 595 non
1326 541 1641 596 ulciscitur:
1664 552 1763 611 ge-

190 662 335 700 nntns
362 643 509 698 enim
540 649 630 695 est
660 637 851 715 quavis
882 636 1085 688 ultione
1111 634 1369 689 deterior.
1404 632 1538 687 Nam
1564 630 1781 703 quando

192 739 293 806 ipse
319 734 449 789 nihil
484 729 707 802 prolicit
735 741 977 798 gemens,
1008 736 1166 780 vocat
1200 726 1487 779 Dominum
1514 740 1528 777 :
1553 733 1609 779 et
1638 724 1781 777 sicut

186 830 384 899 quando
409 831 816 896 praeceptorem
840 833 974 888 puer
997 834 1103 871 non
1130 816 1418 881 audiverit,
1449 824 1669 871 vocatur
1686 813 1778 886 qui

186 921 230 974 in
253 934 370 975 eum
397 931 457 970 se
484 921 653 985 gerat
676 910 944 965 ansterius
970 925 982 960 :
1008 908 1083 962 ita
1110 907 1196 962 hic
1224 921 1460 977 quoque.

246 1010 344 1078 Qui
370 996 555 1078 regunt
592 1002 894 1065 Ecclesium,
926 1009 1115 1070 quanto
1153 999 1208 1053 in
1250 999 1473 1069 periculo
1497 1006 1777 1052 versentur.

188 1102 454 1181 ltignitates
485 1095 773 1170 fugienda,
798 1108 895 1147 non
913 1092 1216 1162 qua'rendte.
1234 1120 1305 1131 --
1322 1090 1499 1159 Papa,
1518 1101 1777 1162 quantum

184 1208 257 1252 est
283 1193 586 1265 periculum
607 1191 622 1239 !
646 1187 771 1259 quid
806 1184 1015 1240 miseris
1040 1185 1145 1239 illis
1180 1184 1381 1239 dixeris
1407 1183 1498 1254 qui
1527 1197 1585 1238 se
1610 1184 1779 1252 conji-

186 1290 317 1340 i-iuot
342 1286 394 1339 in
418 1293 632 1338 mutant
663 1280 914 1351 abyssum
932 1274 1353 1345 suppliciorum?
1376 1274 1624 1328 Omnium
1642 1270 1777 1344 quos

187 1378 335 1447 regis,
381 1374 682 1428 mulierum
726 1378 782 1425 et
824 1369 1066 1423 virorum
1098 1376 1153 1421 et
1181 1381 1492 1435 puerorum,
1515 1380 1546 1419 a
1574 1376 1625 1419 te
1653 1364 1776 1419 red-

186 1467 343 1523 denda
372 1477 458 1521 est
490 1464 672 1519 ratio:
694 1468 842 1515 tanto
864 1459 972 1529 igni
993 1466 1156 1526 caput
1177 1466 1323 1509 tuum
1347 1454 1587 1523 subﬁcis.
1613 1455 1777 1509 Miror

186 1581 242 1615 an
261 1562 367 1617 ﬁeri
397 1559 576 1630 poesit
604 1568 661 1611 ut
690 1554 884 1623 aliquis
903 1568 969 1608 es
1004 1550 1303 1606 rectoribus
1328 1550 1398 1604 sit
1425 1550 1627 1615 salvus,
1651 1564 1773 1603 cum

187 1653 379 1705 videam
424 1658 557 1722 post
586 1648 757 1701 minas
787 1654 841 1701 ct
872 1652 1189 1713 prresentcm
1231 1641 1532 1696 socordiam
1564 1642 1774 1713 aliquos

188 1745 349 1798 adhuc
376 1748 759 1804 accnrrenlcs,
784 1746 838 1791 et
864 1752 922 1791 se
952 1734 1306 1804 conjicientcs
1337 1733 1390 1786 in
1425 1742 1624 1787 tantam
1656 1749 1773 1788 mo—

185 1837 277 1889 lem
301 1831 816 1890 administrationis.
850 1827 981 1882 Nam
1004 1828 1047 1880 si
1078 1826 1136 1889 ii,
1170 1826 1256 1895 qui
1307 1824 1630 1880 necessitate
1658 1834 1772 1879 tra-

187 1929 391 1988 huntur,
421 1943 533 1980 non
566 1924 765 1978 habent
795 1920 1196 1976 excusationem
1225 1918 1566 1982 autveniatn,
1593 1918 1636 1970 si
1656 1932 1769 1971 rem

190 2023 313 2076 male
338 2019 725 2073 administrent
756 2024 811 2069 et
830 2012 1328 2083 sintncgligentcs;
1356 2025 1476 2064 nam
1507 2019 1561 2065 et
1588 2010 1771 2063 Aaron

188 2123 374 2167 tractus
401 2120 489 2165 est
517 2108 843 2163 necessitate
860 2116 911 2160 et
940 2104 1084 2159 venit
1114 2103 1164 2156 in
1190 2101 1487 2172 periculum
1509 2118 1524 2165 ;
1548 2110 1601 2161 ct
1626 2100 1771 2173 Moy-

188 2218 267 2257 ses
289 2203 614 2264 ctiam,cntn
642 2212 788 2268 sa'pc
818 2204 1151 2257 recusasset;
1172 2193 1768 2255 etSat'tl,cuicredittnn

188 2295 312 2349 aliud
352 2292 531 2348 luerat
584 2290 890 2360 imperium,
923 2296 1205 2358 postquam
1236 2286 1521 2347 recusavit,
1550 2294 1770 2341 vocatus

189 2398 257 2441 cst
283 2388 332 2440 in
358 2386 682 2456 periculum,
702 2381 954 2453 quoniam
980 2382 1152 2451 ipsum
1172 2380 1310 2434 male
1330 2379 1765 2435 administrarat:

189 2490 370 2549 quanto
390 2472 909 2545 magisiiqniinhoe
926 2472 1160 2527 studium
1190 2483 1426 2541 ponunt,
1468 2482 1521 2527 et
1552 2472 1602 2525 in
1633 2471 1682 2525 id
1709 2485 1770 2527 se

189 2568 557 2638 conjercrtuit?
584 2567 675 2637 qui
702 2574 787 2621 est
808 2571 949 2621 enim
981 2564 1126 2632 talis,
1157 2564 1315 2634 longe
1344 2564 1513 2634 magis
1539 2579 1599 2619 se
1620 2566 1767 2621 omni

189 2661 398 2729 privahit
432 2660 615 2715 venia.
649 2658 866 2714 Timere
892 2657 1036 2714 enim
1068 2668 1285 2727 oportet
1303 2667 1357 2713 et
1382 2659 1769 2715 contreinisce-

190 2769 259 2820 re,
284 2765 336 2809 et
362 2766 590 2826 propter
618 2752 1006 2810 conscientiam
1026 2761 1082 2807 ct
1120 2761 1336 2821 propter
1366 2752 1562 2806 molem
1592 2752 1763 2822 impe-

186 2847 268 2908 rii;
295 2856 346 2901 et
388 2862 568 2916 neque
598 2846 644 2900 si
675 2845 842 2900 semel
875 2844 1157 2899 trahantur
1201 2858 1471 2909 recusare,
1507 2858 1682 2913 neque
1717 2842 1765 2901 si

189 2950 278 2989 non
301 2936 589 2990 trahantur
614 2946 805 3005 sponte
828 2936 879 2990 in
908 2934 959 2989 id
984 2936 1295 2999 incurrere;
1321 2935 1430 2989 imo
1458 2949 1586 2989 vero
1601 2936 1762 2989 etiam

188 3025 373 3097 fugere,
402 3028 766 3098 pmvidcntes
794 3026 1215 3098 magnitudinem
1247 3028 1537 3096 dignitatis.
1562 3028 1763 3084 Rursus

189 3129 346 3175 autem
372 3136 465 3174 eos
482 3121 576 3191 qui
601 3120 795 3174 fuerint
817 3119 1195 3191 comprehensi
1238 3128 1452 3188 Oportet
1472 3136 1594 3175 esse
1630 3136 1763 3176 ean-

191 3220 261 3264 tos
284 3223 333 3265 et
357 3214 496 3281 pios.
533 3212 675 3268 Nihil
708 3212 1120 3268 immoderatum
1149 3214 1238 3278 sit,
1262 3214 1441 3267 omnia
1478 3229 1543 3267 ex
1573 3212 1765 3269 ordine

191 3302 323 3357 flant.
348 3302 403 3359 Si
451 3307 763 3375 priusquam
804 3305 1171 3374 protnovearis
1210 3305 1259 3358 id
1308 3306 1644 3375 prmscntias,
1673 3321 1763 3359 rc-

190 3394 325 3460 ecde,
374 3412 667 3466 persuasus
717 3406 770 3454 te
821 3414 882 3453 ea
914 3414 972 3453 re
1013 3412 1131 3453 esse
1161 3398 1433 3468 indignum
1460 3415 1473 3451 :
1498 3397 1543 3451 si
1575 3412 1765 3453 rursus

193 3484 341 3543 lucris
385 3490 832 3559 comprehensus,
873 3490 1121 3545 similiter
1156 3491 1458 3545 cantionem
1486 3490 1681 3545 adhibe
1711 3500 1767 3546 et

193 3584 553 3646 reverentiam,
572 3581 769 3649 ubique
790 3580 1081 3636 ostendens
1102 3582 1360 3637 animum.
1381 3581 1466 3637 18.
1491 3580 1668 3649 Orate,
1686 3582 1767 3636 in-

193 3670 311 3735 quit,
332 3672 477 3726 etiam
500 3690 595 3744 pro
614 3674 753 3728 nobis
772 3689 789 3727 :
810 3673 1115 3741 confidimus
1134 3674 1265 3727 cnim
1280 3674 1418 3744 quod
1435 3676 1617 3729 bonum
1637 3690 1763 3729 con-

192 3762 428 3816 scientiam
443 3765 710 3830 habemus,
728 3764 780 3817 in
806 3764 1040 3818 omnibus
1065 3763 1189 3819 bene
1208 3765 1430 3820 uolentes
1452 3766 1765 3821 conversari.

253 3850 304 3905 2.
344 3853 507 3910 Vides
535 3854 681 3927 quod
711 3857 764 3910 in
795 3856 879 3910 bis
905 3870 963 3912 se
988 3867 1177 3926 purget
1219 3866 1274 3912 et
1323 3867 1567 3925 excuset,
1592 3866 1651 3913 ut
1678 3857 1767 3928 qui

194 3945 373 3999 scribat
407 3945 473 4002 ad
513 3960 612 4003 eos
649 3956 917 4017 tamquam
959 3947 1026 4001 ad
1075 3948 1319 4002 molestia
1345 3946 1591 4015 alfectos,
1629 3957 1769 4002 tam-

192 4050 333 4102 quam
375 4039 442 4093 ad
478 4048 817 4107 aversantes,
857 4050 1128 4110 tamquam
1175 4040 1243 4095 ad
1282 4056 1377 4097 eos
1420 4042 1510 4111 qui
1540 4044 1591 4097 in
1643 4056 1767 4097 eum

193 4137 331 4182 erant
347 4128 519 4186 allecti
545 4140 602 4184 ut
628 4132 1208 4203 transgressorem,qui
1229 4149 1297 4188 ne
1324 4148 1522 4189 nomen
1548 4134 1766 4205 quidem

194 4216 296 4284 ejus
319 4220 501 4277 audire
530 4221 797 4277 ferebant.
816 4222 1081 4288 Quoniam
1102 4238 1231 4292 ergo
1253 4240 1313 4279 ea
1338 4225 1587 4295 exigebat
1613 4224 1681 4280 ab
1704 4226 1770 4282 iis

194 4309 271 4375 qui
300 4310 462 4380 ipsum
491 4312 743 4378 oderant,
773 4329 895 4383 quin
923 4314 1105 4369 ceteri
1136 4329 1325 4370 omnes
1357 4316 1424 4369 ah
1453 4316 1517 4369 iis
1536 4316 1625 4387 qui
1650 4315 1773 4371 dili-

194 4412 331 4470 gunt,
361 4424 421 4460 ea
447 4407 517 4464 de
541 4422 703 4462 causa
736 4410 886 4477 ponit
912 4407 1019 4471 hic,
1050 4406 1272 4463 dicens:
1296 4406 1771 4479 Conﬁdimusquod

195 4494 358 4551 bonam
386 4502 753 4557 conscientiam
779 4500 1042 4556 habemus.
1074 4500 1151 4558 Ne
1197 4501 1328 4558 mihi
1372 4502 1540 4571 enim,
1574 4504 1768 4575 inquit,

194 4586 374 4648 dixeris
416 4594 793 4650 accusationes
825 4611 839 4648 :
875 4603 1077 4659 nostra,
1110 4593 1303 4666 inquit,
1348 4596 1478 4649 nihil
1512 4611 1610 4651 nos
1666 4597 1769 4650 im-

194 4685 364 4750 prohat
390 4689 745 4752 conscientia,
775 4703 947 4757 neque
977 4688 1134 4743 nobis
1173 4688 1372 4745 conscii
1401 4705 1589 4745 sumus
1627 4690 1768 4759 quod

194 4775 330 4830 vobis
359 4779 618 4834 fuerimus
639 4779 894 4833 insidiati.
917 4776 1235 4849 Con/idiotas
1250 4782 1401 4845 enim,
1426 4780 1614 4851 inquit,
1634 4782 1772 4853 quod

194 4862 357 4920 bonam
377 4871 739 4924 conscientiam
770 4869 1031 4924 habemus.
1072 4868 1138 4923 In
1166 4872 1396 4925 omnibus
1424 4872 1767 4927 benevolentes

195 4962 482 5013 conmsari.
514 4959 657 5032 Ergo
687 4977 794 5017 non
826 4962 1001 5017 solum
1033 4962 1176 5019 inter
1199 4964 1464 5029 ethnicos,
1484 4964 1578 5020 sed
1604 4965 1765 5021 etiam

196 5040 319 5100 inter
345 5065 461 5107 vos.
494 5050 635 5107 Nihil
663 5070 786 5109 cum
821 5054 1008 5110 fraude
1037 5055 1283 5121 fecimus,
1310 5072 1408 5113 nec
1431 5073 1554 5113 cum
1588 5058 1763 5130 hypoo

195 5134 302 5190 αἱδί
322 5157 335 5192 :
358 5151 438 5195 est
462 5147 607 5198 enim
641 5145 933 5201 verisimile
959 5146 1057 5201 has
1084 5146 1133 5200 in
1153 5162 1275 5202 cum
1295 5149 1590 5204 calumnias
1609 5151 1771 5206 fuisse

197 5221 487 5288 intentans.
515 5234 645 5289 Nam
675 5236 816 5306 quod
843 5237 978 5291 falso
1008 5252 1291 5295 accusatus
1323 5240 1503 5307 fuerit,
1532 5242 1655 5297 audi
1682 5242 1773 5297 Ja-

199 5317 367 5377 cobum
388 5324 659 5382 dicentem
684 5346 695 5380 :
726 5330 1014 5384 Audierant
1039 5331 1206 5396 enim,
1231 5332 1424 5401 inquit,
1450 5332 1514 5385 de
1538 5344 1604 5401 te,
1637 5335 1773 5404 quod

201 5410 531 5475 discessionem
557 5424 737 5477 doceas
766 5442 798 5478 a
834 5424 943 5496 lege
972 5425 1111 5493 (Act.
1154 5426 1245 5479 21.
1275 5426 1391 5498 21).
1435 5427 1550 5482 Non
1582 5437 1639 5482 ut
1667 5429 1770 5484 iiii-

201 5505 367 5577 niicus,
392 5513 586 5584 inquit,
619 5531 720 5572 nec
748 5528 805 5571 ut
835 5517 1008 5572 hostis
1036 5518 1151 5575 haec
1191 5520 1392 5585 scribo,
1421 5521 1514 5576 sed
1545 5530 1602 5575 ut
1630 5521 1770 5575 ami-

202 5606 299 5684 ω.
330 5600 393 5657 Et
420 5604 526 5662 hoc
564 5607 805 5663 ostendit
847 5625 914 5664 ex
956 5624 1023 5665 eo
1049 5609 1192 5681 quod
1223 5611 1478 5683 deinceps
1504 5614 1767 5684 sequitur.

205 5682 277 5742 I9.
306 5691 531 5766 Amplius
554 5709 723 5753 autem
753 5698 998 5771 deprecor
1026 5716 1112 5756 vos
1158 5703 1253 5757 hoc
1284 5682 1472 5775 facere,
1502 5682 1603 5775 quo
1636 5706 1771 5762 cclc-

206 5775 291 5835 ίίκε
312 5790 536 5843 restituar
562 5788 727 5845 vobis.
754 5789 867 5847 Hoc
890 5801 1009 5848 erat
1036 5794 1154 5865 ejus
1178 5795 1270 5867 qui
1300 5798 1647 5854 vehementer
1675 5814 1771 5856 eos

207 5874 405 5945 multat,
441 5883 513 5937 ita
545 5883 773 5953 precari.
813 5884 880 5939 Et
932 5901 1041 5942 non
1073 5888 1273 5953 solum,
1311 5891 1502 5962 inquit,
1539 5893 1769 5961 precari,

206 5962 283 6021 δοκι
326 5987 439 6031 cum
482 5974 636 6033 omni
678 5975 859 6034 Studia
900 5994 911 6036 :
948 5989 1005 6036 ut
1034 5994 1133 6052 ego
1164 5982 1272 6038 cito
1316 5984 1525 6041 veniam
1554 5983 1623 6041 ad
1654 6002 1765 6044 vos.

936 442 999 501 IN
1040 438 1257 497 EPIST.
1301 435 1391 491 AD
1432 426 1791 489 IIEBIUEOS.
1832 424 1985 481 CAP.
2031 424 2168 481 XIII.
2212 425 2449 483 IIOMIL.
2494 423 2740 481 XXXIV.

3378 423 3487 483 251

1882 531 1992 585 lloc
2019 541 2100 586 est
2131 529 2249 599 ejus
2276 531 2365 599 qui
2394 529 2494 585 sibi
2529 528 2658 583 nihil
2689 540 2769 583 est
2808 528 3081 593 conscius.
3113 529 3350 585 studium
3381 546 3480 599 po-

1880 639 2008 679 nere
2040 633 2097 677 ut
2121 624 2187 677 ad
2213 638 2307 679 eos
2338 624 2637 692 perveniat,
2682 632 2736 675 et
2763 637 2954 693 rogare
2994 621 3139 693 ipsos
3167 632 3224 676 ut
3275 638 3372 691 pro
3421 638 3482 677 se

1878 728 2055 773 orent.
2108 717 2182 773 Ea
2212 717 2281 772 de
2308 732 2468 773 causa
2498 732 2621 772 cum
2651 716 2800 786 prius
2826 715 2897 769 ab
2927 715 3058 785 ipsis
3088 715 3335 785 petiisset
3360 732 3485 771 ora.

1882 811 2075 877 tiones,
2093 820 2220 865 tunc
2245 808 2325 864 eis
2349 822 2565 879 quoque
2587 818 2835 877 precatur
2852 807 3031 863 omnia
3058 806 3216 861 bona.
3231 806 3323 865 2ο.
3343 806 3482 861 Deus

1877 910 2067 967 autem,
2100 900 2290 970 inquit,
2320 901 2478 969 pacis.
2507 899 2621 954 Iloc
2651 898 2784 954 dicit
2812 913 2878 953 eo
2904 898 3047 969 quod
3078 898 3218 954 inter
3241 912 3340 954 eos
3366 898 3482 952 disc

1876 994 2160 1049 scnsioncs
2187 993 2480 1047 orirentur.
2509 992 2565 1047 Si
2592 1006 2741 1062 ergo,
2772 991 2967 1058 inquit,
3002 992 3143 1045 Deus
3167 991 3313 1059 pacis
3342 992 3484 1045 Ucus

1877 1094 2067 1150 εει,ηο
2106 1086 2178 1141 sit
2207 1085 2358 1141 vobis
2404 1084 2685 1141 nobiscum
2726 1083 3031 1139 dissidium.
3059 1085 3161 1153 Qui
3199 1086 3375 1141 eduxit
3417 1086 3484 1140 de

1878 1187 2015 1229 terra
2047 1174 2315 1231 Pastorem
2343 1177 2537 1229 ovium.
2562 1175 2677 1231 [loc
2701 1176 2903 1232 diclutu
2928 1186 3010 1231 est
3032 1178 3100 1231 de
3129 1180 3484 1233 resurrectio-

1882 1285 1968 1324 ne.
2006 1268 2275 1341 .Ilagunm.
2304 1269 2462 1324 Aliud
2494 1271 2938 1325 additamentum.
2966 1268 3064 1325 Ilic
3094 1287 3280 1325 rursus
3310 1289 3481 1342 usque

1878 1362 1946 1416 ad
1971 1362 2129 1416 linem
2153 1360 2233 1416 eis
2254 1360 2539 1416 confirmat
2566 1361 2708 1431 quod
2736 1360 2932 1416 dicitur
2957 1361 3026 1417 de
3055 1368 3477 1421 resurrectione.-

1879 1454 1947 1510 In
1962 1457 2210 1528 sanguine
2239 1455 2519 1510 testamenti
2541 1455 2739 1519 a’terni,
2764 1453 3036 1509 Dominum
3055 1468 3281 1511 nostrum
3298 1457 3482 1512 Jesunt

1880 1549 2158 1617 Christum,
2187 1548 2278 1604 21.
2301 1558 2439 1618 aptet
2470 1565 2556 1603 vos
2582 1551 2635 1602 in
2674 1550 2809 1602 omni
2840 1550 2969 1602 bono
2991 1566 3161 1619 opere,
3192 1562 3244 1604 ut
3276 1552 3482 1621 faciatis

1876 1643 1987 1714 ejus
2008 1643 2313 1697 voluntatem
2334 1661 2351 1697 :
2380 1643 2573 1713 faciens
2596 1642 2648 1695 in
2669 1642 2805 1696 vobis
2827 1642 2964 1713 quod
2982 1644 3182 1711 placeat
3204 1662 3378 1700 coram
3404 1664 3477 1701 se.

1878 1735 2085 1791 Rursus
2128 1734 2209 1790 eis
2260 1750 2449 1804 magna
2476 1749 2578 1789 suo
2618 1734 2803 1788 tribuit
2832 1733 3174 1791 testimonio:
3207 1736 3481 1809 lntegrutn

1877 1827 2019 1883 enim
2065 1825 2217 1882 reddi
2248 1826 2445 1880 dicitur
2475 1828 2524 1880 id
2551 1826 2694 1897 qttud
2747 1826 2911 1882 habet
2934 1828 3166 1893 iuitiutn,
3199 1839 3256 1885 et
3285 1830 3483 1886 deinde

1880 1918 2153 1989 impletur.
2188 1918 2253 1974 Et
2282 1919 2359 1973 eis
2391 1928 2679 1989 precatur:
2711 1919 2854 1988 quod
2887 1928 2971 1975 est
2998 1919 3383 1979 desiderantis.
3416 1924 3484 1978 lit

1882 2011 2036 2068 vide:
2073 2012 2127 2066 in
2149 2010 2269 2066 aliis
2294 2010 2509 2081 quidem
2536 2010 2780 2081 epistolis
2810 2022 3063 2082 precatur
3095 2015 3148 2068 in
3179 2015 3356 2083 initio,
3397 2016 3484 2070 hic

1871 2111 2051 2157 autem
2079 2103 2133 2157 in
2162 2105 2288 2160 line.
2333 2103 2575 2170 li‘aciens,
2607 2106 2800 2176 inquit,
2834 2108 2885 2161 in
2916 2107 3055 2162 vobis
3100 2109 3239 2177 quod
3278 2109 3477 2177 placeat

1872 2209 2045 2248 coram
2072 2212 2125 2250 se
2152 2213 2241 2267 per
2258 2197 2441 2252 Iesum
2468 2178 2727 2253 Christum
2745 2215 2764 2253 :
2792 2200 2876 2252 cui
2900 2210 2974 2254 est
3002 2199 3170 2272 gloria
3197 2202 3251 2254 in
3283 2202 3467 2255 siccnla

1872 2288 2195 2342 sa'culorum.
2215 2289 2391 2344 Amen.
2410 2290 2501 2345 22.
2532 2289 2676 2364 Rogo
2706 2304 2873 2346 autem
2904 2309 3012 2359 ros,
3041 2297 3247 2365 fratres,
3277 2305 3330 2348 ut
3356 2292 3469 2361 suf-

1874 2378 2050 2447 feratis
2096 2379 2297 2433 verbum
2326 2382 2534 2438 solatii:
2558 2384 2744 2438 etenim
2774 2386 3046 2456 perpaucis
3088 2386 3273 2455 scripsi
3314 2386 3469 2442 vobis.

1875 2470 2036 2526 Vides
2064 2475 2316 2542 quoniam
2343 2477 2484 2547 quod
2511 2477 2576 2532 ad
2604 2478 2874 2533 neminem
2901 2479 3135 2549 scripsit,
3157 2478 3262 2535 hoc
3285 2480 3353 2535 ad
3376 2495 3471 2535 eos

1872 2564 2095 2620 scribit?
2122 2562 2332 2621 Etenim
2379 2571 2673 2643 perpaucis,
2707 2570 2901 2641 inquit,
2933 2572 3119 2643 scripsi
3149 2570 3323 2637 vobis;
3370 2572 3473 2627 hoc

1871 2665 1974 2720 est,
2004 2655 2115 2713 Nec
2145 2672 2264 2712 sum
2296 2659 2557 2715 molestas
2601 2661 2753 2716 vobis
2798 2663 3091 2717 verborum
3141 2662 3471 2733 prolixitate.

1871 2745 2136 2804 Existimo
2155 2764 2247 2805 eos
2274 2766 2379 2807 non
2401 2751 2567 2808 fuisse
2585 2752 2874 2808 admodum
2904 2753 3147 2811 infensos
3162 2753 3470 2811 Timotheo:

1873 2839 2015 2895 unde
2040 2840 2203 2897 etiam
2232 2859 2355 2899 eum
2392 2845 2705 2914 pra-posuit.
2738 2845 2829 2900 25.
2863 2846 3164 2917 Cognoscite
3193 2848 3360 2912 enim,
3391 2848 3472 2903 in-

1870 2932 2005 3003 quit,
2032 2937 2246 3005 fratrem
2276 2933 2595 2991 Tintotheum
2619 2938 2886 2992 dimissum
2911 2956 2930 2994 .'
2960 2955 3075 2993 cum
3102 2956 3223 3010 quo,
3252 2941 3297 2993 si
3323 2940 3473 2995 citius

1870 3026 2079 3089 venerit,
2110 3025 2285 3079 uidebo
2307 3042 2411 3080 vos.
2443 3026 2744 3093 Dimissnnt,
2774 3027 2865 3099 inq
2889 3031 2949 3082 iit
2976 3044 2989 3081 :
3017 3029 3190 3085 unde?
3208 3030 3473 3086 Existimo

1869 3130 1994 3169 eum
2043 3116 2209 3173 fuisse
2246 3118 2553 3188 conjectum
2588 3120 2637 3173 in
2671 3135 2981 3175 carcerem:
3013 3130 3126 3185 aut,
3160 3122 3204 3177 si
3248 3138 3354 3177 non
3401 3123 3470 3178 ita

1870 3209 1961 3273 sit,
1991 3208 2270 3264 dimissum
2302 3209 2559 3278 Athenis;
2591 3228 2713 3266 nam
2748 3212 2848 3268 hoc
2875 3228 3091 3284 quoque
3122 3214 3283 3270 situm
3311 3231 3389 3271 cst
3415 3217 3470 3269 in

1871 3300 2117 3357 Actibus.
2147 3302 2240 3358 2i.
2273 3302 2511 3359 Salutate
2549 3320 2718 3360 :nmes
2747 3308 3047 3376 prtcpositos
3074 3317 3263 3362 vestros
3285 3320 3331 3363 et
3356 3327 3468 3363 oni.

1871 3408 1960 3447 nes
1978 3403 2203 3448 sanctos.
2239 3394 2485 3450 Salutant
2520 3410 2609 3450 vos
2637 3396 2700 3452 de
2729 3396 2887 3451 Italia
2914 3398 3120 3468 fratres.
3162 3400 3256 3456 25.
3289 3400 3474 3458 Gratia

1871 3501 1987 3539 cum
2030 3488 2262 3542 onmibus
2300 3489 2460 3543 vobis.
2494 3488 2673 3544 Amen.
2721 3489 2883 3547 Vides
2920 3493 3193 3562 quomodo
3223 3495 3477 3552 ostendat

1872 3580 2121 3637 virtutem
2146 3598 2318 3653 neque
2345 3599 2411 3638 es
2440 3584 2548 3640 Deo
2565 3585 2807 3648 omnino,
2834 3602 3005 3655 neque
3023 3604 3087 3643 ex
3115 3590 3270 3645 nobis
3296 3591 3471 3646 solum

1870 3688 1993 3729 esse
2018 3673 2228 3729 ortam?
2247 3675 2479 3731 dicendo
2499 3676 2667 3743 enim,
2692 3676 2931 3750 lntegros
2962 3695 3045 3735 vos
3078 3683 3235 3753 faciat
3261 3684 3315 3737 in
3336 3687 3475 3738 omni

1869 3764 2001 3820 bono
2033 3782 2204 3837 opere,
2236 3775 2292 3821 et
2318 3774 2538 3833 caztcra,
2570 3767 2673 3823 hoc
2711 3770 2997 3841 significat,
3031 3789 3095 3828 ac
3139 3774 3183 3829 si
3231 3775 3437 3833 diceret
3465 3795 3474 3829 :

1872 3856 2093 3912 Ilabetis
2122 3856 2341 3927 quidem
2387 3860 2673 3926 \‘ittutetn;
2706 3878 2843 3932 opus
2873 3874 3053 3921 autem
3088 3864 3297 3923 habetis
3322 3885 3473 3924 cont-

1869 3951 2166 4022 plemento.
2194 3950 2329 4006 Cum
2360 3950 2493 4006 dicit
2534 3964 2713 4008 autem
2750 3972 2763 4008 :
2794 3957 2971 4025 Opere
3011 3968 3066 4012 et
3112 3959 3278 4014 verbo
3309 3961 3473 4026 bono,

1869 4043 2269 4114 signiﬁcavitet
2299 4046 2463 4100 vitam
2495 4055 2549 4101 et
2591 4047 2842 4118 dogmata
2889 4060 3035 4105 recta
3082 4068 3205 4109 esse
3248 4053 3472 4112 debere.

1872 4134 2041 4191 Recte
2065 4136 2228 4192 etiam
2260 4136 2361 4192 hoc
2377 4138 2619 4193 addidit:
2640 4138 2861 4195 Faciens
2884 4144 2935 4196 in
2958 4144 3094 4198 vobis
3115 4148 3255 4216 quod
3273 4149 3479 4219 placeat

1871 4244 2044 4283 coram
2068 4244 2140 4283 se.
2170 4226 2357 4285 Coram
2383 4246 2439 4285 se
2461 4246 2478 4283 :
2500 4230 2618 4287 hsce
2644 4232 2791 4289 enim
2814 4244 2899 4289 est
2925 4236 3095 4293 virtus
3126 4242 3364 4296 maxima
3392 4244 3477 4298 fa-

1872 4335 1999 4377 cere
2024 4319 2168 4392 quod
2203 4321 2413 4392 placeat
2439 4338 2623 4378 coram
2651 4324 2795 4380 Deo:
2820 4326 2964 4383 sient
2986 4328 3150 4386 etiam
3187 4333 3316 4388 dicit
3339 4335 3476 4390 I'ro-

1872 4415 2034 4485 pheta
2060 4430 2075 4469 :
2107 4412 2403 4471 Seamdum
2429 4418 2699 4486 puritatem
2742 4436 2989 4474 manuum
3016 4439 3243 4478 mearum
3265 4426 3317 4480 in
3347 4444 3475 4482 con-

1872 4519 2047 4580 spectu
2095 4507 2362 4563 oculorum
2406 4510 2517 4580 eius
2565 4510 2742 4582 (l’sal.
2794 4514 2882 4568 17.
2912 4514 3004 4570 21.
3049 4515 3172 4590 25).
3200 4518 3333 4576 Cum
3368 4531 3475 4580 tam

1874 4604 2041 4658 multa
2066 4612 2248 4657 autem
2280 4603 2609 4674 scripsisset,
2635 4622 2801 4677 pauca
2828 4623 2891 4663 ea
2916 4624 3041 4667 esse
3069 4612 3223 4678 dixit,
3256 4615 3302 4670 si
3330 4616 3479 4674 vidc-

1878 4697 2004 4753 licet
2048 4694 2399 4751 conferantur
2439 4713 2563 4751 cum
2598 4700 2661 4752 iis
2708 4717 2828 4769 qua:
2869 4712 2987 4756 erat
3032 4704 3308 4763 dicturus:
3342 4710 3483 4767 sicut

1879 4788 2043 4845 etiam
2074 4788 2201 4844 alibi
2228 4787 2392 4844 dicit:
2419 4788 2567 4844 Sicut
2590 4790 2774 4860 scripsi
2796 4794 2934 4849 vobis
2954 4796 3006 4850 in
3023 4796 3163 4852 brevi
3180 4812 3201 4853 :
3215 4810 3365 4868 prout
3385 4819 3482 4871 po-

1879 4882 2017 4935 testis
2043 4881 2260 4951 legentes
2290 4879 2575 4951 intelligere
2598 4882 2927 4952 prudentiam
2956 4904 3121 4944 meam
3149 4891 3204 4945 in
3235 4896 3479 4963 mysterio

1878 4974 2069 5027 Christi
2094 4971 2312 5045 (Ephcs.
2347 4975 2403 5030 5.
2432 4976 2486 5031 5.
2510 4972 2588 5045 4).
2609 4974 2745 5033 Vide
2771 4987 2953 5035 autem
2981 4981 3098 5052 ejus
3130 4986 3477 5054 sapientiam.

1876 5066 1990 5122 Non
2020 5066 2174 5129 dixit,
2208 5065 2351 5136 Rogo
2375 5081 2461 5121 vos
2484 5066 2813 5133 utan/feratis
2839 5072 3043 5126 verbum
3068 5074 3477 5142 admonitionis,

1876 5156 1995 5223 sed,
2012 5157 2222 5221 Solutii,
2242 5157 2347 5213 hoc
2366 5168 2469 5223 est,
2493 5161 2902 5227 cons‘olationis,
2926 5164 3344 5226 adhortationis.
3361 5171 3477 5227 Non

1878 5258 2075 5321 potest,
2103 5249 2295 5320 inquit,
2316 5250 2596 5321 quisquam
2615 5252 2893 5323 defatigari
2913 5258 2983 5311 ob
3004 5260 3367 5327 prolixitatem
3395 5283 3482 5317 eo.

1876 5356 1993 5396 rnm
2016 5356 2134 5412 qua:
2156 5340 2297 5396 dicta
2319 5352 2466 5398 sunt.
2496 5344 2633 5409 Quid
2665 5349 2831 5416 ergo?
2860 5349 3085 5407 hoccine
3112 5363 3229 5409 erat
3251 5357 3393 5426 quod
3425 5370 3482 5413 nt

1875 5443 2257 5490 aversarentur
2304 5433 2571 5492 faciebat?
2595 5438 2855 5496 Minime:
2890 5458 2998 5499 non
3032 5455 3208 5502 tamen
3254 5452 3336 5505 cis
3366 5454 3480 5507 vult

1872 5527 2161 5583 ostendere
2179 5542 2279 5583 nec
2305 5528 2508 5595 dicere,
2527 5530 2726 5587 Pusillo
2746 5535 3076 5593 cstisauimo
3099 5556 3111 5593 :
3138 5556 3259 5595 nam
3284 5557 3476 5600 eorum

1870 5621 1960 5691 qui
1980 5631 2105 5674 sunt
2125 5620 2391 5689 ejusmodi
2411 5633 2493 5677 est
2510 5624 2787 5694 prupritnn
2819 5645 2926 5683 non
2948 5632 3087 5687 ferre
3112 5632 3326 5705 longam
3352 5653 3476 5691 ura-

1871 5714 2096 5768 tioucm.
2130 5711 2431 5785 Cognoscite
2455 5720 2669 5786 fratrem
2698 5717 3017 5777 Timotheum
3045 5725 3339 5795 dimissum,
3357 5748 3473 5785 cum

1866 5822 1987 5874 quo,
2014 5806 2058 5859 si
2083 5807 2297 5861 celerius
2326 5809 2534 5875 venerit,
2566 5810 2736 5867 videbo
2767 5828 2873 5868 eos.
2906 5816 3018 5870 lloc
3038 5820 3169 5873 satis
3192 5834 3277 5875 est
3300 5822 3365 5875 ad
3394 5822 3473 5879 eis

1867 5898 2297 5965 persuadendum
2322 5913 2380 5956 ut
2408 5917 2467 5957 se
2500 5903 2804 5972 demittant,
2836 5909 2877 5961 si
2925 5920 3140 5979 paratus
3171 5922 3255 5968 est
3286 5929 3470 5972 ventre

1865 6008 1986 6048 cum
2034 5991 2317 6067 discipulo.
2358 5996 2599 6054 Salutatc
2639 6015 2813 6057 omnes
2858 6004 3158 6074 propositos
3188 6018 3377 6064 t'cstros
3423 6021 3470 6064 et
