4094 6420
608 528 780 567 autues
797 510 1156 566 Μηδεσικτίᾱο
1174 508 1439 579 quomodo
1461 510 1602 576 ipsos
1630 507 1993 568 honoraverit,
2011 508 2174 574 siqui-

606 606 727 659 dem
748 604 811 657 ad
837 604 954 656 illos
973 618 1067 671 pro
1084 602 1196 655 istis
1213 599 1441 668 scripsit.
1459 598 1695 653 Salutant
1718 615 1801 651 vos
1818 599 1880 652 de
1898 596 2052 649 Italia
2072 600 2175 666 fra-

606 708 725 750 tres.
761 694 936 749 Gratia
965 710 1076 747 cum
1096 691 1322 744 omnibus
1349 690 1503 746 vobis.
1523 691 1701 745 Amen.
1725 691 1873 758 Quod
1893 701 2171 745 eratcum-

604 803 765 842 mune
793 785 1049 848 ninnium,
1081 782 1179 836 lroe
1209 784 1449 835 ultimum
1474 782 1667 851 posuit.
1695 780 1971 847 Quomodo
1992 790 2168 836 autem

605 888 687 932 est
716 878 879 946 gratia
911 873 1225 928 nobiscum?
1271 872 1326 926 Si
1370 887 1474 926 non
1509 871 1704 941 probro
1750 881 1803 926 et
1844 872 2169 926 contumelia

604 970 898 1022 afﬁciamus
928 965 1276 1020 beneﬁcium:
1310 963 1357 1017 si
1384 980 1486 1017 non
1515 963 1682 1016 simus
1709 962 1963 1019 socordes
1982 964 2172 1017 adver-

602 1075 691 1113 sus
722 1060 941 1113 donum.
974 1056 1107 1124 Quid
1140 1068 1222 1108 cst
1267 1055 1469 1123 gratia?
1500 1052 1767 1106 Retttissio
1804 1064 2165 1123 peccatorum,

604 1151 880 1221 purgatio:
917 1148 1029 1202 ha-c
1055 1148 1198 1202 enim
1243 1146 1516 1199 nobiscum
1546 1154 1647 1198 est.
1689 1145 1818 1211 Quis
1860 1146 2025 1207 enim,
2075 1148 2163 1215 qui

603 1244 794 1311 probro
820 1239 998 1294 alfecit
1024 1248 1076 1293 et
1105 1238 1447 1301 Contumelia,
1507 1246 1679 1305 potest
1730 1238 1997 1292 custodire
2043 1254 2163 1308 gra-

600 1335 749 1397 tiam,
797 1342 849 1385 et
896 1346 1012 1384 cam
1062 1346 1168 1383 nun
1216 1328 1421 1398 perdit?
1473 1328 1665 1398 Utputa
1711 1330 2028 1385 condonavit
2073 1331 2166 1386 tibi

602 1436 849 1494 peacata:
880 1422 1140 1493 quomodo
1165 1421 1259 1475 erit
1294 1429 1463 1473 tecum
1491 1420 1679 1488 gratia,
1710 1432 1798 1475 aut
1827 1422 1961 1475 bona
1986 1422 2169 1476 existi-

602 1519 782 1581 matio,
815 1516 1153 1585 aulSpit'lltts
1177 1515 1438 1583 operatio,
1474 1514 1572 1566 nisi
1606 1528 1698 1581 per
1734 1514 1897 1567 bonas
1926 1515 2166 1570 actiones

599 1608 1052 1665 eamattraxeris?
1096 1608 1204 1659 lloc
1231 1606 1371 1659 enim
1414 1618 1493 1660 est
1535 1620 1691 1658 causa
1733 1607 1967 1659 oumium
1994 1606 2165 1661 betro-

600 1717 738 1765 rum,
773 1700 913 1769 quod
947 1700 999 1753 in
1032 1698 1182 1751 nobis
1223 1712 1436 1766 semper
1466 1705 1674 1749 maneat
1699 1696 1868 1765 gratia
1895 1697 2121 1765 Spiritus
2148 1715 2163 1754 :

599 1810 659 1849 ca
692 1795 836 1849 enim
864 1802 946 1847 est
974 1792 1126 1846 nobis
1155 1791 1257 1844 dux
1311 1790 1376 1844 ad
1424 1789 1599 1842 omnia
1621 1831 1635 1854 ,
1668 1789 1803 1843 sicut
1845 1791 2057 1860 quando
2102 1807 2164 1847 ea

599 1903 631 1942 τι
680 1888 832 1940 nobis
878 1886 1183 1948 avolaverit,
1217 1898 1313 1939 nos
1364 1885 1535 1951 perdit
1578 1892 1632 1938 et
1684 1884 1923 1937 desertos
1975 1878 2165 1935 reddit.

673 1981 725 2033 5.
772 1980 847 2033 Ne
888 1994 1005 2033 eam
1037 1993 1164 2046 ergo
1206 1977 1562 2043 repellamus;
1592 1985 1675 2029 est
1716 1977 1856 2030 enim
1893 1974 1945 2026 in
1986 1980 2168 2027 nostra

605 2078 867 2139 potestate
897 2078 951 2122 ut
981 2084 1041 2122 ea
1066 2077 1119 2122 et
1150 2077 1382 2133 maneat,
1412 2076 1466 2122 et
1494 2066 1728 2121 recedat.
1755 2064 1884 2119 lllud
1912 2063 2055 2119 enim
2086 2060 2167 2127 ﬁt,

600 2160 813 2227 quando
839 2162 1133 2228 cogitamus
1156 2158 1388 2213 ctelestia
1406 2174 1422 2223 ;
1442 2160 1542 2212 hoc
1565 2172 1711 2219 vero,
1738 2154 1947 2223 quando
1972 2168 2032 2208 ea
2052 2167 2169 2223 qua:

601 2250 669 2304 ad
704 2250 838 2304 hanc
867 2249 1026 2302 vitam
1056 2250 1338 2317 pertinent.
1373 2248 1532 2315 Quem
1562 2247 1778 2301 mundus
1801 2286 1815 2309 ,
1850 2244 2039 2314 inquit,
2067 2260 2170 2298 non

604 2350 763 2409 potest
789 2343 1032 2407 accipere,
1052 2341 1167 2408 quia
1189 2356 1287 2393 non
1314 2340 1440 2391 ridet
1470 2355 1603 2402 eum,
1624 2354 1712 2391 nec
1734 2337 1827 2391 scit
1852 2352 1965 2390 eum
1988 2334 2170 2406 (Joan.

606 2433 689 2486 14.
706 2432 815 2503 17).
838 2430 1091 2485 Mundum
1110 2440 1257 2484 vocat
1275 2430 1432 2483 vitam
1456 2430 1749 2497 improbam
1768 2439 1821 2483 et
1842 2424 2171 2496 turpem.“-

604 2522 700 2577 des
720 2536 822 2575 non
840 2537 959 2576 esse
978 2521 1256 2575 mundanae
1274 2522 1464 2573 anima:
1483 2530 1538 2573 nt
1560 2520 1610 2572 id
1637 2519 1849 2574 habeat?
1868 2517 2031 2572 Multo
2046 2530 2174 2587 ergo

608 2612 764 2665 nobis
781 2612 952 2665 studio
973 2626 1105 2682 Opus
1126 2622 1225 2675 est,
1247 2621 1303 2665 ut
1324 2610 1372 2664 id
1401 2626 1429 2665 a
1455 2610 1604 2664 nobis
1631 2610 1944 2674 retineatur,
1960 2618 2173 2664 nostra-

604 2719 708 2772 que
752 2705 928 2757 omnia
972 2702 1241 2772 dispenset
1284 2715 1338 2756 et
1385 2700 1716 2756 administrel
1749 2715 1917 2770 eaque
1953 2700 2005 2754 in
2038 2708 2171 2761 tuto,

606 2804 659 2847 et
682 2796 842 2847 multa
876 2808 1003 2862 pace
1024 2796 1267 2847 colloect.
1294 2792 1442 2848 Sicut
1471 2794 1609 2846 enim
1640 2792 1758 2846 ﬁeri
1788 2810 1891 2845 non
1917 2799 2094 2861 potest
2120 2798 2178 2847 ut

608 2884 776 2948 navis,
810 2900 925 2950 qua?
957 2894 1111 2937 vrnto
1143 2884 1377 2937 secundo
1405 2882 1593 2947 fertur,
1629 2882 1966 2952 impediatur,
2000 2895 2175 2951 neque

609 2988 666 3029 ut
696 2976 1051 3043 demergatur,
1074 2976 1244 3027 donec
1288 2988 1441 3028 vento
1471 2976 1663 3029 fruitur
1687 2988 1944 3043 prospero
1972 2981 2025 3026 et
2051 2987 2175 3043 per-

610 3081 798 3135 petuo;
822 3069 911 3119 sed
940 3077 992 3119 et
1021 3076 1296 3135 postquam
1320 3066 1553 3128 redierit,
1591 3082 1832 3135 magnam
1858 3066 1941 3119 sui
1962 3079 2176 3120 succes-

608 3176 700 3215 sus
722 3161 917 3229 prmhet
936 3160 1156 3229 gloriam
1172 3169 1223 3213 et
1242 3160 1413 3213 nautis
1435 3168 1487 3215 et
1503 3161 1822 3215 vectoribus:
1846 3160 1950 3214 illis
1966 3158 2177 3228 quidem

608 3254 741 3303 dans
768 3252 1021 3319 quietem,
1044 3260 1097 3303 ct
1123 3266 1227 3303 non
1252 3251 1431 3305 sinens
1460 3261 1513 3306 ut
1538 3253 1698 3306 remis
1718 3250 2061 3315 adlaboreut;
2082 3250 2181 3304 hos

608 3354 781 3395 autem
809 3342 877 3395 ab
897 3342 1040 3394 oumi
1074 3350 1220 3395 metu
1252 3341 2033 3411 liberans,etjucundissimum
2054 3356 2178 3411 spe-

606 3435 870 3489 ctaculum
899 3434 979 3489 eis
1000 3449 1150 3487 suum
1184 3434 1424 3503 prmbens
1445 3449 1657 3489 cursum
1685 3451 1697 3487 :
1730 3435 1797 3489 ita
1820 3434 1979 3489 etiam
2002 3434 2180 3489 anima

606 3529 789 3583 divino
819 3526 1021 3581 munita
1050 3526 1249 3597 Spiritu
1281 3537 1363 3582 est
1391 3526 1635 3598 superior
1676 3527 1887 3597 quidem
1929 3526 2183 3581 omnibus

607 3620 853 3673 fluctibus
883 3618 1039 3688 hujus
1070 3618 1223 3683 vitm;
1250 3617 1385 3671 viam
1412 3628 1611 3684 autem,
1632 3634 1748 3686 qua:
1771 3616 1877 3673 fert
1896 3618 1947 3672 in
1964 3617 2177 3683 cadum,

608 3722 754 3768 secat
782 3712 1150 3766 vehementius
1174 3726 1332 3779 quam
1360 3711 1446 3765 illa
1474 3712 1643 3774 navis,
1665 3720 1719 3763 ut
1747 3727 1865 3781 qua:
1894 3727 1997 3765 non
2026 3711 2184 3781 pella-

611 3818 696 3860 tur
723 3822 751 3859 a
784 3815 943 3860 vento
966 3846 980 3869 ,
1012 3802 1105 3858 sed
1150 3804 1262 3859 vela
1292 3804 1502 3869 habeat,
1535 3818 1703 3874 eaque
1734 3802 1929 3856 munda
1970 3803 2183 3873 impleta

608 3905 675 3951 ah
713 3897 828 3965 ipso
878 3896 1153 3951 Paracleto
1183 3914 1195 3951 :
1226 3904 1276 3950 et
1304 3910 1331 3947 a
1384 3903 1565 3949 nostra
1593 3894 1912 3965 cogitatione
1965 3895 2186 3965 expellit

608 3987 862 4059 quidquid
904 3996 987 4042 est
1037 3988 1218 4051 molle,
1269 3996 1577 4042 enervatum
1636 3996 1689 4041 et
1744 3986 2081 4042 dissolutum.
2116 3986 2187 4042 Ut

611 4082 756 4136 enim
785 4089 973 4134 ventus
1003 4078 1242 4134 incidens
1272 4079 1322 4132 in
1354 4078 1531 4132 velum
1561 4078 1735 4132 laxum
1762 4088 1817 4133 et
1842 4078 2019 4143 molle,
2052 4079 2183 4133 nihil

610 4171 810 4241 egerit:
836 4170 905 4223 ita
934 4169 1092 4223 etiam
1130 4178 1337 4223 sanctus
1367 4167 1593 4237 Spiritus
1620 4167 1671 4221 in
1700 4169 1930 4223 animam
1972 4169 2186 4225 mollem

614 4261 720 4329 pati
739 4276 842 4316 non
871 4270 1046 4329 potest
1073 4269 1127 4313 ut
1152 4268 1380 4326 maneat,
1402 4258 1495 4314 sed
1521 4274 1709 4330 magna
1728 4260 2032 4315 intensione
2051 4275 2186 4331 opus

611 4368 692 4411 est
720 4365 771 4410 ct
801 4354 1159 4410 vehementia.

686 4450 897 4502 Animus
920 4446 1195 4503 Christiani
1217 4445 1398 4501 ardens
1412 4446 1475 4501 sit
1492 4445 1959 4519 Oportet—Itaque
1975 4455 2187 4515 oportet

629 4542 685 4585 ut
724 4531 877 4586 nobis
906 4532 975 4585 sit
1003 4532 1198 4587 ardens
1230 4533 1440 4587 animus
1468 4574 1483 4599 ,
1523 4543 1577 4587 et
1618 4548 1829 4605 semper
1854 4535 1964 4589 sint
1999 4544 2183 4590 nostra

625 4637 788 4693 Opera
814 4624 1041 4690 intensa,
1073 4624 1225 4679 fortia
1252 4634 1305 4680 et
1326 4627 1623 4681 constantia
1650 4642 1665 4681 :
1694 4638 1747 4680 ut
1772 4669 1787 4690 ,
1818 4627 2033 4697 quando
2063 4642 2191 4684 ora-

626 4729 769 4775 mus.
797 4714 901 4770 hoc
947 4732 977 4770 a
1028 4717 1179 4771 nobis
1206 4732 1326 4771 cum
1350 4733 1535 4787 magna
1564 4717 1859 4774 faciendum
1900 4730 1982 4775 est
2014 4722 2193 4777 inten-

626 4808 803 4872 sione,
838 4807 1063 4862 animam
1090 4808 1141 4863 in
1168 4809 1357 4863 cmlum
1387 4809 1798 4877 intendentibus,
1822 4827 1927 4867 non
1952 4810 2189 4879 funibus.

626 4899 721 4954 sed
751 4914 939 4969 magna
963 4900 1124 4954 animi
1158 4900 1449 4955 alacritate.
1489 4900 1713 4969 Quando
1750 4918 1933 4958 rursus
1974 4903 2197 4960 misere-

628 5007 767 5054 mur,
790 4992 942 5046 nobis
968 5007 1101 5061 opus
1130 5002 1211 5047 est
1233 4993 1550 5059 intensione,
1567 5008 1632 5047 ne
1654 5008 1781 5049 cura
1804 4994 1994 5049 domus
2019 5003 2073 5050 et
2099 4995 2201 5051 sol-

630 5082 848 5136 licitudo
867 5082 936 5137 de
969 5083 1149 5137 liberis
1176 5091 1231 5137 et
1270 5098 1455 5148 uxore,
1483 5093 1538 5138 et
1577 5093 1746 5137 metus
1778 5085 2103 5154 paupertatis
2130 5085 2201 5141 ir-

629 5188 813 5237 ruens,
830 5174 1000 5228 velum
1015 5174 1155 5229 laxet
1170 5184 1220 5229 et
1238 5174 1489 5229 remittat.
1504 5172 1634 5228 Nam
1656 5175 1699 5229 si
1732 5176 1781 5229 id
1804 5176 2038 5247 undique
2053 5186 2200 5232 recte

629 5263 1017 5319 intenderimus
1046 5280 1139 5333 spe
1165 5265 1478 5329 futurorum,
1503 5277 1645 5321 recte
1668 5270 1903 5338 suscepit
1925 5272 2197 5338 Operatio-

629 5371 749 5409 nem
778 5354 1005 5424 Spiritus
1037 5372 1049 5407 :
1079 5370 1143 5410 ex
1171 5356 1271 5411 illis
1300 5368 1475 5411 autem
1498 5358 1656 5413 rebus
1673 5358 1885 5413 caducis
1911 5371 1964 5416 et
1989 5361 2197 5418 miseris

630 5448 761 5503 nihil
792 5448 840 5501 in
872 5463 988 5503 eam
1012 5448 1233 5513 incidet;
1258 5450 1349 5503 sed
1370 5452 1469 5505 etsi
1501 5452 1763 5519 inciderit,
1790 5454 1957 5524 ipsam
1982 5456 2195 5525 quidem

632 5540 763 5596 nihil
786 5541 947 5608 ltedit,
970 5543 1061 5598 sed
1080 5542 1259 5598 statim
1282 5541 1527 5600 ﬁrmitate
1554 5560 1615 5602 ac
1630 5544 1821 5603 duritie
1849 5547 2124 5619 repellitur
2142 5561 2196 5607 et

1332 418 1387 474 8.
1422 416 1693 473 JUANNIS
1720 412 2185 469 CllltYSOSTOMl
2226 412 2533 467 AllClllEP.
2580 408 3107 467 CONSTANTINOP.

3752 407 3856 467 136

2272 495 2471 553 excidit
2502 512 2802 551 excussum.
2834 497 3120 565 Propterea
3148 509 3273 565 ergo
3304 495 3457 549 nobis
3493 510 3684 567 magna
3712 513 3849 566 Opus

2271 601 2353 644 est
2381 589 2681 643 intensione
2714 607 2725 639 :
2763 588 2955 642 etenim
2996 602 3093 643 nos
3121 602 3333 658 quoque
3360 600 3611 657 magnum
3641 596 3696 641 et
3723 602 3849 657 spa-

2273 684 2465 736 tiosum
2508 695 2657 735 mare
2700 682 3040 750 navigamus,
3071 680 3287 750 plenum
3335 680 3518 734 multis
3560 679 3759 735 belluis
3798 689 3852 735 et

2271 773 2540 842 scopulis,
2565 783 2620 828 et
2641 774 2835 828 multas
2867 773 3020 827 nobis
3048 773 3262 841 pariens
3288 782 3633 843 tempestates
3654 813 3669 837 ,
3704 782 3760 829 et
3785 788 3849 829 ex

2273 878 2459 933 magna
2525 865 2813 918 Surcnitate
2876 865 3195 918 saevissimas
3260 866 3523 933 procellas
3583 866 3848 920 excitans.

2273 958 2496 1026 Oportet
2525 972 2670 1027 ergo,
2700 958 2743 1010 si
2776 958 3002 1012 velimus
3032 957 3187 1011 facile
3214 958 3463 1028 navigare
3491 966 3546 1013 et
3570 960 3689 1013 sine
3715 958 3854 1028 peri-

2270 1050 2412 1114 culo,
2440 1048 2553 1103 vela
2588 1048 2829 1114 tendere,
2856 1048 2958 1104 hoc
2986 1058 3089 1115 est,
3116 1049 3345 1104 liberum
3370 1050 3534 1105 animi
3565 1053 3734 1105 nostri
3769 1066 3856 1107 ar-

2272 1142 2531 1197 bitrium:
2576 1142 2680 1197 hoc
2728 1143 2869 1198 enim
2925 1143 3079 1197 nobis
3123 1142 3339 1198 sufﬁcit.
3390 1143 3523 1198 Nam
3582 1145 3854 1199 Abraham

2278 1248 2484 1303 quoque
2510 1244 2786 1305 postquam
2809 1248 2963 1288 suum
2986 1234 3049 1289 ad
3076 1234 3239 1289 Deum
3263 1235 3488 1290 intendit
3509 1234 3854 1301 desiderium,

2280 1326 2677 1397 perfectamque
2702 1337 2755 1381 et
2783 1326 3041 1396 integram
3075 1326 3319 1381 exhibuit
3344 1328 3693 1392 voluntatem,
3727 1346 3860 1399 qua-

2274 1434 2396 1471 nam
2423 1432 2482 1472 re
2508 1418 2610 1471 alia
2640 1432 2774 1488 opus
2801 1417 3034 1471 habuit?
3065 1417 3205 1470 nulla
3232 1460 3247 1484 ,
3275 1418 3368 1473 sed
3395 1417 3619 1473 Credidit
3652 1418 3779 1483 Deo,
3814 1430 3859 1474 et

2274 1517 2558 1577 reputatum
2584 1518 2658 1563 est
2684 1508 2728 1561 ei
2748 1509 2817 1561 ad
2832 1509 3082 1578 justitiam
3106 1507 3255 1576 (Gen.
3291 1509 3377 1563 15.
3398 1508 3475 1579 6).
3498 1509 3652 1563 Fides
3680 1520 3858 1564 autem

2276 1609 2357 1653 est
2380 1614 2522 1668 purae
2546 1608 2599 1654 et
2614 1599 2838 1653 sincera:
2855 1600 3161 1653 voluntatis.
3178 1598 3380 1653 Obtulit
3403 1600 3589 1663 mimo,
3611 1613 3662 1655 et
3680 1618 3861 1671 quatu-

2277 1690 2356 1743 vis
2387 1704 2491 1745 non
2519 1691 2795 1755 occiderit,
2815 1692 3019 1762 accepit
3050 1701 3224 1746 tamen
3249 1692 3549 1747 mercedem
3572 1708 3631 1747 ac
3662 1694 3865 1747 siuet-i—

2278 1782 2472 1850 disset;
2494 1795 2549 1840 et
2572 1785 2813 1855 quamvis
2837 1784 3030 1840 factum
3063 1801 3173 1841 non
3204 1794 3346 1840 esset
3367 1785 3640 1853 Opus,data
3664 1798 3746 1841 est
3776 1798 3861 1839 ta-

2275 1889 2395 1930 men
2413 1890 2639 1932 merees.
2661 1876 2780 1932 Sint
2797 1893 2924 1949 ergo
2946 1880 3103 1936 nobis
3128 1880 3244 1935 vela
3274 1880 3493 1947 munda,
3522 1896 3656 1935 nova
3680 1892 3863 1936 etnon

2275 1966 2568 2023 inveterata
2600 1985 2615 2020 :
2660 1967 2796 2023 Nam
2820 1971 3063 2040 quidquid
3087 1972 3399 2027 inveterascit
3428 1981 3475 2026 et
3516 1975 3826 2027 consenescit
3846 2016 3863 2040 ,

2277 2072 2432 2127 prape
2456 2058 2709 2115 interitum
2740 2072 2812 2115 est
2838 2062 2857 2131 (
2882 2061 3039 2117 llebr.
3070 2064 3121 2118 8.
3153 2065 3220 2119 15
3241 2065 3293 2134 ):
3329 2079 3433 2118 non
3462 2064 3727 2135 perforata
3758 2108 3773 2129 ,
3804 2076 3865 2121 ut

2276 2148 2583 2204 contineant
2609 2154 3215 2223 OperationemSpiritus
3245 2171 3259 2211 :
3293 2156 3541 2211 Animalia
3561 2158 3703 2211 enim
3731 2196 3747 2222 ,
3780 2157 3869 2211 in-

2278 2241 2411 2307 quit,
2427 2242 2574 2295 homo
2590 2260 2689 2297 non
2706 2247 2840 2311 capit
2865 2260 2923 2299 ea
2946 2260 3057 2314 qua
3074 2257 3191 2300 sunt
3218 2246 3441 2317 Spiritus
3459 2249 3505 2320 (ί
3522 2289 3533 2301 .
3549 2247 3664 2303 Cor.
3678 2248 3762 2303 ΞΛ
3777 2250 3861 2315 4).

2278 2331 2425 2387 Sicut
2439 2334 2581 2388 enim
2604 2336 2722 2389 telze
2738 2351 3052 2392 aranearum
3072 2338 3338 2393 vim‘venti
3366 2353 3470 2393 non
3486 2342 3819 2409 susceperint
3849 2360 3861 2394 :

2281 2423 2349 2477 ita
2377 2438 2475 2479 nec
2503 2425 2679 2480 anima
2706 2426 2860 2496 hujus
2889 2428 3011 2482 vita:
3035 2428 3179 2483 curis
3204 2428 3404 2495 dedita,
3433 2446 3529 2485 nec
3556 2430 3715 2485 homo
3743 2435 3868 2485 aui-

2280 2514 2433 2570 malis
2460 2516 2655 2585 poterit
2679 2533 2928 2588 umquam
2953 2519 3225 2589 suscipere
3251 2521 3476 2589 gratiam
3504 2520 3752 2590 Spiritus.
3778 2523 3869 2579 Ab

2281 2607 2389 2663 illis
2418 2609 2560 2663 enim
2592 2608 2722 2663 nihil
2749 2608 2951 2663 distant
2974 2618 3169 2665 nostra:
3198 2612 3574 2681 cogitationes,
3599 2614 3712 2667 visu
3744 2614 3865 2680 qui-

2280 2698 2401 2753 dem
2439 2701 2609 2754 solum
2640 2712 2918 2756 servantes
2947 2702 3383 2771 consequentiam
3410 2745 3424 2767 ,
3458 2705 3673 2772 privata:
3712 2705 3866 2759 omni

2282 2792 2495 2845 virtute.
2524 2791 2627 2846 Sed
2655 2801 2835 2846 nostra
2868 2808 2970 2847 non
2995 2803 3117 2848 sunt
3140 2792 3465 2862 hujusmodi,
3492 2796 3534 2848 si
3558 2795 3865 2864 sapiamus;

2280 2880 2372 2934 sed
2396 2880 2648 2951 quidquid
2680 2882 2943 2946 inciderit,
2962 2892 3143 2937 tenent
3171 2884 3369 2950 omnia,
3396 2894 3450 2939 et
3469 2895 3593 2939 sunt
3615 2884 3871 2942 omnibus

2280 2975 2576 3043 superiora,
2605 2983 2658 3029 et
2683 2976 2871 3044 quovis
2904 2971 3091 3043 laqueo
3119 2976 3361 3032 fortiora.

2353 3067 2651 3138 Spiritualis
2674 3070 2843 3122 omnia
2868 3076 2962 3140 [ert
2984 3069 3373 3126 libenter.—Sit
3398 3070 3539 3126 enim
3570 3072 3649 3127 vir
3668 3071 3871 3142 aliquis

2282 3160 2591 3227 spiritualis,
2622 3170 2674 3214 et
2696 3160 2743 3214 ei
2772 3162 3078 3231 eontingant
3107 3162 3514 3217 innumerabilia
3545 3163 3677 3217 mala
3697 3174 3750 3219 et
3781 3164 3872 3219 in-

2282 3250 2583 3317 eommoda,
2610 3266 2636 3302 a
2662 3252 2804 3305 nullo
2831 3266 3014 3305 eorum
3045 3254 3269 3323 capitur.
3299 3253 3363 3308 Et
3392 3255 3517 3325 quid
3545 3254 3697 3310 dico?
3721 3256 3866 3312 infe-

2284 3355 2429 3398 ratur
2459 3344 2531 3398 illi
2562 3354 2866 3414 paupertas,
2899 3345 3138 3409 morbus,
3167 3348 3525 3412 contumelias,
3558 3349 3868 3417 maledicta,

2284 3434 2533 3502 ludibria,
2558 3438 2743 3506 plagas,
2764 3452 2921 3491 omne
2937 3453 3103 3507 genus
3120 3439 3385 3509 supplicii,
3412 3455 3570 3495 omne
3596 3457 3763 3509 genus
3786 3442 3869 3497 ir-

2283 3528 2498 3583 risionis
2513 3536 2569 3582 et
2588 3528 2888 3597 opprobrii;
2912 3541 2965 3583 at
2996 3538 3260 3601 tamquam
3289 3533 3376 3603 qui
3406 3533 3474 3586 sit
3495 3543 3641 3589 extra
3672 3535 3866 3593 orbem

2287 3628 2443 3675 terra:
2468 3628 2523 3673 et
2548 3618 2684 3674 liber
2707 3620 2775 3674 ab
2817 3621 3063 3675 omnibus
3084 3624 3328 3692 corporis
3355 3624 3725 3683 alfectiooibus
3744 3670 3758 3691 ,
3791 3629 3873 3683 ita

2285 3711 2897 3779 omniairridebit.Quod
2915 3723 3090 3769 antem
3120 3714 3234 3771 hinc
3252 3718 3409 3771 verba
3435 3735 3539 3772 non
3568 3730 3764 3774 temere
3776 3720 3874 3789 ja-

2277 3810 2515 3868 ctentur,
2533 3801 2723 3857 multos
2741 3803 2987 3858 existimo
3004 3820 3145 3859 nunc
3166 3821 3377 3876 quoque
3392 3823 3513 3863 esse
3534 3808 3867 3879 hujusmodi,

2288 3901 2345 3947 ut
2364 3908 2426 3946 ex
2457 3892 2521 3946 iis
2539 3896 2625 3961 qui
2650 3908 2708 3947 se
2724 3902 3041 3962 receperunt
3066 3895 3117 3947 in
3140 3896 3480 3952 solitudines.
3502 3899 3604 3953 Sed
3630 3916 3732 3954 non
3754 3910 3869 3965 est,

2290 3986 2495 4053 inquit,
2527 3983 2741 4039 mirum.
2785 3984 2896 4055 Ego
2922 3996 3099 4042 autem
3128 3987 3250 4043 dico
3278 3989 3409 4045 tales
3434 3992 3602 4046 etiam
3645 4008 3765 4048 esse
3809 3994 3874 4049 in

2289 4078 2594 4133 civitatibus
2615 4119 2629 4141 ,
2677 4093 2811 4143 quos
2852 4076 3073 4135 minime
3103 4079 3400 4137 existimes.
3434 4082 3489 4137 Si
3521 4082 3601 4139 vis
3643 4095 3819 4138 autem
3852 4126 3873 4151 ,

2291 4184 2507 4239 possum
2530 4168 2815 4224 ostendere
2839 4170 3045 4241 aliquos
3072 4187 3135 4227 ex
3167 4172 3235 4228 iis
3262 4173 3351 4241 qui
3384 4173 3599 4230 fuerunt
3623 4177 3768 4230 olim.
3796 4176 3873 4233 Et

2290 4272 2346 4316 ut
2388 4263 2649 4331 intelligas
2675 4304 2688 4326 ,
2734 4264 2913 4317 veniat
2961 4264 3053 4318 tibi
3086 4266 3137 4319 in
3178 4275 3413 4321 mentem
3468 4266 3701 4322 Paulus:
3732 4271 3870 4340 quid

2294 4372 2400 4413 non
2426 4371 2586 4427 grave
2604 4367 2686 4412 est
2709 4373 2897 4428 passus
2921 4360 2945 4414 τ
2973 4359 3100 4431 quid
3122 4375 3227 4415 non
3250 4362 3541 4417 sustinuit?
3561 4362 3657 4419 sed
3684 4361 3873 4417 omnia

2297 4448 2503 4503 ferebat
2528 4447 2752 4505 fortiter.
2789 4451 2942 4507 llunc
2966 4453 3237 4508 imitemur
3270 4471 3283 4508 :
3316 4453 3389 4509 ita
3409 4454 3552 4509 enim
3577 4455 3881 4524 poterimus

2295 4540 2487 4594 deduci
2540 4541 2606 4595 ad
2648 4554 2831 4611 portus
2859 4545 3180 4615 tranquillos
3205 4560 3325 4603 eum
3371 4546 3552 4600 multis
3579 4544 3879 4606 mercibus.

2299 4628 2523 4685 Mentem
2546 4646 2673 4702 ergo
2700 4644 2934 4689 nostram
2965 4635 3017 4690 in
3045 4638 3233 4691 caelum
3259 4635 3610 4693 extendamus
3629 4679 3645 4705 ,
3679 4645 3879 4694 tenea-

2298 4737 2415 4775 mur
2442 4720 2530 4775 illo
2554 4722 2837 4787 desiderio,
2858 4740 2955 4781 nos
2971 4728 3318 4795 eonjiciamus
3341 4730 3392 4783 in
3420 4729 3594 4799 ignem
3620 4730 3879 4799 spiritua-

2293 4812 2415 4874 lem,
2439 4811 2651 4870 ﬂamma
2673 4831 2771 4872 nos
2797 4832 3201 4875 conservemus.
3220 4819 3388 4877 Nemo
3406 4821 3671 4875 flammant
3689 4836 3880 4879 secum

2292 4902 2493 4970 ferens,
2527 4905 2680 4961 timet
2727 4920 2821 4964 eos
2858 4909 2947 4982 qui
2978 4920 3303 4968 occurrunt:
3333 4912 3447 4968 sive
3484 4914 3556 4968 sit
3601 4913 3730 4981 fera,
3756 4914 3879 4971 sive

2286 4997 2462 5063 homo,
2489 4998 2601 5053 sive
2628 5001 2798 5071 laquei
2821 5001 3251 5071 innumerabiles,
3270 5006 3523 5077 quamdiu
3550 5008 3711 5066 fueris
3728 5012 3873 5082 igni-

2288 5098 2399 5155 tus,
2427 5090 2602 5143 omnia
2632 5091 2829 5147 cedunt
2848 5133 2862 5155 ,
2894 5096 3072 5149 omnia
3102 5094 3231 5150 dant
3267 5095 3464 5153 locum.
3491 5096 3725 5156 Flamma
3757 5118 3871 5160 non

2286 5188 2459 5248 potest
2491 5178 2637 5244 ferri,
2669 5197 2831 5252 rogus
2858 5199 2963 5237 non
2993 5195 3169 5253 potest
3200 5187 3438 5254 tolerari,
3470 5193 3649 5246 omnia
3672 5208 3871 5249 consu-

2284 5271 2402 5325 mit.
2442 5270 2555 5327 lloc
2582 5272 2701 5341 igne
2734 5289 2829 5329 nos
2860 5274 3163 5343 induamus,
3187 5278 3415 5348 gloriam
3444 5282 3736 5339 referamus
3755 5286 3869 5339 Do-

2284 5364 2430 5419 mino
2459 5375 2642 5418 nostro
2668 5365 2794 5420 Jcsu
2836 5366 3073 5434 Christo,
3107 5385 3228 5425 eum
3251 5386 3359 5441 quo
3390 5372 3535 5427 Patri
3563 5375 3721 5429 simul
3744 5392 3868 5433 cum

2283 5464 2469 5510 sancto
2511 5455 2711 5525 Spiritu
2748 5456 2912 5527 gloria
2944 5500 2957 5523 ,
2987 5462 3217 5529 potentia
3265 5472 3318 5517 et
3374 5463 3581 5534 honor,
3624 5482 3766 5524 nunc
3815 5479 3875 5523 et

2284 5563 2525 5618 semper,
2552 5558 2604 5605 et
2627 5548 2677 5603 in
2707 5550 2899 5606 saecula
2926 5552 3263 5609 sa‘culorum.
3298 5556 3491 5613 Amen.
