4094 6410
205 411 305 467 235
917 408 1230 467 MUTIANO
1285 407 1530 465 SCIIOL.
1586 406 2048 463 INTERPRETE.
2078 436 2147 445 —
2180 402 2334 457 CAP.
2374 401 2413 455 l.
2458 399 2693 455 HOMIL.
2740 397 2803 456 ll.
3388 397 3500 456 ΞΗ

198 496 533 559 voluntate
570 515 747 577 opus
777 507 895 570 est,
920 500 1371 577 ubiquerecto
1405 494 1762 577 proposito,
1806 491 2051 577 ubique
2081 489 2373 560 caritate,
2407 506 2553 577 qua:
2580 490 2753 577 circa
2779 490 2981 551 Deum
3017 508 3182 577 pura
3216 493 3522 555 sincera-

194 594 313 656 que
331 569 695 640 consistat.
723 578 785 639 Si
822 569 977 657 ergo
1003 569 1149 639 cum
1174 576 1294 657 hac
1318 569 1548 635 sancta
1578 574 1850 657 caritate
1869 575 2102 657 cuncta
2131 569 2632 657 geramus,licet
2652 586 2855 647 parva
2893 570 3528 657 possidentesparva

196 649 598 730 tribuamus,
638 658 865 719 faciem
894 649 1080 718 suam
1108 654 1421 716 Dominus
1450 670 1578 714 non
1610 655 1884 722 avertet,
1932 649 2043 711 sed
2074 649 2389 730 suscipiet
2418 650 2587 710 sicut
2628 665 2863 730 magna
2898 654 2961 711 et
2990 651 3371 730 admiranda
3406 653 3530 715 do—

194 737 399 797 naria.
438 728 808 799 Enimvero
860 737 1258 799 voluntatem
1293 736 1464 795 Deus
1511 750 1788 810 semper,
1831 748 1961 792 non
1994 746 2073 791 ea
2100 746 2248 807 quae:
2275 728 2521 810 dantur
2558 728 2867 810 attendit;
2900 734 2963 790 et
2995 729 3049 792 si
3095 731 3276 792 illam
3314 732 3531 795 videat

194 833 527 895 magnam,
559 823 629 878 et
661 817 986 879 decretum
1014 833 1149 878 sua:
1176 807 1830 895 dignitatisapponit,
1878 818 1940 871 et
1972 807 2644 895 proptcr_hujusmodi
2668 810 3093 895 _volunt_atem
3120 811 3350 895 d_ign_os
3378 812 3532 895 facit

194 888 407 980 l'utiira
439 899 630 980 bona
663 898 995 980 percipere
1041 918 1056 955 :
1089 888 1401 980 qum'nps
1429 888 1773 980 universos
1814 890 2149 980 contingat
2188 888 2484 980 adipisci,
2518 889 2727 980 gratia
2768 893 2833 949 et
2868 888 3213 980 clementia
3264 892 3527 954 Domini

192 977 391 1038 nostri
432 977 612 1038 Jesu
663 968 921 1048 Christi,
958 968 1265 1053 cum’quo
1299 973 1467 1034 Patri
1501 989 1631 1032 una
1659 990 1807 1032 cum
1842 968 2068 1032 sancto
2098 968 2342 1048 Spiritu
2385 968 2617 1048 gloria,
2653 970 3025 1048 imperium,
3068 969 3307 1047 honor,
3350 990 3531 1035 nunc

192 1064 251 1117 et
277 1075 576 1134 semper,
612 1062 679 1117 et
709 1056 775 1117 in
804 1056 1042 1119 saecula
1068 1054 1478 1117 saeculorum.
1506 1054 1739 1114 Amen.

1640 1295 1989 1359 HOMILIA
2034 1298 2114 1359 ll.

272 1438 329 1496 1.
364 1435 499 1511 Qui
528 1441 627 1521 est
660 1432 959 1521 splen-dar
987 1432 1207 1521 gloriae
1227 1438 1282 1491 et
1311 1430 1634 1492 character
1662 1431 2214 1521 substanticejjus,
2247 1433 2909 1521 ferensomniaycrbo
2937 1437 3201 1521 virtutis
3230 1459 3359 1501 sum
3376 1462 3397 1510 ;
3416 1460 3521 1521 pel

197 1534 339 1597 cuni
357 1514 856 1597 inundationem
894 1514 1133 1592 faciens
1170 1521 1567 1597 peccatqmm
1600 1521 1986 1597 nostrorum.
2022 1514 2275 1597 Ubique
2315 1514 2933 1597 quidem_religioso
2988 1518 3176 1580 nobis
3222 1536 3388 1597 Opus
3416 1514 3537 1584 ἐει

198 1595 566 1678 intellectu,
605 1592 1271 1678 maxime_au_tem_ubi
1294 1595 1371 1651 de
1399 1592 1665 1678 Deo‘vel
1690 1592 1933 1670 aliquid
1963 1594 2320 1678 loquimur,
2350 1596 2449 1678 vel
2477 1592 2780 1678 audimus
2815 1615 2830 1655 :
2863 1597 3178 1678 quoniam
3212 1592 3426 1678 neque
3453 1603 3535 1663 ad

198 1674 611 1753 loquendum
642 1674 835 1752 digne
870 1672 945 1733 de
968 1674 1117 1753 iDeo
1148 1671 1372 1753 lingua
1420 1670 1655 1732 sufﬁcit
1681 1716 1696 1745 ,
1746 1690 1957 1749 neque
1999 1672 2077 1734 ad
2122 1674 2611 1751 percipiendum
2663 1670 2971 1752 prmvalet
3018 1670 3383 1742 intellectus
3420 1702 3434 1740 :
3474 1690 3541 1743 et

199 1751 347 1830 quid
375 1754 529 1814 dico
560 1751 856 1831 linguam
887 1752 987 1812 vel
1020 1751 1440 1823 intellectum,
1475 1769 1620 1812 cum
1644 1770 1773 1832 nec
1805 1753 1944 1830 ipsa
1976 1769 2126 1831 pars
2159 1755 2391 1815 mentis
2425 1751 2836 1827 eminentior,
2872 1773 3017 1832 qua:
3049 1758 3139 1817 eis
3170 1758 3375 1821 multo
3407 1779 3536 1823 su-

197 1835 415 1909 perior
448 1838 583 1904 est,
617 1832 863 1909 aliquid
896 1834 1142 1971 integre
1172 1832 1340 1892 valet
1373 1831 1944 1907 comprehendere,
1977 1833 2241 1910 quando
2272 1833 2516 1911 aliquid
2549 1834 2626 1896 de
2656 1831 2994 1897 divinitate
3026 1836 3384 1902 dixerimus
3408 1844 3438 1901 ?
3469 1842 3534 1902 Si

199 1914 366 1971 enim
396 1930 537 1971 nax
570 1912 688 1971 Dei
719 1920 1019 1971 transcen
1070 1913 1115 1971 it
1139 1929 1393 1971 omnem
1424 1915 1729 1971 mentem.
1752 1917 1816 1971 et
1839 1928 1916 1971 ea
1940 1929 2085 1971 anas
2111 1919 2476 1971 nrmnarata
2504 1920 2657 1971 sunt
2681 1914 3102 1971 dilimgnlibns
3126 1936 3299 1971 eum-
3327 1921 3389 1971 in
3420 1939 3534 1971 ρον

199 1914 366 1995 enim
396 1930 537 1995 pax
570 1912 688 1972 Dei
719 1912 1115 1995 transcendit
1139 1929 1393 1995 omnem
1424 1915 1729 1995 mentem,
1752 1917 1816 1971 et
1839 1928 1916 1973 ea
1937 1929 2085 1995 quae
2111 1919 2477 1995 praeparata
2504 1914 3102 1995 suntdiligentibus
3126 1936 3300 1988 eum,
3327 1921 3391 1980 in
3420 1939 3536 1983 cor

201 1992 480 2053 hominis
517 2009 654 2075 non
682 1993 1040 2075 ascendunt
1070 2012 1084 2051 :
1124 1991 1325 2050 multo
1358 1991 1635 2075 amplius
1668 1990 1805 2069 ipse
1839 1992 1950 2068 qui
1985 1990 2363 2075 pacisADeus
2397 1999 2531 2066 est,
2564 1994 2677 2072 qui
2710 1990 3003 2075 om'nium
3036 2001 3131 2058 est
3162 1998 3381 2075 Opifex
3413 2020 3535 2062 re-

197 2089 361 2159 rum,
395 2072 951 2159 inaestimabiliter
980 2077 1237 2159 nostras
1270 2071 1692 2159 cogitationes
1730 2072 2406 2159 exsuperataoportet
2435 2071 2600 2154 ergo
2620 2092 2766 2137 cum
2811 2074 3024 2159 ﬁdeet
3054 2071 3359 2159 religiosa
3397 2081 3534 2159 pie-

200 2156 614 2237 tate‘cuncta
663 2154 1036 2237 suscipere;
1079 2156 1141 2213 et
1178 2150 1441 2237 quando
1483 2151 1645 2237 forte
1690 2168 1903 2211 sermo
1942 2150 2281 2237 deﬁcit,_'et
2317 2171 2447 2213 non
2490 2150 2701 2237 potest
2748 2173 2895 2237 cum
2937 2150 3309 2237 integritate
3354 2150 3533 2237 quod

197 2232 464 2315 molitur
494 2232 905 2315 exprimere,
940 2236 1095 2293 tunc
1124 2232 1328 2315 magis
1363 2229 1879 2315 gloriﬁcarenos
1913 2229 2685 2315 convenit_Deum,_quod
2718 2235 2913 2315 talem
2943 2229 3149 2297 Deuin
3188 2229 3532 2315 habemus,

196 2312 301 2387 qui
330 2309 835 2398 et_intel_lectu_r_n
866 2310 1263 2398 transcendit
1293 2316 1352 2370 et
1379 2309 1792 2398 Cogitationis
1824 2311 2158 2398 intuitum.
2193 2312 2397 2398 Multa
2428 2309 2763 2398 enimvero
2793 2313 2870 2375 de
2911 2315 3046 2377 Deo
3079 2309 3531 2398 intelligimus,

195 2407 335 2466 quae
362 2391 598 2471 eloqui
625 2391 880 2469 penitus
914 2408 1043 2451 non
1074 2391 1364 2452 valemus
1401 2409 1416 2447 :
1450 2389 1655 2449 multa
1682 2389 1834 2451 item
1864 2391 2221 2469 loquimur,
2255 2397 2320 2453 et
2345 2410 2422 2454 ea
2454 2393 2819 2465 intelligere
2851 2410 2984 2455 non
3016 2413 3245 2459 sumus
3278 2389 3531 2463 idoneii

205 2476 377 2537 verbi
418 2475 641 2554 gratia
664 2518 680 2545 ,
724 2474 1036 2554 quoniam
1063 2473 1305 2554 ubique
1336 2474 1507 2534 Deus
1540 2480 1658 2547 est,
1692 2476 1931 2537 scimus
1958 2496 1975 2549 ;
2007 2472 2335 2551 quomodo
2367 2477 2586 2533 autem
2614 2474 2857 2552 ubique
2887 2474 2994 2545 sit,
3026 2474 3357 2536 intellectu
3392 2492 3525 2536 non

211 2553 533 2633 capimus.
570 2554 731 2614 Item
773 2553 1085 2690 quoniam
1121 2558 1218 2613 est
1247 2553 1631 2645 incorporea
1664 2556 1961 2633 quendam
2008 2554 2236 2624 virtus,
2271 2569 2416 2630 quas
2458 2554 2757 2614 omnibus
2791 2558 2887 2615 est
2918 2570 3118 2617 causa
3150 2556 3472 2615 bonorum
3506 2598 3525 2626 ,

211 2637 443 2690 scimus
473 2655 491 2690 :
526 2648 773 2690 auomo
819 2650 856 2690 ο
888 2638 1103 2690 autem
1134 2632 1234 2690 vel
1268 2649 1414 2690 dum
1442 2637 1562 2690 Ista
1594 2634 1698 2690 sit.
1729 2635 1985 2690 nenitns
2017 2633 2415 2690 ignoramus.
2444 2632 2605 2690 Ecce
2634 2634 2930 2690 dicimus.
2960 2637 3023 2690 et.
3053 2650 3128 2690 ea
3162 2634 3525 2690 intelligere

208 2632 443 2695 scimus
473 2655 491 2704 ;
526 2632 1103 2713 quomodoautem
1134 2632 1234 2693 vel
1268 2649 1414 2713 quae
1442 2632 1562 2694 ista
1594 2632 1699 2704 sit,
1729 2635 1985 2713 penitus
2017 2633 2415 2713 ignoramus.
2444 2632 2605 2713 Ecce
2634 2634 2930 2704 dicimus,
2960 2637 3023 2695 et
3053 2650 3128 2694 ea
3162 2634 3528 2713 intelligere

210 2732 334 2773 non
369 2714 699 2774 valemus.
736 2711 881 2770 Dixi
912 2712 1151 2791 quippe
1188 2712 1344 2788 quia
1374 2713 1616 2789 ubique
1645 2711 1778 2785 est,
1811 2714 1921 2775 sed
1954 2711 2085 2774 non
2114 2711 2408 2790 intelligo
2443 2731 2459 2769 :
2502 2711 2647 2773 dico
2686 2713 2845 2791 quia
2875 2718 2973 2774 est
3002 2713 3143 2775 sine
3174 2711 3526 2791 principio,

212 2795 313 2855 sed
348 2810 482 2852 non
522 2791 815 2873 intelligo
846 2811 860 2849 :
894 2790 1035 2851 dico
1066 2791 1645 2873 quoniam_Filium
1682 2795 1904 2873 genuit
1937 2812 2020 2853 ex
2049 2793 2262 2869 seipso
2284 2835 2301 2862 ,
2333 2791 2445 2851 sed
2477 2790 3010 2873 nescio’qualiter
3035 2790 3373 2873 intellectu
3391 2790 3532 2855 iboc

212 2874 598 2951 percipiam.
631 2871 801 2951 Sunt
818 2887 975 2951 ergo
1003 2872 1194 2932 etiam
1218 2870 1535 2951 quaedam,
1561 2870 1709 2950 quin
1730 2873 1853 2933 dici
1877 2890 2007 2933 non
2032 2871 2648 2951 possunt,quamvis
2672 2877 2885 2933 mente
2906 2872 3270 2950 capiantur.
3294 2873 3533 2935 Exem-

215 2949 294 3030 pli
342 2949 559 3030 gratia
595 2970 628 3030 :_
655 2949 951 3029 intelligit
987 2968 1194 3019 mens,
1240 2949 1349 3010 sed
1390 2968 1519 3011 non
1551 2949 1723 3013 valet
1752 2952 2000 3014 dicere:
2035 2949 2125 3011 ita
2154 2954 2225 3010 ut
2263 2950 2455 3011 etiam
2488 2951 2701 3030 ipsum
2731 2949 3002 3012 Paulum
3034 2951 3251 3014 videas
3283 2952 3347 3012 in
3378 2952 3534 3030 qui—

216 3028 487 3092 busdam
518 3028 886 3099 inﬁrmari,
918 3034 980 3091 et
1023 3047 1152 3090 non
1189 3030 1440 3110 integra
1488 3032 1784 3109 exempla
1820 3035 2315 3110 proponentem.
2348 3028 2531 3104 Quod
2563 3030 2672 3091 ille
2716 3031 2809 3092 sic
2838 3031 3093 3093 laborat
3134 3032 3197 3091 in
3247 3028 3484 3094 talibus
3512 3077 3530 3104 ,

217 3110 645 3171 contremisce
673 3154 688 3179 ,
734 3114 797 3169 et
844 3126 922 3167 ne
965 3108 1323 3186 praetendas
1355 3111 1587 3171 altiora
1618 3108 2017 3189 perquirere.
2054 3111 2327 3189 Adverte
2358 3127 2511 3189 ergo
2546 3128 2717 3171 nunc
2748 3131 2762 3170 :
2797 3116 3143 3189 postquam
3175 3112 3530 3189 appellavit

218 3190 474 3259 Filium,
517 3194 583 3249 et
620 3206 767 3248 eum
798 3188 1089 3266 opiﬁcem
1112 3189 1489 3269 nominavit,
1532 3190 1747 3251 intulit
1782 3212 1795 3250 :
1837 3191 1961 3266 Qui
1997 3198 2085 3250 est
2114 3188 2421 3269 splendor
2438 3189 2679 3268 gloriw,
2712 3198 2767 3249 et
2804 3188 3128 3251 character
3168 3188 3536 3253 substantia

218 3273 365 3349 ejus.
400 3270 546 3329 Hoc
566 3273 783 3349 autem
812 3286 955 3349 cum
992 3269 1408 3349 religiositate
1430 3268 1735 3349 debemus
1764 3278 2078 3347 accipere,
2103 3267 2244 3349 eti‘si
2270 3267 2432 3349 quid
2447 3267 2808 3349 absurdum
2833 3269 3123 3331 fortassis
3148 3272 3531 3342 occurrerit,

220 3346 296 3411 ab
335 3350 482 3411 acie
525 3348 758 3408 mentis
794 3347 1085 3428 abigere.
1126 3346 1461 3428 Splendor.
1508 3348 1753 3426 inquit,
1795 3346 2036 3428 gloricr.
2070 3348 2189 3409 Sed
2223 3348 2361 3407 vide
2394 3348 2747 3409 secundum
2790 3349 2946 3425 quid
2988 3350 3109 3410 hoc
3148 3351 3412 3428 accipit,
3468 3355 3539 3412 ut

218 3431 407 3489 etiam
446 3434 524 3488 tu
554 3427 645 3488 sic
675 3425 973 3508 accipias.
1005 3427 1145 3508 Hoc
1179 3425 1337 3508 ergo
1368 3427 1558 3488 dicit:
1590 3425 1744 3504 quia
1775 3425 1857 3489 ex
1890 3430 2029 3505 ipso
2050 3474 2066 3499 ,
2098 3429 2255 3505 quia
2286 3436 2379 3487 est
2420 3428 2931 3504 impassibiliter,
2964 3425 3538 3508 quoniam—neque

220 3509 601 3577 diminutus,
638 3523 847 3587 neque
880 3507 943 3587 in
975 3507 1196 3587 aliquo
1227 3507 1584 3587 minoratus
1618 3514 1735 3569 est.
1772 3509 2045 3581 Quidam
2076 3508 2248 3569 enim
2279 3508 2560 3569 absurda
2592 3508 2887 3585 quasdam
2918 3507 3278 3587 proferunt,
3309 3507 3541 3571 exem-

224 3590 481 3666 plorum
513 3585 1024 3666 consideratione
1054 3586 1321 3666 decepti.
1354 3586 1667 3663 Splendor
1698 3588 1869 3647 enim
1894 3634 1909 3659 ,
1951 3588 2279 3665 inquiunt,
2312 3588 2790 3647 substantivum
2822 3585 3064 3664 aliquid
3103 3605 3234 3648 non
3266 3594 3384 3657 est,
3424 3587 3539 3649 sed

224 3665 488 3729 aliunde
520 3666 713 3727 habet
738 3669 809 3725 ut
837 3666 941 3725 sit.
970 3665 1135 3737 Noli,
1168 3682 1207 3724 o
1237 3665 1453 3733 homo,
1486 3668 1577 3727 sic
1608 3668 1772 3727 istud
1803 3669 2347 3744 accipere,neque
2378 3666 2665 3726 Marcelli
2698 3671 2808 3727 aut
2840 3667 3091 3727 Photini
3122 3669 3348 3728 morbo
3377 3667 3543 3729 deti-

226 3748 376 3808 cias.
409 3748 576 3827 Nam
609 3751 669 3804 te
699 3744 775 3805 de
803 3745 1101 3827 proximo
1131 3750 1313 3805 curat
1337 3788 1353 3812 ,
1386 3764 1467 3806 ne
1498 3746 1561 3805 in
1595 3764 1857 3807 sensum
1887 3748 2058 3806 illius
2090 3746 2335 3827 (τετοτίεῄ
2362 3746 2657 3827 incurras
2694 3766 2707 3803 :
2745 3764 2871 3805 non
2905 3751 2965 3806 te
2997 3746 3150 3827 sinit
3180 3747 3245 3807 in
3278 3748 3541 3827 aegritu-

225 3827 437 3886 dinem
471 3825 649 3885 illam
669 3825 1189 3902 peremptoriam,
1212 3842 1422 3901 neque
1454 3827 1759 3901 permittit
1786 3827 2089 3887 incidere.
2121 3826 2196 3883 Et
2229 3824 2408 3901 quid,
2443 3826 2701 3901 inquit?
2730 3843 2886 3884 num
2920 3831 2982 3886 et
3012 3824 3541 3889 character'sub—-

227 3908 479 3967 stantia
503 3904 615 3975 ita,
637 3904 804 3984 sicut
824 3903 962 3984 ipse
982 3903 1165 3984 cujus
1188 3903 1523 3964 character
1542 3911 1639 3965 est
1660 3908 2107 3967 substantivus
2136 3904 2410 3984 exsistit,
2436 3914 2497 3963 et
2522 3905 2761 3965 nullius
2787 3905 3077 3983 indigens
3101 3908 3545 3984 approbatur?

229 4003 378 4045 num
408 3991 475 4047 et
500 3983 701 4043 Filius
729 3982 814 4044 ita
837 3983 972 4042 est?
994 3982 1131 4041 Noli
1155 3999 1397 4043 errare.
1426 3984 1544 4044 Hic
1564 3986 1734 4044 enim
1767 3985 2013 4045 nullam
2044 4002 2185 4045 esse
2210 3983 2796 4044 dissimilitudinem
2832 3982 3051 4046 volens
3083 3982 3446 4054 ostendere,
3479 3992 3545 4048 et

228 4066 449 4141 primm
475 4062 694 4123 forma:
716 4062 1153 4144 characterem
1177 4063 1531 4144 proprium,
1552 4064 1677 4124 tale
1697 4065 2000 4141 pr0ponit
2020 4064 2413 4139 exemplum.
2430 4063 2790 4136 Quomodo,
2808 4064 3042 4141 inquit,
3065 4065 3129 4126 in
3155 4066 3369 4144 seipso
3391 4069 3544 4127 sub-

229 4140 389 4203 Sistit
414 4146 445 4203 τ
477 4140 854 4219 Respondeo
883 4160 899 4199 :
934 4142 1280 4217 Postquam
1310 4142 1479 4204 enim
1511 4140 1712 4219 supra
1738 4140 1977 4204 dictum
2008 4150 2104 4203 est
2133 4143 2285 4219 quia
2308 4160 2421 4217 per
2450 4144 2663 4219 ipsum
2698 4144 2841 4203 fecit
2863 4140 3109 4219 omnia,
3144 4140 3331 4205 hic'ei
3369 4164 3545 4207 nunc

228 4240 548 4283 summam
578 4220 980 4301 auctoritatis
996 4220 1316 4301 attribuit.
1345 4222 1506 4282 Nam
1532 4221 1671 4283 vide
1692 4222 1844 4300 quid
1869 4224 2191 4283 subnectit
2216 4242 2229 4279 :
2268 4223 2528 4288 Ferens,
2565 4223 2796 4301 inquit,
2834 4225 3045 4283 omnia
3066 4224 3250 4285 verbo
3275 4226 3542 4285 virtutis

227 4322 347 4364 me
364 4323 384 4363 :
406 4308 481 4362 ut
502 4318 630 4361 non
659 4300 870 4361 solum
895 4317 974 4360 ex
994 4299 1115 4360 hoc
1132 4318 1281 4360 eum
1305 4299 1741 4363 characterem
1769 4320 1907 4363 esse
1939 4302 2330 4379 accipiamus
2356 4306 2640 4378 paterna:
2657 4299 3062 4373 substantias,
3095 4304 3201 4364 sed
3234 4306 3427 4365 etiam
3458 4324 3545 4367 ex

231 4399 325 4451 eo,
350 4380 527 4460 quod
551 4397 697 4441 cum
718 4379 1355 4461 auctoritategcuucta
1385 4382 1703 4461 gubernat
1731 4386 1793 4442 et
1822 4382 2130 4443 continet.
2157 4380 2427 4461 Attende
2446 4381 2641 4461 igitur
2658 4383 3008 4459 quomodo,
3027 4383 3197 4459 quod
3216 4384 3422 4445 Patris
3448 4391 3544 4448 est

230 4458 594 4538 proprium,
624 4464 882 4538 coaptat
911 4463 973 4538 et
1004 4458 1188 4520 Filio.
1221 4458 1488 4535 Propter
1511 4460 1631 4520 hoc
1661 4478 1791 4521 non
1823 4461 2117 4522 absolute
2144 4460 2335 4529 dixit,
2360 4458 2600 4522 Ferens
2629 4458 2847 4523 omnia
2873 4458 3069 4523 verbo
3094 4464 3345 4525 virtutis
3379 4482 3541 4538 sum,

232 4537 441 4619 neque
468 4537 653 4610 dixit,
675 4537 1175 4619 Virtute‘ipsius.
1208 4538 1581 4619 Sicutenim
1610 4538 1675 4599 in
1707 4542 2141 4619 anterioribus
2167 4540 2479 4617 paulatim
2506 4546 2568 4601 et
2597 4541 2987 4603 ascendebat
3006 4547 3067 4602 et
3087 4542 3543 4616 descendebat,

231 4616 409 4681 sic'et
443 4620 572 4690 hic,
604 4616 800 4697 veluti
833 4616 1221 4694 quibusdam
1251 4618 1581 4697 gradibus,
1612 4636 1783 4681 nunc
1811 4620 1891 4682 ad
1921 4620 2051 4681 alta
2080 4616 2335 4697 fastigia
2363 4620 2766 4692 sublevatur,
2793 4639 2968 4682 nunc
2997 4621 3149 4683 item
3180 4622 3547 4686 declinatur

232 4699 305 4761 ad
334 4697 585 4782 intima.
610 4696 733 4757 Per
774 4714 970 4776 quem,
995 4697 1230 4774 inquit,
1256 4696 1311 4756 et
1338 4698 1569 4782 sectile
1602 4698 1769 4777 fecit.
1802 4698 2070 4782 attende
2102 4696 2273 4782 quod
2304 4698 2501 4759 etiam
2541 4700 2643 4782 hic
2671 4699 2833 4763 duas
2863 4702 3005 4782 vias
3037 4701 3399 4782 ingreditur
3432 4725 3446 4763 :
3484 4712 3545 4767 et

233 4795 358 4841 una
390 4776 654 4854 quidem
683 4775 995 4859 revocans
1018 4792 1145 4859 _no_s
1178 4792 1217 4838 a
1248 4775 1523 4859 nefando
1551 4775 1774 4839 errore
1808 4778 2066 4859 Sabellii
2095 4775 2269 4849 {alia
2298 4795 2453 4859 vero
2502 4780 2586 4840 ab
2639 4782 2882 4842 arianze
2918 4775 3264 4859 impietatis
3294 4800 3541 4858 errore,

236 4876 309 4918 ne
332 4860 600 4930 putetur
618 4856 719 4917 vel
740 4854 994 4915 initium
1018 4855 1281 4925 habere,
1306 4857 1407 4918 vel
1432 4860 1782 4918 extraneus
1810 4873 1846 4919 a
1878 4858 2010 4918 Deo
2042 4859 2226 4918 Patre
2258 4858 2637 4919 subsistere.
2668 4860 2728 4919 Si
2761 4862 2933 4919 enim
2965 4854 3158 4923 etiam
3192 4870 3335 4931 post
3359 4854 3539 4925 tanta

239 4944 532 5014 tempora
563 4940 870 5018 tantaque
900 4935 1226 5018 magnalia
1252 4978 1268 5006 ,
1310 4941 1460 4995 sunt
1493 4936 1756 5018 quidam
1786 4936 1901 5015 qui
1933 4954 2083 4999 eum
2114 4942 2503 5018 extraneum
2533 4956 2676 5000 esse
2719 4938 3019 5011 delirant,
3052 4949 3115 5007 et
3143 4946 3420 5011 alterum
3454 4954 3547 5018 illi

240 5022 488 5105 patrem
536 5015 926 5105 subpingere
970 5014 1353 5105 moliuntur,
1396 5020 1698 5105 castellum
1739 5014 1892 5105 huic
1930 5034 2078 5105 eum
2125 5016 2875 5105 rebellarecontendlint
2908 5042 2923 5080 :
2960 5022 3011 5105 si
3037 5043 3214 5105 ergo
3244 5028 3381 5092 haec
3414 5014 3546 5097 non

238 5096 510 5187 μίςει-ρι,
548 5099 791 5187 (manu!
821 5093 1099 5171 amplius
1132 5093 1487 5187 insanirent
1508 5096 1536 5152 ?
1560 5094 1832 5187 Quando
1860 5112 2014 5187 ergo
2041 5094 2169 5156 duo
2198 5097 2403 5187 pergit
2426 5097 2659 5187 itinera
2681 5100 2709 5158 ?
2739 5101 2921 5187 Tunc
2951 5093 3246 5187 videlicet
3282 5093 3548 5187 quando

239 5174 489 5266 talibus.
518 5173 899 5268 vulneribus
939 5172 1521 5268 remediacogitur
1560 5174 1890 5268 adhibere.
1926 5172 2107 5268 Tunc
2136 5172 2751 5268 enim'compellitur
2778 5182 2970 5268 etiam
3000 5184 3276 5268 humilia
3302 5172 3547 5268 'prredi;

239 5192 476 5235 tannus
518 5192 893 5234 vulneribus
939 5192 1222 5233 remedia
1267 5192 1342 5233 co
1391 5192 1521 5264 itur
1560 5192 1890 5237 aumuere.
1927 5192 1958 5234 '1
1982 5194 2107 5235 unc
2136 5194 2309 5236 enim
2342 5192 2751 5255 compellitur
2778 5192 2970 5242 etiam
3004 5192 3276 5250 humilia
3309 5193 3545 5268 prtedi-

239 5251 899 5348 eare,_sicutes‘t\il.lud
932 5252 1304 5348 quodndicit.
1334 5192 1455 5348 89:
1488 5255 1821 5348 constituit
1847 5273 1996 5316 eum
2030 5255 2841 5348 heredem‘universqy-um,
2868 5266 2952 5335 et,
2985 5263 3299 5348 φιλίη-ρει.
3330 5271 3545 5348 ipsum

240 5336 472 5428 sarcula
499 5332 663 5394 iecit.
688 5331 927 5428 Deinde
951 5350 1031 5394 ne
1048 5332 1157 5428 allii
1189 5337 1415 5428 noceat
1443 5334 1631 5428 parti,
1658 5335 2059 5425 summamei
2084 5331 2834 5428 auctoritatis-attribuit,
2859 5347 2920 5428 et
2939 5331 3229 5407 ostendit
3252 5331 3541 5428 eju'sdeni

242 5412 503 5505 honoris
535 5430 679 5507 cum
713 5413 897 5507 Patre
942 5416 1264 5507 constare.
1287 5423 1359 5507 let
1390 5414 1454 5472 in
1486 5418 1748 5507 tantum.
1767 5432 1926 5507 eum_
1947 5414 2246 5507 ejusdem
2281 5416 2549 5478 honoris
2581 5436 2737 5507 esse
2779 5420 3066 5507 dec_larat
3094 5472 3111 5496 ,
3155 5435 3227 5487 ut
3274 5412 3541 5507 plurimi

240 5495 651 5575 suspicentur
679 5485 971 5575 eumdem
1010 5509 1152 5553 esse
1195 5493 1467 5553 Patrem.
1499 5494 1577 5575 Et
1606 5485 2047 5575 contemplare
2077 5496 2423 5574 plurimam
2455 5499 2839 5573 sapientiam
2875 5503 3076 5563 Pauli.
3100 5485 3332 5567 'Primro

242 5572 389 5633 illud
425 5572 605 5667 ponit
632 5577 744 5667 ,“et
774 5572 1033 5667 integra.
1053 5577 1419 5667 commonet
1449 5574 1721 5635 ratione.
1755 5574 1935 5667 Quod
1970 5572 2113 5636 cum
2148 5581 2321 5667 certo
2350 5572 2751 5667 constiterit,
2801 5582 2957 5657 quia
2997 5585 3109 5645 Dei
3157 5587 3357 5651 Filius
3404 5572 3538 5667 est,

241 5670 349 5744 nec
378 5655 574 5744 abeo
606 5651 771 5744 alius
804 5651 1077 5741 existat,
1110 5651 1436 5744 μεμε-μευ
1482 5670 1751 5744 securus
1781 5661 1991 5744 atque
2022 5656 2310 5744 munitus
2342 5658 2601 5719 excelsa
2653 5651 2857 5744 libere
2902 5680 3332 5744 quietumque
3369 5651 3538 5734 velet

240 5731 859 5816 eloquitur,_quibus
892 5731 1031 5807 cjus
1064 5730 1333 5816 altitudo
1363 5732 1747 5793 declaratur.
1781 5732 1858 5792 Et
1888 5736 2199 5816 quoniam
2232 5753 2464 5816 magna
2494 5782 2509 5806 ,
2544 5756 2689 5814 quae
2720 5740 2795 5798 de
2824 5760 2900 5801 eo
2924 5730 3305 5816 '(lixerat,'in
3342 5730 3537 5813 aliain

242 5809 721 5894 intelligentiam
759 5810 1102 5894 pleresque
1132 5810 1531 5894 deduxerant
1554 5858 1567 5881 ,
1604 5809 1942 5890 propterea
1985 5814 2261 5891 primum
2307 5809 2872 5894 ponens-humilia
2909 5840 3053 5883 cum
3085 5809 3336 5889 summa
3370 5809 3538 5893 cita:

242 5893 379 5964 tela,
437 5901 590 5954 tunc
620 5890 701 5953 ad
736 5890 1039 5951 sublimia
1068 5896 1383 5966 quantum
1418 5893 1587 5953 volet
1617 5893 1923 5955 ascendit.
1967 5890 2514 5973 Postquanieuim
2547 5898 2708 5959 dixit
2734 5947 2747 5967 ,
2787 5900 2975 5977 Quem
3003 5908 3219 5985 posuit
3264 5890 3539 5974 Item/cm
