4094 6430
603 375 709 434 269
1319 378 1377 433 S.
1415 379 1468 434 J.
1506 377 1986 436 CHRYSOSTOMI
2027 377 2334 434 llOMlLIA-Z
2381 379 2446 434 IN
2481 378 2701 435 EPIST.
2743 379 2834 433 AD
2875 377 3080 435 l‘lEBR.
3706 374 3818 432 270

597 489 782 534 vocas
804 475 874 552 et
903 471 1288 552 psallentes?
1317 489 1532 533 nonne
1551 476 1623 532 ut
1641 470 2147 552 consolationem
2165 470 2479 552 recipias?
2501 488 2714 552 nonne
2736 476 2811 552 ut
2835 472 3114 535 honores
3135 471 3555 536 discedentem
3572 475 3602 534 τ
3624 474 3840 549 Quare

593 538 1002 630 igitur-'illum
1034 551 1300 631 injurias
1323 553 1353 610 Ἰ
1379 566 1584 629 quare
1610 568 1757 612 eum
1784 549 2112 631 exemplas
2131 551 2161 610 ‘l
2184 538 2387 627 quare
2415 550 2581 611 ludis
2609 551 2774 631 sicut
2799 550 2862 610 in
2905 554 3147 614 scena?
3175 554 3300 614 Nos
3335 554 3502 614 enim
3545 538 3842 616 venimus

591 628 668 692 de
693 628 1735 716 resurrectionephilOSOphantes,
1763 628 1977 716 omnia
2003 629 2324 716 docentes,
2353 634 2558 716 eteos
2584 629 3003 716 qui_necdt_im
3034 632 3332 716 percussi
3366 637 3539 707 sunt,
3570 651 3692 716 per
3716 634 3846 716 ho—

592 727 814 772 norem
842 711 952 788 qui
983 711 1074 770 illi
1107 708 1452 781 tribuitur,
1478 709 1528 771 si
1569 709 1826 788 quando
1856 708 2096 786 aliquid
2137 709 2263 770 tale
2291 709 2664 788 contigerit,
2700 708 2866 771 ferre
2902 708 3148 772 fortiter
3175 732 3191 770 :
3221 717 3286 773 tu
3319 719 3534 774 autem
3575 708 3844 775 adducis

590 807 726 879 eos,
753 791 1113 879 qui_nost_ra
1133 789 1609 879 condemnant,
1639 794 1968 879 quantum.
1987 789 2244 879 interim
2270 788 2352 879 ad
2373 790 2546 866 ipsos
2575 789 2899 879 pertinet?

670 867 833 946 Quid
873 869 995 930 hac
1036 869 1335 932 irrisione
1363 874 1428 930 et
1454 868 1821 930 inductione
1870 868 2098 946 pejus?
2125 867 2287 945 'quid
2337 868 2458 929 hac
2498 868 2866 945 aequalitate
2917 869 3227 947 gravius?
3263 868 3737 932 Confundimini
3780 876 3846 931 et

591 945 946 1009 erubescite
974 968 988 1007 :
1023 948 1075 1009 si
1109 953 1324 1011 autem
1345 965 1472 1008 non
1503 947 1719 1018 vultis,
1749 945 2031 1009 nos’non
2059 947 2340 1026 patimur
2367 948 2642 1026 amplius
2671 947 2822 1026 talia
2850 945 3178 1010 mertifera
3207 949 3271 1010 in
3290 950 3631 1012 Ecclesiam
3657 949 3847 1010 indu-

592 1027 646 1086 ci
681 1045 696 1083 :
728 1026 1080 1096 Peccantes,
1115 1027 1358 1106 inquit,
1389 1029 1457 1089 in
1483 1036 1812 1106 conspectu
1841 1021 2113 1106 omnium
2139 1043 2351 1106 argue.
2385 1021 2865 1106 Et'mulieribus
2899 1026 3025 1088 illis
3061 1027 3310 1090 miseris
3340 1047 3456 1106 per
3482 1047 3590 1090 vos
3623 1029 3848 1106 prohi-

598 1105 896 1168 bitionem
933 1107 1098 1168 hanc
1126 1100 1299 1179 dico,
1341 1111 1425 1180 ut,
1449 1100 1802 1184 numquam
1830 1106 1900 1167 in
1930 1100 2239 1167 inertibus
2271 1105 2589 1186 fidelium,
2619 1110 2733 1166 aut
2766 1100 3843 1186 exportationibusingrediantur,

593 1203 670 1246 ne
716 1203 947 1248 revera
990 1187 1250 1264 prepria
1285 1187 1455 1248 mala
1485 1203 1594 1247 eas
1623 1202 1927 1264 cogamus
1961 1186 2217 1264 lugere,
2255 1190 2318 1246 et
2354 1184 2696 1246 doceamus
2737 1189 2811 1264 ut
2858 1184 2988 1245 non
3037 1186 3360 1249 in-alienis
3391 1184 3524 1250 hinc
3563 1187 3843 1262 faciant,

591 1264 696 1324 sed
719 1233 1028 1404 prorria;
1049 1233 1250 1344 magis
1278 1233 1671 1327 calamitates
1703 1233 2433 1326 famentenfurul’itenim
2463 1274 2646 1338 pater
2670 1253 3057 1338 misericors,
3087 1233 3360 1344 quando“
3373 1233 3828 1328 filiii’rnmint‘irdi-1

593 1351 807 1404 natum
863 1347 1061 1404 labet.
1095 1362 1220 1404 non
1261 1344 1438 1404 illum
1468 1344 1675 1404 solum
1701 1349 1952 1404 monet.
1993 1348 2062 1404 ut
2103 1362 2230 1404 non
2261 1343 2695 1404 cuniunaatur
2719 1343 3043 1404 malinnis.
3081 1345 3189 1404 sed
3223 1347 3413 1404 etiam
3449 1346 3594 1404 illos
3621 1353 3828 1404 terret.

593 1351 807 1404 natum
841 1343 1061 1412 habet,
1095 1343 1220 1404 non
1261 1344 1438 1404 illum
1468 1344 1675 1405 solum
1701 1349 1952 1414 monet,
1993 1348 2062 1404 ut
2103 1362 2230 1405 non
2261 1343 2695 1420 coniungatur
2719 1343 3043 1420 malignis,
3081 1343 3189 1406 sed
3223 1347 3413 1406 etiam
3449 1346 3594 1405 illos
3621 1353 3840 1409 terret.

579 1433 738 1496 Ecce
765 1434 960 1514 igitur
984 1439 1048 1514 et
1069 1433 1247 1514 vobis
1279 1437 1342 1494 et
1361 1432 1493 1514 illis
1518 1432 1896 1514 mulieribus
1913 1447 2043 1514 per
2063 1447 2176 1514 vos
2200 1429 2553 1514 admonens
2574 1429 2836 1514 dico_,_ut
2865 1443 3075 1505 neque
3108 1442 3218 1514 vos
3245 1427 3614 1514 convocatis
3652 1430 3845 1502 tales,

581 1505 939 1590 neque'illm
964 1513 1328 1576 adveniant.
1360 1511 1439 1572 Et
1463 1512 1787 1590 contingat
1817 1505 2073 1589 quidem
2113 1509 2236 1571 hoc
2263 1511 2528 1590 verbum
2562 1506 3125 1590 amplius_opcrari
3149 1548 3166 1579 ,
3198 1505 3407 1590 ct_h_as
3437 1507 3653 1590 minas
3680 1527 3849 1587 prte-

579 1584 786 1654 valere
821 1612 836 1651 :
873 1593 925 1654 si
960 1610 1134 1660 vero,
1165 1591 1338 1670 quod
1367 1591 1574 1664 absit,
1615 1584 2133 1665 conteninamur,
2182 1584 2813 1670 compellimurijam
2845 1587 3167 1670 in__actum
3216 1584 3534 1670 adducere
3573 1584 3784 1650 minas
3821 1610 3838 1649 :

574 1689 685 1732 vos
715 1671 970 1750 quidem
1002 1665 1248 1750 legibus
1283 1670 1726 1733 ecclesiasticis
1756 1676 2146 1750 coercentes,
2185 1665 2346 1750 illas-—
2361 1675 2576 1730 autem
2604 1669 2770 1750 sicut
2797 1666 3047 1750 legibus
3079 1665 3499 1750 competitaSi
3529 1684 3685 1728 vero
3711 1670 3846 1731 ali-

573 1751 717 1828 quis
735 1745 1374 1830 'pervicax'inventus
1398 1749 2038 1830 contemnat,audiat
2060 1749 2385 1830 Christum
2419 1764 2594 1808 nunc
2622 1747 3155 1830 etiamdicentem
3180 1766 3194 1804 :
3220 1745 3292 1807 Si
3314 1746 3453 1826 quis
3477 1751 3842 1826 peccaverit

571 1824 639 1891 in
669 1824 960 1910 tefvade,
993 1848 1184 1910 argue
1215 1829 1393 1910 illum
1419 1831 1583 1910 inter
1610 1838 1759 1910 teget
1788 1828 2218 1910 ipsumgsalum
2249 1848 2270 1887 :
2296 1827 2351 1889 si
2368 1835 2582 1910 autem
2605 1824 3089 1910 nongbuudiat,
3125 1824 3362 1886 assume
3392 1824 3590 1910 tecum
3615 1845 3834 1910 unum,

568 1918 677 1970 aut
721 1909 877 1972 duos
915 1931 936 1970 :
975 1910 1032 1971 si
1070 1905 1257 1971 Etiam
1293 1909 1383 1970 sic
1417 1908 1752 1976 restiterit,
1798 1905 1901 1970 dic
1941 1908 2239 1969 Ecclesia:
2265 1933 2285 1967 :
2320 1909 2377 1970 si
2406 1915 2606 1968 autem
2634 1915 2692 1966 et
2736 1905 3087 1968 Ecclesium
3112 1906 3577 1986 contempserit,
3603 1908 3686 1968 sit
3718 1909 3843 1972 tibi

565 1991 730 2050 sicut
758 1989 1036 2050 ethnicus
1073 1997 1124 2049 et
1147 1987 1543 2067 publicanus.
1582 1988 1644 2048 Si
1690 2005 1844 2068 ergo
1875 2006 2023 2049 eum
2068 1988 2178 2065 qui
2219 1989 2283 2047 in
2329 2005 2430 2049 me
2460 1987 2862 2068 peccaverit,
2910 2003 3056 2068 cum
3109 2002 3241 2068 non
3290 1985 3685 2068 obaudierit,
3739 1992 3839 2052 sic

566 2069 850 2130 aversari
876 2069 1101 2148 jubet:
1131 2064 1241 2146 qui
1273 2069 1339 2128 in
1370 2068 1654 2146 seipsum
1681 2064 2038 2148 peccaverit
2067 2064 2217 2128 etin
2245 2064 2478 2148 Deum,
2499 2065 2822 2148 quomodo
2849 2066 3088 2148 habere
3114 2065 3340 2148 debeo,
3372 2082 3486 2126 vos
3504 2064 3788 2148 judicate
3815 2090 3831 2129 :

567 2165 676 2208 vos
706 2145 893 2209 enim'
919 2164 1033 2208 nos
1066 2149 1340 2227 culpatis
1383 2145 1485 2209 sic,
1507 2163 1636 2207 non
1673 2145 1950 2208 molliter
1978 2154 2240 2227 agentes
2274 2146 2625 2227 vobiscum.
2661 2145 2721 2206 Si
2754 2149 2967 2227 autem
3000 2145 3237 2227 aliquis
3267 2146 3618 2227 contemnit
3654 2147 3838 2227 liga-

564 2228 768 2290 tiones
796 2245 938 2307 quae
962 2243 1002 2288 a
1033 2223 1214 2307 nobis
1247 2226 1440 2300 ﬁunt,
1475 2227 1707 2307 iterum
1745 2232 1807 2289 et
1836 2223 2050 2305 ipsum
2082 2226 2373 2288 Christus
2410 2226 2692 2296 docebit,
2735 2225 2952 2286 dicens
2983 2243 2998 2282 :
3035 2223 3446 2307 Quaecumque
3479 2223 3835 2307 ligaver'itis

563 2309 632 2367 in
657 2303 845 2375 terra,
869 2314 1050 2367 erunt
1076 2306 1275 2384 ligula
1296 2315 1350 2367 et
1373 2308 1441 2367 in
1468 2306 1612 2366 etelo
1645 2326 1663 2364 :
1694 2315 1749 2365 et
1787 2303 2176 2386 quiscumque
2196 2307 2424 2386 salvari
2431 2307 2515 2386 tis
2531 2322 2716 2386 super
2745 2313 2995 2386 terram,
3023 2311 3206 2386 erunt
3235 2303 3444 2365 soluta
3470 2303 3624 2386 etin
3653 2307 3830 2369 caelo.

563 2387 693 2448 litsi
716 2387 908 2450 etiam
938 2403 1055 2447 nos
1085 2388 1300 2446 miseri
1338 2390 1400 2447 et
1440 2385 1596 2446 nulli
1642 2384 1864 2448 sumus
1911 2384 2322 2449 eteo—ntemni
2349 2385 2564 2465 digni,
2595 2385 2761 2446 sicut
2791 2389 2853 2444 et
2885 2384 3059 2463 digni
3107 2401 3369 2465 sumus,
3400 2384 3508 2445 sed
3541 2402 3670 2446 non
3707 2405 3831 2450 nos

556 2469 734 2544 ipsos
780 2466 1214 2538 vindicamus,
1255 2481 1465 2545 neque
1495 2465 1655 2526 iram
1687 2465 2038 2537 reddimus,
2072 2467 2182 2528 sed
2210 2467 2288 2528 de
2317 2463 2531 2527 vestra
2562 2465 2768 2525 salute
2798 2465 3171 2543 cogitamus.
3211 2463 3451 2524 Pudeat
3483 2480 3591 2526 vos
3622 2483 3786 2545 rogo
3810 2512 3828 2541 ,

560 2545 1213 2624 ctverecundamini,
1233 2545 1293 2605 Si
1325 2544 1496 2606 enim
1518 2545 1794 2606 amicum
1827 2545 1972 2624 quis
2006 2550 2249 2623 portat,
2277 2545 2716 2624 vehementius
2751 2559 2948 2624 quam
2973 2548 3225 2624 oportet
3246 2560 3462 2624 secum
3500 2544 3827 2624 agentem,

560 2623 1152 2716 intentionemejus
1183 2623 1565 2698 discutiens,
1599 2629 1661 2684 et
1687 2622 2188 2716 quia'benigne,
2237 2635 2366 2716 non
2421 2642 2503 2685 ex
2549 2623 2860 2716 jactantia
2884 2622 3030 2716 _hoc
3073 2622 3221 2716 facit
3249 2643 3274 2714 ,ε
3311 2622 3830 2716 multoamplius

558 2705 913 2775 doctorem,
947 2708 1009 2764 et
1039 2700 1250 2782 ipsum
1281 2721 1410 2763 non
1442 2721 1524 2763 ex
1553 2719 1672 2766 sua
1696 2700 2075 2765 auctoritate
2097 2704 2436 2772 dicentem,
2465 2700 2598 2763 non
2629 2703 2766 2764 vice
2790 2700 3181 2783 judic_is,se.d
3207 2702 3341 2764 vice
3364 2704 3563 2780 patris
3597 2700 3828 2767 curam

557 2783 858 2862 gerentis.
890 2784 1030 2844 Non
1062 2781 1233 2862 enim
1259 2787 1635 2862 potestatem
1663 2788 1953 2844 nostram
1974 2784 2416 2845 demonstrare
2436 2783 2750 2854 volentes,
2785 2781 2916 2843 haec
2943 2781 3212 2862 dicimus
3243 2783 3612 2862 {quomodo
3642 2800 3832 2846 nam-

556 2861 684 2940 que
713 2863 825 2942 qui
856 2880 1067 2942 neque
1102 2861 1180 2927 ad
1211 2861 1723 2942 eiperimentum
1747 2880 2004 2933 eorum,
2039 2880 2184 2941 quas
2207 2863 2498 2935 dicimus,
2532 2871 2830 2940 Optamus
2867 2861 3089 2942 venire
3110 2863 3138 2921 τ
3179 2861 3292 2942 sed
3324 2879 3442 2940 pro
3479 2863 3659 2924 vobis
3690 2865 3827 2924 do—

555 2941 758 3033 lentes
800 2946 870 3033 et
912 2941 1228 3033 lugentes.
1278 2941 1594 3033 Igngscite
1637 2946 1853 3033 autem
1879 2987 1893 3015 ,
1945 2948 2234 3033 et.n_emo
2277 2946 2644 3033 contemnat
2680 2941 2935 3033 vincula
2955 2941 3400 3033 ecclesiastica
3435 2960 3617 3033 {non
3645 2943 3828 3033 enim

553 3022 749 3081 homo
777 3026 873 3083 est
900 3019 1010 3098 qui
1037 3021 1223 3100 ligat,
1248 3019 1354 3082 sed
1381 3021 1672 3083 Christus
1693 3064 1708 3093 ,
1737 3022 1847 3100 qui
1876 3022 2060 3083 nobis
2084 3022 2249 3084 hanc
2270 3026 2651 3099 potestatem
2677 3019 2877 3092 dedit,
2912 3025 2974 3081 et
3003 3019 3313 3082 Dominus
3346 3020 3492 3083 fecit
3525 3023 3826 3086 homines

557 3101 717 3165 tanti
750 3101 1035 3161 honoris.
1068 3102 1146 3160 Et
1179 3118 1294 3162 nos
1322 3100 1579 3179 quidem
1609 3101 1686 3162 ad
1717 3101 2091 3163 solvendum
2119 3101 2419 3161 volumus
2450 3102 2540 3161 uti
2571 3101 2693 3162 hac
2732 3103 3084 3180 potestate;
3121 3101 3327 3180 magis
3356 3107 3573 3164 autem
3605 3120 3826 3180 neque

555 3180 749 3259 hujus
775 3180 866 3242 rei
899 3180 1342 3242 necessitatem
1385 3180 1625 3242 habere
1665 3181 1963 3241 volumus
2007 3181 2388 3260 :neminem
2429 3180 2668 3259 quippe
2697 3179 3134 3260 desideramus
3170 3179 3436 3260 ligatum
3475 3199 3617 3243 esse
3645 3179 3826 3260 apud

557 3258 671 3321 nos
706 3280 721 3319 :
753 3276 882 3320 non
906 3260 1077 3321 enim
1103 3265 1351 3321 tantum
1380 3277 1602 3325 sumus
1632 3260 1848 3321 miseri
1877 3266 1940 3321 et
1961 3259 2265 3330 infelices,
2298 3276 2375 3321 ac
2405 3258 2466 3320 si
2490 3261 2671 3321 valde
2699 3259 2858 3320 nulli
2884 3276 3130 3320 sumus.
3160 3258 3238 3319 Si"
3260 3276 3413 3321 vero
3445 3261 3646 3323 coacti
3679 3258 3827 3324 fue—

557 3341 756 3419 rimus
779 3383 796 3413 ,
826 3339 1138 3419 ignoscite
1174 3359 1188 3398 :
1223 3357 1352 3419 non
1388 3339 1558 3400 enim
1585 3339 1790 3411 ultro,
1824 3357 2036 3417 neque
2072 3339 2386 3411 volentes,
2430 3339 2535 3401 sed
2569 3340 2726 3419 plus
2757 3339 2934 3399 vobis
2981 3340 3094 3417 qui
3142 3338 3434 3418 ligamini
3482 3340 3770 3403 dolentes
3801 3385 3821 3413 ,

557 3416 890 3498 ligationes
923 3416 1276 3498 inferimus.
1309 3417 1375 3498 Si
1403 3423 1618 3480 autem
1646 3419 1880 3496 aliquis
1911 3416 2258 3482 contemnit
2286 3419 2466 3492 istas,
2500 3416 2764 3480 instabit
2805 3416 3056 3496 tempUs
3095 3416 3349 3497 jud'icii,
3384 3421 3494 3480 ubi
3525 3419 3819 3484 docetur.

552 3496 792 3560 Caetera
835 3501 1050 3563 autem
1087 3497 1281 3577 modo
1320 3496 1530 3559 dicere
1577 3499 1756 3569 nolo,
1803 3517 1881 3560 ne
1926 3499 2278 3577 percutiam
2313 3505 2555 3560 mentes
2589 3504 2858 3560 vestras.
2892 3498 3017 3559 Nos
3049 3496 3223 3559 enim
3251 3499 3528 3577 primum
3554 3500 3825 3576 quidem

552 3590 835 3646 oramus,
866 3594 994 3638 non
1022 3576 1100 3638 ad
1125 3577 1294 3657 hanc
1320 3577 1760 3657 necessitatem
1784 3576 1999 3641 venire
2030 3598 2044 3637 :
2076 3579 2127 3639 si
2159 3584 2373 3640 autem
2399 3580 2783 3650 venerimus,
2812 3578 2981 3657 quod
3007 3576 3300 3639 nostrum
3324 3586 3421 3638 est
3448 3579 3821 3657 implemus,

553 3657 1056 3737 cireumferimus
1093 3656 1367 3737 vincula.
1405 3656 1468 3716 Si
1500 3662 1713 3737 autem
1745 3658 2063 3735 quispiam
2089 3659 2219 3719 hinc
2250 3659 2517 3735 ruperit,
2543 3676 2662 3737 ego
2685 3656 2855 3736 quod
2878 3676 3089 3719 meum
3114 3663 3210 3718 est
3242 3658 3395 3728 feci,
3421 3665 3484 3718 et
3505 3656 3822 3723 innoxius

553 3755 695 3798 sum
723 3756 737 3795 :
771 3735 848 3795 de
879 3741 1109 3816 caetero
1135 3736 1257 3797 erit
1283 3739 1499 3816 autem
1531 3735 1640 3796 tibi
1665 3739 1828 3797 ratio
1857 3738 2023 3815 apud
2054 3739 2291 3810 Deum,
2325 3739 2435 3815 qui
2469 3735 2621 3797 milii
2649 3735 2843 3816 jussit
2870 3737 3094 3816 ligare.
3130 3738 3350 3816 Neque
3387 3738 3556 3799 enim
3589 3739 3639 3800 si
3687 3740 3827 3798 im-

550 3819 847 3953 peratore
886 3815 1264 3892 praesidente
1311 3815 1777 3893 armigerorum
1821 3818 2141 3895 quispiam
2171 3817 2559 3878 adstantium
2591 3815 2896 3894 jubeatur
2923 3815 3207 3894 aliquem
3235 3815 3318 3878 ex
3359 3818 3582 3878 ordine
3619 3817 3821 3880 officii

578 3895 774 3953 iaare.
807 3899 869 3953 et
893 3894 1148 3953 vincula
1180 3892 1609 3953 circumferre.
1645 3895 1750 3953 ille
1781 3903 1992 3953 autem
2024 3913 2150 3953 non
2183 3897 2390 3953 solum
2421 3899 2689 3953 renellat
2720 3897 2828 3953 illa
2848 3897 3133 3953 vincula.
3162 3897 3269 3953 sed
3302 3897 3493 3953 etiam
3525 3897 3821 3953 confrin~

578 3895 774 3973 igare,
807 3899 869 3955 et
893 3894 1148 3975 vincula
1180 3892 1609 3975 circumferre,
1645 3895 1750 3955 ille
1781 3892 1992 3956 autem
2024 3913 2150 3956 non
2183 3897 2390 3957 solum
2421 3892 2689 3975 repellat
2720 3897 2830 3958 illa
2848 3892 3133 3968 vincula,
3162 3897 3269 3957 sed
3302 3897 3493 3958 etiam
3525 3897 3824 3958 confrin~

549 3972 656 4053 gat
687 3994 700 4032 :
738 3972 1047 4054 numquid
1095 3974 1371 4054 armiger
1402 3973 1507 4054 ille
1538 3978 1634 4033 est
1661 4018 1675 4041 ,
1709 3975 1818 4050 qui
1850 3975 2152 4052 injuriam
2183 3993 2412 4054 passus
2445 3972 2570 4049 eet,
2619 3994 2748 4037 non
2781 3981 2996 4037 autem
3029 3976 3382 4054 imperator
3429 3978 3628 4038 multo
3660 3994 3826 4038 am-

549 4051 716 4135 plius
747 4051 1121 4133 quijussit?
1155 4052 1214 4112 Si
1249 4054 1344 4124 ei,
1374 4052 1483 4129 qui
1515 4055 1780 4135 quierit.
1808 4054 1866 4113 Si
1912 4051 2082 4115 enim
2113 4051 2292 4132 quin]
2339 4056 2508 4117 circa
2562 4057 2891 4117 credentes
2943 4051 3139 4125 fiunt,
3188 4056 3327 4134 ipse
3381 4074 3498 4117 sua
3551 4057 3819 4135 propria

547 4133 758 4214 ducit:
790 4137 1041 4214 quanto
1065 4135 1304 4214 magis,
1338 4133 1595 4208 quando
1635 4134 1771 4214 ille,
1807 4135 1916 4210 qui
1947 4136 2175 4197 docere
2205 4136 2587 4197 constitutus
2625 4142 2743 4206 est,
2774 4135 3146 4214 injuriatur,
3179 4136 3375 4196 veluti
3409 4138 3460 4198 si
3493 4133 3568 4196 ini
3595 4133 3825 4198 sein-

542 4213 822 4293 jurietur
845 4212 1163 4293 accipiat?
1192 4211 1307 4293 Sed
1342 4229 1468 4270 non
1498 4213 1826 4293 contingat
1851 4232 2240 4291 quemquam
2274 4232 2497 4275 eorum
2524 4259 2538 4285 ,
2571 4216 2680 4293 qui
2717 4217 2781 4275 in
2813 4211 2935 4276 hac
2965 4216 3236 4276 ecclesia
3267 4221 3452 4286 sunt,
3486 4215 3564 4276 ad
3590 4234 3826 4278 neces-

547 4290 797 4355 Sitatem
827 4293 1056 4352 horum
1086 4290 1488 4350 vinculorum
1518 4292 1775 4351 venire:
1809 4293 1971 4353 sicut
2000 4290 2168 4353 enim
2211 4312 2338 4355 non
2388 4290 2651 4370 peccare
2698 4297 2939 4355 bonum
2973 4300 3101 4364 est,
3136 4296 3228 4356 sic
3272 4297 3552 4356 tolerare
3591 4313 3828 4358 corre-

544 4373 830 4450 ptionem
860 4372 1038 4454 utile.
1071 4370 1444 4454 '_I’oleremus
1472 4370 1691 4454 itaque
1715 4372 2242 4454 increpationem,
2267 4390 2328 4433 et
2355 4374 2723 4434 festinemus
2749 4375 3006 4452 quidem
3030 4392 3158 4435 non
3185 4393 3450 4454 peccare
3478 4396 3493 4434 :
3519 4376 3570 4436 si
3595 4380 3824 4437 autem

544 4449 1053 4533 peccaverimus,
1068 4449 1345 4533 feramus
1363 4451 1854 4533 correptionem.
1875 4452 2231 4533 Sicutenim
2254 4455 2490 4513 bonum
2513 4459 2608 4514 est
2627 4471 2752 4512 non
2772 4449 3126 4524 vulnerari,
3149 4449 3202 4515 si
3223 4462 3439 4517 autem
3457 4457 3820 4533 contingat,

547 4530 1074 4615 medicamentum
1104 4530 1715 4615 imponerevulneri
1745 4532 2182 4615 necessarium
2222 4539 2316 4615 est
2349 4554 2362 4591 :
2394 4535 2484 4615 sic
2514 4541 2574 4594 et
2604 4533 2726 4615 hic.
2755 4533 2872 4594 Sed
2897 4536 3391 4615 non_contingat
3417 4530 3822 4613 quemquam

545 4610 784 4693 talibus
823 4628 1011 4693 egere
1041 4609 1536 4693 medicamentis.
1581 4610 1966 4693 Conﬁdimus
2001 4612 2176 4693 enim,
2204 4612 2277 4671 tle
2325 4612 2498 4673 vobis
2531 4613 2816 4680 meliora,
2865 4622 2921 4672 et
2971 4613 3051 4672 ad
3088 4609 3348 4674 salu-tein
3382 4609 3822 4693 pertinentia.

546 4690 785 4750 tametsi
831 4686 921 4749 sic
967 4689 1291 4767 loquimur.
1365 4686 1801 4748 Vehementius
1850 4691 2116 4750 fortasse
2165 4692 2412 4766 loquuti
2461 4710 2684 4752 sumus
2733 4709 2851 4767 pro
2895 4693 3209 4768 ampliore
3259 4686 3532 4756 cautela.
3585 4693 3825 4757 Melius

541 4771 786 4858 quippe
809 4775 903 4829 est
932 4787 1230 4858 asperum
1265 4786 1654 4858 quemquam
1679 4776 1790 4858 ,_et
1829 4770 2062 4858 durum
2106 4775 2167 4830 et
2202 4771 2506 4858 audacem
2543 4775 2756 4858 putari
2793 4791 2838 4858 an
2862 4778 3077 4858 vobis,
3112 4797 3308 4856 quam
3355 4799 3467 4841 vos
3501 4799 3644 4858 qum
3673 4784 3818 4847 Deo

543 4847 794 4939 placent
825 4866 952 4939 non
988 4849 1225 4939 facere.
1260 4847 1586 4939 Credimus
1619 4855 1827 4939 autem
1860 4852 1992 4909 Deo
2015 4853 2372 4939 ,‘quoniam
2405 4847 2704 4939 non—erit
2738 4855 2919 4917 vobis
2954 4847 3198 4939 inutilis
3232 4860 3368 4922 haec
3409 4847 3767 4939 increpatio
3795 4911 3813 4933 ,

543 4929 649 4989 sed
682 4930 769 5014 sic
805 4928 1232 5014 mutabimini,
1267 4932 1338 4986 ut
1373 4946 1698 4988 sermones
1732 4931 2188 5014 ίξῐςιςληοεινρξΔ
2219 4930 2281 4988 in
2332 4931 2549 5014 laudes
2592 4940 2836 4994 vestras
2883 4938 3324 5014 expendamus
3360 4961 3373 4998 :
3411 4948 3477 4999 ut
3513 4928 3815 5006 oblinere

539 5009 748 5068 cuncti
781 5024 1142 5092 mereamur
1173 5007 1364 5074 bona,
1398 5025 1540 5082 qua:
1571 5009 1861 5092 promisit
1889 5010 2057 5092 Deus
2081 5008 2490 5092 diligentibus
2513 5029 2682 5092 eum,
2711 5017 2773 5072 in
2799 5007 3050 5077 Christo
3079 5019 3230 5078 Jesu
3255 5019 3528 5079 Domino
3553 5029 3810 5092 nostro,

543 5105 684 5223 cuin
718 5104 847 5163 quo
878 5085 1043 5224 ἴδινί
1075 5102 1203 5223 uuln
1240 5104 1383 5145 cum
1415 5095 1635 5146 saneto
1665 5087 1902 5164 Spiritu
1935 5087 2138 5166 gloria
2160 5133 2176 5163 ,
2212 5089 2575 5165 imperium,
2615 5091 2843 5157 honor.
2880 5114 3052 5157 nunc
3077 5102 3139 5157 et
3174 5116 3454 5176 semper,
3485 5106 3548 5160 et
3591 5099 3650 5159 in
3679 5085 3814 5161 sm;

543 5183 619 5224 eu
649 5183 684 5224 a
713 5183 876 5224 seecu
908 5183 1115 5224 orum.
1207 5181 1373 5223 men.

543 5189 570 5225 t3
583 5181 684 5226 ιιιᾶ
713 5181 1022 5226 δίθρωοιθιι
1034 5184 1090 5224 ιη
1104 5210 1115 5223 .
1152 5181 1194 5223 Λ
1207 5181 1347 5223 men
1362 5209 1373 5221 .

1347 5271 2355 5285 u-——-—-—.-._-.——W-—~
2373 5271 2422 5278 -—
2463 5272 2558 5280 _-..
2573 5271 2942 5280 --—.——-....———_~—.

1925 5372 2268 5432 HOMILlA
2317 5373 2390 5432 V.

614 5495 761 5558 Non
809 5491 972 5551 enim
1006 5508 1364 5571 quemquam
1402 5486 1770 5571 angelorum
1802 5485 2230 5571 apprehendit,
2271 5485 2371 5571 set!
2411 5501 2610 5571 semen
2650 5483 2962 5571 Abraham
2987 5482 3416 5571 apprehendit.
3476 5487 3650 5571 Unde
3693 5490 3816 5553 de.

540 5576 672 5640 buit
701 5563 1035 5633 secuvnauni
1077 5563 1279 5630 omnia
1309 5563 1615 5648 fratribus
1647 5566 2004 5648 ass-imitari,
2039 5573 2108 5648 ut
2145 5564 2500 5648 misericors
2547 5567 2716 5642 ﬁeret
2742 5609 2756 5629 ,
2792 5571 2845 5623 et
2877 5563 3076 5648 ﬁdelis
3116 5567 3409 5646 pontifex
3438 5569 3518 5628 ad
3572 5570 3771 5632 Deum
3795 5623 3811 5641 ,

542 5663 660 5719 etc.
692 5653 956 5714 Multam
984 5650 1096 5710 Dei
1135 5643 1645 5729 misericordiam
1685 5647 1905 5729 volens
1937 5647 2169 5729 Paulus
2198 5645 2667 5729 demonstrare,
2700 5650 2760 5703 et
2792 5643 3124 5729 caritatem
3164 5643 3364 5729 quain
3396 5648 3564 5710 circa
3597 5669 3812 5729 genus

541 5739 893 5804 humanum
920 5730 1144 5790 habuit
1177 5749 1191 5782 :
1219 5735 1560 5806 postquam
1590 5726 1780 5806 dixit,
1819 5725 2126 5798 Quo-niam
2158 5741 2298 5806 ergo
2331 5722 3166 5806 puericmunumicacerun‘t‘
3185 5726 3364 5784 carni
3396 5736 3446 5785 et
3478 5722 3814 5806 sanguini,

544 5802 599 5878 et
629 5816 756 5895 ipse
784 5811 1070 5895 similiter
1096 5802 1518 5887 participatus
1549 5815 1634 5865 est
1666 5805 2330 5895 c_isdcm._,.ex.seq_uitur
2356 5803 2633 5895 amplius
2663 5803 2834 5862 hunc
2856 5802 3091 5893 locum.
3119 5803 3254 5862 Non
3288 5802 3664 5895 simpliciter
3687 5828 3820 5872 au-

548 5885 677 5964 ,ηαξ
707 5891 876 5978 quod
905 5885 1143 5952 dictqu
1173 5895 1304 5964 est,
1335 5905 1542 5967 neque
1577 5885 1819 5947 nudum
1854 5885 2096 5963 aliquid
2144 5885 2261 5946 hoc
2292 5903 2431 5945 esse
2480 5889 2697 5963 putes,
2741 5885 3048 5962 quoniam
3086 5901 3346 5947 carnem
3379 5904 3452 5947 ev
3493 5887 3675 5950 nobis
3702 5908 3824 5954 as-

1902 5270 2278 5282 W

968 5274 1342 5294 ,κη-...-
