4094 6432
236 374 335 431 273
900 382 1214 442 ΜυΤΙΑΝΟ
1266 383 1513 443 SCHOL.
1572 383 1853 441 lNTlﬁlll’l

1895 384 2035 441 ETE.
2070 415 2140 425 —
2179 382 2331 440 CAP.
2379 382 2467 440 Ill.
2508 382 2747 438 llUMll..
2789 380 2855 437 Υ.
3404 379 3512 440 276

228 478 312 539 uti
339 482 575 562 gustus
604 479 873 562 quidam
894 480 1147 559 judicii,
1178 486 1252 544 ut
1277 483 1391 562 qui
1423 485 1881 547 resurrectioni
1917 502 2047 546 non
2079 485 2378 557 credunt,
2415 484 2652 546 talibus
2698 483 3076 544 doceantur.
3104 478 3378 562 Quando
3404 480 3517 562 ita-

227 574 345 637 que
386 559 693 644 videmus
737 558 1091 644 malignum
1130 558 1478 644 ditescere,
1513 581 1645 625 non
1678 565 2079 626 subruamur
2111 586 2126 625 :
2161 571 2224 626 et
2263 564 2527 644 quando
2558 562 2849 627 videmus
2881 562 3121 623 bonum
3160 558 3494 644 mala_pati
3518 603 3536 632 ,

226 636 345 699 nou
374 639 733 722 turbamur
765 662 781 700 ;
818 636 948 702 illic
976 659 1271 722 corona,
1315 636 1825 722 illicsupplicia.
1858 645 1971 705 Est
2015 652 2075 708 et
2106 645 2235 707 alia
2265 636 2433 706 ratio
2456 688 2472 716 ,
2505 644 2664 722 quia
2696 660 2827 703 non
2856 646 3067 720 potest
3097 638 3197 701 vel
3227 638 3440 698 malus
3475 636 3539 722 in

222 719 526 803 omnibus
576 720 795 782 malus
840 718 1018 794 esse,
1045 720 1173 803 sed
1206 722 1401 803 habet
1429 715 1653 802 aliqua
1694 725 1864 785 bona
1912 745 1928 784 :
1978 744 2191 803 neque
2228 715 2553 785 bonus’in
2603 715 2915 803 omnibus
2959 722 3171 803 bonus
3206 735 3396 803 esse,
3431 715 3541 777 sed

222 795 408 883 habet
438 799 686 883 aliqua
707 808 991 883 peccata.
1024 801 1298 883 Quando
1318 819 1475 883 ergo
1506 795 2001 883 p'rosperitatem
2023 795 2218 867 habet
2239 805 2449 865 malus
2472 848 2487 877 ,
2521 803 2694 883 malo
2725 801 2955 883 capitis
2986 796 3089 883 sui
3117 798 3315 859 habet
3345 816 3361 856 :
3394 813 3537 883 cum

219 878 383 938 enim
420 896 547 957 pro
590 879 723 941 illis
759 882 981 958 paucis
1028 881 1213 943 bonis
1245 878 1743 945 retribuiionem
1775 884 1879 945 hic
1923 884 2197 962 accipit,
2245 884 2379 945 illic
2402 882 2545 958 jam
2593 878 2851 958 plenius
2882 878 3191 958 punietur
3223 896 3240 935 :
3273 881 3544 953 propter

223 974 338 1039 hoc
362 980 591 1039 autem
626 975 731 1036 hic
768 972 1014 1052 recipit.
1048 973 1126 1032 Et
1154 973 1391 1032 iterum
1426 972 1656 1052 beatus
1686 973 1784 1031 est
1814 969 1921 1031 ille
1968 971 2287 1052 maxime,
2320 970 2435 1052 qui
2482 970 2590 1052 hic
2616 967 2925 1052 pun_itu_r,
2962 973 3035 1035 ut
3081 969 3308 1052 omnia
3332 988 3548 1049 expo-

225 1074 380 1119 nens
406 1054 656 1117 delicta
676 1099 692 1127 ,
728 1048 1037 1130 probatus
1064 1058 1127 1113 et
1153 1057 1467 1130 purgatus
1498 1050 1648 1130 hinc
1679 1055 1908 1130 exeat,
1931 1054 2005 1130 et
2034 1049 2100 1110 in
2134 1049 2319 1130 nullo
2347 1050 2702 1130 obnoxius.
2735 1048 2814 1108 Et
2847 1048 3118 1130 hocnos
3154 1049 3397 1111 Paulus
3420 1048 3545 1112 do-

223 1154 402 1205 cens,
441 1134 617 1194 dixit
652 1154 665 1193 :
704 1127 982 1210 Propter
1006 1132 1123 1193 hoc
1154 1127 1231 1193 in
1261 1127 1437 1191 nobis
1480 1129 1665 1210 multi
1679 1128 1939 1210 inﬁrmi
1979 1137 2035 1210 et
2061 1129 2318 1209 aegroti,
2357 1136 2416 1210 et
2441 1128 2766 1210 dormiunt
2809 1127 3086 1210 plurimi
3106 1149 3134 1210 ί
3170 1134 3497 1210 etiterum
3524 1176 3542 1203 ,

225 1214 492 1301 Tradidi
522 1207 892 1301 hujusmodi
916 1220 1189 1301 uitauit...
1217 1209 1641 1301 Iitpropheta
1671 1207 1886 1288 inquit
1916 1228 1931 1269 :
1966 1207 2136 1301 Quia
2170 1208 2769 1301 suscepitdeinanu
2800 1208 3058 1269 Domini
3093 1207 3385 1301 duplicia
3421 1229 3544 1301 pro

222 1294 530 1374 peccatis;
577 1287 645 1374 e't
693 1294 926 1374 iterum
955 1291 1160 1374 David
1179 1338 1196 1365 ,
1240 1287 1394 1354 Vide
1441 1287 1732 1374 inimicos
1759 1287 1969 1374 meos,
1997 1291 2151 1370 quia
2177 1287 2595 1374 multiplicati
2621 1296 2782 1374 sunt
2797 1287 3283 1374 super_capillo_s
3313 1287 3547 1374 capitis

224 1368 335 1435 inci
351 1383 458 1465 ..ει
496 1372 1354 1465 odio‘iniguooderunime.
1386 1368 2229 1465 σε.ᾀίηιίιτθιοτηῃίαιρέσοαιᾳ
2257 1389 2425 1465 mea;
2448 1374 2511 1429 et
2539 1369 2931 1465 item‘aiius.
2964 1368 3191 1430 Pacem
3211 1368 3543 1465 dapbbis.

227 1455 430 1516 munia
444 1449 804 1515 reddidisti
818 1453 1023 1515 nobis.
1047 1452 1167 1513 Sed
1200 1452 1331 1513 llth
1347 1450 1609 1529 quidem
1639 1450 2037 1512 ostendentis
2070 1454 2258 1522 sunt,
2292 1451 2498 1511 bonos
2523 1449 2845 1528 supplicia
2871 1466 2990 1529 pro
3008 1450 3288 1529 peccatis
3311 1450 3417 1512 hic
3438 1470 3550 1514 re-

227 1535 435 1612 cipere
467 1555 481 1590 :
517 1532 638 1595 ubi
668 1538 886 1595 autem
915 1532 1278 1594 ostenditur
1308 1528 1478 1612 bona
1524 1530 1751 1612 malos
1772 1530 1876 1593 hic
1903 1531 2227 1612 recipere,
2262 1531 2395 1591 illic
2426 1530 2682 1612 plenius
2714 1528 3179 1612 puniri‘lAudi
3217 1530 3549 1612 Abraham

228 1608 544 1677 dicentem
579 1612 660 1675 ad
710 1613 968 1673 divitem
998 1633 1013 1671 :
1047 1611 1360 1684 Recepisti
1394 1609 1557 1671 bona
1585 1610 1653 1671 in
1687 1609 1821 1671 vita
1851 1618 1997 1679 tua,
2032 1608 2089 1671 et
2119 1609 2406 1671 Lazarus
2430 1608 2728 1671 similiter
2752 1609 2943 1671 mala.
2975 1609 3211 1684 Qualia
3240 1611 3412 1673 bona
3444 1610 3551 1672 hic

230 1695 290 1754 in
320 1712 397 1755 eo
422 1694 607 1772 quod
636 1693 834 1764 dixit,
872 1689 1231 1772 Recepisti?
1274 1690 1568 1772 Ostendit
1598 1690 1955 1772 secundum
1986 1689 2275 1752 debitum
2305 1694 2625 1772 utrosque
2656 1702 2885 1772 passos
2908 1734 2925 1762 ,
2975 1694 3039 1772 et
3068 1689 3255 1772 ilium
3285 1690 3551 1769 quidem

230 1775 292 1835 in
321 1769 764 1853 prosperitate
783 1818 799 1846 ,
832 1769 1252 1834 illum'autem
1283 1772 1350 1832 in
1374 1770 1765 1853 adversitate
1798 1774 2127 1853 versatum
2149 1816 2183 1853 ,_
2197 1776 2261 1853 et
2287 1769 2452 1853 dixit
2485 1791 2499 1829 :
2525 1770 2811 1853 Propter
2831 1769 2954 1853 hoc
2975 1770 3093 1853 iste
3115 1769 3218 1831 hic
3248 1772 3553 1853 consola-

234 1848 341 1913 tur'
362 1876 380 1913 :
404 1848 592 1915 vides
619 1853 791 1915 enim
821 1853 1005 1914 illum
1035 1855 1382 1932 purgatum
1422 1868 1460 1913 a
1503 1848 1818 1932 peccatis;
1849 1858 1909 1911 et
1941 1860 2011 1932 tu
2046 1851 2114 1912 in
2142 1848 2496 1932 doloribus.
2525 1850 2667 1910 Non
2700 1849 2897 1932 igitur
2922 1850 3258 1912 doleamus
3286 1850 3553 1929 quando

234 1934 415 1995 bonis
448 1936 778 2011 potientes
827 1928 1117 1994 videmus
1153 1928 1555 2010 peccatores,
1603 1929 1714 1992 sed
1745 1930 2010 2011 quando
2056 1932 2225 1993 male
2268 1928 3079 2011 patimur,igaudeamus;
3130 1928 3549 2008 peccatorum

233 2009 469 2102 quippe
526 2009 1177 2102 est_ex_piatio.__Non
1223 2010 2372 2102 ergo-quaeramus.Arela‘xationem;
2424 2009 2914 2102 tribulationem
2964 2010 3220 2102 quippe
3256 2011 3555 2102 promisit

234 2032 469 2154 Euippe
526 2032 631 2075 εει
673 2032 985 2089 expiatio.
1040 2032 1177 2073 non
1223 2032 1381 2090 ergo
1426 2032 1798 2088 quaeramus
1859 2032 2372 2102 remxauonem;
2424 2032 2914 2101 tribulationem
2964 2032 3220 2102 qmppe.
3256 2032 3555 2088 promlSll

283 2093 527 2155 hristus
561 2094 701 2155 suis
736 2091 1070 2170 discipulis
1108 2112 1122 2151 :
1155 2109 1306 2153 nam
1352 2096 1418 2171 et
1446 2089 1685 2171 Paulus
1716 2091 1871 2171 dicit
1905 2110 1920 2150 :
1954 2090 2180 2171 Omnes
2210 2108 2318 2171 qui
2350 2089 2573 2151 volunt
2600 2107 2705 2171 pte
2732 2108 2943 2151 cicere
2972 2109 3042 2151 ιη
3071 2089 3320 2153 Christo
3344 2137 3359 2160 ,
3385 2108 3555 2170 per-

236 2173 666 2252 sequutionem
688 2173 1059 2252 patiuntur.
1105 2172 1307 2233 Nemo
1339 2170 1521 2252 fortis
1552 2170 1799 2252 athleta
1830 2170 1897 2252 in
1928 2170 2137 2233 stadio
2167 2170 2433 2252 lavacra
2464 2170 2778 2252 requirit,
2812 2175 2877 2230 et
2902 2188 3200 2252 mensam
3231 2171 3552 2249 repletam

237 2249 387 2313 cibis
418 2257 484 2315 et
530 2249 709 2313 vino—
740 2272 754 2311 :
804 2254 927 2314 hoc
955 2270 1088 2312 non
1119 2255 1218 2313 est
1264 2250 1556 2331 athletae,
1590 2249 1700 2312 sed
1750 2249 2055 2331 delicati:
2089 2251 2337 2313 athleta
2368 2251 2543 2312 enim
2592 2255 2857 2331 pugnat
2884 2268 3033 2312 cum
3063 2251 3369 2331 pulvere,
3404 2268 3554 2311 cum

238 2332 414 2407 oleo,
449 2351 603 2393 cum
647 2331 830 2393 radio
860 2332 1052 2404 solis,
1091 2348 1238 2411 cum
1274 2329 1657 2411 sudoribus,
1693 2330 1913 2391 multis
1943 2330 2476 2411 tribulationibus
2510 2335 2573 2411 et
2603 2329 3159 2411 angustia._AgOn
3190 2330 3301 2411 hic,
3324 2334 3454 2403 est,
3486 2336 3557 2411 et

240 2412 860 2503 png_nand_i_tei_npu_s
894 2432 916 2483 ηε
946 2410 1444 2503 proindeetiarn
1459 2411 1731 2503 vulnera
1759 2410 2197 2503 suscipiendi,
2230 2416 2294 2473 et
2319 2407 3111 2503 sangu‘inem'neffunden'd‘i
3132 2456 3148 2485 ,
3180 2409 3553 2503 et.dolendi.

240 2489 396 2552 Audi
440 2492 601 2570 quid
635 2489 789 2553 dicit
818 2493 1044 2553 beatus
1078 2490 1316 2553 Paulus
1350 2510 1364 2547 :
1397 2491 1506 2551 Sic
1529 2508 1749 2569 pugno
1773 2536 1786 2556 .
1819 2508 1952 2551 non
1980 2491 2149 2552 velut
2181 2508 2382 2552 aerem
2413 2489 2672 2552 ciedcns.
2706 2489 2981 2551 Omnem
3014 2492 3212 2551 vitam
3245 2490 3311 2551 in
3343 2507 3557 2569 agone

240 2588 376 2632 esse
406 2573 831 2634 constitutam
870 2576 1170 2650 putemus
1192 2614 1207 2640 ,
1260 2576 1323 2630 et
1348 2588 1732 2650 numquam
1777 2571 2072 2647 requiem
2100 2587 2473 2650 quaeramus
2496 2616 2512 2644 ,
2562 2586 2923 2648 numquam
2954 2570 3245 2632 tribulati
3277 2587 3561 2632 maerea-

239 2669 375 2712 mus
410 2672 424 2711 :
460 2653 516 2713 si
553 2651 817 2729 quidem
844 2649 1057 2730 neque
1088 2651 1201 2728 qui
1233 2649 1513 2711 aedibus
1547 2655 1795 2729 pugnat
1823 2657 2045 2712 maeret
2066 2696 2080 2721 ,
2116 2649 2263 2711 eum
2295 2670 2364 2713 se
2396 2651 2463 2711 in
2494 2667 2703 2730 agone
2735 2649 2969 2711 viderit
3004 2671 3018 2710 :
3051 2650 3230 2713 aliud
3256 2655 3354 2711 est
3381 2650 3559 2711 enim

241 2732 645 2792 remissionis
699 2736 973 2806 tempus.
1020 2730 1289 2808 Oportet
1333 2734 1552 2791 autem
1596 2747 1713 2791 nos
1747 2749 1861 2807 per
1912 2731 2366 2793 tribulationes
2418 2730 2672 2808 perfici,
2714 2746 3121 2809 quamquam
3164 2748 3286 2793 nec
3328 2748 3561 2810 perse-

238 2812 463 2888 quutio
511 2812 742 2888 aliqua
792 2810 873 2870 sit
917 2828 1129 2889 neque
1166 2810 1535 2881 tribulatio;
1589 2810 1697 2869 sed
1732 2816 1947 2870 tamen
1995 2817 2148 2871 sunt
2190 2812 2334 2873 alia:
2365 2811 2856 2875 tribulationes.
2910 2829 3029 2889 per
3073 2811 3211 2872 dies
3262 2810 3559 2890 singulos

242 2892 419 2952 nobis
447 2891 814 2952 incidentes
848 2910 862 2949 :
894 2890 946 2950 si
979 2896 1197 2969 autem
1221 2890 1375 2950 istas
1410 2908 1539 2949 non
1574 2894 1908 2967 portamus
1931 2936 1945 2953 .
1980 2891 2125 2952 illas
2153 2891 2584 2969 portabimus.
2629 2890 2960 2959 Tentatio,
2995 2892 3253 2969 inquit,
3285 2910 3395 2952 vos
3424 2909 3559 2951 non

242 2970 752 3051 comprehendat,
808 2970 937 3030 nisi
984 2968 1279 3051 humana.
1322 2969 1603 3051 Oramus
1631 2969 1892 3051 quidem
1940 2968 2179 3041 Deum,
2214 2988 2344 3031 non
2380 2972 2623 3031 intrare
2664 2971 2729 3030 in
2763 2968 3219 3044 tentationem;
3254 2971 3306 3032 si
3339 2976 3561 3032 autem

244 3048 701 3113 intraverimus
726 3095 741 3122 ,
770 3056 1099 3129 portemus
1134 3048 1382 3110 fortiter
1411 3069 1425 3107 :
1452 3050 1608 3109 illud
1642 3048 1901 3126 quidem
1935 3052 2436 3124 temperantiam
2471 3051 2811 3111 hominum
2839 3057 2941 3112 est
2962 3096 2978 3123 ,
3013 3057 3084 3112 ut
3113 3070 3183 3113 se
3216 3051 3456 3129 aliquis
3488 3052 3557 3111 in

243 3131 529 3207 pericula
562 3148 691 3211 non
723 3130 1108 3211 praecipitet;
1162 3130 1304 3211 hoc,
1328 3134 1546 3211 autem
1578 3129 1837 3190 fortium
1868 3133 1932 3190 et
1983 3130 2546 3208 phil050phorum.
2580 3130 2722 3211 Non
2771 3130 2993 3209 itaque
3026 3148 3145 3192 nos
3195 3131 3564 3211 praecipite-

244 3228 378 3271 mus
404 3209 929 3288 quomodolibet;
965 3209 1344 3270 temeritatis
1380 3208 1623 3289 quippe
1655 3216 1752 3270 est
1786 3230 1799 3268 :
1837 3226 2050 3286 neque
2084 3211 2320 3271 iterum
2362 3229 2509 3271 cum
2544 3208 2975 3281 adducemur,
3008 3217 3070 3271 et
3100 3208 3296 3272 rebus
3328 3208 3419 3273 sic
3446 3229 3560 3271 vo-

243 3292 539 3350 cantibus
572 3289 908 3359 cedamus;
953 3289 1203 3349 timoris
1236 3306 1519 3365 namque
1552 3290 1675 3349 hoc
1705 3293 1802 3349 est
1835 3308 1849 3347 :
1885 3288 1994 3349 sed
2032 3290 2084 3350 si
2118 3290 2380 3367 quidem
2414 3290 2788 3368 praedicatio
2817 3291 2996 3352 verbi
3033 3308 3152 3352 nos
3180 3292 3556 3364 vocaverit,

244 3386 363 3428 non
396 3385 783 3450 renuamus.
820 3370 895 3429 Et
938 3369 1317 3450 simpliciter
1345 3368 1487 3429 dico
1538 3390 1551 3427 :
1601 3370 1740 3429 Non
1792 3374 2092 3450 exstante
2128 3388 2345 3447 neque
2379 3370 2659 3431 utilitate
2703 3370 2961 3447 aliqua,
3013 3389 3229 3450 neque
3263 3376 3556 3433 necessi-

244 3455 371 3509 tate
393 3467 546 3528 qua:
576 3449 988 3528 adipietatem
1041 3449 1316 3525 pertinet
1348 3455 1653 3519 vocante,
1688 3467 1817 3509 non
1850 3448 2214 3520 irruamus;
2253 3453 2601 3510 ostentatio
2632 3450 2874 3527 quippe
2915 3457 3014 3512 est
3040 3460 3104 3513 et
3124 3448 3400 3513 ambitio
3432 3453 3556 3515 ho-

244 3527 759 3606 noris’supertlui
796 3549 809 3586 :
842 3530 894 3587 si
926 3535 1142 3588 autem
1174 3528 1419 3605 aliquid
1450 3546 1708 3597 eorum,
1743 3546 1890 3605 quae
1916 3528 2155 3589 laedunt
2178 3530 2484 3607 pietatem
2510 3531 2882 3608 contingat,
2916 3548 2991 3593 ac
3022 3533 3073 3592 si
3108 3531 3279 3594 mille
3314 3539 3557 3593 mortes

245 3611 573 3689 sustinere
602 3625 717 3668 nos
749 3615 1080 3689 oporteat,
1117 3609 1277 3667 nihil
1311 3626 1585 3669 renuere
1615 3609 1948 3668 debemus.
1987 3610 2125 3669 Non
2161 3628 2476 3687 provoces
2519 3611 2950 3681 tentationes,
2983 3612 3250 3689 quando
3284 3613 3396 3673 tibi
3429 3628 3508 3674 ea
3540 3657 3556 3686 ,

243 3705 377 3763 quae
404 3689 484 3750 ad
521 3688 823 3769 pietatem
846 3688 1203 3769 pertinent,
1241 3706 1356 3769 pro
1384 3696 1531 3748 voto
1570 3688 1931 3766 procedunt
1964 3708 1980 3749 :
2014 3690 2068 3750 si
2106 3707 2263 3751 vero
2300 3691 2770 3752 desideraveris
2793 3734 2808 3763 ,
2839 3688 3174 3769 superflua
3205 3693 3315 3753 tibi
3350 3709 3558 3754 assu-

246 3768 354 3828 mis
388 3767 717 3845 pericula,
748 3767 1000 3827 nullum
1029 3768 1283 3827 lucrum
1316 3768 1644 3828 habentia.

315 3843 462 3919 Haec
492 3856 639 3916 dico
662 3899 676 3921 ,
714 3854 933 3914 volens
961 3869 1075 3912 vos
1104 3851 1429 3912 custodire
1456 3850 1630 3927 leges
1656 3846 1893 3907 Christi
1921 3844 2210 3924 jubentis
2253 3860 2489 3927 orare_1
2516 3860 2596 3903 ne
2624 3843 2942 3927 intremus
2974 3843 3041 3904 in
3078 3843 3506 3905 tentationem
3536 3894 3552 3919 ,

239 3943 294 3997 ct
318 3939 608 4016 jubentis
640 3939 713 4016 ut
758 3950 1014 3992 crucem
1048 3947 1233 4016 suam
1287 3929 1469 4016 tollat
1499 3923 1646 4016 quis
1670 3971 1685 3999 ,
1722 3933 1783 4016 et
1813 3923 2131 4016 sequatur
2161 3928 2399 4016 ipsum.
2434 3923 2587 4015 Hinc
2614 3924 2863 4016 quippe
2908 3940 3041 4016 non
3073 3931 3227 4016 sunt
3277 3930 3555 4016 contra-—

240 4003 364 4088 riti,
397 4016 515 4078 sed
567 4012 749 4073 valde
791 4010 1267 4073 convenientia.
1303 4009 1398 4067 'l‘u
1433 4003 1820 4088 qu'ideiugita
1852 4012 1992 4067 esto
2045 4008 2484 4088 praeparatus,
2536 4003 2705 4088 sicut
2756 4003 2943 4088 miles
2981 4003 3162 4063 fortis
3196 4003 3261 4088 in
3298 4007 3498 4088 armis
3533 4029 3550 4066 :

238 4083 366 4157 esto
400 4102 715 4174 perpetuo
759 4092 1052 4157 sobrius,
1090 4088 1390 4174 vigilans,
1424 4083 1679 4174 semper
1707 4086 2408 4174 hostem_exspectans;
2463 4083 2885 4174 bella'autem
2904 4100 3059 4174 “non
3106 4084 3392 4174 excites;
3428 4085 3554 4147 hoc

238 4162 477 4254 quippe
526 4162 743 4233 inilitis
780 4189 906 4230 non
941 4176 1069 4254 est,
1118 4162 1578 4254 sedseditiosii
1606 4168 1666 4227 Si
1703 4164 2330 4254 vero_tuba_pictatis
2362 4164 2727 4232 vocaverit,
2772 4162 3111 4254 confestim
3146 4164 3454 4254 procede,
3490 4174 3554 4227 et

239 4242 574 4317 con-temne
603 4254 925 4323 animam,
954 4256 1015 4310 et
1037 4248 1372 4327 ingredere
1408 4266 1554 4308 cum
1594 4247 1797 4306 multa
1828 4246 2165 4327 alacritate
2187 4246 2249 4303 in
2272 4260 2586 4327 agonem,
2615 4261 2854 4327 rumpe
2884 4244 3090 4303 aciem
3125 4242 3553 4327 adversario-

241 4354 375 4395 rum
400 4382 415 4400 .
456 4333 719 4395 concide
752 4320 978 4391 faciem
1005 4320 1268 4399 diaboli,
1301 4334 1510 4387 statue
1545 4333 1881 4405 tropaeum.
1915 4325 1974 4384 Si
2004 4330 2225 4386 autem
2256 4320 2461 4401 pietas
2495 4323 2655 4405 nihil
2681 4320 2959 4395 lzeditur,
2995 4342 3211 4399 neque
3244 4324 3551 4402 depOpu—

240 4414 320 4475 let
348 4415 589 4492 aliquis
624 4429 767 4491 qua:
798 4412 875 4492 ad
911 4427 1027 4470 nos
1052 4411 1377 4492 pertinent
1406 4403 1708 4492 dogmata
1742 4426 1754 4465 :
1790 4405 1932 4467 dico
1969 4410 2189 4492 autem
2218 4422 2293 4465 ea
2326 4403 2581 4492 quaepd
2606 4404 2891 4492 animam
2927 4404 3252 4492 pertinent
3278 4425 3298 4492 Δε
3334 4423 3549 4492 neque

241 4502 423 4575 cogat
458 4482 515 4555 te
547 4482 787 4575 aliquis
836 4482 1070 4575 facere
1095 4488 1265 4565 quod
1314 4490 1444 4575 Deo
1479 4482 1606 4575 non
1640 4488 1885 4575 placet,
1938 4485 2070 4546 noli
2103 4503 2255 4575 esse
2279 4482 2690 4575 superfluus;
2723 4483 3070 4575 Sanguinis
3103 4489 3359 4575 oportet
3405 4504 3551 4575 esse

243 4562 496 4651 plevnam
534 4562 1159 4651 Christianivitanf,
1196 4570 1534 4651 sanguinis
1564 4562 1784 4651 autem
1818 4567 1994 4651 dico,
2031 4585 2160 4651 non
2197 4573 2263 4625 ut
2291 4565 2570 4651 aliorum
2603 4562 3046 4651 etTundainus,
3086 4564 3189 4651 scil
3225 4570 3305 4651 ut_
3335 4569 3545 4641 parati

240 4642 438 4714 bimus
481 4659 774 4714 nostrum
824 4649 1177 4710 effundere.
1228 4642 1389 4709 Cain
1423 4654 1598 4709 tanta
1649 4649 1846 4725 igilur
1889 4647 2222 4707 alacritate
2273 4642 2610 4725 proprium
2661 4644 3047 4722 sanguinem
3093 4642 3499 4705 effundamus
3530 4692 3546 4714 ,

241 4734 502 4811 quando
552 4751 669 4811 pro
714 4731 971 4811 Christo
1015 4729 1136 4789 hoc
1171 4730 1328 4794 erit,
1364 4747 1508 4788 eum
1538 4724 1800 4811 Aquafnta
1833 4744 2073 4804 aquam
2124 4726 2270 4811 quis
2306 4724 2574 4811 effundit
2609 4745 2623 4781 :
2659 4726 2899 4785 etenim
2933 4740 3107 4801 aqua
3150 4731 3247 4785 est
3278 4727 3547 4811 sanguis

240 4805 670 4876 circumfusus
704 4810 960 4888 corpori
996 4829 1010 4867 ε
1046 4813 1108 4869 et
1139 4827 1284 4868 cum
1317 4814 1492 4868 tanta
1530 4808 1833 4869 facilitate
1862 4825 2058 4867 carne
2106 4806 2372 4888 spoliari
2406 4805 2752 4888 debemus,
2789 4823 2936 4865 cum
2960 4812 3213 4888 quanta
3230 4811 3310 4888 “et
3340 4809 3549 4866 vcsti—

242 4903 454 4956 mento
494 4914 508 4953 :
549 4894 671 4954 hoc
697 4884 915 4953 autem
961 4889 1080 4949 erit
1106 4934 1121 4961 ,
1157 4890 1207 4950 si
1260 4906 1388 4948 non
1420 4889 1663 4949 erimus
1695 4888 1986 4966 pecuniis
2019 4887 2248 4957 dediti,
2286 4888 2336 4945 si
2372 4904 2501 4944 non
2539 4885 2874 4966 domibus,
2921 4884 2973 4945 si
3007 4902 3138 4944 non
3175 4884 3498 4946 affectioni
3529 4934 3547 4958 ,

240 4974 287 5033 si
318 4977 400 5035 ab
435 4975 736 5033 omnibus
766 4972 1009 5032 erimus
1058 4970 1365 5047 separati.
1399 4968 1458 5027 Si
1493 4971 1669 5029 enim
1702 4965 1815 5045 qui
1866 4968 2211 5027 militarem
2262 4968 2454 5027 vitam
2491 4965 3085 5047 vivunt,omnibus
3122 4968 3545 5039 renuntiant,

239 5060 295 5114 et
320 5056 721 5131 ubicumque
748 5046 1383 5131 bellumvoc’averit,
1434 5050 1523 5131 ibi
1568 5050 1844 5131 aderunt
1870 5056 1932 5131 et
1966 5049 2099 5108 vias
2130 5046 2439 5106 incedunt
2461 5092 2474 5117 ,
2510 5052 2573 5105 et
2597 5046 2815 5105 omnia
2846 5064 2993 5105 cum
3026 5046 3363 5131 alacritate
3404 5066 3550 5131 sus-

244 5135 447 5197 tinent
500 5155 513 5192 :
566 5126 768 5193 multo
818 5130 1096 5208 amplius
1148 5147 1266 5189 nos
1298 5128 1529 5189 Christi
1584 5130 1817 5190 milites
1866 5130 1959 5188 sic
2000 5134 2401 5205 praeparatos
2446 5131 2936 5208 csse_0portet,
2971 5132 3033 5187 et
3080 5126 3429 5205 dispositos
3466 5130 3545 5189 ad

245 5216 481 5276 bellum
533 5206 945 5291 passionum;
985 5210 1169 5271 Nunc
1214 5227 1344 5269 non
1394 5217 1491 5270 est
1545 5209 2001 5288 persequutio,
2040 5227 2254 5285 neque
2305 5207 2570 5285 contigit
2604 5206 2743 5291 fieri
2778 5208 3166 5291 aliquando,
3207 5208 3327 5291 sed
3371 5209 3547 5283 aliud

244 5295 480 5355 bellum
526 5287 628 5355 est
650 5291 1052 5371 cupiditatis,
1086 5291 1510 5371 pecuniarum
1535 5287 1875 5371 ,invidiae,
1912 5294 2427 5371 casterarumque
2470 5287 2872 5371 passiontnn.
2908 5287 3083 5371 lsiud
3121 5289 3363 5371 bellum
3399 5309 3551 5349 nar-

246 5392 389 5437 rans
427 5376 661 5435 Paulus
690 5367 855 5433 dixit
886 5391 900 5429 :
932 5370 1084 5433 Non
1115 5380 1201 5430 est
1240 5369 1420 5430 nobis
1462 5370 1827 5431 colluctatio
1861 5370 2157 5429 adversus
2192 5386 2437 5429 carnem
2464 5379 2518 5427 et
2552 5367 2942 5443 sanguinem.
2974 5368 3148 5428 Istud
3185 5370 3423 5429 bellum
3454 5371 3549 5431 ins

244 5462 396 5528 stat,
440 5460 706 5533 prOpter
736 5453 859 5513 hoc
896 5469 1153 5533 semper
1182 5468 1298 5533 nos
1343 5458 1628 5511 armatos
1660 5458 1843 5533 stare
1882 5451 2016 5533 vult
2062 5471 2074 5509 :
2124 5450 2279 5533 quia
2310 5450 2479 5510 enim
2528 5466 2785 5533 semper
2818 5456 3105 5509 armatos
3134 5458 3327 5533 stare
3366 5452 3501 5510 vult
3532 5498 3547 5521 ,

243 5530 723 5614 Statefinquit,
754 5532 1064 5593 succincti
1096 5530 1332 5591 lumbos
1361 5540 1634 5591 vestros:
1680 5532 1850 5605 quod
1894 5532 2085 5614 etiam
2130 5531 2341 5608 ipsum
2377 5531 2711 5614 priesentis
2739 5535 2836 5589 est
2870 5531 3180 5614 temporis
3214 5550 3228 5587 :
3261 5538 3319 5589 et
3349 5532 3553 5614 signi-

245 5614 485 5680 ficavit.
534 5610 691 5694 quia
733 5630 989 5690 semper
1030 5617 1284 5694 oportet
1313 5614 1576 5673 armari.
1621 5614 1898 5672 Multum
1954 5612 2195 5694 bellum
2246 5628 2367 5694 per
2398 5610 2739 5694 linguam,
2796 5610 3069 5694 multum
3122 5627 3236 5686 per
3267 5612 3493 5671 oculos
3530 5634 3545 5672 :

247 5695 406 5758 istud
441 5689 679 5759 bellum
715 5689 1052 5755 vincamus
1083 5689 1097 5750 ὲ
1131 5692 1403 5752 multum
1452 5694 1692 5753 bellum
1721 5700 1820 5754 est
1856 5692 2303 5770 cupiditatum.
2349 5689 2594 5750 Idcirco
2626 5689 2774 5749 inde
2820 5690 3046 5767 incipit
3078 5708 3337 5751 armare
3382 5694 3552 5752 mili-

248 5782 364 5837 tem
392 5779 625 5839 Christi
660 5795 675 5834 :
707 5776 917 5839 State,
952 5773 1197 5851 inquit,
1230 5774 1537 5834 succincti
1570 5772 1808 5834 lumbos
1856 5788 2122 5840 t'cstros;
2154 5778 2215 5834 et
2248 5772 2501 5851 intulit,
2538 5773 2617 5831 In
2648 5771 2932 5830 rcritutc.
2981 5771 3233 5845 Quare,
3274 5773 3347 5832 In
3384 5776 3552 5833 reri~

249 5861 417 5920 tute?
476 5859 701 5922 illusio
748 5871 992 5934 quippe
1046 5850 1157 5916 est
1218 5858 1282 5916 et
1326 5854 1570 5917 falsitas
1638 5855 1953 5932 cupiditas
1994 5877 2007 5914 :
2045 5860 2386 5933 propterea
2448 5850 2609 5912 dixit
2655 5852 2971 5930 pmphcta
3008 5872 3020 5909 :
3062 5853 3250 5912 lienes
3285 5854 3397 5914 mci
3442 5874 3551 5915 rc—
