4094 6416
672 422 777 472 2’39
1395 413 1447 465 S.
1489 413 1536 466 .l.
1579 405 2062 462 CEIRYSOSTOSII
2103 403 2407 459 llOMlLl/ﬁ
2451 399 2515 454 lN
2560 403 2775 458 EPIST.
2824 402 2911 457 AD
2957 399 3157 456 IIEBR.
3793 395 3902 449 ’ἰοῦ

657 524 992 566 cmisessus
1025 505 1172 583 quid
1206 505 1501 584 prodest?
1532 505 1709 564 illum
1742 505 2048 564 honorem
2076 502 2395 579 quomodo
2412 508 2780 584 revereatur
2807 502 3250 584 ju_venis,eum
3284 507 3340 559 te
3372 500 3591 584 viderit
3625 500 3900 584 amplius

657 587 931 647 lascivia:
977 579 1300 646 deditum?
1335 585 1612 645 Canities
1652 585 1888 661 quippe
1931 590 2082 642 tunc
2107 588 2202 642 est
2234 581 2645 646 venerabilis,
2680 582 2938 661 quamlo
2978 599 3048 640 ea
3083 581 3248 658 gerit
3277 598 3418 657 qua:
3447 580 3748 661 canitiem
3779 579 3905 661 de-

655 671 829 737 cent;
860 684 1003 726 cum
1038 683 1184 725 vero
1214 665 1581 740 juveniliter
1619 659 2058 727 conversatur,
2094 662 2236 738 plus
2279 661 2622 740 juvenibus
2657 660 3037 719 ridiculosus
3062 661 3209 740 erit.
3247 659 3904 740 Quomodopoteritis

656 762 772 804 nos
814 746 1080 824 juvenes
1123 738 1501 824 admonere,
1547 744 1696 824 dum
1740 761 1848 801 vos
1887 757 2073 824 senes
2111 739 2441 824 ebriemini
2478 757 2622 824 _pe_r_
2652 739 3181 824 incontinentiam
3219 749 3492 824 vestram
3511 738 3903 824 ‘Ii‘ionenim

655 816 833 885 nunc
858 823 1121 883 irridens
1146 823 1430 881 seniores
1464 823 1595 883 haec
1623 822 1784 888 dico,
1818 820 1922 880 sed
1946 820 2214 898 juvenes
2245 819 2445 898 magis
2476 817 2730 898 irrideo.
2759 817 2878 890 Qui
2909 817 3237 898 enim_hiec
3263 818 3472 896 agitis.
3503 817 3618 877 etsi
3647 816 3726 898 ad
3753 834 3905 877 cen—

656 904 946 962 tesimum
982 901 1248 962 veniatis
1276 919 1540 970 annum,
1575 901 1726 960 mihi
1750 896 2022 978 juvenes
2048 897 2368 965 videmini,
2400 903 2459 954 ct
2489 897 2726 978 similes
2763 897 3000 978 pueris.
3065 896 3342 978 Iuvenes
3369 899 3561 978 enim,
3589 897 3708 956 etsi
3753 912 3905 955 mo-

653 982 852 1041 dicam
886 981 1282 1056 diseiplinam
1321 981 1635 1056 accipiant
1671 986 1729 1037 et
1753 976 2188 1056 corrigantur,
2223 983 2284 1036 et
2308 976 3008 1056 senioribusmeliores
3043 981 3215 1056 sunt.
3253 976 3326 1034 Et
3373 993 3496 1056 non
3530 976 3646 1035 iste
3689 991 3907 1056 sermo

655 1077 854 1127 meus,
880 1059 987 1120 sed
1013 1053 1336 1135 Scriptura
1361 1053 1522 1119 hanc
1553 1060 1726 1118 novit
1753 1053 2198 1117 discretionem
2237 1075 2251 1114 :
2284 1055 2576 1114 Senectus
2605 1055 2793 1126 enim,
2830 1054 3070 1131 inquit,
3121 1054 3531 1122 honorabilis,
3564 1071 3691 1113 non
3722 1053 3909 1114 multi

658 1139 944 1216 temporis
973 1159 989 1204 ;
1019 1147 1072 1197 et
1099 1148 1242 1197 (etas
1268 1137 1592 1196 senectutis
1621 1137 1750 1197 vita
1785 1137 2193 1195 immaculata.

733 1210 974 1278 Etenim
1007 1234 1119 1276 nos
1152 1217 1539 1276 honoramus
1567 1216 1991 1290 [canitiem‘t],
2027 1230 2154 1273 non
2181 1214 2333 1290 quia
2356 1213 2633 1272 colorem
2665 1211 3002 1272 candidum
3029 1212 3244 1281 habet,
3277 1210 3419 1292 ideo
3446 1213 3531 1292 ab
3560 1213 3748 1292 nigro
3781 1229 3910 1272 co-

649 1295 785 1357 lore
815 1297 1085 1372 amplius
1112 1296 1540 1365 honoramus;
1571 1295 1677 1354 sed
1708 1295 1859 1372 quia
1884 1294 2184 1354 indicium
2217 1299 2311 1352 est
2342 1293 2485 1363 vita:
2522 1292 2587 1350 in
2623 1294 2853 1351 virtute
2883 1298 3219 1372 provecta).
3265 1297 3326 1350 et
3359 1291 3650 1372 videntes
3671 1292 3911 1372 ex‘hoc

652 1368 1024 1453 conjicimus
1072 1374 1434 1434 interiorem
1488 1368 1939 1453 senectutem:
1991 1372 2042 1431 si
2078 1388 2225 1430 vero
2274 1371 2596 1453 contraria
2635 1371 2945 1431 senectuti
2978 1371 3326 1453 gesserint,
3365 1370 3698 1453 irrisibiles
3745 1368 3911 1453 ﬁunt

648 1448 909 1530 propter
944 1454 1062 1513 hoc
1087 1453 1316 1530 potius.
1348 1454 1501 1512 Nam
1535 1461 1593 1511 et
1624 1471 1836 1529 regem
1883 1452 2297 1530 honoramus,
2327 1457 2388 1508 et
2415 1450 2551 1527 ejus
2591 1466 2941 1527 purpuram
2974 1454 3036 1510 et
3080 1448 3369 1530 diadema
3395 1494 3410 1517 ,
3443 1450 3750 1530 quoniam
3785 1449 3910 1530 ista

650 1527 830 1610 signa
862 1537 1011 1591 sunt
1061 1527 1448 1610 principatus
1495 1531 1588 1590 :si
1624 1527 1773 1590 vero
1824 1530 2164 1610 viderimus
2212 1529 2391 1610 illum
2418 1547 2561 1587 eum
2611 1546 2897 1610 purpura
2950 1529 3243 1604 conspui,
3286 1530 3366 1587 ab
3397 1527 3732 1606 armigeris
3771 1528 3911 1587 suis

648 1607 1032 1679 conculcari,
1062 1607 1415 1683 ’prtel'ocari,
1464 1611 1528 1668 in
1564 1610 1918 1669 custodiam
1966 1609 2150 1674 mitti,
2198 1607 2529 1680 dissipari.
2581 1607 2888 1678 numquid
2941 1625 3313 1667 reveremur
3342 1612 3495 1665 tunc
3523 1624 3904 1680 purpuram,

644 1703 756 1761 aut
780 1697 1114 1759 diadema?
1142 1711 1355 1754 nonne
1390 1700 1451 1754 et
1481 1694 1690 1770 ipsum
1733 1691 1989 1772 schema
2029 1693 2469 1769 plorabimus?
2493 1694 2632 1752 Noli
2674 1710 2826 1772 ergo
2859 1699 3117 1771 prepter
3147 1709 3340 1752 canos
3373 1692 3534 1752 velle
3573 1693 3909 1759 honorari.

644 1778 902 1856 quando
935 1777 1068 1840 inse
1113 1776 1254 1856 illos
1287 1774 1555 1856 injurias
1586 1794 1601 1843 ;
1630 1789 1778 1856 nam
1808 1776 1870 1831 et
1913 1770 2034 1849 ipsi
2085 1772 2307 1856 ulcisci
2353 1792 2421 1856 se
2455 1773 2708 1856 debent,
2755 1770 3063 1856 Quoniam
3113 1773 3367 1833 schema
3413 1771 3815 1856 splendidum
3846 1781 3914 1832 et

648 1851 1022 1916 lionorabile
1053 1853 1407 1915 confundis.
1447 1854 1582 1913 Non
1610 1851 1919 1912 adversus
1953 1868 2174 1912 omnes
2203 1853 2336 1912 haec
2365 1853 2658 1921 dicimus,
2693 1870 2901 1929 neque
2928 1852 3233 1912 adversus
3278 1857 3670 1912 senectutem
3702 1853 3912 1911 abso—

646 1938 777 1998 lute
813 1936 989 1995 nobis
1023 1949 1231 1994 sermo
1261 1939 1389 2000 est;
1426 1949 1551 1991 non
1584 1930 1751 1990 enim
1789 1929 2068 1990 furiosus
2097 1929 2356 1991 ell'ectus
2381 1949 2520 1990 sum
2545 1951 2559 2000 ;
2583 1931 2688 1991 sed
2715 1931 3023 1992 adversus
3047 1932 3328 1991 animam
3355 1931 3730 2008 juvenilem,
3761 1948 3914 2007 qua

647 2019 1034 2077 senectutem
1071 2011 1398 2072 confundit
1449 2031 1462 2068 :
1500 2009 1642 2070 inde
1680 2026 1796 2086 pro
1827 2009 2089 2070 senibus
2130 2010 2414 2070 dolentes
2455 2011 2586 2072 haec
2628 2011 2896 2070 dicimus
2929 2010 3461 2070 confundentibus
3512 2027 3730 2069 canos.
3769 2011 3912 2070 Rex

647 2092 898 2172 quidem
925 2097 1020 2150 est
1049 2109 1239 2172 senex
1274 2090 1325 2150 si
1367 2089 1662 2172 voluerit,
1704 2094 1764 2172 et
1795 2090 1875 2149 ab
1906 2105 1981 2147 eo
2022 2090 2130 2172 qui
2167 2107 2519 2172 purpuram
2560 2089 2773 2172 habet,
2812 2092 3013 2168 magis
3045 2089 3276 2172 regalis
3307 2096 3423 2158 est,
3459 2089 3616 2172 dum,
3641 2091 3913 2172 passio-

649 2167 758 2232 nes
791 2171 983 2232 animi
1011 2169 1253 2240 vicerit,
1285 2175 1345 2228 et
1389 2169 1556 2228 velut
1577 2167 1928 2246 armigeros
1959 2168 2214 2245 subjicit
2251 2171 2608 2245 passiones.
2648 2169 2706 2228 Si
2741 2187 2893 2229 vero
2931 2167 3353 2228 abstrahatur
3397 2173 3457 2228 et
3501 2169 3840 2246 dejiciatur
3871 2186 3910 2227 a

647 2252 832 2321 solio,
871 2255 929 2310 et
957 2249 1191 2308 amoris
1224 2248 1750 2324 pecuniarum,et
1773 2246 2041 2306 ornandi
2091 2265 2323 2324 corpus
2367 2256 2422 2307 et
2465 2247 2837 2308 deliciarum
2879 2254 2940 2308 et
2988 2249 3310 2308 ebrietatis
3357 2254 3416 2307 et
3466 2249 3815 2308 iracundiae
3846 2257 3913 2309 et

649 2347 1064 2390 venerearum
1093 2345 1306 2388 rerum
1346 2345 1570 2387 servus
1598 2325 1894 2405 effectus;
1928 2333 1989 2385 et
2031 2326 2264 2387 habeat
2291 2328 2464 2402 [add.
2500 2327 2797 2405 capillos]
2829 2328 2970 2387 oleo
2998 2334 3307 2404 comptos,
3339 2335 3397 2385 et
3424 2333 3620 2386 totam
3654 2334 3908 2387 aetatem

647 2427 828 2470 suam
865 2426 975 2485 per
1001 2407 1245 2486 malam?
1264 2406 1656 2466 voluntatem
1681 2404 1968 2484 injuriet,
2003 2406 2178 2482 quali
2210 2423 2394 2482 ptena
2428 2425 2554 2466 non
2581 2404 2680 2467 sit
2711 2406 2939 2486 dignus
2984 2406 3344 2485 hujusmodi
3383 2409 3408 2464 ‘I
3447 2406 3563 2466 Sed
3598 2424 3725 2466 non
3760 2406 3910 2466 el'li-

647 2488 902 2547 ciamiui
939 2487 1120 2556 tales,
1153 2503 1190 2545 o
1227 2485 1516 2563 juvenes.
1557 2502 1768 2562 neque
1816 2486 1994 2544 vobis
2045 2486 2454 2561 peccantibus
2507 2487 2689 2547 venia
2728 2487 3066 2546 tribuetur.
3107 2487 3367 2559 Quare?
3412 2487 3730 2559 Quoniam
3760 2487 3912 2546 licet

649 2568 759 2624 tibi
787 2584 1002 2626 senem
1029 2565 1248 2624 essein
1271 2565 1629 2642 juventute,
1657 2565 1820 2644 sicut
1847 2565 1910 2622 in
1935 2570 2259 2624 senectute
2290 2572 2438 2624 sunt
2463 2566 2730 2644 juvenes
2768 2585 2780 2622 :
2817 2566 2906 2625 sic
2937 2566 3129 2625 etiam
3156 2585 3188 2626 e
3217 2566 3564 2625 contrario.
3603 2565 3781 2625 Sicut
3815 2567 3909 2624 il-

646 2645 729 2706 lic
757 2645 1072 2705 neminem
1101 2645 1366 2720 capillus
1400 2644 1582 2704 albus
1615 2643 1844 2723 salvat,
1879 2644 1970 2704 sic
2000 2661 2209 2719 neque
2253 2644 2353 2703 hic
2397 2643 2666 2723 nigellus
2704 2645 2971 2720 capillus
3004 2644 3281 2714 impedit.
3315 2645 3374 2704 Si
3408 2645 3577 2704 enim
3623 2645 3911 2706 inhone-

648 2726 904 2784 stiorem
922 2724 1205 2799 haecquae
1235 2723 1610 2802 dixisenem
1641 2721 1901 2792 faciunt,
1932 2723 2130 2782 multo
2161 2723 2434 2800 amplius
2466 2721 2658 2800 quam
2679 2723 2979 2800 juvenem
3011 2744 3024 2781 :
3057 2729 3492 2784 verumtamen
3513 2726 3911 2802 necjuvenis

648 2803 896 2863 alienus
928 2808 1078 2863 esta
1107 2802 1315 2878 culpa.
1347 2801 1610 2862 Juvenis
1643 2802 1880 2878 quippe
1914 2802 1997 2860 ibi
2031 2809 2274 2861 tantum
2320 2803 2555 2862 habere
2597 2804 2849 2862 veniam
2889 2805 3142 2878 poterit.
3174 2803 3321 2862 dum
3353 2801 3718 2880 imprudens
3763 2803 3908 2873 fuit,

649 2882 796 2941 dum
827 2887 1109 2957 tempore
1141 2881 1377 2958 indiget
1411 2887 1470 2940 et
1499 2881 1897 2957 experientia
1937 2899 2123 2941 :cum
2163 2886 2374 2940 autem
2425 2900 2584 2958 opus
2615 2883 2731 2942 erit
2782 2883 3262 2958 temperantiam
3311 2888 3422 2942 aut
3467 2882 3908 2943 fortitudinem

647 2961 1108 3041 demonstrare,
1143 2976 1575 3041 nequaquam,
1607 2977 1813 3041 neque
1849 2960 2104 3041 quando
2124 2978 2284 3041 opus
2313 2962 2430 3019 erit
2465 2979 2497 3019 a
2535 2961 2839 3041 pecuniis_
2863 2962 3183 3020 abstinere
3217 2982 3228 3016 :
3257 2980 3403 3021 nam
3435 2968 3528 3020 est
3556 2963 3664 3021 ubi
3697 2963 3907 3041 magis

651 3041 791 3117 plus
824 3057 974 3099 sene
999 3039 1253 3115 juvenis
1280 3039 1592 3114 culpatur.
1631 3039 1740 3098 llle
1772 3037 2008 3114 quippe
2041 3039 2236 3098 muita
2264 3040 2592 3098 curatione.
2626 3058 2784 3115 opus
2827 3039 3037 3102 habet.
3084 3041 3450 3101 debilitante
3477 3043 3654 3100 illum
3712 3037 3912 3102 sene-

651 3124 859 3198 ctute:
887 3119 1000 3176 iste
1033 3123 1242 3177 autem
1271 3117 1447 3176 fortis
1473 3126 1587 3186 est,
1619 3117 1670 3176 si
1698 3118 1966 3198 voluerit
1994 3119 2290 3198 seipsum
2319 3137 2562 3194 regere.
2587 3119 2852 3198 Qualem
2883 3119 3132 3178 veniam
3164 3127 3484 3180 mereatur
3509 3167 3522 3192 ,
3558 3139 3701 3180 cum
3734 3123 3911 3198 rapit

652 3197 923 3276 amplius
951 3213 1142 3272 quam
1169 3215 1394 3276 senex,
1429 3214 1570 3276 cum
1590 3202 1762 3276 tenet
1789 3196 2111 3276 malumiu
2151 3197 2360 3276 corde.
2389 3198 2536 3256 dum
2571 3215 2695 3256 non
2722 3197 2979 3274 adjuvat
3009 3216 3252 3269 senem,
3282 3199 3432 3258 dum
3459 3200 3657 3260 multa
3681 3196 3909 3276 super-

654 3274 776 3334 Ilua
803 3277 1124 3356 loquitur,
1147 3275 1293 3356 dum
1323 3275 1782 3356 injuriat,rdum
1811 3276 1974 3335 male
2015 3275 2182 3337 dicit.
2217 3275 2362 3356 dum
2395 3276 2796 3336 inebriatur?
2825 3277 2885 3335 Si
2917 3282 3128 3337 autem
3159 3278 3235 3338 de
3266 3279 3690 3356 temperantia
3722 3274 3910 3356 putat

653 3372 779 3412 non
806 3372 988 3430 posse
1029 3354 1296 3430 culpari,
1331 3354 1583 3414 attende
1620 3355 1796 3412 illum
1830 3359 1890 3414 et
1936 3356 2017 3414 ibi
2054 3355 2250 3414 multa
2277 3355 2592 3432 adjutoria
2631 3357 2990 3426 habentem,
3033 3359 3083 3416 si
3126 3363 3337 3416 tamen
3387 3354 3659 3417 voluerit
3693 3354 3824 3419 {ac
3850 3360 3906 3418 si

652 3434 817 3491 enim
844 3450 967 3492 non
1006 3433 1474 3516 validiuseum,
1507 3451 1698 3509 quam
1725 3434 2283 3516 senemicupiditas
2314 3435 2615 3516 stimulet,
2649 3444 2856 3495 tamen
2892 3442 3049 3516 sunt
3073 3437 3269 3516 multa
3301 3437 3360 3494 in
3399 3438 3636 3513 quibus
3673 3439 3904 3516 magis,

652 3529 842 3586 quam
869 3530 1065 3572 senex
1096 3511 1321 3587 poterit
1348 3512 1668 3584 laborare,
1693 3518 1759 3570 ut
1807 3513 2069 3571 bestiam
2103 3513 2274 3571 illam
2311 3514 2612 3574 incantet.
2647 3516 2800 3586 Quze
2846 3521 2993 3573 sunt
3040 3515 3201 3575 ista?
3231 3511 3537 3582 Labori-5,
3569 3511 3904 3585 lectiones,

656 3590 901 3667 vigiliae.
932 3589 1044 3649 Sed
1071 3590 1220 3666 quid
1249 3590 1323 3650 ad
1357 3607 1470 3649 nos
1508 3591 1660 3656 haec,
1695 3592 1933 3667 inquis,
1980 3592 2088 3668 qui
2125 3609 2251 3650 non
2294 3610 2514 3651 smnus
2558 3593 2901 3652 monachi?
2937 3594 3082 3654 Hzec
3121 3595 3271 3653 mihi
3317 3594 3512 3654 dicis?
3549 3596 3646 3654 dic
3677 3596 3904 3666 Paulo,

653 3685 794 3727 cum
823 3669 1003 3753 dicit:
1055 3669 1390 3753 i”_if/i.’o_ntes
1440 3671 1502 3753 in
1536 3670 1698 3728 onmi
1727 3671 2030 3753 paiientia
2065 3680 2118 3728 et
2151 3672 2466 3753 oratione;
2511 3691 2654 3730 cum
2707 3673 2876 3753 dicit,
2919 3672 3137 3733 Carnis
3177 3691 3384 3732 curam
3434 3694 3509 3732 ne
3538 3676 3811 3753 feceritis
3838 3673 3907 3734 in

655 3749 1196 3829 concupiscentiis.
1225 3749 1358 3805 Non
1387 3751 1553 3806 enim
1587 3749 1912 3829 monachis
1942 3750 2071 3808 hzec
2103 3751 2418 3829 scribebat
2455 3757 2722 3818 tantum,
2749 3751 2856 3810 sed
2879 3754 3175 3811 omnibus
3214 3754 3320 3829 qui
3352 3749 3548 3813 erant
3574 3755 3634 3811 in
3665 3755 3911 3814 civita—

653 3826 846 3884 tibus.
881 3828 1014 3884 Non
1051 3827 1217 3885 enim
1256 3845 1415 3883 SlBt'll
1449 3829 1576 3881 aris
1607 3829 1792 3882 homo
1824 3828 2008 3884 debet
2045 3828 2283 3899 aliquid
2325 3830 2597 3888 amplius
2633 3831 2863 3888 habere
2905 3826 3258 3900 monacho,
3293 3850 3486 3902 quam
3518 3851 3658 3890 cum
3694 3845 3904 3892 uxore

649 3907 1071 3990 concumbere
1110 3912 1379 3990 tantum.
1413 3910 1718 3971 Hicenim
1745 3911 1934 3970 habet
1966 3913 2239 3979 veniam,
2266 3910 2500 3990 inaliis
2527 3915 2740 3970 autem
2780 3927 3215 3990 nequaquam,
3253 3913 3359 3968 sed
3389 3914 3607 3973 omnia
3642 3915 3925 3990 tequali-

655 3993 748 4040 tcr
780 3984 1261 4066 sientmonachi
1295 4007 1485 4066 agere
1512 3990 1762 4050 debent.
1798 3992 1950 4049 Nam
1981 3996 2040 4049 et
2075 3989 2500 4049 heatitudines
2534 4006 2676 4066 quia
2711 4006 2746 4048 a
2783 3989 3034 4047 Christo
3065 3988 3399 4061 dicuntur,
3434 4008 3558 4050 non
3589 3984 3931 4056 monachis

655 4069 895 4145 tantum
917 4063 1110 4145 dicta)
1135 4073 1282 4125 sunt
1317 4063 1652 4145 :valioquin
1690 4077 1856 4128 totus
1885 4069 2159 4128 mundus
2192 4069 2443 4144 peribit,
2477 4063 3012 4128 et'accusabimus
3051 4069 3490 4128 crudelitatem
3525 4072 3660 4131 Dei.
3685 4073 3745 4132 Si
3775 4093 3932 4136 vero

655 4141 1074 4224 beatitudines
1104 4146 1252 4206 solis
1283 4141 1613 4208 monachis
1645 4149 1823 4209 dicltB
1853 4156 2026 4218 sunt,
2058 4141 2428 4208 saecularem
2463 4154 2678 4207 autem
2728 4147 3048 4206 hominem
3083 4147 3476 4224 impossibile
3525 4157 3620 4210 est
3652 4171 3762 4214 eas
3796 4156 3931 4215 im—

653 4222 850 4296 plere,
880 4239 1023 4279 cum
1056 4224 1188 4310 ipse
1223 4229 1477 4303 nuptias
1506 4227 1718 4310 jussit,
1746 4229 1880 4304 ipse
1913 4245 2066 4310 ergo
2097 4245 2318 4310 omnes
2353 4227 2642 4302 perdidit.
2678 4227 2736 4285 Si
2768 4226 2937 4285 enim
2977 4245 3102 4285 non
3138 4222 3346 4310 potest
3371 4245 3446 4290 ea
3484 4248 3626 4289 cum
3659 4236 3930 4310 nuptiis,

652 4316 795 4384 q-u:e
832 4304 1290 4384 monachorum
1324 4313 1496 4376 sunt,
1530 4308 1816 4384 implere,
1847 4304 2062 4368 omnia
2093 4307 2424 4382 perierunt
2460 4314 2518 4364 et
2549 4313 2851 4382 corrupta
2890 4312 3061 4377 sunt,
3085 4314 3146 4364 et
3178 4308 3240 4366 in
3281 4316 3628 4382 angustum
3661 4304 3927 4374 cont-lu?

654 4380 829 4467 ξηρᾷ
862 4381 1480 4467 qum‘virlutissunt.
1517 4387 1593 4444 lit
1622 4380 1942 4467 quomodo
1972 4380 2384 4467 honorabiles
2417 4391 2566 4467 sunt
2600 4380 2834 4460 nuptize
2878 4402 3021 4460 quae
3071 4403 3185 4467 nos
3235 4380 3479 4446 tantum
3525 4390 3934 4466 impediunt!

653 4458 814 4546 Quid
846 4477 997 4536 ergo
1021 4461 1046 4516 ‘?
1069 4462 1370 4546 l’ossibile
1404 4472 1524 4546 est,
1555 4472 1613 4525 et
1643 4458 1820 4524 valde
1857 4466 2183 4543 possibile,
2211 4466 2398 4524 etiam
2433 4458 2740 4546 habentes
2791 4458 3028 4546 uxores
3070 4465 3367 4546 virtutem
3411 4458 3698 4546 aggredi,
3728 4473 3780 4531 si
3818 4492 3923 4532 vo-

653 4537 991 4623 luerimusi
1021 4543 1477 4623 Quomodo?Si
1513 4537 2209 4622 habentesftamquam
2256 4562 2382 4603 non
2428 4545 2731 4603 habentes
2782 4545 3004 4607 simus.
3058 4545 3108 4603 si
3149 4564 3273 4604 non
3321 4537 3714 4623 gaudi-amns
3759 4553 3823 4611 in
3859 4554 3934 4613 iis

654 4634 808 4704 quze
825 4619 1244 4704 possidemus,
1276 4623 1322 4682 si
1349 4625 1588 4682 mundo
1615 4631 1895 4696 utamur,
1927 4619 2252 4701 tamquam
2292 4642 2416 4682 non
2452 4631 2724 4683 utentes.
2747 4623 2824 4704 iSi
2861 4629 3075 4682 autem
3125 4619 3642 4704 aliquiimpedili
3672 4637 3828 4690 sunt
3853 4652 3932 4692 ex

657 4697 922 4786 nuptiis,
959 4699 1508 4786 scia_nt_quoniam
1559 4721 1684 4786 non
1721 4705 1957 4786 nuptize
1992 4697 2114 4763 illis
2143 4705 2702 4786 impedimentum
2733 4703 3023 4786 fuerunt,
3077 4703 3182 4764 sed
3224 4697 3517 4766 voluntas
3569 4726 3713 4786 quae
3767 4715 3936 4774 male

657 4780 868 4858 utitur
893 4780 1152 4855 nuptiis.
1181 4780 1333 4839 Nam
1360 4801 1565 4858 neque
1597 4780 1828 4842 vinum,
1849 4784 1995 4844 facit
2022 4783 2415 4852 ebrietatem,
2441 4782 2547 4842 sed
2582 4783 2750 4842 mala
2783 4783 3080 4842 voluntas
3119 4793 3179 4841 et
3214 4804 3518 4846 excessus
3549 4780 3933 4850 moderatio.

659 4855 782 4912 nis.
819 4856 1005 4946 .L'tere
1041 4855 1649 4946 eum-moderatione
1676 4865 1938 4946 nuptiis,
1970 4870 2031 4923 et
2061 4863 2302 4946 primus
2339 4864 2466 4946 eris
2491 4864 2558 4946 in
2588 4881 2807 4946 uegno,
2844 4867 2903 4946 et
2927 4862 3226 4946 omnibus
3263 4863 3491 4946 frueris
3524 4869 3706 4926 bonis
3740 4890 3752 4927 :
3792 4890 3935 4946 quae

659 4935 874 5026 omnia
904 4954 1016 4996 nos
1047 4941 1372 5016 contingat
1405 4935 1785 5026 promereri,
1815 4946 2018 5026 gratia
2041 4935 2102 5003 et
2133 4943 2572 5026 misericordia
2607 4935 2855 5000 Domini
2892 4942 3092 5001 nostri
3125 4943 3275 5002 Jesu
3311 4944 3550 5026 Christi
3577 4991 3590 5010 ,
3627 4965 3770 5006 cum
3805 4935 3942 5026 quo

663 5014 827 5071 l’atri
870 5033 991 5151 una
1023 5037 1163 5076 eum
1189 5014 1418 5079 sancto
1439 5021 1670 5097 Spiritu
1703 5014 1930 5101 gloria,
1967 5022 2328 5099 imperium,
2362 5023 2588 5088 honor,
2628 5041 2796 5080 nunc
2821 5029 2879 5080 ct
2912 5041 3186 5098 semper,
3223 5023 3368 5083 etin
3402 5027 3635 5086 saecula
3667 5014 3941 5088 smcu'le-

664 5110 824 5149 rum.
870 5127 883 5151 ι
923 5114 1086 5151 men.

664 5110 824 5149 Γυιη.
870 5110 1086 5153 Λιιιυιι.

671 5224 1337 5248 μ-Ψ--ρ-

1348 5237 1404 5244 —
1433 5237 1572 5244 ___._..__-
1581 5237 1658 5244 ...η
1667 5238 1865 5246 -οοονον-
1880 5240 2060 5247 .—___...
2069 5241 2080 5246 -

2087 5239 2314 5250 ν...-

2317 5240 3076 5258 ..φρ-*φῄ-

2010 5337 2352 5399 lit).\llLl.-\
2409 5343 2574 5402 Vlll.

736 5454 950 5557 Olnnis
982 5472 1235 5557 namque
1265 5456 1552 5557 pontifex
1585 5473 1660 5513 ex
1687 5456 2036 5557 [tonitribus
2065 5470 2568 5552 mrtemptusmro
2602 5463 2950 5524 hominibus
2979 5471 3391 5532 constituitur
3419 5475 3486 5535 in
3522 5476 3598 5538 iis
3621 5496 3757 5557 qua?
3778 5497 3929 5545 sunt

656 5542 734 5600 ait
765 5537 975 5597 Deum,
1016 5543 1077 5591 ut
1109 5535 1540 5624 ρχριναῑχιοηα⁸
1577 5544 1629 5592 et
1662 5537 1971 5634 sacriﬁcia
1999 5555 2117 5614 pro
2148 5535 2273 5615 peri

2306 5543 2419 5634 ritis
2451 5535 2469 5601 ξ·
2505 5545 2615 5634 qui
2666 5545 3011 5634 condo/ere
3033 5552 3232 5626 possit
3289 5554 3366 5613 iis
3397 5535 3923 5634 qui

657 5615 1300 5721 “rutilat/noniamiet
1335 5615 1458 5690 ipse
1486 5615 1904 5721 circumliniri.”
1930 5626 2012 5674 est
2049 5618 2430 5708 inﬁrmitate,
2552 5633 2886 5721 propterea
2917 5615 3082 5686 debet
3115 5615 3927 5721 quemadmodumprope:

655 5699 830 5799 pulp.
867 5693 956 5751 ita
980 5700 1156 5799 citium
1189 5694 1724 5799 caprascmetipso
1758 5695 1983 5799 ‘o/ferre
2001 5693 2125 5772 pro
2148 5700 2441 5799 peccatis;
2471 5693 2623 5799 νρῃ
2659 5693 2996 5765 ostendere
3025 5693 3156 5785 jam
3196 5712 3418 5776 beatus
3722 5693 3922 5799 «ida'm

660 5774 863 5876 inulto
882 5774 1897 5876 hoﬁcj
1911 5782 2359 5876 ﬂii-aniveius.
2396 5779 2570 5870 Facit
2601 5781 2717 5876 hoc
2740 5801 2940 5876 ergo,
2963 5774 3082 5847 hdc
3113 5790 3369 5868 longius

663 5858 1098 5955 instruens,‘et
1130 5853 1584 5955 praeseminans
1615 5853 2176 5955 ratiocinationes.
2204 5858 2367 5931 Quia
2409 5861 2586 5955 enim
2621 5862 2778 5920 nihil
2812 5853 2948 5923 erat
2984 5853 3370 5955 cumporcum

666 5938 941 6004 uarium,
976 5940 1226 6010 utputa,
1280 5949 1407 5991 non
1442 5933 1768 6010 templum,
1824 5951 1951 5995 non
1978 5942 2198 5996 saneta
2249 5945 2642 6011 sanctorum,
2690 5959 2815 6001 non
2854 5933 3138 6022 pontifei
3181 5933 3919 6028 tantam.—habens-cun;-
