4094 6414
559 417 663 470 513
1287 410 1344 460 δ.
1389 413 1434 458 J.
1479 403 1962 458 (IIIIHSOS'IOMI
2007 401 2168 454 IlU.\|l

2179 399 2312 453 lJ/E
2354 397 2418 451 ΙΝ
2459 395 2676 449 EPlST.
2721 394 2807 450 AD
2849 394 3049 449 IIEBR.
3678 387 3795 440 M1

547 505 920 572 sanctuario
956 500 1203 581 possint
1255 494 1466 556 offerri
1502 514 1514 551 :
1552 493 2148 581 nonjampeeudes
2186 493 2286 552 vel
2331 493 2558 581 boves,
2602 508 2730 581 non
2774 489 2908 581 jam
2970 489 3451 581 sanguineinet
3500 491 3757 581 adipem
3796 514 3812 581 ς

545 569 763 649 omnia
795 586 927 644 haec
950 569 1158 642 soluta
1195 582 1385 642 sunt,
1411 583 1472 634 et
1504 591 1618 652 pro
1655 569 1744 633 eis
1779 569 2211 632 introductum
2257 577 2351 631 est
2383 569 2767 652 rationabile
2814 570 3222 652 obsequium.
3255 571 3418 652 Quid
3464 569 3678 652 autem
3708 579 3816 634 est

545 647 928 732 rationabile
957 658 1332 735 obsequium
1351 658 1378 714 ?
1405 647 1559 735 Quae
1591 671 1703 729 per
1727 653 2029 735 animam,
2063 669 2207 735 quas
2235 650 2585 735 secundum
2617 650 2912 727 spiritum
2943 647 3302 735 offeruntur
3331 651 3651 735 (Spiritus
3690 663 3812 719 est.

549 727 783 825 inquit,
815 745 1000 804 Deus,
1031 747 1086 799 et
1120 727 1218 825 eos
1248 736 1357 815 qui
1396 727 1662 825 adorant
1693 751 1844 823 eum,
1899 731 1966 825 in
1994 731 2229 822 spiritu
2261 739 2313 789 et
2335 731 2613 825 seruate.
2637 736 2881 825 oportet
2915 727 3216 825 adorare.)
3255 750 3270 788 :
3300 731 3638 825 quidquid
3673 750 3814 825 non

549 807 789 905 indiget
817 807 1278 905 instrumentis:
1311 831 1517 905 neque
1541 812 1790 905 locis‘in
1819 807 2051 905 quibus
2082 811 2217 905 ipse
2240 810 2624 905 quidemes‘t
2653 807 2935 905 pontifex
2964 828 2980 905 Ξ
3005 809 3200 900 veluti
3227 816 3325 905 est
3351 807 3811 905 uia‘risueiudot

548 887 990 984 temperantia,
1013 887 2312 984 misericordia,patientia,iong'animnitas,
2347 887 3217 984 humilitas.Miraculiaenim
3250 889 3383 981 hinc
3409 897 3470 950 et
3499 890 3560 949 in
3591 891 3815 984 ἵειεᾴ

548 967 953 1047 Τεδίδωρηῐο
979 967 1264 1036 inveniet
1293 973 1435 1050 quis
1465 967 1620 1050 olim
1653 969 2328 1050 firmataoSacriﬁcate,
2355 968 2585 1050 inquit.
2608 967 2731 1027 Deo
2768 967 3458 1050 sacri/iciumjustitia';
3484 979 3566 1039 et,
3596 970 3818 1031 Sacri-

552 1046 1351 1147 ﬁcalesacriﬁcium‘laudis
1377 1047 1498 1143 ως,
1517 1049 1910 1147 Sacri/icium
1929 1046 2524 1147 laudisgloriﬁcaliit
2555 1065 2676 1114 me;
2707 1051 2788 1147 et),
2804 1046 3197 1147 Spcri/iciuin
3219 1050 3344 1147 Deo
3365 1051 3629 1127 spiritus
3661 1069 3813 1141 cori-

551 1125 888 1204 'ti‘ibulatus
913 1125 929 1203 Ξ
963 1142 1052 1203 et,
1087 1133 1256 1209 Quid
1284 1131 1583 1192 Dominus
1615 1125 1893 1209 exquirit
1929 1147 1967 1186 a
1995 1138 2072 1193 te,
2095 1128 2221 1209 nisi
2249 1125 2324 1186 ut
2352 1127 2572 1209 audias
2595 1144 2728 1185 cum
2753 1126 2781 1182 ?
2804 1125 3363 1209 Holocaustomata
3387 1125 3510 1206 pro
3531 1131 3819 1209 peccatis

549 1241 681 1283 non
704 1217 1024 1288 suscipies.
1058 1206 1226 1274 Tunc
1256 1211 1396 1270 dixi
1433 1230 1452 1268 :
1484 1210 1652 1270 Ecce
1682 1207 1940 1288 veniam,
1980 1216 2049 1266 ut
2080 1207 2308 1288 faciam
2334 1207 2716 1266 voluntatem
2740 1213 2910 1264 tuam
2933 1225 2956 1288 ;_
2981 1212 3042 1266 et
3073 1206 3331 1279 iterum,
3367 1209 3448 1268 Ut
3481 1206 3630 1288 quid
3655 1208 3818 1271 mihi

553 1302 815 1366 libamen
839 1285 911 1358 de
941 1292 1102 1357 Saba
1131 1312 1150 1350 :
1178 1289 1418 1351 discede
1444 1308 1481 1348 a
1509 1308 1619 1348 me.
1666 1287 1901 1348 Sanum
1931 1285 2384 1347 cantilenarum
2427 1295 2695 1366 tuarum,
2727 1293 2782 1343 et
2816 1285 3123 1366 psalmum
3155 1285 3535 1364 organorum
3558 1297 3819 1348 tuorum

557 1363 686 1441 non
718 1377 988 1441 audiam,
1019 1371 1123 1432 sed
1139 1389 1257 1450 pro
1288 1369 1428 1450 istis
1458 1366 1949 1450 misericordiam
1967 1366 2106 1425 τοῖο
2128 1411 2141 1430 ,
2169 1375 2224 1424 et
2253 1385 2382 1450 non
2411 1363 2826 1450 sacri/icium}-
2848 1364 3124 1450 lntueris
3155 1363 3457 1450 qualibus
3479 1367 3815 1429 sacrificiis

598 1461 848 1524 lacatur
901 1453 1109 1514 Deus?
1139 1444 1434 1509 'intueris
1466 1452 1527 1507 et
1580 1453 1750 1505 retro
1794 1445 1924 1524 jam
1958 1453 2268 1520 tempora,
2302 1446 2428 1505 alia
2459 1444 2718 1520 quidem
2770 1444 3183 1513 discedentia,
3217 1447 3343 1506 alia
3368 1447 3819 1509 introeuntia?

616 1556 702 1599 aee
734 1536 925 1615 igitur
944 1525 2120 1615 offeramus.lllziquidemdivitiarum
2147 1530 2302 1615 soni
2325 1524 2700 1615 etdivitum,
2721 1524 2856 1615 haec
2876 1530 3088 1615 autem
3113 1525 3401 1615 virtutis:
3436 1527 3545 1615 illa
3567 1529 3818 1615 extrin-

555 1603 916 1686 secusfista
948 1610 1332 1670 intrinsecus
1369 1627 1381 1664 :
1416 1606 1524 1666 illa
1547 1611 1607 1665 et
1635 1604 1902 1686 quilibet
1928 1603 2180 1686 operari
2204 1609 2431 1686 potest,
2453 1603 2598 1686 hinc
2628 1609 2842 1686 autem
2873 1604 3087 1679 pauci.
3116 1604 3371 1686 Quanto
3396 1608 3564 1666 enim
3581 1609 3818 1686 melior

552 1706 650 1756 est
695 1683 922 1772 pecore
970 1691 1182 1772 homo,
1213 1691 1414 1772 _ta_nto
1448 1686 1566 1744 hoc
1596 1683 1976 1744 sacrificium
2009 1683 2119 1772 illo
2151 1702 2178 1772 :_
2205 1683 2304 1742 hic
2363 1683 2533 1772 enim
2571 1683 2859 1772 animam
2898 1689 3076 1744 tuam
3134 1684 3525 1772 oblationem
3561 1685 3810 1772 roffers.

553 1762 714 1835 Sunt
743 1773 933 1832 etiam
956 1770 1097 1829 alia:
1126 1767 1505 1828 oblationes.
1539 1781 1682 1839 quae
1718 1781 1862 1821 vere
1894 1769 2044 1822 sunt
2076 1762 2655 1831 holocaustomata,
2681 1767 3039 1839 martyrum
3074 1780 3382 1839 corpora:
3409 1767 3490 1825 ibi
3513 1771 3569 1828 et
3593 1768 3819 1828 anima

556 1860 618 1918 et
645 1870 877 1929 corpus
907 1850 1091 1926 [add.
1129 1850 1421 1929 sancta];
1455 1846 1559 1929 ill_a
1591 1844 1909 1929 sacriiicia
1943 1844 2571 1929 odoremsuavitalis
2622 1843 2860 1929 habent
2889 1845 3267 1929 maximum.
3301 1845 3501 1929 ‘Potes
3527 1851 3589 1929 et
3637 1848 3730 1929 tu,
3762 1844 3823 1929 si

558 1921 861 2001 volueris,
894 1921 1020 1989 tale
1049 1921 1430 1989 sacrificium
1464 1923 1717 1982 offerre.
1750 1921 1911 2001 Quid
1944 1922 2138 1991 enim,
2175 1923 2227 1981 si
2267 1940 2394 1981 non
2427 1923 2556 2001 igni
2591 1924 3009 1983 comburatur
3040 1941 3272 2000 corpus
3299 1924 3326 1982 ?
3353 1924 3462 1983 sed
3503 1923 3628 1983 alio
3687 1923 3823 1994 igni

557 2017 799 2092 potest,
851 2000 1110 2092 rutpnta
1140 2005 1533 2092 paupertatis
1597 2000 1974 2092 voluntariae
2037 2000 2499 2092 tribulationis.
2540 2002 2698 2061 Cum
2724 2002 2893 2060 enim
2935 2003 3125 2063 liceat
3153 2002 3455 2092 deiiciose
3481 2009 3540 2092 et
3576 2009 3824 2092 optime

554 2081 804 2169 degere,
839 2094 898 2147 et
929 2081 1202 2164 eligatur
1232 2081 1552 2144 laboriosa
1584 2083 1710 2169 vita
1739 2085 2078 2169 etiamara,
2113 2099 2171 2138 m

2212 2081 2596 2169 irtiticasque
2625 2098 2884 2158 corpus,
2914 2099 3126 2169 nonne
3159 2083 3645 2169 holocaustoma
3677 2089 3774 2169 est
3796 2082 3829 2139 τ

554 2158 862 2231 Mdrtilica
893 2158 1046 2244 ergo
1071 2182 1300 2240 corpus
1332 2169 1511 2244 tuum
1543 2166 1604 2244 et
1633 2158 1964 2244 crucifige,
2001 2165 2062 2244 et
2090 2160 2325 2244 accipis
2373 2167 2458 2244 tu_
2490 2159 2680 2244 hujus
2719 2162 3009 2238 martyrii
3059 2178 3387 2221 coronam.
3421 2160 3620 2244 Quod
3645 2159 3827 2219 enim

553 2250 685 2310 illic
712 2237 1314 2326 gladius'opera—tur,
1349 2242 1467 2300 hoc
1498 2241 1598 2299 hic
1646 2239 1944 2326 alacritas
2003 2237 2388 2326 iaciat.iNon
2416 2237 2764 2326 incendia.
2801 2237 3012 2326 neque
3067 2248 3335 2326 occupet
3381 2241 3827 2326 pecuniarum

552 2318 767 2395 amor;
807 2325 1004 2401 magis
1035 2318 1486 2398 exstinguatur
1516 2319 1825 2394 cupiditas
1853 2318 1974 2378 ista
2007 2319 2373 2401 importuna
2413 2318 2560 2396 igne
2591 2319 3311 2401 spirituali,excidat_ur
3340 2320 3578 2401 gladio
3601 2319 3827 2397 Spiri-

557 2414 684 2466 tus.
718 2397 1307 2465 lslud‘sacrilicium
1339 2406 1434 2460 est
1481 2401 1746 2466 bonum,
1796 2414 1922 2459 non
1970 2414 2130 2474 Opus

2204 2400 2427 2458 labens
2464 2399 2817 2469 sacerdote,
2847 2399 2968 2459 nisi
3000 2400 3143 2476 ipso
3174 2398 3482 2459 offerente
3518 2419 3531 2457 :
3567 2398 3686 2458 hoc
3718 2405 3821 2458 est

555 2485 938 2546 sacrificium
968 2483 1204 2541 bonum
1240 2500 1254 2537 :
1284 2479 1581 2538 deorsum
1614 2476 1870 2553 quidem
1919 2476 2161 2536 functio
2191 2477 2329 2555 ejus
2361 2478 2726 2548 exhibetur,
2757 2478 2867 2539 sed
2915 2497 3174 2538 sursum
3238 2479 3572 2539 confestim
3601 2479 3820 2555 ipsum

555 2563 856 2625 ascendit.
890 2561 1112 2620 Nonne
1143 2559 1474 2628 miramur,
1507 2556 1661 2632 quia
1691 2556 1754 2614 in
1800 2555 2066 2632 antiquo
2113 2562 2400 2634 tempore
2433 2558 2597 2635 ignis
2629 2557 3022 2618 descendens
3072 2559 3292 2619 omnia
3350 2557 3821 2618 consumebat?

554 2644 730 2704 Licet
772 2642 880 2701 tibi
911 2646 969 2699 et
992 2657 1182 2709 nunc,
1222 2636 1650 2696 utdescendat
1684 2635 1848 2713 ignis
1873 2636 2072 2715 multo
2097 2637 2452 2697 mirabilior
2479 2637 2612 2709 illo,
2645 2643 2705 2696 et
2737 2637 2953 2697 omnia
2976 2644 3315 2698 consumat
3344 2655 3488 2715 qua:
3517 2635 3796 2696 offerun—

558 2728 662 2782 tur
693 2742 705 2779 :
740 2720 938 2797 magis
981 2725 1192 2797 autem
1229 2733 1355 2776 non
1388 2732 1802 2797 consumeie,
1823 2714 1929 2774 sed
1959 2733 2218 2797 sursum
2249 2716 2461 2797 levare
2499 2717 2821 2797 inermum
2880 2717 3027 2776 Haec
3054 2717 3222 2797 enim
3264 2714 3389 2776 non
3435 2716 3814 2794 rediguntur

556 2803 621 2861 in
650 2795 953 2868 cinerem,
989 2797 1096 2856 sed
1128 2796 1294 2855 dona
1318 2800 1468 2854 sunt
1501 2796 1654 2853 Deo.
1695 2795 1881 2852 Tales
1911 2795 2100 2854 etiam
2132 2804 2320 2854 erant
2359 2795 2640 2854 Cornelii
2688 2796 3048 2855 oblationes
3080 2816 3093 2853 :
3124 2795 3459 2857 Orationes
3502 2805 3650 2862 tum,
3702 2797 3818 2855 in—

555 2880 724 2958 quit,
754 2888 806 2938 et
837 2877 1219 2958 eleemosyna.’
1249 2883 1370 2958 tua;
1409 2873 1822 2958 ascenderunt
1857 2874 1921 2958 in
1965 2874 2313 2958 memoriam
2342 2874 2410 2932 in
2441 2884 2774 2951 conspectu
2812 2875 3820 2958 Dei'ilntuerisconjugationem

557 2951 902 3037 optimam?
932 2951 1111 3014 Tunc
1139 2954 1544 3023 exaudimur,
1584 2952 1840 3037 quando
1869 2957 1930 3011 et
1962 2968 2075 3010 nos
2109 2951 2402 3037 audimus
2437 2971 2752 3037 pauperes
2783 2954 3157 3037 accedentes
3188 2975 3200 3012 :
3233 2956 3358 3029 Qui
3380 2951 3816 3037 anteiniobtu-

554 3031 678 3104 τίη,
704 3037 934 3113 inquit,
961 3052 1136 3093 aures
1169 3052 1333 3099 suas,
1353 3043 1423 3091 ut
1455 3051 1580 3113 non
1607 3031 1822 3091 audiat
1845 3048 2200 3108 pauperem,
2222 3031 2712 3113 deprecationem
2736 3032 2866 3111 ejus
2900 3053 3028 3113 non
3050 3036 3341 3094 exaudiet
3370 3037 3555 3095 Deus.
3577 3035 3816 3094 Beatus

557 3118 720 3182 item,
775 3111 1002 3191 inquit,
1035 3113 1140 3191 qui
1189 3112 1487 3189 intelligit
1528 3127 1713 3189 super
1766 3128 2018 3191 egenum
2055 3118 2110 3168 et
2138 3129 2474 3191 pauperem
2506 3132 2526 3191 ί
2553 3111 2622 3169 in
2668 3111 2766 3171 die
2811 3113 2973 3171 mala
3011 3112 3295 3173 liberabit
3328 3133 3455 3173 eum
3479 3114 3814 3174 Dominus.

557 3197 743 3270 Quali
772 3189 981 3254 mala?
1010 3189 1126 3251 Sed
1163 3192 1273 3252 illa
1305 3192 1620 3272 maluerit
1649 3189 2114 3272 peccatoribus.
2136 3190 2312 3272 Quid
2343 3197 2459 3258 est,
2494 3190 2618 3264 Qui
2648 3192 2948 3267 intelligit
2971 3193 2998 3251 ?
3021 3193 3156 3252 Hoc
3191 3201 3311 3266 est,
3347 3195 3455 3270 qui
3484 3193 3820 3272 cognoscit

561 3268 711 3354 quid
744 3275 825 3333 sit
852 3289 1147 3354 pauper,
1171 3272 1280 3349 qui
1307 3270 1788 3354 tribulationem
1814 3268 1950 3354 ejus
1979 3270 2178 3354 porci;

2200 3271 2245 3327 it
2281 3289 2294 3326 :
2330 3287 2723 3348 cognoscens
2757 3272 2926 3331 enim
2961 3268 3438 3354 tribulationem
3471 3268 3817 3354 ejru's,iiutic

558 3348 686 3431 que
717 3348 1046 3413 confestim
1069 3348 1663 3431 miserebiturejus.
1698 3348 1756 3406 Si
1796 3348 2026 3431 videris
2060 3364 2434 3431 pauperem,
2467 3367 2594 3431 non
2631 3357 3068 3431 pertranseas;
3104 3353 3214 3410 sed
3267 3354 3479 3413 statim
3507 3348 3818 3430 'intellige

555 3427 700 3509 quis
735 3431 929 3502 fuisti,
951 3436 1061 3490 aut
1091 3430 1141 3489 si
1173 3437 1239 3509 tu
1269 3446 1440 3509 esses
1471 3428 1532 3485 in
1569 3427 2023 3509 illo,quid_non
2061 3429 2254 3487 velles
2286 3445 2507 3509 omnes
2545 3427 2774 3489 facere.
2801 3430 2925 3504 Qui
2953 3431 3286 3509 intelligit,
3328 3432 3560 3509 inquit.
3597 3427 3812 3490 Intel—

556 3506 681 3590 lige
707 3510 1111 3590 quiasimilis
1146 3508 1252 3567 tibi
1283 3508 1444 3590 iiber
1470 3515 1586 3590 est,
1621 3510 1682 3565 et
1711 3506 1996 3590 eamdem
2028 3509 2235 3590 tecum
2272 3507 2691 3590 participatur
2718 3506 3211 3590 generositatem
3240 3531 3258 3568 :
3286 3517 3348 3572 et
3385 3506 3560 3572 tanta
3590 3516 3806 3570 tecum

555 3585 921 3649 communia
946 3589 1157 3658 habet,
1187 3593 1248 3646 et
1277 3585 1563 3645 fortassis
1597 3603 1713 3645 nec
1743 3585 2162 3666 canibustuis
2195 3586 2460 3662 aaqualis
2485 3591 2613 3656 est;
2649 3585 2756 3648 sed
2807 3589 2897 3647 illi
2933 3589 3186 3666 quidem
3221 3594 3600 3650 saturantur
3625 3636 3641 3658 .
3688 3590 3810 3652 iste

558 3670 791 3745 stepius
825 3667 1124 3727 dormivit
1159 3666 1448 3725 esuriens
1485 3685 1498 3722 :
1539 3671 1599 3745 et
1634 3665 1832 3745 servis
1859 3665 1980 3724 tuis
2016 3665 2535 3724 inbonorabilior
2566 3673 2682 3733 est,
2716 3668 2825 3744 qui
2855 3665 3016 3728 liber
3053 3671 3367 3729 consistit.
3401 3669 3518 3730 Sed
3565 3670 3653 3730 illi
3691 3670 3807 3730 tibi

556 3744 921 3806 necessaria
951 3745 1158 3805 officia
1186 3745 1525 3820 complent.
1555 3744 1709 3817 Qum
1744 3744 1911 3805 ista?
1941 3745 2232 3804 serviunt
2261 3745 2370 3803 tibi
2399 3746 2606 3805 bene?
2638 3746 2696 3804 Si
2732 3756 2944 3807 autem
2980 3749 3319 3809 ostendero
3371 3749 3812 3810 necessarium

554 3826 833 3885 officium
867 3823 974 3884 tibi
1008 3825 1291 3901 implere,
1323 3824 1520 3882 multo
1548 3823 1822 3903 amplius
1855 3825 1935 3903 ab
1964 3822 2089 3903 illis
2136 3823 2338 3903 aderit
2365 3824 2475 3884 tibi
2510 3844 2522 3882 :
2553 3828 2793 3901 quippe
2829 3827 2892 3884 in
2925 3826 3023 3887 die
3050 3827 3271 3903 judicii
3300 3834 3360 3888 et
3390 3836 3571 3889 eruet
3628 3835 3685 3889 te
3726 3845 3810 3889 ex

554 3907 724 3984 igne.
757 3904 917 3978 Quid
951 3903 1074 3962 tale
1098 3921 1315 3963 omnes
1349 3904 1513 3961 servi
1544 3901 1833 3984 faciunt:
1862 3901 2129 3974 Quando
2173 3902 2444 3963 Tabitha
2483 3903 2780 3984 defuncta
2813 3911 2931 3976 est,
2976 3901 3119 3982 quis
3176 3924 3314 3967 eam
3363 3908 3815 3969 resuscitavit?

555 3981 725 4061 servi
758 3986 1262 4047 circumstantes.
1293 3998 1373 4040 an
1405 3982 1763 4057 pauperes?
1786 3981 1881 4061 Tu
1909 3987 2123 4041 autem
2154 4001 2172 4039 ι

2186 3998 2366 4057 neque
2398 3982 2596 4042 servis
2636 3983 2910 4044 liberum
2968 3981 3282 4061 aequalem
3339 3988 3548 4047 facere
3603 3989 3803 4047 voles.

554 4060 786 4140 Frigus
817 4068 945 4132 est,
983 4068 1042 4121 et
1063 4061 1231 4139 jacet
1263 4061 1490 4137 pannis
1531 4060 1956 4140 circumdatus
1986 4077 2232 4137 pauper
2261 4061 2637 4130 moriturus,
2666 4062 2886 4123 dentes
2915 4060 3242 4139 quatiens,
3273 4073 3333 4124 et
3363 4067 3546 4127 vultu
3583 4073 3645 4128 et
3688 4068 3816 4128 ha-

554 4138 694 4202 bitu
732 4138 1078 4218 deprecans
1117 4159 1130 4194 τ
1173 4146 1236 4198 tu
1269 4146 1481 4199 autem
1508 4138 1848 4199 calefactus
1881 4145 1941 4199 et
1970 4139 2186 4199 ebrius
2221 4142 2596 4217 pertransis.
2620 4142 2696 4200 Et
2719 4138 3041 4218 quomodo
3080 4149 3170 4204 vis
3204 4145 3428 4214 Deum,
3465 4148 3527 4205 in
3553 4145 3818 4207 calami-

561 4227 799 4285 tatibus
833 4232 888 4281 te
918 4221 1329 4301 constitutum
1359 4219 1679 4301 liberare?
1714 4220 2030 4301 Fortassis
2059 4230 2272 4282 autem
2305 4225 2493 4282 etiam
2526 4223 2644 4282 hoc
2676 4224 2846 4283 dices
2881 4243 2893 4280 :
2930 4224 3062 4301 Ego
3094 4225 3144 4283 si
3175 4243 3382 4286 essem
3424 4233 3481 4285 et
3514 4246 3816 4291 assume—

557 4323 691 4364 rem
725 4317 1115 4378 quemquam
1148 4299 1258 4374 qui
1287 4298 1481 4357 multa
1509 4299 1813 4374 peccavit,
1846 4301 2161 4360 mitterem
2189 4320 2358 4371 eum,
2389 4307 2449 4361 et
2480 4303 2646 4362 Deus
2673 4320 2799 4360 non
2832 4298 3130 4362 dimittit?
3162 4305 3294 4364 Non
3330 4306 3449 4365 hoc
3468 4307 3665 4370 dicas.
3699 4311 3810 4371 sed

550 4381 822 4457 eumqui
857 4380 1010 4437 nihil
1033 4379 1544 4460 pec_cavit,quem
1578 4382 1753 4460 potes
1775 4378 2074 4460 liberare,
2098 4381 2267 4440 hunc
2288 4381 2578 4456 despicis.
2606 4381 2680 4439 Et
2706 4381 3026 4456 quomodo
3056 4388 3112 4442 te
3135 4390 3504 4460 peccantem
3530 4386 3591 4444 in
3625 4386 3809 4450 illum

553 4455 857 4544 dimittit?
889 4475 1098 4516 nonne
1121 4457 1265 4544 haec
1290 4455 1580 4544 gehenna
1607 4455 1792 4533 digna
1825 4460 2012 4544 sunt?
2041 4459 2114 4517 Et
2137 4460 2288 4544 quid
2319 4455 2652 4544 mirabile?
2679 4455 2908 4537 sa‘pius
2938 4455 3192 4544 quidem
3227 4482 3458 4540 corpus
3485 4473 3809 4527 mortuum

557 4541 694 4600 sine
726 4555 947 4606 sensu,
983 4535 1250 4596 necdum
1289 4534 1421 4612 jam
1451 4534 1760 4593 honorem
1801 4538 2106 4606 sentiens,
2141 4534 2356 4599 decem
2401 4541 2719 4608 millibus,
2754 4534 2813 4598 et
2859 4534 3053 4600 variis
3089 4559 3249 4602 auro
3302 4534 3490 4603 textis
3523 4549 3807 4609 vestibus

557 4617 768 4679 induis
803 4637 816 4674 :
852 4633 1084 4692 corpus
1114 4621 1324 4674 autem
1355 4613 1522 4689 quod
1563 4613 1794 4690 frigore
1826 4614 2100 4675 afficitur
2128 4624 2188 4675 et
2217 4619 2571 4679 conciditur
2600 4623 2658 4678 et
2697 4619 3021 4678 cruciatur
3048 4629 3100 4679 el
3135 4621 3521 4682 distenditur
3545 4645 3624 4684 ex
3652 4626 3818 4688 fame

554 4695 1140 4783 etgelu,despicis,
1174 4699 1232 4751 et
1259 4693 1534 4783 amplius
1578 4710 1757 4783 vana}
1799 4693 2017 4770 glorize
2058 4698 2528 4783 subministras,
2569 4715 2772 4783 quam
2808 4699 3017 4783 timori
3053 4701 3186 4760 Dei.
3227 4703 3298 4783 Et
3329 4705 3577 4764 utinam
3600 4724 3812 4783 usque

557 4771 1064 4862 ad‘hocﬁtantum
1093 4789 1263 4830 esses
1296 4791 1309 4828 :
1342 4771 1812 4862 sedeonfestim
1859 4775 2185 4862 accusatio
2217 4777 2523 4862 adversus
2567 4771 3103 4862 interpellantem,
3134 4782 3294 4854 Quid
3328 4799 3457 4843 non
3484 4771 3809 4862 operat-ur,

560 4855 820 4930 inquis?
856 4853 1008 4928 quid
1047 4867 1278 4910 vacans
1305 4850 1626 4934 pascitur?
1659 4852 1769 4934 Dic
1798 4853 1975 4934 mihi,
2017 4863 2084 4913 tu
2123 4874 2234 4931 per
2263 4857 2703 4934 Operationem
2737 4850 2945 4918 habes
2971 4878 3113 4934 qum
3145 4850 3387 4921 habes?
3430 4850 3644 4926 nonne
3698 4850 3819 4926 he;

559 4935 1254 5014 reditatenipaternam
1286 4930 1640 5005 suscipiens
1661 4933 1790 5014 “lac
1819 4932 1872 5014 si
1914 4939 1973 5014 et
2001 4930 2484 5010 operansfnum
2519 4937 2658 4996 ideo
2705 4930 3063 5014 exprobras
3110 4942 3340 5000 alteri?
3369 4961 3584 5004 nonne
3626 4947 3815 5007 audis

561 5011 1167 5096 i’aulurn‘dicenlein
1195 5016 1573 5096 {postquam
1602 5010 1769 5096 enim
1799 5010 1993 5096 dixit:
2013 5013 2177 5096 Quia
2202 5017 2310 5096 qui
2349 5033 2475 5073 non
2498 5010 2816 5096 operatur",
2841 5036 3028 5096 neque
3053 5020 3376 5081 manducet
3403 5044 3420 5082 :
3463 5023 3586 5085 Vos
3617 5037 3819 5087 autem

560 5091 805 5172 bonum,
838 5091 1066 5172 inquit,
1096 5088 1386 5172 facientes
1418 5106 1547 5146 non
1588 5088 1930 5167 deﬁciatis?
1962 5091 2078 5150 Sed
2111 5088 2260 5169 quid
2299 5088 2549 5170 inquis,
2586 5088 3049 5172 lmpostor'est.

641 5169 988 5253 Quiddicis
1016 5213 1031 5239 ,
1057 5186 1094 5253 φ
1129 5168 1357 5253 homo,
1407 5173 1664 5253 propter
1697 5186 1894 5253 unum
1940 5168 2169 5246 panem
2218 5178 2279 5233 et
2316 5168 2762 5234 vestimentum
2797 5176 3203 5253 impostorem
3248 5199 3391 5240 eum
3435 5186 3671 5244 vocas?
3699 5184 3821 5246 Sed

563 5249 892 5309 confestim
929 5247 1151 5332 vendet
1191 5247 1380 5315 illud,
1419 5247 1654 5332 inquis.
1705 5249 1798 5307 'l‘u
1845 5257 2056 5332 autem
2117 5271 2180 5309 ei:

2204 5260 2344 5314 ncta
2402 5261 2510 5313 tua
2555 5256 2712 5314 bene
2769 5247 3095 5332 disponis?
3139 5259 3299 5332 Quid
3350 5265 3615 5322 autem?
3664 5283 3820 5328 num

563 5347 782 5388 omnes
814 5346 892 5416 ex
928 5327 1242 5416 vacuitate
1270 5327 1498 5404 egent?
1530 5344 1715 5416 nemo
1755 5347 1865 5404 per
1895 5331 2338 5416 naufragium,
2379 5350 2564 5416 nemo
2595 5353 2705 5410 per
2731 5327 2965 5411 judicia
2997 5381 3011 5402 ,
3040 5327 3224 5397 neuio
3257 5359 3370 5416 per
3395 5341 3592 5412 furta,
3630 5327 3821 5406 nemo

566 5427 678 5485 per
715 5407 1034 5487 pericula,
1067 5422 1253 5487 nemo
1285 5423 1399 5482 per
1424 5405 1862 5483 aagritudines,
1894 5427 2079 5470 nemo
2103 5405 2216 5487 per
2241 5413 2432 5471 aliam
2466 5405 2939 5487 calamitatem?
2966 5417 3078 5474 Sed
3108 5464 3122 5486 ,
3175 5419 3224 5477 si
3259 5405 3651 5484 audierimus
3685 5405 3823 5484 ali?-

561 5505 752 5625 ﬂuem
805 5485 952 5546 talia
999 5485 1467 5574 deplorantem,
1529 5486 1770 5563 majora
1825 5485 2244 5559 clamantem,
2306 5498 2366 5550 et
2427 5490 2665 5550 nudum
2717 5485 2900 5554 cailos
2939 5485 3412 5572 inspiCientem,
3461 5507 3520 5560 et
3551 5505 3820 5580 capillos

607 5567 1016 5625 emittentem.
1050 5571 1108 5622 et
1140 5565 1362 5625 Dannis
1400 5566 1858 5624 Circumdatum
1882 5612 1896 5625 .
1929 5567 2255 5625 confestim
2289 5588 2433 5625 eum
2473 5570 2880 5625 imnostorem
2911 5618 2925 5625 -
2967 5575 3250 5625 fallacem
3281 5623 3290 5625 Α
3330 5579 3651 5625 ἱι-νῑςηπ-ρηι
3693 5603 3820 5625 νη-

607 5567 1016 5647 emittentem,
1050 5571 1108 5622 et
1129 5565 1362 5647 pannis
1400 5565 1858 5647 circumdatum
1882 5612 1896 5633 ,
1929 5567 2224 5629 confestin

2206 5589 2255 5628 m
2289 5588 2433 5627 eum
2473 5570 2880 5647 impostorem
2911 5618 2926 5641 ,
2967 5565 3250 5635 fallacem
3279 5623 3293 5645 ,
3330 5565 3652 5640 irrisoreni
3693 5565 3823 5642 vn;

567 5664 806 5705 camus.
847 5643 1369 5725 Nonerubescis?
1408 5661 1597 5725 quem
1646 5646 2053 5722 impostorem
2085 5651 2314 5708 vocas?
2343 5650 2480 5707 Noli
2509 5643 2661 5710 dare
2683 5695 2698 5720 ,
2732 5658 2791 5710 ct
2821 5654 2950 5712 noli
2985 5643 3290 5717 accusare
3324 5658 3666 5722 hominem.
3700 5663 3820 5725 Sed

569 5725 793 5795 habet,
823 5724 1034 5800 inquis
1063 5726 1170 5803 ,ct
1197 5722 1395 5800 fingit.
1432 5724 1564 5784 Hoc
1591 5731 1699 5784 tua
1722 5731 1816 5785 est
1846 5729 2170 5786 accusatio
2196 5773 2210 5799 ,
2236 5746 2363 5788 non
2395 5730 2563 5788 illius
2601 5751 2614 5787 :
2647 5730 2757 5790 scit
2781 5734 2948 5792 enim
2979 5735 3123 5794 cum
3156 5735 3516 5800 crudelibus
3545 5758 3612 5800 se
3639 5722 3826 5803 habi;

567 5810 726 5893 iare,
758 5822 897 5893 cum
935 5802 1146 5893 bestiis
1180 5803 1612 5893 magis,qiiam
1645 5822 1788 5893 cum
1820 5805 2283 5893 hominibus,et
2310 5808 2640 5893 quia,_nisi
2668 5811 3029 5893 miserabile
3060 5815 3333 5892 proferat
3362 5821 3648 5893 verbum,
3676 5802 3825 5885 nul-

569 5882 699 5945 lum
751 5883 829 5943 ad
884 5881 1315 5944 miserandum
1369 5881 1664 5943 adducit:
1699 5889 1761 5944 et
1806 5890 2064 5962 prepter
2108 5886 2226 5949 hoc
2257 5881 2658 5965 compellitur
2692 5897 2754 5951 et
2795 5881 3081 5954 habitum
3136 5881 3824 5968 miserabiliorem—sibi
