4094 6474
259 414 366 469 id?)
946 423 1262 480 MU'I'IANO
1303 422 1546 478 SCIIOL.
1593 420 2058 476 INTERPRETE.
2099 449 2171 464 -
2211 421 2364 476 CAP.
2411 422 2520 476 VII.
2569 420 2802 477 Iit).\lll..
2849 421 2961 474 XII.
3485 423 3589 477 ’516

271 533 800 611 circumponere.
827 578 840 602 ,
874 540 940 592 ut
973 539 1146 611 tuam
1181 530 1434 606 frangat
1463 530 1770 588 animam.
1809 529 1870 588 Si
1908 529 2251 588 viderimus
2281 528 2564 611 aliquem
2594 528 2656 587 in
2691 527 2916 611 habitu
2950 528 3138 611 liberi
3171 529 3585 611 interpellan-

289 625 415 675 tem
444 609 566 674 nos
590 660 606 682 ,
639 614 771 673 iste.
798 659 813 684 ,
852 613 1062 688 inquis
1089 655 1102 678 ,
1136 610 1449 685 impostor
1477 615 1604 678 est,
1647 615 1706 666 et
1737 614 1803 667 ut
1833 615 2090 685 putetur
2122 625 2202 668 ex
2239 609 2566 688 generosis
2595 625 2736 688 esse
2758 652 2774 677 ,
2811 609 2931 668 isto
2959 609 3147 688 modo
3178 609 3548 686 interpellat
3581 655 3595 678 ,

292 697 344 756 si
385 694 741 755 viderimus
767 694 832 752 in
860 687 1184 750 contrario
1219 689 1478 756 habitu,
1530 693 1592 747 ct
1637 688 1815 747 illum
1847 689 2206 767 culpamus.
2245 687 2408 760 Quid
2438 693 2635 764 agant
2662 687 2738 747 de
2775 690 3050 748 caztero?
3075 687 3129 747 Ο
3160 689 3506 750 crudelitas
3541 699 3596 749 et

291 773 663 852 supinitasl
697 774 914 845 Quare
940 815 955 840 ,
991 769 1241 845 inquis,
1273 768 1472 844 aliqui
1508 770 1789 852 membra
1818 768 2329 852 suadenuda‘nt?
2369 769 2636 843 Propter
2662 767 2802 852 tezsi
2836 767 3280 852 misericordes
3309 787 3601 830 essemus

297 846 480 924 istis,
533 853 624 914 eis
661 851 910 913 artibus
959 866 1120 925 Opus
1175 864 1302 906 non
1339 853 1509 907 esset
1543 866 1556 904 :
1592 846 1642 906 si
1696 848 1897 923 prima
1931 847 2449 924 interpellatione
2481 846 2961 923 persuasissent
2985 891 3000 914 ,
3041 864 3171 907 non
3202 853 3380 909 tanta
3414 866 3604 910 com-

295 941 525 995 menta
581 931 1045 1008 exquisissent.
1093 927 1248 1008 Quis
1278 931 1391 1008 est
1438 926 1524 986 ita
1583 926 1816 994 miser,
1852 934 1921 1008 ut
1960 929 2109 1008 velit
2140 933 2388 986 tantum
2417 926 2697 1008 clamare
2713 934 2842 1008 ,Aut
2872 926 3120 986 velitad
3152 927 3603 990 confusionem

295 1014 564 1079 venire,
599 1017 669 1071 ut
692 1005 846 1070 velit
879 1007 1129 1086 publice
1151 1006 1526 1086 deplorare,
1560 1023 1706 1066 cum
1740 1006 1908 1066 nuda
1945 1007 2218 1085 conjuge
2240 1050 2255 1075 ,
2289 1024 2436 1065 cum
2468 1005 2656 1065 filiis?
2711 1006 2860 1067 Haec
2891 1023 3020 1083 qua
3054 1015 3434 1085 paupertate
3473 1026 3604 1072 non

293 1099 458 1153 sunt
488 1091 751 1168 peiora?
793 1084 911 1149 Sed
947 1104 1060 1164 pro
1085 1086 1181 1147 his
1236 1102 1364 1144 non
1407 1084 1616 1144 solum
1667 1084 2170 1146 misericordiam
2205 1086 2449 1146 nullam
2477 1102 2517 1146 a
2544 1086 2731 1147 vobis
2756 1086 3119 1163 accipiunt,
3150 1084 3352 1165 magis
3388 1096 3604 1147 autem

292 1189 497 1250 etiam
525 1186 936 1244 accusantur.
970 1178 1192 1240 Adhuc
1218 1182 1433 1238 autem
1464 1183 1525 1235 et
1554 1174 1998 1252 indignamur,
2030 1175 2343 1251 quoniam
2383 1176 2585 1256 Deum
2622 1181 2960 1252 precantes
3007 1193 3135 1234 non
3169 1175 3559 1256 exaudimur
3590 1227 3607 1256 ,

292 1267 517 1328 adhuc
545 1261 825 1340 graviter
873 1259 1132 1340 ferimus
1157 1257 1512 1340 ,_quoniar_n
1548 1271 1674 1313 non
1710 1257 2131 1331 impetramus
2157 1259 2487 1333 rogantes.
2524 1255 2661 1340 Non
2695 1256 3288 1340 contremisczinus,
3322 1255 3616 1340 dilectis-9-

292 1345 504 1407 simi?
533 1333 653 1402 Sed
685 1340 916 1417 saepius
952 1337 1132 1409 dedi,
1181 1333 1429 1417 inquis.
1459 1336 1554 1394 Tu
1593 1345 1806 1417 autem
1845 1350 1975 1392 non
2030 1351 2284 1417 semper
2321 1336 2640 1417 vesceris?
2705 1333 3059 1417 infantulos
3106 1341 3322 1417 autem
3380 1335 3616 1412 sapius

293 1428 596 1504 petentes
631 1413 1110 1504 non'adyocas?
1157 1415 1211 1477 Ο
1248 1413 1742 1504 inverecundial
1801 1429 2154 1504 pauperem
2186 1414 2961 1504 inverecundum‘voc‘a‘s'?
2993 1421 3057 1504 tu
3091 1415 3352 1504 rapiens
3389 1432 3517 1476 non
3547 1433 3616 1504 es

297 1493 782 1565 inverecundus
804 1541 819 1568 ,
853 1498 958 1557 ille
985 1501 1201 1557 autem
1227 1511 1343 1572 pro
1373 1511 1538 1571 pane
1567 1493 1919 1570 deprecans
1940 1537 1955 1563 ,
1985 1493 2456 1573 inverecundus
2476 1493 3008 1572 judicatur?Non
3042 1493 3343 1573 intelligis
3372 1502 3620 1571 quanta

299 1589 409 1646 est
437 1581 778 1640 necessitas
812 1577 1097 1636 ventris?
1128 1591 1345 1634 nonne
1372 1573 1588 1633 omnia
1621 1572 2196 1653 proptereafacis?
2225 1589 2442 1633 nonne
2473 1573 2837 1651 spiritualia
2870 1579 3132 1652 propter
3156 1572 3279 1633 hoc
3302 1575 3574 1653 negligis
3593 1575 3622 1634 τ

301 1681 442 1722 non
478 1660 700 1720 cadum
727 1656 837 1715 tibi
872 1656 1270 1733 propositum
1303 1659 1430 1721 est,
1461 1658 1828 1733 etregnum
1870 1652 2224 1733 caelorum?
2270 1657 2598 1733 tu_autem
2627 1654 2869 1716 ventris
2905 1656 3138 1714 timens
3168 1652 3576 1733 tyrannidem
3600 1696 3616 1722 ,

301 1740 531 1801 omnia
591 1731 909 1797 sustines.
961 1731 1022 1795 et
1073 1735 1180 1794 illa
1229 1732 1612 1794 contemnis.
1652 1731 1795 1790 Hmc
1848 1735 1946 1790 est
1976 1731 2462 1794 inverecundia.
2524 1732 2577 1793 Ο
2611 1734 2897 1796 vanitas!
2931 1735 3041 1795 [lle
3070 1780 3084 1806 ,
3118 1731 3368 1810 inquis,
3408 1739 3620 1794 tantos

303 1835 550 1882 aureos
582 1816 965 1885 faeneratur,
996 1814 1103 1874 ille
1140 1818 1350 1873 tantos
1377 1856 1392 1882 ,
1428 1818 1489 1872 et
1519 1810 1857 1869 mendicat.
1893 1812 2244 1870 Puerorum
2278 1813 2373 1872 Ine
2405 1811 2636 1874 fabulze
2661 1819 2853 1886 sunt,
2888 1820 2948 1875 ct
2981 1815 3297 1875 vanitates
3336 1833 3349 1871 :
3385 1813 3624 1873 etenim

307 1897 690 1979 pueritales
722 1893 971 1979 fabulas
1005 1910 1041 1952 a
1075 1892 1435 1979 nutricibus
1467 1891 1758 1979 audiunt.
1801 1889 1939 1948 Non
1984 1890 2140 1979 mihi
2181 1891 2810 1979 _persuadetur,‘no_n
2837 1894 3026 1979 credo
3053 1940 3068 1967 ,
3100 1893 3291 1979 absit.
3327 1892 3417 1953 Ad
3453 1909 3627 1979 usu—

305 1970 456 2040 ram
489 1977 595 2036 dat
624 1975 804 2052 quis,
835 1979 897 2032 et
932 1974 994 2032 in
1029 1971 1426 2032 abundantia
1455 1970 1846 2052 constitutus
1881 1970 2225 2052 mendicat.
2267 1971 2682 2052 Quacausa?
2711 1973 2809 2032 dic
2843 1974 2996 2032 mihi
3033 1993 3047 2032 :
3077 1972 3231 2050 quid
3269 1970 3624 2052 estconfuf

307 2057 571 2119 sibilins
594 2056 620 2113 ?
645 2048 881 2113 melius
914 2053 1152 2129 quippe
1180 2056 1277 2111 est
1307 2049 1507 2117 mori,
1541 2067 1737 2125 quam
1772 2048 2158 2110 mendicare.
2191 2050 2511 2122 Quamdiu
2549 2052 2635 2112 ita
2668 2053 2883 2129 supini
2929 2048 3202 2114 sumus?
3231 2051 3396 2126 Quid
3428 2051 3627 2129 ergo?

309 2153 545 2197 omnes
573 2134 648 2194 ad
685 2148 950 2192 usuram
983 2131 1173 2199 dant,
1209 2147 1432 2188 omnes
1467 2129 1848 2204 impostores
1887 2135 2074 2197 sunt,
2110 2131 2325 2190 nullus
2358 2149 2583 2191 revera
2616 2150 2865 2208 pauper
2912 2133 3051 2192 est?
3077 2133 3285 2192 Etiam
3314 2175 3332 2202 ,
3365 2132 3583 2208 inquis
3605 2173 3623 2201 ,

310 2224 381 2277 et
413 2213 617 2284 multi,
642 2211 806 2286 Quid
839 2211 1168 2290 ergo?VeI
1200 2210 1290 2269 eis
1324 2226 1451 2268 non
1473 2207 1740 2268 exhibes
1770 2207 2092 2290 auxilium
2121 2227 2134 2265 :
2169 2215 2237 2268 ut
2259 2210 2411 2290 quid
2457 2207 2716 2270 exsistis
2756 2207 3191 2286 scrupulosus
3225 2212 3368 2272 vitae
3398 2207 3626 2270 eerum

312 2293 738 2357 enucleator?
769 2290 887 2351 Sed
931 2291 1027 2350 Ine
1067 2290 1441 2350 occasiones
1481 2292 1633 2346 sunt
1669 2292 1730 2347 et
1783 2289 2262 2348 excusationes.
2320 2289 2508 2349 ()m-ni
2540 2291 2782 2366 pete-nti
2814 2300 2866 2350 te
2899 2292 3011 2357 (la,
3051 2302 3106 2350 et
3152 2292 3456 2351 colentem
3501 2308 3538 2348 α
3572 2298 3627 2346 te

310 2373 600 2434 mutuari
629 2389 758 2430 non
790 2370 1110 2430 averseris.
1146 2366 1432 2428 Extende
1461 2384 1723 2426 manum
1753 2370 1962 2435 tuam,
2005 2384 2136 2426 non
2166 2369 2247 2426 sit
2269 2375 2620 2428 contracta.
2654 2371 2792 2429 Non
2826 2373 2998 2431 enim
3043 2372 3321 2430 vitarum
3370 2369 3630 2430 consli-

312 2454 442 2515 ιιιιί
471 2469 692 2512 sumus
722 2450 1151 2518 discussores;
1190 2447 1435 2524 alioqui
1472 2447 1687 2505 nullus
1735 2446 1856 2505 hoc
1887 2446 2540 2527 modo‘miserebitur.
2571 2448 2784 2522 Quare
2813 2495 2827 2520 ,
2863 2450 3124 2526 quando
3156 2452 3358 2511 Deum
3397 2467 3588 2527 rogas
3610 2492 3626 2517 .

313 2533 482 2592 dicis
517 2552 532 2589 :
562 2533 976 2590 Peccatorum
1001 2545 1288 2588 meorum
1319 2545 1397 2586 ne
1425 2527 1840 2586 memineris?
1871 2525 2174 2596 Proinde,
2209 2532 2270 2586 et
2307 2529 2355 2587 si
2395 2528 2576 2587 valde
2617 2532 2698 2588 sit
2736 2529 2841 2588 ille
2881 2525 3184 2605 peccator
3209 2577 3224 2600 ,
3263 2531 3383 2588 hoc
3411 2525 3626 2605 ipsum

310 2620 388 2673 et
418 2613 481 2670 in
518 2611 654 2686 ipso
677 2608 1048 2676 considera,
1078 2613 1140 2668 et
1172 2606 1301 2665 noli
1334 2606 1656 2686 reminisci
1696 2611 2106 2686 peccatorum
2142 2606 2303 2683 ejus.
2335 2609 2615 2685 Tempus
2645 2614 2742 2669 est
2766 2609 3250 2676 misericordiae.
3287 2626 3414 2668 non
3448 2625 3632 2668 scru-

315 2684 572 2769 pulosa:
598 2687 1059 2769 discussionis;
1095 2685 1584 2769 misericordize,
1621 2701 1750 2769 non
1782 2684 2316 2769 ratiocinationis.
2367 2684 2607 2746 Nutriri
2643 2690 2774 2769 vult
2810 2708 2822 2745 :
2858 2689 3177 2764 siquidem
3205 2691 3298 2748 vis
3324 2734 3339 2758 ,
3377 2687 3629 2769 tribue;

318 2765 382 2831 si
419 2774 634 2830 autem
667 2783 794 2828 non
832 2767 924 2826 vis
948 2812 963 2836 ,
998 2767 1240 2826 dimitte
1273 2767 1410 2825 sine
1444 2765 1904 2845 increpatione.
1938 2765 2161 2845 Quare
2192 2767 2388 2827 miser
2414 2786 2480 2826 es
2515 2775 2573 2828 et
2612 2768 2882 2828 infelix?
2926 2787 3131 2845 quare
3164 2788 3280 2829 nec
3314 2775 3379 2827 tu
3421 2767 3633 2827 mise-

319 2849 494 2910 reris
521 2892 536 2917 ,
570 2854 630 2906 et
668 2847 954 2926 volentes
986 2847 1266 2908 avertis?
1291 2842 1567 2926 Quando
1595 2843 1764 2903 enim
1798 2843 2213 2926 ille_audierit
2246 2864 2279 2905 a
2319 2852 2408 2914 te,
2443 2847 2764 2919 Quoniam
2798 2847 2916 2907 iste
2948 2842 3262 2926 deceptor
3289 2853 3418 2919 est,
3452 2863 3633 2925 quo-

317 2930 505 2989 niam
533 2927 636 2986 ille
657 2925 838 2985 fictor
868 2931 1002 2993 est,
1027 2926 1334 3002 quoniam
1360 2924 1464 2982 ille
1495 2923 1570 2981 ad
1604 2939 1866 3004 usuram
1898 2923 2041 3004 dat,
2070 2923 2292 3001 incipit
2327 2944 2536 3003 neque
2571 2927 2708 2986 istis
2743 2927 2896 2987 dare
2919 2972 2933 2998 ,
2971 2923 3180 3004 neque
3207 2929 3372 2987 illis:
3405 2923 3632 2987 omnes

325 3011 401 3066 in
433 3006 802 3083 suspicione
837 3001 1128 3076 habebit,
1168 3005 1324 3064 tales
1345 3003 1794 3084 esseputabit.
1830 3001 2014 3084 Scitis
2043 3004 2213 3084 enim
2245 3006 2396 3082 quia
2421 3001 2563 3082 quin
2599 3007 2765 3066 mala
2796 3013 2945 3066 sunt
2972 3001 3158 3079 facile
3182 3009 3632 3084 suspicamur;

320 3104 482 3162 quae
515 3081 666 3145 vero
693 3085 932 3160 optima
962 3129 976 3150 ,
1027 3102 1151 3142 non
1189 3085 1296 3144 ita;
1340 3082 1710 3164 Eliiciamur
1764 3081 2208 3164 misericordes
2233 3081 2275 3152 ,7
2307 3103 2433 3142 non
2481 3085 3121 3164 quomodocumque,
3162 3089 3270 3148 sed
3300 3081 3636 3164 quomodo

320 3169 520 3227 Pater
551 3164 1056 3245 nostercazlestis
1090 3164 1265 3245 :ipse
1297 3167 1357 3245 et
1384 3162 1709 3245 adulteros
1746 3165 1808 3218 et
1858 3162 2225 3245 meretrices
2260 3169 2319 3222 et
2353 3163 2675 3245 maleﬁcos
2727 3162 3050 3244 gubernat
3094 3187 3109 3226 :
3158 3173 3219 3228 et
3249 3162 3403 3245 quid
3449 3165 3642 3225 dico?

322 3263 591 3303 omnem
622 3243 902 3319 speciem
937 3243 1292 3319 iniquitatis
1327 3242 1658 3302 habentes.
1684 3240 1755 3299 In
1789 3245 1964 3322 tanto
1996 3242 2166 3322 enim
2211 3243 2449 3302 mundo
2499 3240 2763 3306 necesse
2794 3252 2892 3306 est
2937 3263 3076 3307 esse
3115 3240 3373 3307 tales—et
3425 3245 3640 3322 pluri—

321 3341 472 3383 mos
510 3343 521 3379 :
557 3317 996 3402 verumtamen
1029 3317 1253 3381 omnes
1301 3322 1537 3388 nutrit,
1587 3337 1808 3402 omnes
1858 3317 2065 3402 induit
2101 3321 2362 3402 :nullus
2415 3322 2581 3383 fame
2633 3327 2823 3400 periit
2878 3327 3232 3402 aliquando
3257 3371 3271 3396 ,
3311 3317 3440 3386 nisi
3471 3324 3637 3387 forte

325 3408 585 3479 sponte.
615 3401 713 3460 Sic
742 3401 1097 3460 efficiamur
1127 3403 1317 3460 etiam
1354 3418 1470 3459 nos
1509 3399 1931 3479 rmiseratores
1969 3419 1982 3455 :
2018 3401 2069 3459 si
2097 3400 2446 3478 quisquam
2479 3399 2648 3479 opus
2672 3399 3007 3476 habuerit,
3043 3413 3105 3465 et
3154 3407 3217 3465 in
3254 3406 3640 3467 necessitate

323 3478 936 3562 {nerit,_anxiliare.
976 3481 1157 3540 Nunc
1195 3487 1409 3562 autem
1445 3478 1678 3562 adhoc
1725 3478 2305 3562 irrationabilitatis
2347 3478 2639 3562 venimus
2664 3528 2678 3553 ,
2716 3490 2784 3544 ut
2837 3503 2964 3544 non
3016 3486 3224 3545 solum
3260 3487 3431 3546 circa
3465 3502 3640 3562 pau-

328 3577 522 3640 peres
570 3559 699 3640 hoc
749 3559 1098 3625 faciamus.
1154 3561 1264 3636 qui
1310 3577 1435 3640 per
1472 3559 1660 3640 ‘vic‘os
1712 3557 2085 3640 ambulant,
2123 3559 2234 3619 sed
2283 3561 2475 3620 etiam
2524 3564 2694 3624 circa
2728 3566 2900 3624 viros
2948 3566 3395 3626 monachalem
3443 3557 3642 3626 vitam

325 3636 623 3718 agentes.
657 3639 772 3698 Ille
803 3640 1112 3716 impostor
1138 3647 1263 3706 est,
1305 3637 1542 3715 inquis.
1575 3638 1712 3696 Non
1748 3638 1867 3696 hoc
1896 3636 2185 3718 dicebam
2209 3640 2454 3716 pridem
2480 3687 2494 3712 ,
2553 3643 2708 3718 quia
2739 3644 2790 3704 si
2828 3643 3271 3704 indifferenter
3332 3645 3641 3707 omnibus

323 3716 593 3802 demus,
628 3736 884 3802 semper
911 3719 1391 3802 miserebimur;
1425 3718 1476 3777 si
1510 3724 1723 3802 autem
1748 3716 2128 3802 coeperimus
2169 3721 2444 3802 scrutari
2466 3765 2480 3790 ,
2518 3716 2878 3802 numquam
2909 3723 3419 3784 miscricordiam
3467 3742 3646 3802 prac—

327 3798 698 3860 stabimus?
724 3797 886 3867 Quid
917 3798 1118 3858 dicis?
1145 3806 1214 3857 ut
1238 3815 1471 3874 panem
1503 3797 1812 3873 accipiat,
1845 3797 2156 3872 impostor
2183 3799 2329 3859 est?
2371 3799 2430 3857 Si
2469 3797 2729 3875 quidem
2762 3802 2904 3862 auri
2938 3805 3178 3863 talenta
3223 3797 3544 3878 quaereret
3574 3811 3642 3866 et

327 3884 632 3962 argenti,
683 3889 797 3944 aut
846 3893 1051 3944 vestes
1106 3884 1455 3960 pretiosas,
1486 3887 1592 3943 aut
1638 3899 1900 3949 servos,
1945 3880 2044 3940 vel
2079 3879 2252 3962 aliud
2290 3879 2679 3962 quidquam,
2725 3881 2955 3939 merito
2988 3881 3131 3955 quis
3175 3880 3366 3962 istum
3409 3883 3653 3943 diceret

329 3958 748 4039 deceptorem
786 3983 799 4020 :
835 3964 886 4023 si
919 3958 1134 4024 autem
1168 3963 1325 4021 nihil
1361 3963 1590 4022 horum
1622 4007 1635 4028 ,
1671 3965 1776 4020 sed
1809 3959 2345 4039 gubernationem
2371 4002 2384 4026 ,
2420 3963 2483 4016 et
2516 3958 2968 4039 vestimentum
2999 4003 3012 4022 ,
3047 3976 3193 4039 quae
3220 3960 3656 4037 philosophia;

330 4037 530 4111 sunt,
567 4043 881 4119 numquid
930 4043 1064 4103 haec
1115 4043 1474 4119 deceptoris
1507 4043 1701 4101 sunt?
1735 4037 1833 4100 dic
1869 4039 2049 4119 mihi.
2082 4037 2505 4109 Quicscamus
2556 4039 2636 4119 ab
2682 4038 2799 4098 hac
2845 4038 3129 4119 absurda
3178 4041 3555 4102 curiositate
3588 4051 3652 4102 et

329 4123 662 4183 diabolica
714 4116 775 4181 et
831 4116 1293 4199 pcremptoria:
1345 4122 1405 4181 Si
1446 4123 1615 4180 enim
1674 4122 1738 4179 in
1775 4121 1947 4180 clero
1996 4118 2268 4199 electnm
2303 4135 2370 4174 se
2398 4134 2536 4176 esse
2566 4116 2772 4186 dicat,
2804 4119 2854 4177 si
2890 4117 3289 4199 sacerdotem
3323 4122 3648 4188 nominet,

332 4209 675 4270 scrutare;
733 4195 862 4260 non
923 4195 1093 4260 enim
1149 4202 1286 4261 sine
1346 4201 1634 4279 periculo
1691 4202 1755 4260 in
1807 4200 2042 4258 talibus
2081 4195 2458 4279 indiscussa
2493 4198 2994 4279 communicatio
3022 4203 3157 4266 est;
3193 4200 3363 4259 circa
3399 4201 3649 4279 majora

332 4280 702 4361 periculum
744 4282 1011 4341 vertitur
1062 4301 1075 4338 :
1119 4281 1171 4340 si
1216 4275 1367 4361 vero
1402 4298 1517 4358 pro
1575 4280 1972 4361 nutrimento
2006 4276 2287 4354 postulat
2315 4319 2348 4361 ,γ
2374 4275 2534 4333 nihil
2571 4278 2947 4347 examines;
2983 4295 3110 4361 non
3145 4279 3316 4361 enim
3351 4281 3464 4339 das
3490 4275 3652 4349 [sed

336 4357 604 4437 accipis.
628 4361 964 4433 Quomodo
996 4361 1321 4420 Abraham
1355 4357 1854 4437 hospitalitatem
1882 4358 2051 4416 circa
2071 4373 2304 4437 omnes
2335 4360 2744 4437 transeuntes
2777 4357 3196 4417 ostendebat?
3231 4359 3291 4416 Si
3328 4365 3655 4420 scrutator

337 4435 570 4501 fuisset
600 4442 770 4500 circa
813 4440 1201 4519 refugientes
1232 4440 1311 4500 ad
1362 4459 1428 4500 se
1453 4435 1859 4515 {numquam
1893 4436 2160 4519 angelos
2217 4435 2512 4519 hospitio
2548 4437 2935 4513 recepisset;
2988 4437 3281 4519 fortassis
3312 4439 3484 4498 enim
3520 4459 3652 4500 non

336 4527 581 4600 putans
602 4538 712 4600 eos
750 4514 1015 4600 angelos
1049 4538 1190 4580 esse
1216 4563 1230 4588 ,
1261 4537 1404 4600 cum
1453 4514 1722 4595 reliquis
1757 4517 2136 4594 repelleret:
2177 4514 2285 4600 sed
2314 4514 2624 4600 quoniam
2656 4533 2879 4600 omnes
2913 4516 3343 4600 suscipiebat,
3371 4521 3655 4600 suscepit

336 4595 406 4660 ἐι
435 4599 722 4676 angelos.
753 4595 888 4657 Non
927 4600 1098 4659 enim
1120 4618 1200 4658 ex
1235 4599 1362 4659 vita
1394 4600 1847 4676 accipientium
1882 4613 1917 4655 a
1952 4601 2010 4676 te
2039 4595 2396 4676 mercedem
2426 4595 2535 4676 tibi
2584 4596 3018 4655 retrihuturus
3068 4604 3162 4656 est
3194 4598 3400 4666 Deus;
3433 4598 3540 4657 sed
3571 4619 3654 4660 ex

337 4673 680 4738 voluntate
706 4722 720 4744 ,
750 4696 832 4738 ex
862 4678 1352 4738 honorificentia
1383 4673 1583 4739 multa
1611 4724 1624 4745 ,
1655 4696 1735 4737 ex
1766 4673 2205 4735 misericordia
2232 4718 2246 4743 ,
2273 4692 2352 4732 ex
2384 4675 2694 4734 bonitate.
2724 4676 2869 4735 Haec
2897 4677 2948 4734 si
2976 4676 3103 4734 sint
3132 4677 3193 4735 in
3228 4684 3319 4746 te,
3350 4683 3408 4737 et
3439 4680 3655 4740 omnia

337 4757 721 4824 adipisceris
757 4759 922 4816 bona
953 4778 966 4816 :
997 4775 1141 4834 quae
1171 4758 1416 4817 cunctis
1449 4759 1633 4817 nobis
1664 4758 1996 4831 contingat
2025 4752 2325 4834 adipisci,
2353 4755 2562 4834 gratia
2595 4759 2656 4812 et
2678 4755 3125 4816 misericordia
3161 4758 3415 4816 Domini
3451 4761 3654 4819 nostri

331 4839 500 4895 .Icsu
532 4834 803 4896 Christi:
838 4855 983 4896 cum
1019 4832 1152 4913 quo
1185 4838 1352 4896 Patri
1389 4855 1518 4899 una
1551 4856 1695 4898 cum
1739 4843 1962 4896 sancto
2013 4832 2256 4911 Spiritu
2311 4833 2518 4912 gloria
2544 4878 2560 4906 ,
2614 4835 2954 4912 imperium
2984 4881 2998 4906 ,
3063 4836 3272 4895 honor
3298 4881 3314 4909 ,
3378 4856 3550 4900 nunc
3599 4845 3660 4901 et

335 4933 639 4991 semper,
675 4923 734 4974 et
766 4916 829 4974 in
861 4917 1096 4978 saecula
1137 4918 1544 4977 szeculorum.
1577 4920 1802 4977 Amen.

3563 5049 3631 5069 ιη

1729 5157 2082 5218 HOMILIA
2129 5155 2274 5219 XII.

457 5305 526 5365 11
535 5305 588 5363 ic
619 5301 782 5361 enim.
811 5291 1281 5359 Melchisedech,
1317 5309 1432 5351 rex
1453 5287 1676 5353 Salem,
1731 5284 2016 5345 sacerdos
2048 5283 2164 5365 Dei
2194 5280 2469 5365 summi,
2505 5281 2614 5360 qui
2647 5279 2928 5365 obv‘iavit
2981 5278 3260 5365 Abrahm,
3317 5302 3594 5362 regresso
3643 5310 3680 5348 α

370 5360 787 5460 εφᾶεννεῃιιιη,
821 5387 874 5436 ει
903 5375 1217 5436 benedixit
1253 5373 1304 5432 ei
1315 5421 1326 5438 ,
1352 5371 1452 5460 cui
1481 5368 1756 5460 decimas
1778 5365 2049 5423 omnium
2070 5362 2288 5452 dirisit
2320 5363 2638 5454 sprimum
2661 5360 2905 5450 quidem
2931 5361 3039 5460 qni
3068 5360 3528 5460 interpretata?“
3566 5384 3682 5457 rex.

695 5440 918 5520 deinde
947 5465 1150 5515 autem
1184 5471 1298 5512 rex
1333 5449 1556 5514 Salem,
1589 5446 1756 5537 quod
1787 5454 2013 5548 est'rea:
2048 5443 2222 5532 pacis
2263 5442 2443 5548 :D'sine
2466 5451 2670 5520 patre,
2704 5440 3074 5548 si'acIinalrz‘e:
3110 5441 3242 5500 sine
3272 5446 3636 5548 genenlogz’p
3665 5498 3678 5516 ,

373 5520 857 5624 Iriweilvii—cviiriitimn
901 5536 1164 5606 dierum,
1196 5550 1391 5611 neque
1422 5520 1771 5624 ﬁngit-vitm
1795 5523 2045 5624 habens,
2079 5521 2463 5624 assimilatas
2492 5530 2695 5624 qul‘em
2733 5520 3067 5624 ⁸ΙῖίζιόψΙὴτς
3086 5569 3097 5586 ,
3153 5520 3684 5624 nzar‘tctsacei'clos

375 5600 868 5706 ὲῆὶένρεωωη.
903 5600 1869 5706 Volens,Pamusﬂiﬁergnqam
1899 5604 2344 5706 gemensl‘rare
2367 5601 2526 5706 lno‘vi
2559 5606 2622 5660 et
2653 5600 2885 5660 veteris
2921 5601 3340 5706 festamenti,
3363 5603 3437 5706 Jin
3465 5608 3683 5670 multis

522 5682 942 5767 dirsseminat,
982 5700 1043 5754 et
1073 5694 1421 5773 jaculatur,
1454 5695 1518 5748 et
1547 5687 1741 5773 veluti
1771 5683 2051 5773 quodam
2085 5682 2520 5773 tintinnabulis
2564 5685 3210 5773 praeoclcupatuaures
3240 5683 3640 5773 'auditorum
3667 5735 3684 5761 ,

787 5759 1137 5839 C(mresiﬁn
1170 5759 1512 5851 quippe‘ab
1545 5759 1978 5853 ipsoes'ordio
2018 5763 2137 5853 hoc
2172 5761 2414 5853 injecit,
2447 5761 2666 5853 dicens
2696 5780 2709 5815 :
2744 5759 3403 5853 .Qnia‘illishquidern
3435 5759 3687 5853 loqu‘u}

626 5840 1312 5941 'prophetisLnobis
1336 5840 1839 5941 a_uttlrn:in_Filio
1862 5865 1890 5941 Δε
1925 5851 1987 5904 et
2019 5842 2144 5934 illis
2168 5841 2429 5941 quidem
2447 5840 3208 5941 mgultgifagiittnflfuttilis
3237 5844 3467 5941 Πξοάξεν
3497 5840 3687 5910 1101)Ῐῦ

607 5917 763 6031 perr
779 5917 1039 6001 Filium.
1079 5917 1317 5995 Deinde
1352 5931 1429 5991 de
1461 5929 1621 5989 Filio
1652 5927 1986 6006 loquutus,
2021 5922 2167 6002 quis
2197 5917 2322 5982 istc
2356 5921 2461 5994 sit,
2492 5929 2550 5982 et
2588 5917 2740 5999 quid
2773 5925 3076 5999 operatus
3106 5923 3211 5997 sit,
3237 5930 3298 5984 ct
3329 5925 3686 5991 admonens
