4122 6432
567 336 671 392 329
1289 341 1349 398 S.
1384 341 1436 397 εἰ.
1476 341 1965 400 ϐΙίΒΥΒΟδΤΟΜΙ
2005 342 2195 400 HOMII

2200 341 2309 397 .IE
2345 340 2411 398 IN
2451 339 2674 396 EPIST.
2718 339 2808 394 AD
2849 338 3049 394 IIEBR.
3706 345 3828 400 350

564 457 660 517 Ex
688 460 1102 545 multavero
1144 464 1558 528 dissolutione
1596 469 1853 545 plurimi
1888 468 2080 528 etiam
2111 468 2176 527 in
2209 465 2331 526 hoc
2369 463 3143 545 difﬁcultatespatiuntur
3174 485 3189 523 :
3221 465 3456 528 multos
3485 466 3680 528 audio
3705 467 3825 527 di-

558 543 799 626 eentes,
825 541 977 626 quia
1004 548 1064 603 et
1093 545 1314 626 audire
1337 541 1756 626 etcome'dere
1786 547 1968 607 labor
1997 551 2111 626 est.
2135 545 2378 626 Horum
2406 548 2623 604 autem
2650 544 2810 626 nihil
2840 543 3031 605 habet
3061 545 3370 626 labqrem,
3395 545 3448 605 si
3482 545 3771 626 volueris
3799 566 3820 606 :

558 618 633 704 in_
648 618 973 704 voluntate
989 622 1205 704 omnia
1225 624 1567 684 constituta
1593 631 1764 704 sunt,
1791 642 1904 702 per
1922 625 2194 704 gratiam
2222 622 2557 704 dumtaxat
2580 639 2740 704 qua:
2740 621 3017 704 desuper
3043 627 3160 683 est.
3185 624 3586 685 Festinemus
3610 625 3822 704 igitur

558 643 623 673 ιιι
653 643 973 680 νυιιιιιιειιε
989 643 1205 684 omnia
1225 643 1567 684 constituta
1593 643 1764 695 sunt,
1791 643 1904 702 per
1922 643 2194 704 gratiam
2222 643 2557 683 dumtaxat
2580 643 2724 698 quin
2740 643 3017 692 aesuper
3043 643 3160 683 εει.
3185 643 3220 683 ιε
3237 643 3586 685 esunemus
3610 644 3629 684 ι
3679 643 3816 687 itur

555 693 634 753 ad
668 696 835 758 bona
857 741 873 768 ,
906 704 973 758 ut
1004 701 1196 781 etiam
1227 706 1463 781 aeterna
1492 705 1662 765 bona
1693 703 2127 781 adipiscamur
2155 703 2220 761 in
2250 697 2500 762 Christo
2525 701 2677 761 Jesu
2707 701 2980 760 Domino
3013 707 3266 781 nostro,
3299 720 3442 763 cum
3471 721 3602 781 quo
3633 643 3816 766 Patri

557 788 690 908 tina
719 792 863 834 cum
892 783 1113 840 sancto
1136 778 1375 859 Spiritu
1405 782 1610 861 gloria
1635 828 1651 858 ,
1681 778 2018 860 imperium
2038 825 2056 855 ,
2088 781 2319 853 honor,
2351 797 2523 840 nunc
2550 784 2612 840 et
2637 796 2912 857 semper,
2951 786 3013 840 et
3038 780 3103 840 in
3132 781 3366 843 saecula
3395 778 3811 846 saeculorum.

615 868 782 908 men.

615 868 782 912 men.

601 969 2566 1008 ._____.______________________

1922 1089 2277 1153 HOMILIA
2311 1092 2482 1156 XIV.

628 1203 993 1284 Capitulum
1021 1211 1220 1284 autem
1242 1206 1309 1284 in
1329 1203 1409 1265 iis
1433 1221 1569 1284 qua:
1594 1203 1895 1266 dicuntur
1916 1225 1936 1265 :
1965 1206 2172 1266 Talem
2197 1203 2482 1284 hnbemus
2505 1205 2860 1284 pontiﬁcem
2879 1207 2989 1284 qui
3011 1204 3174 1265 sedet
3195 1205 3278 1266 ad
3303 1205 3616 1269 dexteram
3645 1207 3814 1270 sedis

550 1281 888 1362 majestatis
912 1285 978 1344 in
1008 1283 1364 1351 calestibus,
1391 1281 1674 1345 minister
1693 1293 2049 1343 sanctorum
2080 1291 2134 1343 et
2165 1281 2549 1343 tabernaculi
2584 1281 2738 1354 oeri,
2757 1281 2925 1361 quod
2953 1285 3285 1345 constituit
3321 1285 3500 1352 Deus,
3525 1305 3653 1347 non
3679 1286 3815 1346 Ιιο-

550 1381 671 1423 mo.
708 1363 780 1423 In
807 1381 937 1424 uno
966 1363 1332 1423 commiscet
1363 1362 1629 1423 humilia
1656 1380 1799 1442 cum
1833 1363 2105 1442 excelsis
2133 1363 2470 1442 apostolus
2498 1362 2734 1422 Paulus
2765 1380 3018 1440 semper
3044 1363 3423 1442 Magistrum
3464 1383 3653 1425 suum
3689 1384 3815 1427 se-

552 1447 731 1503 ctans
759 1487 775 1515 ,
819 1448 888 1502 ut
927 1459 1042 1519 per
1085 1441 1351 1502 humilia
1399 1447 1460 1501 et
1500 1459 1615 1517 per
1657 1441 1790 1501 haec
1831 1441 1909 1502 ad
1956 1441 2065 1501 illa
2112 1440 2530 1512 deducantur,
2580 1446 2652 1500 ut
2695 1442 3021 1503 venientes
3067 1459 3106 1503 a
3150 1440 3554 1513 sublimibus,
3598 1445 3812 1506 facilis

550 1520 862 1582 efﬁciatur
883 1526 1009 1591 via,
1035 1535 1266 1599 magna
1285 1520 1555 1590 discant,
1586 1520 1740 1598 quia
1768 1519 1880 1580 illa
1907 1519 2344 1599 descensionis
2365 1524 2570 1599 erant.
2600 1521 2943 1599 Postquam
2970 1521 3190 1598 itaque
3221 1521 3403 1591 dixit,
3430 1523 3551 1595 Qui
3574 1525 3812 1585 obtulit

551 1599 833 1690 seipsum
850 1598 1244 1690 ;__pnstq_ua_m
1281 1617 1428 1660 eum
1468 1599 1746 1690 ostendit
1777 1598 2163 1690 pontiﬁcem,
2198 1598 3041 1690 quid_intuli_t?_Cnpit;ulum
3080 1608 3281 1690 autem
3310 1599 3381 1660 in
3407 1599 3502 1660 his
3530 1601 3813 1690 quiedi—

553 1687 824 1769 cu_ntur_:
853 1678 1060 1769 Talem
1085 1677 1364 1769 {iubemus
1382 1679 1756 1769 pontiﬁcem,
1781 1677 1980 1769 quiin
1997 1677 2255 1769 dextera
2272 1676 2433 1769 sedet
2462 1676 2822 1769 majestatis.
2846 1679 3162 1769 litt-tamen
3188 1681 3310 1739 hoc
3331 1696 3460 1769 non
3487 1676 3811 1769 pontificis

553 1762 671 1838 est,
698 1757 810 1838 sed
838 1757 974 1838 ejus
1006 1758 1110 1838 cui
1127 1759 1217 1838 ab
1248 1758 1357 1838 illo
1386 1755 1675 1818 exhiberi
1715 1761 1965 1838 oportet
2005 1755 2340 1838 sacerdotii
2367 1755 2789 1838 iunctionem.
2833 1756 3134 1838 Minister
3174 1755 3555 1838 sanctorum.
3583 1763 3813 1837 Neque

553 1835 846 1896 minister
868 1834 1464 1915 simpliciterdictus
1490 1840 1608 1905 est,
1637 1834 1781 1915 sed,
1813 1835 2189 1915 Sanctorum
2224 1834 2527 1915 minister.
2555 1835 2651 1915 Et
2680 1834 3061 1896 tabernaculi
3093 1837 3246 1902 veri,
3278 1836 3447 1915 quod
3474 1834 3815 1900 constituit

550 1915 743 2005 Deus,
771 1934 901 2005 non
927 1913 1338 2005 [tomoLV'i‘des
1365 1913 1844 2005 descensionem
1864 1914 2155 2005 {Nonne
2167 1914 2362 2005 paulo
2389 1921 2537 2005 ante
2557 1913 2880 2005 discernit,
2904 1916 3121 2005 dicens
3143 1935 3158 1973 :
3180 1913 3812 2005 annenmnessunt

543 1991 819 2054 ministri
841 1993 1147 2073 spiritus?
1187 1993 1265 2052 Et
1293 1999 1628 2073 propterea
1652 1993 1848 2073 dixit,_
1866 1993 2004 2052 Non
2034 1991 2349 2073 audiunt;
2388 1991 2540 2073 Sede
2567 2011 2606 2073 a
2632 1992 2872 2054 dextris
2912 1993 3061 2053 meis
3105 2017 3124 2055 :
3159 2000 3378 2071 utpote
3407 1994 3519 2055 illo
3552 1996 3664 2072 qui
3696 2015 3817 2058 se-

543 2073 706 2136 derit
736 2070 1186 2141 non—exstante
1221 2070 1534 2133 ministro.
1566 2071 1896 2145 Quomodo
1925 2087 2079 2148 ergo
2108 2070 2212 2131 hic
2250 2071 2544 2131 minister
2570 2071 2774 2134 dictus
2804 2078 2923 2144 est,
2966 2079 3028 2133 et
3064 2070 3354 2134 minister
3383 2070 3755 2136 sanctorum
3782 2078 3815 2134 ἲ

544 2152 1057 2214 'l‘abernaculum
1080 2151 1317 2228 quippe
1343 2152 1447 2211 hic
1470 2150 1650 2230 dixit.
1671 2149 1827 2230 Vide
1849 2155 2063 2230 autem
2086 2150 2409 2226 quomodo
2433 2150 2754 2230 adstruxit
2779 2153 3028 2212 animas
3049 2170 3298 2224 eorum,
3324 2154 3435 2230 qui
3462 2172 3543 2213 ex
3567 2153 3810 2214 Iudaeis

543 2230 961 2291 crediderant.
988 2230 1306 2304 Quoniam
1335 2231 1504 2290 enim
1536 2228 1822 2290 lbrtassis
1853 2229 2376 2306 imaginabantur
2406 2228 2560 2306 quia
2595 2232 3085 2292 tabernaculum
3117 2232 3242 2292 tale
3275 2228 3403 2291 nOn
3440 2233 3750 2306 habemus
3789 2253 3806 2291 :

541 2310 729 2381 Ecce,
762 2291 1328 2386 inquitfpontifex,
1361 2313 1426 2368 et
1452 2324 1747 2385 magnus,
1777 2316 1839 2367 et
1866 2291 2316 2386 muﬁo_major
2345 2291 2454 2367 illo
2479 2351 2494 2376 ,
2536 2313 2599 2368 et
2641 2291 3024 2370 sacriﬁcium
3060 2291 3356 2371 mirabile
3394 2291 3646 2371 obtulit.
3681 2291 3812 2370 Sed

541 2389 794 2449 intuere
838 2383 918 2448 ne
955 2383 1252 2466 fortehic
1279 2383 2044 2466 sermogtantumhabeat
2073 2383 2094 2465 (
2120 2386 2167 2466 ί.
2202 2383 2593 2466 habeatur),
2627 2406 2707 2447 ne
2753 2388 2913 2449 forte
2956 2389 3368 2466 ampliﬁcatio
3398 2395 3460 2449 et
3492 2389 3815 2450 animatio

539 2467 645 2528 sit.
677 2468 1020 2545 Propterea
1050 2464 1255 2545 primo
1281 2465 1469 2545 ﬁdem
1498 2463 1642 2526 fecit
1669 2483 1750 2525 ex
1774 2463 2220 2545 jurejurando,
2250 2464 2474 2545 deinde
2503 2484 2586 2545 ex
2607 2467 3025 2527 tabernaculo
3059 2463 3082 2526 Ξ
3109 2468 3278 2544 quod
3312 2468 3572 2545 quidem
3594 2472 3657 2528 et
3686 2468 3814 2528 de-

536 2551 856 2623 monstrat
874 2543 1316 2605 diﬂ'erentiam.
1342 2544 1480 2623 Ipse
1496 2549 1708 2623 autem
1726 2550 1789 2604 et
1809 2543 2001 2623 aliam
2021 2543 2379 2623 adiuvenit:
2403 2543 2588 2618 Quod
2609 2545 2908 2607 constitui
2915 2555 2958 2613 t,
2984 2543 3218 2623 inquit,
3243 2543 3429 2614 Deus,
3449 2565 3579 2606 non
3594 2545 3777 2606 homo
3791 2591 3810 2606 .

538 2622 658 2684 Ubi
675 2629 826 2685 sunt
842 2625 951 2700 qui
964 2625 1182 2683 dicunt
1197 2621 1541 2701 signiﬁcari
1559 2622 1824 2702 calum?
1841 2622 1947 2702 ubi
1968 2621 2269 2702 sunttqui
2289 2623 2674 2702 sphaeroides
2689 2640 2726 2684 a
2740 2624 2988 2700 sphaera
3004 2621 3158 2684 illud
3179 2643 3318 2687 esse
3339 2626 3814 2702 pronuntiant?

534 2707 815 2782 utraque
844 2699 1013 2762 enim
1043 2702 1166 2762 ista
1191 2699 1453 2782 exclusa
1481 2707 1634 2782 sunt
1661 2700 1726 2760 in
1764 2700 1886 2759 hoc
1916 2700 2080 2782 loco.
2114 2699 2698 2782 Capitulumuutem
2724 2747 2738 2767 .
2776 2699 2996 2775 inquit
3021 2747 3036 2770 ,
3078 2705 3147 2763 in
3188 2704 3267 2763 iis
3302 2699 3439 2782 quae
3467 2704 3804 2768 dicuntur.

535 2775 899 2858 Capituluui
929 2795 1180 2855 semper
1207 2778 1376 2854 quod
1407 2777 1760 2858 maximum
1784 2782 1884 2858 est
1912 2777 2437 2858 dicitur.‘lter_um
2467 2775 2727 2858 deponit
2768 2791 3131 2858 sermonem
3175 2775 3366 2858 suum
3394 2820 3410 2847 ,
3456 2782 3810 2858 postquam

536 2853 697 2921 dixit
721 2876 865 2937 quae
894 2859 1020 2918 alta
1052 2853 1565 2937 sunt,’quoniam‘
1595 2855 1731 2914 sine
1754 2853 1980 2937 timore
1999 2854 2134 2937 jam
2169 2855 2476 2937 loquitur.
2508 2853 2748 2912 Deinde
2777 2857 2846 2937 ut
2868 2869 3211 2937 agnoscas,
3237 2854 3389 2937 quia
3408 2853 3806 2937 ministerdc

539 2932 937 3000 humanitate
969 2937 1172 3014 dictus
1203 2942 1320 3003 est,
1354 2933 1610 3014 intende
1637 2932 1959 3014 quomodo
1994 2933 2160 3014 idem
2196 2934 2318 2993 hoc
2349 2932 2556 3014 ipsum
2587 2935 2875 2991 annotat.
2910 2932 3138 3014 anis‘
3159 2933 3318 3014 enim
3344 2934 3657 3014 pontifex,
3695 2935 3814 2994 in-

538 3019 703 3106 quit,
739 3013 1162 3106 ad_o/ferenda
1180 3019 1516 3106 munera-et
1542 3011 1777 3106 hostias
1809 3012 2255 3106 c‘onstituit-ur;
2283 3011 2446 3070 unde
2466 3028 2700 3106 necesse
2726 3018 2898 3106 estnet
2927 3011 3091 3106 hunc
3121 3009 3603 3106 nabereqliquid
3631 3015 3812 3106 φειοά

542 3087 799 3190 ἐπείξει
815 3087 916 3187 .Né'
939 3089 2398 3190 eammeam“..qsséesdestatst‘aeese
2423 3087 2994 3190 messeniis?
3016 3090 3331 3190 sese;
3355 3087 3509 3190 ίὶιιία
3541 3087 3806 3190 quid?!"

537 3168 862 3254 dignitatis
894 3179 994 3232 est
1022 3168 1274 3244 divinae,
1307 3171 1428 3254 hoc
1458 3173 1574 3254 est,
1609 3169 2015 3254 s_edere;rh_oc
2044 3175 2257 3254 autem
2293 3168 2741 3254 misericordia:
2764 3169 2979 3254 multae
3006 3175 3068 3228 et
3097 3169 3334 3254 amoris
3377 3168 3576 3254 quem
3613 3174 3809 3254 nobis

540 3248 868 3332 inipendit.
900 3255 1242 3332 Propterea
1307 3249 1746 3332 hoc_inculcat
1774 3292 1791 3318 ,
1835 3248 1997 3332 et_in
2041 3249 2162 3332 hoc
2206 3249 2483 3324 amplius
2525 3253 3006 3332 commoratur:
3051 3253 3308 3332 veretur
3334 3250 3614 3332 enimne
3644 3252 3808 3311 illud

541 3327 790 3395 refutet.
837 3334 1176 3407 PrOpterea
1217 3328 1346 3406 jam
1377 3327 1454 3388 ad
1488 3327 1613 3407 hoc
1657 3344 1848 3387 suum
1894 3327 2152 3407 deponit
2195 3327 2930 3407 sermonem,.quoniam
2971 3329 3347 3403 quaerebant
3380 3328 3641 3404 quidam
3684 3349 3809 3392 cur

538 3418 828 3474 mortuus
861 3405 1276 3471 sitfPontiféx
1306 3406 1572 3487 ,iinquit
1599 3450 1614 3476 ,
1656 3411 1830 3487 erat:
1868 3406 2150 3483 pontifex
2190 3410 2403 3467 autem
2443 3406 2582 3487 sine
2622 3405 2830 3487 hostia
2878 3412 3142 3487 nonest
3171 3424 3196 3487 :_
3213 3413 3471 3487 oportet
3499 3407 3713 3487 igitur
3743 3417 3814 3470 et

540 3494 712 3552 hunc
743 3492 975 3550 habere
1004 3489 1296 3547 hostiam.
1324 3486 1401 3545 Et
1428 3485 1612 3565 aliter
1640 3485 1878 3556 dicens,
1912 3487 2063 3562 quia
2101 3503 2357 3565 sursum
2385 3485 2666 3565 est,dicit
2696 3492 2757 3544 et
2785 3485 3562 3565 ostenditundique,quia'
3583 3490 3814 3565 ponti-

542 3572 644 3631 fex
674 3577 788 3640 est,
813 3588 894 3629 ex
918 3566 1350 3635 Melchisedec,
1375 3583 1451 3624 ex
1479 3564 1923 3642 jurejurando,
1952 3563 2372 3625 exolferendo
2396 3564 2690 3623 hostiam.
2719 3563 2956 3624 Deinde
2983 3564 3174 3624 etiam
3191 3583 3271 3625 ex
3297 3565 3489 3626 hocet
3521 3563 3817 3629 necessa-

539 3651 705 3710 rium
723 3647 1033 3710 construit
1051 3647 1248 3726 alium
1267 3644 1724 3726 syllogismum.
1745 3643 1814 3726 Si
1837 3643 1992 3702 enim
2008 3652 2154 3702 esset
2176 3660 2363 3726 super
2385 3653 2630 3726 terram,
2653 3642 2882 3720 inquit,
2904 3662 3287 3726 nequaquam
3310 3655 3468 3726 esset
3481 3647 3809 3726 pontifex,

541 3747 679 3788 cum
710 3737 904 3787 essent
935 3727 1042 3804 qui
1076 3722 1372 3804 o/ferrent
1397 3722 1727 3781 secundum
1769 3722 1956 3800 legem
1983 3741 2258 3783 munera.
2305 3722 2370 3804 Si,
2394 3722 2587 3800 igitur
2630 3728 2725 3782 est
2774 3722 3086 3799 pontifex,
3113 3722 3322 3784 "sicuti
3367 3722 3503 3797 est,
3551 3722 3803 3803 oportet

541 3827 686 3869 eum
715 3810 797 3886 [,‘Z
831 3808 885 3866 ei
911 3802 1392 3886 ]_locum_alium
1416 3819 1702 3886 quierere
1736 3821 1750 3858 :
1781 3819 1975 3877 super
2006 3807 2238 3886 terram
2264 3802 2501 3886 quippe
2528 3807 2818 3886 exstans,
2839 3819 3248 3886 nequaquam
3280 3810 3447 3864 esset
3471 3802 3760 3886 pontifex
3787 3827 3808 3874 ς

539 3879 862 3963 quomodo
892 3879 1059 3944 enim
1089 3884 1196 3963 qui
1231 3899 1437 3963 neque
1465 3879 1713 3946 obtulit,
1751 3898 1961 3963 neque
1993 3879 2634 3963 sacerdotiofunctus
2679 3882 2823 3941 est?
2865 3881 2942 3940 Et
2983 3882 3211 3941 merito
3245 3902 3259 3940 :
3295 3879 3490 3943 erant“
3527 3885 3696 3944 enim
3742 3892 3808 3945 et

540 3959 650 4027 alii
683 3966 1060 4025 sacerdotes.
1094 3959 1381 4020 Ostendit
1410 3977 1562 4037 ergo
1592 3959 1899 4034 quoniam
1933 3979 2138 4036 neque
2185 3961 2484 4037 possibile
2527 3967 2622 4020 est
2660 3977 2854 4036 super
2894 3965 3131 4021 terram
3171 3979 3312 4022 esse
3353 3963 3749 4024 sacerdotem
3788 3986 3808 4025 :

540 4045 859 4122 quomodo
890 4043 1082 4113 enim,
1115 4041 1221 4122 ubi
1253 4058 1461 4122 neque
1494 4038 1880 4122 resurrectio
1909 4045 2068 4122 erat,
2105 4040 2352 4122 inquit?
2379 4040 2496 4099 Hic
2528 4039 2962 4122 necessarium
2979 4046 3079 4122 est
3098 4039 3353 4122 elevare
3377 4049 3648 4122 mentem
3678 4061 3801 4102 nov

541 4117 762 4193 stram,
788 4130 847 4184 et
869 4119 1283 4196 contemplari
1307 4117 1721 4195 apostolicam
1745 4119 2156 4193 sapientiam:
2185 4120 2414 4178 iterum
2440 4135 2718 4195 namque
2739 4119 2930 4179 aliam
2959 4118 3381 4180 diﬁerentiam
3409 4121 3805 4186 demonstrat

547 4203 884 4263 sacerdotii
918 4221 931 4259 :
967 4200 1091 4274 Qui
1114 4198 1448 4276 exemplari
1476 4205 1528 4256 et
1554 4196 1781 4256 umbrw
1803 4198 2155 4256 deserviunt
2185 4199 2535 4256 cwlestium.
2567 4199 2721 4271 Qum
2751 4198 2855 4258 hic
2879 4198 3030 4258 dicit
3054 4199 3330 4260 caelestia
3350 4202 3378 4258 ?
3403 4200 3799 4277 Spiritualia.

541 4285 632 4343 Ac
651 4283 703 4342 si
735 4283 903 4341 enim
933 4285 994 4340 et
1025 4280 1085 4338 in
1120 4283 1285 4337 terra
1318 4281 1650 4355 geruntur,
1686 4294 1903 4335 verum
1932 4277 2098 4336 caelis
2133 4277 2226 4336 hae
2255 4277 2460 4353 dignas
2505 4284 2656 4338 sunt
2684 4277 3062 4338 functiones.
3095 4277 3252 4338 Cum
3285 4281 3459 4340 enim
3487 4280 3805 4342 Dominus

541 4367 762 4421 noster
806 4362 990 4420 Jesus
1038 4357 1325 4418 Christus
1379 4356 1567 4435 fuerit
1616 4356 1904 4424 occisus,
1962 4373 2107 4435 cum
2156 4356 2424 4432 Spiritus
2459 4362 2717 4417 sanctus
2762 4357 3137 4428 advenerit,
3183 4376 3327 4418 cum
3358 4359 3471 4435 qui
3517 4359 3690 4418 sedet
3734 4361 3803 4420 in

540 4441 804 4501 dextera
850 4438 1047 4498 Patris
1097 4454 1377 4512 praesens
1431 4433 1726 4505 affuerit,
1776 4453 1918 4494 cum
1947 4434 2056 4492 ﬁlii
2085 4435 2447 4494 efﬁciuntur
2481 4455 2593 4512 per
2634 4437 2987 4513 baptisma,
3032 4456 3175 4496 cum
3224 4433 3396 4498 cives
3436 4437 3807 4499 efﬁciuntur

542 4538 763 4579 eorum
791 4519 898 4594 qui
932 4517 992 4576 in
1022 4517 1185 4576 caelis
1219 4520 1401 4582 sunt,
1435 4515 1880 4594 cumipatriam
1914 4532 2257 4590 supernam
2304 4515 2674 4587 habuerint,
2707 4534 2850 4576 cum
2883 4515 3201 4576 civitatem
3241 4523 3302 4577 et
3349 4519 3805 4583 conversatio-

543 4617 712 4667 nem,
745 4593 885 4657 cum
910 4595 1223 4673 peregrini
1258 4593 1561 4653 fuerimus
1591 4593 1780 4670 hujus
1813 4593 2244 4662 habitationis,
2275 4595 2596 4668 quomodo
2625 4612 2751 4653 non
2785 4599 2932 4654 sunt
2963 4595 3234 4656 caelestia
3257 4597 3285 4654 ?

623 4677 739 4737 Sed
771 4676 921 4752 quid
962 4677 1182 4748 [sunt]
1206 4675 1233 4730 ‘l
1269 4691 1481 4733 nonne
1512 4678 1660 4732 sunt
1690 4673 1905 4749 hymni
1955 4673 2236 4732 caelestes
2260 4675 2286 4728 ‘l
2320 4692 2532 4732 nonne
2573 4675 2958 4734 cantilenam
3009 4675 3074 4733 in
3114 4675 3411 4751 supernis
3447 4680 3806 4737 exercent?

543 4774 760 4818 nonne
791 4755 966 4814 chori
993 4758 1140 4812 sunt
1170 4754 1253 4830 [ﬁ
1292 4770 1503 4811 nonne
1529 4769 1670 4827 qua:
1701 4753 1799 4809 ch.
1831 4759 2068 4811 canunt
2095 4756 2107 4826 ]
2138 4752 2333 4810 divini
2361 4754 2885 4828 incorporearum
2919 4754 3275 4813 virtutum?
3303 4753 3435 4813 haec
3465 4757 3654 4816 etiam
3679 4774 3802 4817 nos

540 4837 652 4913 qui
680 4836 975 4894 deorsum
1010 4851 1227 4913 sumus
1253 4830 2214 4913 conci_nenti_a_illis__elo_quimur.
2245 4831 2468 4891 Nonne
2489 4837 2549 4890 et
2569 4833 2768 4892 altare
2794 4833 3040 4913 cmleste
3069 4833 3400 4893 consistit?
3423 4833 3805 4906 Quomodo?

542 4908 701 4974 nihil
732 4915 922 4972 habet
946 4912 1203 4971 carnale
1228 4930 1242 4969 :
1270 4911 1484 4970 omnia
1521 4909 1876 4986 spiritualia
1910 4908 2070 4968 ﬁunt
2099 4928 2241 4985 quae
2271 4924 2758 4987 proponuntur:
2793 4929 2918 4970 non
2953 4911 3016 4970 in
3050 4914 3328 4972 cinerem
3361 4913 3804 4983 resolvuntur,

543 5011 671 5054 non
703 4994 765 5052 in
799 4991 1004 5050 fumos
1027 4995 1626 5059 extenuantur,non
1658 4990 1723 5046 in
1756 4990 2203 5064 vaporationcs
2235 4989 2678 5050 dillunduntur
2705 4991 3044 5062 sacriﬁcia,
3079 4991 3183 5051 sed
3217 4991 3492 5053 clariora
3521 4998 3585 5054 et
3614 4994 3806 5054 festi—

540 5073 721 5133 viora
751 5071 1134 5138 efﬁciuntur,
1164 5086 1584 5145 quaecumque
1610 5074 2081 5144 proponuntur.
2107 5069 2436 5140 Quomodo
2468 5072 2681 5146 itaque
2714 5087 2840 5128 non
2864 5071 3142 5132 caelestia
3171 5071 3617 5132 celebramus?
3641 5073 3806 5134 Cum

537 5153 708 5211 enim
738 5150 988 5219 dicitur,
1014 5149 1072 5207 Ε
1082 5157 1102 5206 ι
1126 5165 1642 5225 quorumcumque
1672 5147 1983 5206 tenuerint
2000 5165 2280 5222 peccata.
2310 5148 2552 5207 detenta
2577 5161 2724 5206 sunt
2746 5170 2764 5212 .-
2789 5159 2842 5205 et
2879 5152 3238 5222 cuicumque
3269 5150 3521 5210 dimissa
3541 5153 3806 5223 fuerint,

533 5233 980 5314 dimittuntur;
1011 5235 1072 5291 et
1102 5231 1310 5314 claves
1345 5230 1686 5314 habuerint
1717 5230 1874 5300 caeli,
1907 5231 2235 5314 quomoqu
2251 5250 2380 5291 non
2407 5233 2680 5293 caelestia
2705 5235 2732 5290 ?
2762 5234 2886 5308 Qui
2917 5235 3272 5313 exemplari,
3319 5239 3545 5314 inquit,
3577 5249 3632 5299 et
3661 5261 3812 5302 um-

534 5312 653 5371 bra:
680 5309 1032 5392 deserviunt
1056 5309 1389 5392 caelestium
1410 5355 1425 5381 ,
1457 5309 1620 5392 sicut
1650 5325 2014 5392 responsum
2044 5319 2126 5392 est
2160 5311 2331 5392 Mosi
2353 5359 2365 5377 ,
2404 5330 2539 5370 cum
2572 5325 3023 5374 consummaret
3051 5309 3562 5377 tabernaculum:
3608 5321 3759 5382 Vide
3790 5371 3806 5392 ,

535 5390 770 5469 inquit,
797 5388 1005 5448 omnia
1033 5389 1222 5466 facito
1253 5388 1936 5469 secundumeafempl-ar
1961 5391 2126 5467 quod
2159 5389 2274 5450 tibi
2315 5400 2625 5450 ostensum
2666 5403 2751 5452 est
2790 5394 2857 5452 in
2907 5404 3130 5454 monte.
3179 5396 3500 5468 Quoniam
3546 5388 3809 5463 auditus

534 5467 750 5529 noster
781 5470 991 5527 minus
1025 5473 1212 5543 aptus
1240 5473 1334 5526 est
1358 5467 1433 5527 ad
1463 5467 1862 5543 disciplinam
1896 5469 2389 5545 percipiendam,
2424 5489 2616 5544 quam
2647 5474 2819 5532 visus
2855 5475 3022 5546 (non
3055 5467 3224 5533 enini
3255 5477 3342 5537 ita
3371 5477 3588 5536 animo
3618 5496 3803 5539 com-

535 5549 908 5633 mendanius
958 5565 1378 5633 quaecumque
1422 5547 1757 5633 audimus,
1806 5550 2128 5633 qtnpmodo
2167 5549 2283 5633 illa
2313 5569 2476 5633 qum
2527 5551 2667 5633 ipso
2708 5553 2854 5633 visu,
2892 5553 3354 5633 percepimus),
3391 5558 3671 5616 ostendit
3710 5562 3805 5624 illi

533 5629 769 5714 omnia.
804 5628 1123 5714 Sive‘ergo
1153 5627 1302 5714 dicit
1332 5627 1659 5714 exemplar
1688 5631 1749 5685 et
1780 5629 2094 5714 umbram,
2129 5629 2261 5688 sive
2292 5629 2365 5687 de
2400 5630 2682 5714 templo__:
2720 5627 3056 5714 subjunxit
3084 5627 3252 5692 enim
3281 5627 3307 5705 ,’
3342 5635 3488 5694 Vide
3521 5646 3576 5694 et
3612 5637 3806 5714 facito

537 5707 764 5786 inquit,
799 5707 1001 5796 omnia
1039 5705 1374 5796 secundum
1415 5705 1727 5796 emeinpl‘ar
1761 5705 1927 5796 quod
1969 5707 2082 5765 tibi
2125 5717 2434 5796 ostensum
2478 5718 2584 5767 est.
2623 5705 2927 5770 Utrumne
3073 5715 3552 5775 constructione
3585 5705 3810 5796 templi

537 5784 782 5848 tantum
812 5787 983 5856 vidit,
1019 5804 1096 5847 an
1127 5791 1185 5846 ct
1216 5786 1288 5845 de
1323 5784 1569 5858 hostiis,
1606 5789 1664 5846 et
1693 5786 1932 5848 steteris
1967 5789 2261 5848 omnibus
2287 5792 2312 5845 ἵν
2344 5790 2543 5867 Magis
2579 5798 2792 5852 autem
2824 5791 3082 5852 minime
3116 5794 3460 5870 quisquam
3494 5784 3814 5873 peccave.
