4122 6426
606 382 704 435 ΗἹ
1339 378 1395 437 S.
1432 378 1479 434 J.
1522 377 2011 435 CIIRYSOSTOMI
2051 376 2360 435 IIOMILIIE
2404 376 2469 435 IN
2513 375 2732 433 EPIST.
2773 374 2865 431 AD
2904 374 3106 432 IIEBR.
3755 369 3863 430 με

608 487 1101 563 ηειηςῑίιιενᾳυθω
1130 478 1759 563 utaurea‘conﬁciss
1775 480 2179 563 ornamenta,
2209 493 2355 563 quas
2382 477 2449 536 in
2473 476 2725 563 balneis
2758 480 2817 563 et
2858 477 2923 563 in_
2953 476 3180 554 plateis
3210 477 3521 563 sordibus
3540 481 3877 563 maculen-

608 565 756 627 tur?
785 562 901 624 Sed
926 556 998 622 in
1030 559 1253 642 plateis
1285 556 1580 631 fdrtasse,
1612 558 1712 618 vel
1745 557 1810 617 in
1862 557 2110 648 balneis
2160 556 2487 695 inquinari
2530 572 2660 616 non
2701 560 2797 616 est
2839 556 3075 647 mirum
3113 577 3127 615 :
3162 557 3313 635 quid
3354 559 3524 636 quod
3566 562 3765 623 etiam
3815 562 3879 622 in

608 643 900 695 neclegia.
927 657 1071 695 mue
1096 656 1163 695 se
1192 637 1280 695 ita
1306 643 1724 695 componunt.
1753 637 2030 695 amplius
2059 635 2229 695 sordi
2278 636 2519 695 antur?
2540 634 2594 695 Ο
2618 651 2890 695 magnus
2926 636 3131 695 risus!
3169 637 3321 695 quid
3352 640 3524 695 enim
3557 641 3680 695 sibi
3716 640 3879 695 vult.

605 643 900 714 ecclesia,
927 634 1071 718 qua:
1096 656 1163 700 se
1192 637 1281 698 ita
1306 643 1724 718 componunt,
1753 637 2030 718 amplius
2059 634 2472 718 sordidantur
2491 636 2519 694 τ
2540 634 2594 695 Ο
2618 651 2890 718 magnus
2926 634 3131 718 risus!
3169 637 3321 715 quid
3352 634 3524 699 enim
3557 641 3680 701 sibi
3716 640 3880 711 vult,

606 728 676 785 ut
700 741 847 785 cum
877 714 1089 782 aureis
1123 714 1523 779 ornamentis
1553 715 1950 796 ingrediatur
1977 714 2039 796 in
2078 714 2252 776 hunc
2281 715 2521 796 locum,
2551 715 2655 775 vel
2697 720 2873 796 veste
2900 716 3229 796 pretiosa?
3256 734 3471 780 nonne
3496 719 3782 780 audiunt
3814 725 3885 780 ut

606 804 849 881 seipsas
872 801 1136 881 ornent,_
1156 812 1286 881 non
1313 811 1498 870 auro,
1533 794 1683 881 non_
1708 794 2105 881 margaritis,
2147 811 2277 881 non
2326 795 2607 881 vestibus
2651 794 2999 881 pretiosis?
3035 794 3179 881 Cur_
3209 814 3364 881 ergo
3410 798 3768 881 ingrederis
3796 844 3813 873 ,
3840 816 3886 881 o

608 873 859 953 mu'lier,
891 878 1014 938 nisi
1042 876 1218 937 velut
1240 892 1615 957 repugnans
1645 873 1873 957 Paulo,
1921 878 1985 957 et
2014 873 2358 957 ostendens
2390 874 2700 957 quoniam
2733 873 2985 935 etiamsi
3022 874 3255 937 millies
3274 873 3409 957 hoc
3440 873 3629 951 dicat,
3665 886 3739 939 tu
3764 879 3887 939 mi-

609 980 727 1023 nus
756 952 1073 1021 advortis?
1108 952 1592 1037 Ansingre'deris
1626 953 1821 1015 veluti
1855 953 2075 1015 volens
2106 970 2223 1015 nos
2240 952 2539 1037 _do_cto_r_es
2570 953 3088 1037 red_arguere,_eo
3107 956 3291 1037 quod
3315 974 3479 1020 vano
3506 960 3626 1020 ista
3648 959 3887 1037 loqua-

606 1041 788 1101 mur?
816 1038 931 1099 Dic
951 1037 1123 1098 enim
1149 1031 1412 1117 mih_i,ssi
1446 1036 1791 1117 quisquam
1823 1048 2113 1117 paganus
2144 1031 2509 1117 etsinﬁdelis
2539 1031 2789 1117 audiat,
2819 1050 2966 1117 cum
2996 1032 3234 1112 legitur
3258 1036 3438 1098 locus
3469 1038 3613 1110 iste,
3648 1040 3716 1099 in
3741 1031 3889 1117 quo

605 1120 737 1181 hth
764 1121 989 1180 beatus
1018 1115 1315 1195 prmcepit
1340 1111 1599 1186 Paulus,
1629 1111 1780 1195 quid
1806 1111 1884 1173 de
1915 1111 2097 1195 nobis
2130 1113 2501 1174 existimet?
2529 1116 2646 1195 aut
2672 1112 2721 1173 si
2753 1111 3101 1195 quisquam
3131 1131 3421 1194 paganus
3448 1118 3696 1179 habens
3726 1111 3890 1178 niu-

604 1200 824 1260 tierem
851 1191 1124 1265 ﬁdelem,
1154 1193 1820 1272 cognoscatquoniam
1847 1192 2115 1254 multam
2155 1198 2385 1272 curam
2410 1192 2572 1271 gerit
2618 1191 3042 1272 componendi
3094 1191 3161 1254 se
3201 1191 3300 1255 vel
3352 1197 3626 1259 ornandi
3658 1203 3726 1260 et
3760 1198 3889 1258 cir-

602 1277 886 1339 cumdari
920 1275 1134 1338 aureis
1163 1270 1601 1344 ornamentis;
1639 1276 1865 1351 pergat
1891 1279 2108 1334 autem
2138 1272 2216 1334 ad
2261 1270 2622 1343 ecclesiam,
2656 1276 2720 1333 et
2746 1270 3427 1351 advertatApostolum
3457 1293 3888 1338 commonen-

604 1366 751 1429 tem,
786 1373 994 1434 neque
1023 1362 1208 1434 auro,
1236 1369 1447 1431 neque
1476 1350 1865 1434 margaritis,
1890 1351 2410 1434 nequevestibus
2444 1351 2740 1429 pretiosis
2764 1350 3001 1434 debere
3023 1352 3355 1434 mulierem
3373 1356 3591 1417 ornari
3621 1378 3637 1413 :
3661 1374 3888 1417 nonne

602 1440 814 1497 statim
843 1430 1090 1495 dicitad
1122 1430 1427 1510 seipsum,
1465 1430 1682 1494 videns
1710 1447 1852 1492 eam
1886 1430 1952 1490 in
1996 1431 2278 1492 thalamo
2311 1447 2431 1493 suo
2464 1436 2591 1492 tam
2640 1430 2839 1492 variis
2896 1431 3100 1491 modis
3134 1434 3379 1508 ornari,
3414 1452 3631 1496 nonne
3663 1436 3887 1497 statim

605 1516 851 1576 haesitat
880 1514 1116 1583 dicens,
1148 1511 1311 1586 Quid
1347 1511 1517 1572 intus
1552 1511 1784 1572 mulier
1822 1514 2094 1571 ornatur
2125 1512 2189 1571 in
2224 1512 2549 1572 thalamo?
2578 1511 2728 1588 quid
2760 1510 3086 1571 comitur?
3133 1513 3287 1589 quid
3326 1530 3489 1574 auro
3534 1516 3731 1576 textis
3779 1516 3886 1575 in-

600 1594 865 1654 duitur?
894 1594 1157 1654 ubinam
1183 1591 1515 1653 ambulare
1541 1590 1869 1668 disponit?
1895 1607 2049 1650 num
2078 1590 2155 1653 ad
2189 1591 2570 1652 ecclesiam?
2599 1591 2841 1668 quare?
2872 1595 2940 1649 ut
2976 1589 3195 1652 audiat
3226 1610 3294 1653 se
3324 1593 3554 1656 debere
3588 1597 3887 1656 vestibus

600 1673 816 1735 ornari
844 1671 1136 1751 pretiosis
1163 1672 1190 1751 ?
1222 1671 1442 1731 Nonne
1471 1670 1751 1751 ridebit?
1774 1687 1988 1729 nonne
2016 1671 2364 1751 cachinnos
2392 1670 2583 1751 altius
2617 1669 2893 1730 elevabit
2916 1671 2944 1727 ?
2968 1686 3182 1751 nonne
3214 1671 3734 1735 Christianorum
3769 1692 3889 1735 re-

602 1749 902 1829 ligionem
934 1750 1368 1828 deceptionem
1411 1754 1473 1809 et
1502 1749 1939 1811 seductionem
1978 1766 2118 1810 esse
2156 1750 2509 1828 judicabit?
2558 1750 2907 1827 Propterea
2967 1750 3261 1829 obsecro,
3320 1760 3390 1813 ut
3444 1769 3608 1813 auro
3666 1760 3886 1816 textas

604 1828 811 1894 vestes
838 1848 1168 1911 aureaque
1198 1838 1573 1911 ornamenta
1605 1830 1852 1911 pompis
1875 1829 2257 1911 relinquatis
2296 1835 2357 1889 et
2386 1829 2622 1911 scenis,
2649 1836 2709 1888 et
2752 1828 2845 1911 eis
2880 1844 3023 1905 quae
3053 1828 3118 1911 in
3155 1832 3286 1911 suis
3315 1834 3691 1911 ergasteriis
3726 1834 3888 1897 talia

603 1907 1437 1987 venumdanda‘prononunt
1474 1928 1487 1965 :
1523 1909 1637 1968 Dei
1671 1916 1885 1969 autem
1916 1909 2126 1987 imago
2160 1926 2287 1969 non
2320 1908 2455 1969 vult
2493 1907 2729 1968 talibus
2763 1907 3092 1968 adornari.
3149 1907 3439 1973 Honesta
3477 1913 3717 1975 mulier
3762 1914 3887 1974 ho-

608 2004 849 2057 nestatu
876 1994 1251 2055 decoretur:
1282 1990 1552 2069 honesta
1583 1994 1797 2069 autem
1836 1990 1946 2048 illa
1973 1995 2089 2059 est,
2119 2004 2264 2064 qua:
2288 1991 2556 2069 typhum
2589 2007 2714 2050 non
2748 1990 2968 2063 habet,
2999 2006 3143 2066 quaa
3194 1999 3496 2053 ornatum
3524 2014 3654 2054 non
3692 1997 3888 2058 habet

605 2076 1011 2163 StBCUlalzem‘:
1038 2074 1125 2132 Ac
1152 2070 1204 2161 si
1236 2068 1515 2163 volueris
1548 2066 1820 2163 gloriam
1840 2084 1985 2144 quae
2012 2068 2301 2163 est‘apud
2319 2066 2616 2163 homines
2644 2069 2937 2162 adipisci,
2974 2068 3095 2129 isto
3124 2070 3330 2163 magis
3367 2088 3509 2133 eam
3557 2074 3886 2163 adipiscef

604 2158 691 2216 ris
731 2154 936 2214 modo.
965 2152 1123 2213 Nam
1151 2149 1267 2210 viri
1294 2146 1509 2208 divitis
1541 2145 1877 2207 mulierem
1911 2163 2040 2206 non
2085 2148 2174 2208 ita
2204 2148 2485 2208 solemus
2517 2145 2845 2221 admirari,
2893 2167 3038 2211 cum
3082 2145 3298 2211 aureis
3339 2145 3743 2217 ornamentis
3785 2156 3885 2218 vel

603 2234 820 2297 sericis
854 2232 1129 2295 vestibus
1157 2228 1543 2295 adornatur;
1579 2225 1700 2286 hoc
1731 2226 1970 2303 quippe
2001 2243 2339 2287 commune
2374 2234 2750 2289 cunctarum
2780 2233 2877 2290 est
2918 2224 3301 2291 feminarum
3329 2250 3345 2301 ;
3387 2231 3553 2291 sicut
3583 2234 3885 2297 admira-

603 2332 768 2386 mur,
799 2331 942 2373 cum
971 2311 1148 2389 puris
1178 2314 1249 2389 et
1268 2305 1663 2389 simplicibus
1687 2305 2197 2389 ettaneisutitur
2220 2308 2611 2389 vestimentis
2639 2327 2654 2366 :
2685 2307 2805 2369 hoc
2825 2309 3111 2369 universi
3135 2310 3415 2371 maxime
3440 2312 3880 2385 mirabuntur,

605 2396 723 2454 hoc
755 2384 1085 2470 plausibus
1119 2385 1683 2470 sublimabunt.__ln
1724 2384 1835 2445 illo
1876 2384 2131 2470 quidem
2169 2393 2429 2470 ornatu,
2474 2388 2595 2448 hoc
2627 2392 2721 2448 est
2761 2404 2937 2470 auro
2965 2392 3284 2450 textarum
3326 2396 3392 2450 et
3438 2392 3879 2467 pretiosarum

607 2464 899 2544 vesti-um,
935 2469 1246 2549 plurimas
1276 2466 1523 2549 similes
1548 2464 1665 2549 sibi
1694 2465 2006 2549 reperiet;
2039 2479 2116 2526 ac
2152 2466 2205 2526 si
2235 2468 2422 2527 istam
2452 2474 2731 2549 superet,
2760 2470 2842 2529 ab
2876 2468 2985 2529 illa
3015 2476 3395 2549 superatur;
3417 2464 3492 2531 ac
3523 2471 3575 2531 si
3608 2479 3879 2536 cunctas

603 2543 890 2624 excedat,
925 2543 1004 2611 ab
1033 2547 1439 2627 Imperatrice
1470 2543 1747 2627 vincitur
1778 2564 1792 2602 :
1826 2544 2217 2627 haecautem
2260 2543 2920 2627 superatfuniversas,
2963 2543 3159 2609 etiam
3203 2548 3407 2625 ipsam
3456 2550 3880 2627 Imperatoris

604 2649 873 2693 uxorem
902 2652 916 2690 :
948 2630 1086 2690 sola
1120 2624 1397 2703 namque
1427 2625 1492 2683 in
1526 2624 1775 2705 magnis
1807 2624 2055 2705 divitiis
2077 2626 2425 2705 constituta
2468 2626 2645 2703 eligit
2672 2626 2955 2687 habitum
2990 2624 3374 2705 pauperum.
3410 2624 3685 2691 Proinde
3716 2649 3797 2694 ac
3820 2636 3879 2695 si

604 2712 794 2772 etiam
826 2710 1093 2789 gloriam
1119 2702 1453 2789 cupiamus
1480 2702 1769 2789 adipisci,
1801 2704 1991 2789 etiam
2041 2703 2262 2789 in_hoc
2294 2705 2497 2789 major
2540 2702 2636 2765 est
2669 2706 2895 2789 gloria.
2930 2702 3066 2766 Non
3103 2702 3181 2789 ad
3227 2707 3451 2769 viduas
3485 2713 3735 2789 tantum
3772 2712 3881 2773 Io—

603 2808 788 2869 quor,
819 2782 928 2851 aut
977 2787 1055 2869 ad
1098 2782 1474 2869 opulentas;
1511 2800 1659 2869 nam
1703 2783 1769 2843 in
1801 2782 2297 2869 viduisvidetur
2325 2785 2602 2869 viduitas
2640 2782 2872 2869 atl‘erre
2911 2786 3358 2869 necessitatem
3381 2788 3765 2869 ;‘sed_etiam
3795 2792 3879 2854 ad

603 2861 975 2948 eonjugatas
1002 2861 1513 2948 hiec'loquimur.
1546 2861 1665 2923 Sed
1685 2880 1812 2923 non
1836 2864 2123 2948 placebo,
2155 2864 2392 2942 inquit,
2426 2865 2563 2948 viro
2594 2882 2757 2924 meo.
2783 2865 2921 2948 Non
2950 2866 3085 2925 viro
3120 2866 3737 2942 placeredesideras,
3761 2871 3879 2932 sed

604 2944 944 3009 mulierum
968 2944 1356 3008 multitudini
1393 2959 1748 3027 pauperum
1782 2963 1795 3000 :
1828 2944 2028 3021 magis
2063 2948 2275 3004 autem
2309 2962 2438 3027 non
2464 2944 2741 3021 placere,
2768 2944 3001 3005 sedeas
3024 2948 3714 3027 contabescerescupis,
3735 2950 3881 3011 atti-

603 3047 745 3089 cere
772 3028 1015 3108 dolore,
1039 3040 1367 3085 macerare
1396 3022 1755 3108 tormentis,
1783 3028 1845 3083 et
1867 3041 1949 3108 ex
1980 3024 2460 3108 comparatione
2489 3028 3078 3108 tua_paup_ert_atem
3108 3025 3230 3085 illis
3260 3042 3444 3087 suam
3478 3022 3881 3108 facere‘gra—

607 3109 868 3167 viorem.
900 3105 953 3167 O
983 3109 1291 3184 quantam
1324 3109 1582 3181 prepter
1613 3106 1671 3160 te
1700 3101 2175 3184 blasphemiam
2190 3102 2579 3184 loquuntur!
2605 3101 2741 3184 Non
2770 3103 2873 3174 sit,
2900 3104 3225 3181 inquiunt,
3261 3114 3641 3183 paupertas:
3672 3101 3877 3180 Deus,

607 3189 931 3265 inquiunt,
966 3181 1110 3245 odio
1134 3184 1325 3244 habet
1354 3198 1695 3261 pauperes,
1729 3183 1897 3265 Deus
1937 3198 2067 3241 non
2096 3181 2300 3259 diligit
2326 3182 2389 3241 in
2427 3181 2730 3265 pauperie
2770 3183 3172 3265 constitutos.
3214 3181 3578 3265 Quia—enim
3616 3188 3709 3248 sic
3741 3207 3876 3250 non

609 3262 743 3325 viro
774 3266 1024 3344 placere
1053 3265 1395 3332 desideras,
1435 3271 1655 3344 etnon
1678 3262 1763 3344 ad
1796 3262 1963 3323 hanc
1989 3275 2251 3344 causam
2286 3266 2347 3344 te
2380 3262 2563 3344 cupis
2600 3263 2843 3333 ornari,
2887 3281 2969 3323 ex
3005 3264 3426 3344 quibus‘ipsa
3466 3263 3619 3327 facis
3654 3270 3880 3328 mani-

607 3340 832 3407 festum
880 3346 1123 3406 cunctis
1157 3348 1443 3421 apparet.
1484 3342 1640 3403 Cum
1678 3342 1870 3402 limen
1917 3341 2008 3400 tui
2064 3340 2331 3421 thalami
2381 3340 2575 3403 fueris
2620 3358 3076 3421 supergressa,
3122 3340 3456 3404 confestim
3494 3354 3727 3407 cuncta
3760 3347 3879 3411 illa

604 3425 891 3502 deponis,
923 3430 984 3483 et
1019 3420 1416 3494 vestimenta,
1451 3428 1513 3483 et
1541 3426 1944 3502 auramenta,
1990 3420 2393 3502 margaritas,
2431 3427 2493 3481 et
2518 3422 2773 3480 demum
2810 3420 3013 3502 magis
3046 3422 3307 3482 illorum
3346 3424 3507 3483 nihil
3543 3427 3768 3487 uteris.
3808 3427 3877 3489 Si

605 3500 815 3564 autem
855 3504 1007 3564 velis
1039 3505 1173 3582 viro
1208 3503 1479 3579 placere,
1516 3507 1613 3562 est
1643 3500 1811 3561 unde
1840 3500 2237 3582 complaceas
2272 3520 2287 3582 ς
2338 3519 2452 3579 per
2487 3500 3074 3582 mansuetudinem,
3108 3519 3223 3582 per
3262 3502 3718 3579 placiditatem,
3756 3524 3880 3582 per

608 3584 993 3661 pudicitiam.
1027 3581 1224 3641 Crede
1251 3582 1427 3655 mihi,
1461 3582 1715 3652 mulier,
1748 3597 1823 3641 ac
1849 3580 1898 3661 si
1934 3581 2204 3639 multum
2234 3580 2315 3639 sit
2354 3582 2452 3640 vir
2482 3580 2589 3661 ille
2625 3580 2925 3661 deorsum
2959 3580 3293 3661 attendens
3327 3590 3524 3661 atque
3559 3580 3879 3649 inferiora

610 3659 886 3741 sapiens,
916 3662 1047 3722 hznc
1078 3662 1255 3721 illum
1283 3662 1482 3741 magis
1515 3662 1787 3741 illiciunt
1816 3679 1829 3717 :
1871 3659 2138 3741 hocsest,
2174 3660 2621 3741 mansuetudo,
2655 3659 2982 3741 pudicitia,
3015 3660 3269 3741 habitus
3301 3659 3442 3721 sine
3475 3662 3694 3740 typho,
3728 3665 3879 3727 sine

610 3738 820 3802 multis
852 3743 1172 3821 expensis,
1201 3741 1340 3821 vilis
1368 3738 1428 3800 et
1456 3740 1736 3799 humilis.
1766 3738 2174 3821 Impudicum
2209 3740 2446 3821 quippe
2478 3740 2711 3821 virum,
2746 3756 2821 3800 ac
2855 3740 2906 3799 si
2940 3740 3141 3801 multa
3175 3738 3879 3821 excogiles'ornamen-

610 3830 694 3893 ta,
735 3840 859 3881 non
891 3818 1167 3881 festivas.
1192 3820 1267 3878 Et
1298 3819 1418 3878 hoc
1455 3824 1693 3878 norunt
1721 3822 2041 3895 quotquot
2070 3818 2432 3896 hujusmodi
2467 3819 2633 3879 viros
2670 3819 2955 3879 habuere
3006 3838 3019 3877 :
3060 3818 3537 3895 quantumlibet
3580 3822 3751 3881 enim
3802 3830 3877 3886 tu

608 3901 861 3961 studeas
892 3900 1217 3968 adornari,
1252 3898 1380 3968 ille,
1415 3899 1467 3957 si
1497 3898 1899 3963 incontinens
1929 3908 2046 3967 est,
2077 3898 2154 3958 ad
2187 3899 2455 3959 alteram
2486 3898 2714 3977 pergit.
2750 3897 2982 3959 Pudico
3017 3916 3167 3958 vero
3196 3905 3257 3959 et
3287 3908 3461 3960 casto
3486 3900 3721 3961 talibus
3752 3904 3881 3963 mi-

610 3982 777 4042 nime
806 3979 1252 4056 complacehis,
1281 3977 1388 4039 sed
1420 3977 1621 4056 magis
1654 3977 1882 4037 horum
1913 3977 2284 4049 contrariis;
2335 3978 2431 4037 his
2463 3983 2678 4037 autem
2723 3996 2870 4038 eum
2913 3978 3107 4038 etiam
3151 3979 3587 4051 contristabis,
3619 3997 3762 4041 cum
3794 3982 3880 4044 de

609 4068 666 4121 te
689 4060 1115 4137 suspicionem
1154 4057 1305 4137 facis
1349 4057 1706 4137 appetentis
1740 4056 2261 4137 ornatumsQuid
2294 4058 2521 4137 enim?
2562 4073 2637 4117 ac
2687 4058 2739 4116 si
2793 4057 2890 4137 vir
2931 4056 3039 4116 ille
3078 4058 3439 4118 reverentia
3490 4066 3877 4124 mansuetus

611 4141 727 4199 hoc
759 4135 893 4208 tibi,
925 4138 1089 4198 sicut
1126 4136 1391 4214 pudicus
1423 4141 1484 4197 et
1512 4136 1703 4207 mitis,
1733 4135 1944 4215 dicere
1979 4136 2278 4207 noluerit,
2328 4136 2435 4196 sed
2466 4136 2635 4215 intra
2679 4153 2745 4197 se
2776 4136 3122 4213 plurimum
3174 4137 3609 4215 reprehendit.
3643 4139 3881 4203 Nonne

612 4220 758 4279 hinc
788 4220 887 4279 vel
918 4213 1247 4288 invidiam,
1279 4217 1375 4276 vel
1403 4215 1663 4275 oculum
1694 4232 1824 4275 non
1849 4213 2135 4293 refugitis
2166 4216 2509 4276 infectum?
2537 4214 2667 4275 Cur
2700 4232 2855 4294 ergo
2889 4233 3015 4275 non
3047 4213 3385 4277 excluditis
3431 4223 3727 4280 cunctam
3762 4237 3881 4280 vo-

610 4302 937 4377 luptatem,
963 4304 1389 4373 cunctamque
1416 4295 1787 4355 libidinem?
1816 4311 1944 4355 non
1980 4295 2227 4356 sentitis
2274 4294 2446 4373 quod
2475 4294 2815 4356 adversum
2847 4297 3268 4373 vosmetipsas
3297 4300 3543 4358 tantam
3574 4298 3881 4361 excitatis

611 4378 959 4439 invidiam?

687 4461 843 4518 Puto
886 4456 1055 4517 enim
1086 4454 1255 4532 quod
1289 4454 1805 4532 inaequanimiter
1833 4453 1968 4515 haac
2002 4454 2235 4516 auditis
2258 4499 2274 4525 ,
2320 4458 2382 4516 et
2424 4453 2851 4533 indignamini
2885 4453 3168 4516 dicentes
3200 4454 3511 4533 quoniam
3541 4456 3663 4518 iste
3694 4456 3877 4520 viro-

612 4556 749 4598 rum
779 4537 1024 4596 animos
1049 4537 1217 4595 circa
1253 4535 1555 4595 mulieres
1588 4534 1796 4595 irritat
1824 4540 1885 4594 et
1916 4535 2197 4612 instigat.
2232 4535 2372 4595 Non
2407 4551 2528 4613 ego
2562 4534 2736 4594 viros
2781 4533 3096 4594 irritando
3124 4534 3257 4595 hinc
3288 4536 3481 4597 verba
3514 4535 3880 4613 profundo,

609 4618 714 4679 sed
744 4634 779 4679 a
807 4618 983 4676 vobis
1013 4615 1144 4674 hzec
1174 4614 1307 4675 fieri
1342 4614 1487 4675 volo
1519 4622 1875 4691 spontanea
1906 4615 2254 4676 voluntate.
2286 4616 2552 4691 Propter
2585 4630 2722 4683 vos,
2754 4631 2885 4674 non
2914 4620 3178 4690 propter
3203 4614 3348 4674 illos
3374 4616 3496 4675 ista
3526 4615 3835 4678 dicuntur
3861 4638 3878 4679 :

611 4717 733 4757 non
763 4704 833 4757 ut
860 4696 946 4754 illi
980 4696 1059 4756 ab
1087 4693 1327 4773 invidia
1355 4693 1731 4766 liberentur,
1766 4692 1871 4773 sed
1904 4701 1974 4753 ut
2011 4700 2117 4754 νος
2152 4695 2569 4755 saecularibus
2598 4693 2962 4754 liberemini
2994 4694 3377 4771 phantasiis.
3410 4694 3522 4754 Vis
3554 4711 3882 4773 apparere

608 4778 921 4854 pulchra?
950 4790 1068 4854 ego
1101 4773 1291 4833 etiam
1321 4772 1440 4834 hoc
1469 4774 1656 4854 cupio
1684 4818 1697 4843 ,
1733 4772 1839 4854 sed
1869 4774 2409 4849 pulchritudinem
2438 4774 2583 4854 volo
2604 4818 2618 4845 ,
2653 4790 2849 4854 quam
2879 4774 3047 4833 Deus
3085 4773 3395 4850 inquirit,
3430 4774 3884 4854 pulchritudi-

608 4852 747 4917 nem
770 4871 964 4932 quam
994 4852 1164 4934 Deus
1193 4853 1987 4934 rexgloriieconcupiscit.
2022 4854 2226 4926 Quem
2259 4854 2496 4934 habere
2524 4852 2845 4913 desideras
2877 4860 3259 4934 amatorem,
3297 4854 3502 4915 Deu'm
3538 4870 3622 4915 an
3658 4853 3873 4915 homi-

610 4938 764 4997 nes?
790 4931 847 4994 Si
878 4931 1226 4993 secundum
1256 4933 1429 4992 illam
1459 4932 1997 5009 pulchritudinem
2026 4931 2291 5009 pulchra
2315 4934 2425 5001 sis,
2455 4932 2623 4992 Deus
2652 4940 2823 4993 tuam
2850 4932 3396 5010 pulchritudinem
3427 4934 3830 5011 concupiscit
3866 4956 3883 4993 :

608 5020 656 5077 si
692 5032 837 5075 vero
870 5012 1216 5073 secundam
1244 5012 1415 5071 illam
1444 5056 1458 5082 ,
1491 5012 1596 5071 ille
1617 5010 1872 5087 quidem
1906 5020 1963 5071 te
1998 5012 2316 5083 horrebit,
2352 5014 2661 5073 amabunt
2688 5019 2903 5072 autem
2940 5012 3236 5073 homines
3264 5012 3613 5073 scelerosi:
3650 5010 3883 5075 nullus

606 5098 839 5173 quippe
871 5096 1075 5153 bonus
1104 5100 1193 5150 est
1228 5092 1335 5166 qui
1363 5091 1695 5175 mulierem
1718 5092 1949 5175 amarit
1979 5093 2410 5175 conjugatam.
2434 5091 2581 5175 Hoc
2607 5094 2799 5175 etiam
2822 5090 2898 5152 de
2923 5093 3227 5175 exteriori
3259 5102 3497 5175 ornatu
3527 5108 3882 5175 cognosce.

611 5170 1027 5247 l'lle’namque
1056 5178 1323 5230 ornatus
1356 5178 1451 5229 est
1481 5170 1732 5238 animae,
1769 5170 1970 5230 Deum
2000 5172 2077 5231 ad
2109 5191 2177 5231 se
2212 5172 2591 5248 pertrahens
2624 5190 2635 5229 :
2669 5172 2785 5231 iste
2814 5178 3032 5231 autem
3068 5173 3210 5231 illos
3254 5170 3489 5231 iterum
3522 5173 3883 5235 sceleratos

602 5274 822 5335 reddit.
854 5271 1103 5331 Intuere
1135 5265 1442 5343 quoniam
1473 5263 1547 5324 de
1582 5263 1754 5344 vobis
1786 5277 2014 5344 curaui
2035 5274 2435 5344 gerenstrpr‘o
2472 5255 2648 5344 vobis
2680 5255 2993 5344 sollicitus
3024 5274 3600 5344 nuncsermonem
3624 5280 3875 5342 propo-

603 5354 726 5424 sui,
757 5358 825 5411 ut
855 5366 1005 5410 vera
1051 5335 1525 5425 pulchritudine
1566 5342 1708 5418 plus
1755 5335 2109 5425 cresc_atis’,_
2137 5345 2195 5396 et
2229 5335 2611 5425 efﬁciamini
2656 5336 2982 5425 gloriosae,
3033 5336 3143 5425 inlla
3192 5338 3259 5425 [f.
3294 5335 3670 5425 illa_gl‘oria]
3717 5335 3870 5420 qua}

604 5414 749 5492 vere
780 5435 873 5491 est
902 5414 1103 5507 gloria
1136 5422 1477 5504 judicanda
1500 5467 1514 5493 ,
1549 5414 1619 5481 ut
1651 5436 1765 5507 pro
1811 5417 2337 5507 scelerosis__viris
2369 5414 2571 5507 Deum
2621 5420 2998 5507 cunctorum
3036 5414 3694 5507 Dominuinhabeatjs
3732 5414 3854 5507 ᾗεξ-

602 5521 743 5573 stne
774 5494 1259 5588 pulchritudinis
1300 5494 1673 5588 amatorem:
1715 5499 1868 5588 Quas
1916 5503 2124 5559 autem
2156 5498 2334 5557 illum
2386 5494 2684 5588 habuerit
2731 5498 3121 5566 amatorem,
3162 5497 3263 5586 cui
3307 5500 3431 5557 erit
3479 5500 3755 5588 similis?
3792 5505 3868 5566 in

604 5572 798 5650 ehore
831 5585 1205 5665 tripudiabit
1239 5580 1648 5665 angel_ico._Si
1682 5580 1849 5665 enim
1889 5597 2035 5665 cum
2066 5594 2103 5637 a
2138 5595 2288 5665 rege
2325 5579 2577 5634 amatur
2603 5572 2861 5665 aliqu'a'2
2902 5590 3096 5665 super
3142 5576 3477 5665 universas
3513 5578 3869 5665 “judicatiu-

606 5688 744 5729 esse
774 5652 955 5729 beata
982 5687 993 5724 :
1018 5682 1163 5742 qua)
1193 5680 1229 5724 a
1258 5652 1385 5722 Devo
1407 5657 2051 5742 diligitur‘dilectione
2082 5652 2395 5742 maxim-ri,
2430 5656 2672 5742 quanta
2699 5652 3151 5742 subliniabitur
3178 5655 3487 5742 dignitate
3511 5652 3542 5715 Τ
3567 5674 3646 5742 ac
3673 5662 3725 5720 si
3762 5668 3868 5723 ιο-

606 5758 735 5808 tum
766 5731 1071 5805 mundum
1096 5743 1470 5811 constituas,
1508 5731 1660 5799 nihil
1694 5738 1755 5796 in
1790 5737 2264 5819 comparatione
2295 5734 2464 5790 illius
2502 5731 2989 5819 ιλιι-ιμιιιςὶιψξίῃὶδ
3020 5733 3387 5819 deputatur.
3427 5738 3605 5798 lianc
3634 5740 3866 5819 itaque

602 5828 881 5887 colamus
924 5822 1495 5903 pulchritudinem,
1540 5820 1655 5903 hoc
1704 5810 1952 5903 ornatu
1984 5815 2354 5902 decoremus
2381 5856 2395 5883 ,
2561 5810 2730 5903 digni
2765 5810 3488 5903 efﬁciamuringrediin
3522 5819 3709 5881 caelos
3735 5810 3762 5891 ,’
3785 5823 3862 5885 in

605 5890 943 5985 spiritalia'
970 5902 1334 5965 habitacula
1372 5899 1592 5976 recipi,
1623 5902 1685 5957 et
1718 5895 2066 5957 thalamum
2108 5893 2322 5971 sponsi
2358 5890 2667 5968 spiritalis
2704 5891 2969 5953 intrare.
3024 5890 3239 5974 Hujus
3266 5897 3524 5974 quidem
3555 5890 3859 5981 corpOris
