  <div class='ocr_page' id='page_1' title='image "/cluster/home/n/w/nwhite01/storage/ocr_20150623/63/uva.x030486929/354.png"; bbox 0 0 4122 6422; ppageno 0'>
   <div class='ocr_carea' id='block_1_1' title="bbox 260 394 3503 467">
    <p class='ocr_par' dir='ltr' id='par_1_1' title="bbox 260 394 3503 467">
     <span class='ocr_line' id='line_1_1' title="bbox 260 394 3503 467; baseline -0.006 0"><span class='ocrx_word' id='word_1_1' title='bbox 260 411 370 467; x_wconf 67' lang='grc'><strong>453</strong></span> <span class='ocrx_word' id='word_1_2' title='bbox 1714 400 2051 459; x_wconf 72' lang='lat' dir='ltr'><strong>MONITUM.</strong></span> <span class='ocrx_word' id='word_1_3' title='bbox 3398 394 3503 448; x_wconf 60' lang='grc' dir='ltr'><strong>ποθ</strong></span> 
     </span>
    </p>
   </div>
   <div class='ocr_carea' id='block_1_2' title="bbox 260 506 3501 607">
    <p class='ocr_par' dir='ltr' id='par_1_2' title="bbox 260 506 3501 607">
     <span class='ocr_line' id='line_1_2' title="bbox 260 506 3501 607; baseline -0.006 -23"><span class='ocrx_word' id='word_1_4' title='bbox 260 526 398 587; x_wconf 84' lang='lat' dir='ltr'><strong>sive</strong></span> <span class='ocrx_word' id='word_1_5' title='bbox 433 524 665 600; x_wconf 81' lang='lat' dir='ltr'><strong>bestia,</strong></span> <span class='ocrx_word' id='word_1_6' title='bbox 700 526 836 607; x_wconf 69' lang='lat' dir='ltr'><strong>sive</strong></span> <span class='ocrx_word' id='word_1_7' title='bbox 871 524 1041 607; x_wconf 69' lang='lat' dir='ltr'><strong>mille</strong></span> <span class='ocrx_word' id='word_1_8' title='bbox 1084 521 1462 607; x_wconf 59' lang='lat' dir='ltr'><strong>muscipula)</strong></span> <span class='ocrx_word' id='word_1_9' title='bbox 1487 520 1821 607; x_wconf 81' lang='lat' dir='ltr'><strong>;_quandiu</strong></span> <span class='ocrx_word' id='word_1_10' title='bbox 1858 519 2030 607; x_wconf 84' lang='lat' dir='ltr'><strong>enim</strong></span> <span class='ocrx_word' id='word_1_11' title='bbox 2063 516 2341 607; x_wconf 88' lang='lat' dir='ltr'><strong>quisque</strong></span> <span class='ocrx_word' id='word_1_12' title='bbox 2391 512 2631 607; x_wconf 65' lang='lat' dir='ltr'><strong>igttilus</strong></span> <span class='ocrx_word' id='word_1_13' title='bbox 2666 508 2935 607; x_wconf 53' lang='lat' dir='ltr'><strong>incedit.</strong></span> <span class='ocrx_word' id='word_1_14' title='bbox 2968 506 3501 607; x_wconf 34' lang='lat' dir='ltr'><strong>Ritt‘ll‘itt‘iltitrerlllz</strong></span> 
     </span>
    </p>
   </div>
   <div class='ocr_carea' id='block_1_3' title="bbox 266 583 3507 680">
    <p class='ocr_par' dir='ltr' id='par_1_3' title="bbox 266 583 3507 680">
     <span class='ocr_line' id='line_1_3' title="bbox 266 583 3507 680; baseline -0 -16"><span class='ocrx_word' id='word_1_15' title='bbox 266 583 1045 675; x_wconf 29' lang='lat' dir='ltr'><strong>omnia&#39;eicedi_t.voinnia</strong></span> <span class='ocrx_word' id='word_1_16' title='bbox 1079 583 1456 664; x_wconf 78' lang='lat' dir='ltr'><strong>contemnit.</strong></span> <span class='ocrx_word' id='word_1_17' title='bbox 1489 583 1767 661; x_wconf 53' lang='lat' dir='ltr'><strong>&#39;I-‘l&#39;amma</strong></span> <span class='ocrx_word' id='word_1_18' title='bbox 1801 599 2042 677; x_wconf 83' lang='lat' dir='ltr'><strong>quippe</strong></span> <span class='ocrx_word' id='word_1_19' title='bbox 2082 583 2550 680; x_wconf 70' lang='lat' dir='ltr'><strong>insui_ier_a_bilis_</strong></span> <span class='ocrx_word' id='word_1_20' title='bbox 2584 607 2684 650; x_wconf 88' lang='lat' dir='ltr'><strong>res</strong></span> <span class='ocrx_word' id='word_1_21' title='bbox 2724 598 2838 678; x_wconf 68' lang='lat' dir='ltr'><strong>est.</strong></span> <span class='ocrx_word' id='word_1_22' title='bbox 2876 596 2936 649; x_wconf 76' lang='grc' dir='ltr'><strong>ει</strong></span> <span class='ocrx_word' id='word_1_23' title='bbox 2968 583 3372 676; x_wconf 53' lang='grc' dir='ltr'><strong>ἰῐηρονωυῖίυ</strong></span> <span class='ocrx_word' id='word_1_24' title='bbox 3409 593 3507 643; x_wconf 65' lang='grc' dir='ltr'><strong>θδῑ</strong></span> 
     </span>
    </p>
   </div>
   <div class='ocr_carea' id='block_1_4' title="bbox 265 673 3507 759">
    <p class='ocr_par' dir='ltr' id='par_1_4' title="bbox 265 673 3507 759">
     <span class='ocr_line' id='line_1_4' title="bbox 265 673 3507 759; baseline -0.008 -14"><span class='ocrx_word' id='word_1_25' title='bbox 265 683 515 745; x_wconf 85' lang='lat' dir='ltr'><strong>cunctis</strong></span> <span class='ocrx_word' id='word_1_26' title='bbox 550 682 747 744; x_wconf 82' lang='lat' dir='ltr'><strong>rebus</strong></span> <span class='ocrx_word' id='word_1_27' title='bbox 777 673 1160 747; x_wconf 33' lang='lat' dir='ltr'><strong>&quot;incendium</strong></span> <span class='ocrx_word' id='word_1_28' title='bbox 1189 704 1201 740; x_wconf 93' lang='lat'>:</span> <span class='ocrx_word' id='word_1_29' title='bbox 1236 680 1404 759; x_wconf 78' lang='lat' dir='ltr'><strong>ignis</strong></span> <span class='ocrx_word' id='word_1_30' title='bbox 1433 679 1676 759; x_wconf 80' lang='lat' dir='ltr'><strong>quippe</strong></span> <span class='ocrx_word' id='word_1_31' title='bbox 1710 673 1933 759; x_wconf 71' lang='lat' dir='ltr'><strong>cuncta</strong></span> <span class='ocrx_word' id='word_1_32' title='bbox 1970 673 2315 759; x_wconf 63' lang='lat' dir='ltr'><strong>Consumit.</strong></span> <span class='ocrx_word' id='word_1_33' title='bbox 2348 673 2483 732; x_wconf 85' lang='lat' dir='ltr'><strong>Hoc</strong></span> <span class='ocrx_word' id='word_1_34' title='bbox 2515 673 2905 759; x_wconf 50' lang='lat' dir='ltr'><strong>itaquejg_iie</strong></span> <span class='ocrx_word' id='word_1_35' title='bbox 2940 673 3507 759; x_wconf 71' lang='lat' dir='ltr'><strong>circumsepiamur</strong></span> 
     </span>
    </p>
   </div>
   <div class='ocr_carea' id='block_1_5' title="bbox 264 749 3508 841">
    <p class='ocr_par' dir='ltr' id='par_1_5' title="bbox 264 749 3508 841">
     <span class='ocr_line' id='line_1_5' title="bbox 264 749 3508 841; baseline -0.006 -20"><span class='ocrx_word' id='word_1_36' title='bbox 264 761 594 841; x_wconf 75' lang='lat' dir='ltr'><strong>exhortor,</strong></span> <span class='ocrx_word' id='word_1_37' title='bbox 628 759 911 841; x_wconf 52' lang='lat' dir='ltr'><strong>gloriam“</strong></span> <span class='ocrx_word' id='word_1_38' title='bbox 939 749 1294 841; x_wconf 55' lang='lat' dir='ltr'><strong>oﬂ’erentesv</strong></span> <span class='ocrx_word' id='word_1_39' title='bbox 1312 749 1841 819; x_wconf 65' lang='lat' dir='ltr'><strong>Domino&#39;nostro</strong></span> <span class='ocrx_word' id='word_1_40' title='bbox 1872 755 2023 815; x_wconf 88' lang='lat' dir='ltr'><strong>Jesu</strong></span> <span class='ocrx_word' id='word_1_41' title='bbox 2072 752 2344 841; x_wconf 76' lang='lat' dir='ltr'><strong>Christo,</strong></span> <span class='ocrx_word' id='word_1_42' title='bbox 2379 764 2523 841; x_wconf 80' lang='lat' dir='ltr'><strong>cum</strong></span> <span class='ocrx_word' id='word_1_43' title='bbox 2558 764 2684 825; x_wconf 90' lang='lat' dir='ltr'><strong>quo</strong></span> <span class='ocrx_word' id='word_1_44' title='bbox 2726 749 2916 841; x_wconf 60' lang='grc' dir='ltr'><strong>ξιιμ-ἱ,</strong></span> <span class='ocrx_word' id='word_1_45' title='bbox 2956 758 3255 841; x_wconf 54' lang='lat' dir='ltr'><strong>unacum</strong></span> <span class='ocrx_word' id='word_1_46' title='bbox 3288 750 3508 801; x_wconf 81' lang='lat' dir='ltr'><strong>sancto</strong></span> 
     </span>
    </p>
   </div>
   <div class='ocr_carea' id='block_1_6' title="bbox 266 825 3256 919">
    <p class='ocr_par' dir='ltr' id='par_1_6' title="bbox 266 825 3256 919">
     <span class='ocr_line' id='line_1_6' title="bbox 266 825 3256 919; baseline -0.006 -20"><span class='ocrx_word' id='word_1_47' title='bbox 266 837 538 916; x_wconf 86' lang='lat' dir='ltr'><strong>Spiritu,</strong></span> <span class='ocrx_word' id='word_1_48' title='bbox 576 825 813 917; x_wconf 47' lang='lat' dir='ltr'><strong>&#39;giorio.</strong></span> <span class='ocrx_word' id='word_1_49' title='bbox 846 838 1217 919; x_wconf 85' lang='lat' dir='ltr'><strong>imperium,</strong></span> <span class='ocrx_word' id='word_1_50' title='bbox 1250 836 1473 910; x_wconf 83' lang='lat' dir='ltr'><strong>honor,</strong></span> <span class='ocrx_word' id='word_1_51' title='bbox 1510 853 1680 897; x_wconf 89' lang='lat' dir='ltr'><strong>nunc</strong></span> <span class='ocrx_word' id='word_1_52' title='bbox 1709 842 1773 897; x_wconf 89' lang='lat' dir='ltr'><strong>et</strong></span> <span class='ocrx_word' id='word_1_53' title='bbox 1802 849 2082 910; x_wconf 78' lang='lat' dir='ltr'><strong>semper,</strong></span> <span class='ocrx_word' id='word_1_54' title='bbox 2116 836 2180 891; x_wconf 92' lang='lat' dir='ltr'><strong>et</strong></span> <span class='ocrx_word' id='word_1_55' title='bbox 2210 829 2275 891; x_wconf 91' lang='lat' dir='ltr'><strong>in</strong></span> <span class='ocrx_word' id='word_1_56' title='bbox 2310 827 2540 890; x_wconf 70' lang='lat' dir='ltr'><strong>seacula</strong></span> <span class='ocrx_word' id='word_1_57' title='bbox 2574 825 2979 886; x_wconf 63' lang='lat' dir='ltr'><strong>saeculorum.</strong></span> <span class='ocrx_word' id='word_1_58' title='bbox 3030 826 3256 883; x_wconf 82' lang='lat' dir='ltr'><strong>Amen.</strong></span> 
     </span>
    </p>
   </div>
   <div class='ocr_carea' id='block_1_7' title="bbox 3457 1023 3515 1033">
    <p class='ocr_par' dir='ltr' id='par_1_7' title="bbox 3457 1023 3515 1033">
     <span class='ocr_line' id='line_1_7' title="bbox 3457 1023 3515 1033; baseline 0.017 -1"><span class='ocrx_word' id='word_1_59' title='bbox 3457 1023 3515 1033; x_wconf 60' lang='lat' dir='ltr'><strong>c.-</strong></span> 
     </span>
    </p>
   </div>
   <div class='ocr_carea' id='block_1_8' title="bbox 3340 1038 3513 1057">
    <p class='ocr_par' dir='ltr' id='par_1_8' title="bbox 3340 1038 3513 1057">
     <span class='ocr_line' id='line_1_8' title="bbox 3340 1038 3513 1057; baseline -0.012 0"><span class='ocrx_word' id='word_1_60' title='bbox 3340 1038 3513 1057; x_wconf 68' lang='lat' dir='ltr'><strong>—-v-—-</strong></span> 
     </span>
    </p>
   </div>
   <div class='ocr_carea' id='block_1_9' title="bbox 266 1025 3453 1066">
    <p class='ocr_par' dir='ltr' id='par_1_9' title="bbox 266 1025 3453 1066">
     <span class='ocr_line' id='line_1_9' title="bbox 266 1025 3453 1066; baseline -0.001 -6"><span class='ocrx_word' id='word_1_61' title='bbox 266 1025 3453 1066; x_wconf 50' lang='lat' dir='ltr'><strong>Ws</strong></span> 
     </span>
    </p>
   </div>
   <div class='ocr_carea' id='block_1_10' title="bbox 1605 1197 2193 1295">
    <p class='ocr_par' dir='ltr' id='par_1_10' title="bbox 1605 1197 2193 1295">
     <span class='ocr_line' id='line_1_10' title="bbox 1605 1197 2193 1295; baseline -0.014 -1"><span class='ocrx_word' id='word_1_62' title='bbox 1605 1197 2193 1295; x_wconf 76' lang='lat' dir='ltr'><strong>MONITUM&#39;</strong></span> 
     </span>
    </p>
   </div>
   <div class='ocr_carea' id='block_1_11' title="bbox 784 1418 2954 1490">
    <p class='ocr_par' dir='ltr' id='par_1_11' title="bbox 784 1418 2954 1490">
     <span class='ocr_line' id='line_1_11' title="bbox 784 1418 2954 1490; baseline -0.004 0"><span class='ocrx_word' id='word_1_63' title='bbox 784 1468 788 1471; x_wconf 28' lang='grc' dir='ltr'><strong>Α</strong></span> <span class='ocrx_word' id='word_1_64' title='bbox 836 1427 921 1490; x_wconf 83' lang='grc' dir='ltr'><strong>ΙΝ</strong></span> <span class='ocrx_word' id='word_1_65' title='bbox 978 1424 1337 1490; x_wconf 80' lang='lat' dir='ltr'><strong>UNDECIM</strong></span> <span class='ocrx_word' id='word_1_66' title='bbox 1403 1424 1466 1485; x_wconf 93' lang='lat' dir='ltr'><strong>S.</strong></span> <span class='ocrx_word' id='word_1_67' title='bbox 1528 1422 1866 1486; x_wconf 81' lang='lat' dir='ltr'><strong>JOANNIS</strong></span> <span class='ocrx_word' id='word_1_68' title='bbox 1927 1419 2497 1485; x_wconf 82' lang='lat' dir='ltr'><strong>CHRYSOSTOMI</strong></span> <span class='ocrx_word' id='word_1_69' title='bbox 2556 1418 2954 1483; x_wconf 78' lang='lat' dir='ltr'><strong>HOMILIAS</strong></span> 
     </span>
    </p>
   </div>
   <div class='ocr_carea' id='block_1_12' title="bbox 1241 1600 2550 1666">
    <p class='ocr_par' dir='ltr' id='par_1_12' title="bbox 1241 1600 2550 1666">
     <span class='ocr_line' id='line_1_12' title="bbox 1241 1600 2550 1666; baseline -0.005 -1"><span class='ocrx_word' id='word_1_70' title='bbox 1241 1606 1431 1666; x_wconf 74' lang='lat' dir='ltr'><strong>NUNC</strong></span> <span class='ocrx_word' id='word_1_71' title='bbox 1468 1603 1741 1662; x_wconf 72' lang='lat' dir='ltr'><strong>PRIMUM</strong></span> <span class='ocrx_word' id='word_1_72' title='bbox 1784 1604 1827 1659; x_wconf 84' lang='lat' dir='ltr'><strong>E</strong></span> <span class='ocrx_word' id='word_1_73' title='bbox 1866 1603 2209 1662; x_wconf 81' lang='lat' dir='ltr'><strong>TENEBRIS</strong></span> <span class='ocrx_word' id='word_1_74' title='bbox 2248 1600 2550 1659; x_wconf 74' lang='lat' dir='ltr'><strong>ERUTAS.</strong></span> 
     </span>
    </p>
   </div>
   <div class='ocr_carea' id='block_1_13' title="bbox 341 1778 3522 1856">
    <p class='ocr_par' dir='ltr' id='par_1_13' title="bbox 341 1778 3522 1856">
     <span class='ocr_line' id='line_1_13' title="bbox 341 1778 3522 1856; baseline -0.002 -17"><span class='ocrx_word' id='word_1_75' title='bbox 341 1784 422 1840; x_wconf 77' lang='lat' dir='ltr'><strong>Eu</strong></span> <span class='ocrx_word' id='word_1_76' title='bbox 488 1787 611 1850; x_wconf 89' lang='lat' dir='ltr'><strong>tibi,</strong></span> <span class='ocrx_word' id='word_1_77' title='bbox 672 1786 867 1843; x_wconf 86' lang='lat' dir='ltr'><strong>Lector</strong></span> <span class='ocrx_word' id='word_1_78' title='bbox 900 1788 1129 1852; x_wconf 84' lang='lat' dir='ltr'><strong>erudite,</strong></span> <span class='ocrx_word' id='word_1_79' title='bbox 1187 1804 1400 1851; x_wconf 82' lang='lat' dir='ltr'><strong>novam,</strong></span> <span class='ocrx_word' id='word_1_80' title='bbox 1435 1784 1689 1856; x_wconf 79' lang='lat' dir='ltr'><strong>amplam,</strong></span> <span class='ocrx_word' id='word_1_81' title='bbox 1746 1784 2075 1853; x_wconf 92' lang='lat' dir='ltr'><strong>omninoque</strong></span> <span class='ocrx_word' id='word_1_82' title='bbox 2122 1781 2451 1854; x_wconf 76' lang='lat' dir='ltr'><strong>singularem</strong></span> <span class='ocrx_word' id='word_1_83' title='bbox 2493 1779 2834 1835; x_wconf 88' lang='lat' dir='ltr'><strong>liomiliarum</strong></span> <span class='ocrx_word' id='word_1_84' title='bbox 2892 1778 3267 1850; x_wconf 81' lang='lat' dir='ltr'><strong>Clirysostomi</strong></span> <span class='ocrx_word' id='word_1_85' title='bbox 3326 1795 3522 1835; x_wconf 66' lang='lat' dir='ltr'><strong>acees~</strong></span> 
     </span>
    </p>
   </div>
   <div class='ocr_carea' id='block_1_14' title="bbox 272 1870 3521 1953">
    <p class='ocr_par' dir='ltr' id='par_1_14' title="bbox 272 1870 3521 1953">
     <span class='ocr_line' id='line_1_14' title="bbox 272 1870 3521 1953; baseline -0.002 -22"><span class='ocrx_word' id='word_1_86' title='bbox 272 1878 483 1934; x_wconf 71' lang='lat' dir='ltr'><strong>tionem</strong></span> <span class='ocrx_word' id='word_1_87' title='bbox 523 1880 872 1948; x_wconf 73' lang='lat' dir='ltr'><strong>proferimus,</strong></span> <span class='ocrx_word' id='word_1_88' title='bbox 906 1897 1027 1953; x_wconf 70' lang='lat' dir='ltr'><strong>qua:</strong></span> <span class='ocrx_word' id='word_1_89' title='bbox 1059 1882 1197 1937; x_wconf 84' lang='lat' dir='ltr'><strong>haud</strong></span> <span class='ocrx_word' id='word_1_90' title='bbox 1224 1884 1292 1935; x_wconf 87' lang='lat' dir='ltr'><strong>ita</strong></span> <span class='ocrx_word' id='word_1_91' title='bbox 1326 1882 1529 1951; x_wconf 82' lang='lat' dir='ltr'><strong>pridem</strong></span> <span class='ocrx_word' id='word_1_92' title='bbox 1560 1893 1625 1934; x_wconf 77' lang='lat' dir='ltr'><strong>ex</strong></span> <span class='ocrx_word' id='word_1_93' title='bbox 1658 1888 1839 1933; x_wconf 90' lang='lat' dir='ltr'><strong>monte</strong></span> <span class='ocrx_word' id='word_1_94' title='bbox 1892 1878 2053 1943; x_wconf 84' lang='lat' dir='ltr'><strong>Atlio,</strong></span> <span class='ocrx_word' id='word_1_95' title='bbox 2091 1885 2149 1931; x_wconf 89' lang='lat' dir='ltr'><strong>tit</strong></span> <span class='ocrx_word' id='word_1_96' title='bbox 2213 1876 2455 1945; x_wconf 84' lang='lat' dir='ltr'><strong>quidam,</strong></span> <span class='ocrx_word' id='word_1_97' title='bbox 2501 1874 2581 1929; x_wconf 91' lang='lat' dir='ltr'><strong>vel</strong></span> <span class='ocrx_word' id='word_1_98' title='bbox 2617 1888 2681 1929; x_wconf 77' lang='lat' dir='ltr'><strong>ex</strong></span> <span class='ocrx_word' id='word_1_99' title='bbox 2718 1871 2886 1928; x_wconf 82' lang='lat' dir='ltr'><strong>insula</strong></span> <span class='ocrx_word' id='word_1_100' title='bbox 2938 1871 3146 1935; x_wconf 84' lang='lat' dir='ltr'><strong>Pattno,</strong></span> <span class='ocrx_word' id='word_1_101' title='bbox 3207 1881 3264 1924; x_wconf 92' lang='lat' dir='ltr'><strong>ut</strong></span> <span class='ocrx_word' id='word_1_102' title='bbox 3316 1870 3403 1924; x_wconf 85' lang='lat' dir='ltr'><strong>alii</strong></span> <span class='ocrx_word' id='word_1_103' title='bbox 3439 1871 3521 1925; x_wconf 80' lang='lat' dir='ltr'><strong>tli-</strong></span> 
     </span>
    </p>
   </div>
   <div class='ocr_carea' id='block_1_15' title="bbox 274 1960 3518 2039">
    <p class='ocr_par' dir='ltr' id='par_1_15' title="bbox 274 1960 3518 2039">
     <span class='ocr_line' id='line_1_15' title="bbox 274 1960 3518 2039; baseline -0.002 -18"><span class='ocrx_word' id='word_1_104' title='bbox 274 1977 427 2033; x_wconf 78' lang='lat' dir='ltr'><strong>cunt.</strong></span> <span class='ocrx_word' id='word_1_105' title='bbox 463 1972 517 2024; x_wconf 92' lang='lat' dir='ltr'><strong>in</strong></span> <span class='ocrx_word' id='word_1_106' title='bbox 549 1969 941 2027; x_wconf 86' lang='lat' dir='ltr'><strong>Bibliothecaui</strong></span> <span class='ocrx_word' id='word_1_107' title='bbox 978 1971 1289 2028; x_wconf 80' lang='lat' dir='ltr'><strong>Vaticanam</strong></span> <span class='ocrx_word' id='word_1_108' title='bbox 1328 1972 1519 2032; x_wconf 68' lang='lat' dir='ltr'><strong>allatae,</strong></span> <span class='ocrx_word' id='word_1_109' title='bbox 1554 1985 1583 2023; x_wconf 88' lang='lat' dir='ltr'><strong>a</strong></span> <span class='ocrx_word' id='word_1_110' title='bbox 1613 1968 1886 2023; x_wconf 70' lang='lat' dir='ltr'><strong>sodalibus</strong></span> <span class='ocrx_word' id='word_1_111' title='bbox 1934 1968 2155 2031; x_wconf 88' lang='lat' dir='ltr'><strong>nostris,</strong></span> <span class='ocrx_word' id='word_1_112' title='bbox 2208 1968 2301 2037; x_wconf 86' lang='lat' dir='ltr'><strong>qui</strong></span> <span class='ocrx_word' id='word_1_113' title='bbox 2362 1975 2473 2020; x_wconf 91' lang='lat' dir='ltr'><strong>tum</strong></span> <span class='ocrx_word' id='word_1_114' title='bbox 2516 1964 2699 2020; x_wconf 65' lang='lat' dir='ltr'><strong>Romae</strong></span> <span class='ocrx_word' id='word_1_115' title='bbox 2750 1961 3197 2039; x_wconf 72' lang='lat' dir='ltr'><strong>Congregationis</strong></span> <span class='ocrx_word' id='word_1_116' title='bbox 3253 1960 3312 2015; x_wconf 91' lang='lat' dir='ltr'><strong>S.</strong></span> <span class='ocrx_word' id='word_1_117' title='bbox 3349 1962 3518 2016; x_wconf 79' lang='lat' dir='ltr'><strong>Mauri</strong></span> 
     </span>
    </p>
   </div>
   <div class='ocr_carea' id='block_1_16' title="bbox 276 2053 3516 2135">
    <p class='ocr_par' dir='ltr' id='par_1_16' title="bbox 276 2053 3516 2135">
     <span class='ocr_line' id='line_1_16' title="bbox 276 2053 3516 2135; baseline -0.003 -19"><span class='ocrx_word' id='word_1_118' title='bbox 276 2065 510 2132; x_wconf 74' lang='lat' dir='ltr'><strong>negotiis</strong></span> <span class='ocrx_word' id='word_1_119' title='bbox 541 2065 930 2135; x_wconf 72' lang='lat' dir='ltr'><strong>advigilahant,</strong></span> <span class='ocrx_word' id='word_1_120' title='bbox 962 2082 990 2118; x_wconf 86' lang='lat' dir='ltr'><strong>a</strong></span> <span class='ocrx_word' id='word_1_121' title='bbox 1027 2064 1215 2122; x_wconf 63' lang='lat' dir='ltr'><strong>Greco</strong></span> <span class='ocrx_word' id='word_1_122' title='bbox 1241 2064 1553 2119; x_wconf 86' lang='lat' dir='ltr'><strong>ainanueusi</strong></span> <span class='ocrx_word' id='word_1_123' title='bbox 1588 2063 1895 2131; x_wconf 58' lang='lat' dir='ltr'><strong>exscripta},</strong></span> <span class='ocrx_word' id='word_1_124' title='bbox 1942 2061 2274 2116; x_wconf 73' lang='lat' dir='ltr'><strong>transmissa:</strong></span> <span class='ocrx_word' id='word_1_125' title='bbox 2312 2058 2445 2115; x_wconf 92' lang='lat' dir='ltr'><strong>mllii</strong></span> <span class='ocrx_word' id='word_1_126' title='bbox 2496 2057 2678 2122; x_wconf 88' lang='lat' dir='ltr'><strong>fuere;</strong></span> <span class='ocrx_word' id='word_1_127' title='bbox 2721 2056 2973 2109; x_wconf 84' lang='lat' dir='ltr'><strong>nimirum</strong></span> <span class='ocrx_word' id='word_1_128' title='bbox 3013 2070 3045 2111; x_wconf 86' lang='lat' dir='ltr'><strong>a</strong></span> <span class='ocrx_word' id='word_1_129' title='bbox 3076 2055 3135 2107; x_wconf 85' lang='grc'><strong>1).</strong></span> <span class='ocrx_word' id='word_1_130' title='bbox 3170 2053 3331 2108; x_wconf 84' lang='lat' dir='ltr'><strong>Petro</strong></span> <span class='ocrx_word' id='word_1_131' title='bbox 3400 2056 3481 2111; x_wconf 82' lang='lat' dir='ltr'><strong>Ma</strong></span> <span class='ocrx_word' id='word_1_132' title='bbox 3504 2088 3516 2095; x_wconf 65' lang='grc' dir='ltr'>ς</span> 
     </span>
    </p>
   </div>
   <div class='ocr_carea' id='block_1_17' title="bbox 280 2153 3509 2227">
    <p class='ocr_par' dir='ltr' id='par_1_17' title="bbox 280 2153 3509 2227">
     <span class='ocr_line' id='line_1_17' title="bbox 280 2153 3509 2227; baseline 0 -19"><span class='ocrx_word' id='word_1_133' title='bbox 280 2156 411 2218; x_wconf 76' lang='lat' dir='ltr'><strong>luet,</strong></span> <span class='ocrx_word' id='word_1_134' title='bbox 456 2157 548 2227; x_wconf 88' lang='lat' dir='ltr'><strong>qui</strong></span> <span class='ocrx_word' id='word_1_135' title='bbox 595 2167 719 2211; x_wconf 86' lang='lat' dir='ltr'><strong>lttttc</strong></span> <span class='ocrx_word' id='word_1_136' title='bbox 749 2157 1113 2225; x_wconf 72' lang='lat' dir='ltr'><strong>procuratoris</strong></span> <span class='ocrx_word' id='word_1_137' title='bbox 1134 2158 1401 2223; x_wconf 80' lang='lat' dir='ltr'><strong>generalis</strong></span> <span class='ocrx_word' id='word_1_138' title='bbox 1426 2155 1601 2211; x_wconf 78' lang='lat' dir='ltr'><strong>ollicio</strong></span> <span class='ocrx_word' id='word_1_139' title='bbox 1630 2154 1968 2223; x_wconf 70' lang='lat' dir='ltr'><strong>fungebatur,</strong></span> <span class='ocrx_word' id='word_1_140' title='bbox 2001 2164 2056 2208; x_wconf 91' lang='lat' dir='ltr'><strong>et</strong></span> <span class='ocrx_word' id='word_1_141' title='bbox 2080 2154 2192 2224; x_wconf 76' lang='lat' dir='ltr'><strong>jam</strong></span> <span class='ocrx_word' id='word_1_142' title='bbox 2229 2153 2281 2207; x_wconf 83' lang='lat' dir='ltr'><strong>in</strong></span> <span class='ocrx_word' id='word_1_143' title='bbox 2313 2156 2639 2210; x_wconf 86' lang='lat' dir='ltr'><strong>monasterio</strong></span> <span class='ocrx_word' id='word_1_144' title='bbox 2681 2155 2741 2211; x_wconf 91' lang='lat' dir='ltr'><strong>S.</strong></span> <span class='ocrx_word' id='word_1_145' title='bbox 2786 2156 3040 2217; x_wconf 80' lang='lat' dir='ltr'><strong>Germani</strong></span> <span class='ocrx_word' id='word_1_146' title='bbox 3075 2173 3107 2215; x_wconf 83' lang='lat' dir='ltr'><strong>a</strong></span> <span class='ocrx_word' id='word_1_147' title='bbox 3135 2157 3314 2211; x_wconf 81' lang='lat' dir='ltr'><strong>Pratis</strong></span> <span class='ocrx_word' id='word_1_148' title='bbox 3355 2155 3509 2210; x_wconf 82' lang='lat' dir='ltr'><strong>Prior</strong></span> 
     </span>
    </p>
   </div>
   <div class='ocr_carea' id='block_1_18' title="bbox 272 2247 3515 2323">
    <p class='ocr_par' dir='ltr' id='par_1_18' title="bbox 272 2247 3515 2323">
     <span class='ocr_line' id='line_1_18' title="bbox 272 2247 3515 2323; baseline -0.001 -17"><span class='ocrx_word' id='word_1_149' title='bbox 272 2260 399 2315; x_wconf 57' lang='lat' dir='ltr'><strong>est;</strong></span> <span class='ocrx_word' id='word_1_150' title='bbox 448 2262 503 2305; x_wconf 90' lang='lat' dir='ltr'><strong>et</strong></span> <span class='ocrx_word' id='word_1_151' title='bbox 539 2267 569 2303; x_wconf 89' lang='lat' dir='ltr'><strong>a</strong></span> <span class='ocrx_word' id='word_1_152' title='bbox 601 2253 661 2305; x_wconf 77' lang='grc' dir='ltr'><strong>Ι).</strong></span> <span class='ocrx_word' id='word_1_153' title='bbox 690 2249 920 2320; x_wconf 81' lang='lat' dir='ltr'><strong>Josepbo</strong></span> <span class='ocrx_word' id='word_1_154' title='bbox 946 2250 1126 2316; x_wconf 84' lang='lat' dir='ltr'><strong>Avril,</strong></span> <span class='ocrx_word' id='word_1_155' title='bbox 1158 2250 1275 2317; x_wconf 85' lang='lat' dir='ltr'><strong>ejus</strong></span> <span class='ocrx_word' id='word_1_156' title='bbox 1302 2250 1474 2314; x_wconf 83' lang='lat' dir='ltr'><strong>socio,</strong></span> <span class='ocrx_word' id='word_1_157' title='bbox 1502 2249 1613 2319; x_wconf 73' lang='lat' dir='ltr'><strong>lani</strong></span> <span class='ocrx_word' id='word_1_158' title='bbox 1667 2250 1719 2303; x_wconf 92' lang='lat' dir='ltr'><strong>iii</strong></span> <span class='ocrx_word' id='word_1_159' title='bbox 1769 2248 2100 2304; x_wconf 86' lang='lat' dir='ltr'><strong>monasterio</strong></span> <span class='ocrx_word' id='word_1_160' title='bbox 2144 2247 2464 2307; x_wconf 83' lang='lat' dir='ltr'><strong>Corbeiensi</strong></span> <span class='ocrx_word' id='word_1_161' title='bbox 2511 2248 2719 2317; x_wconf 83' lang='lat' dir='ltr'><strong>Priore,</strong></span> <span class='ocrx_word' id='word_1_162' title='bbox 2770 2250 2863 2323; x_wconf 88' lang='lat' dir='ltr'><strong>qui</strong></span> <span class='ocrx_word' id='word_1_163' title='bbox 2891 2256 3053 2306; x_wconf 88' lang='lat' dir='ltr'><strong>ambo</strong></span> <span class='ocrx_word' id='word_1_164' title='bbox 3097 2266 3335 2319; x_wconf 84' lang='lat' dir='ltr'><strong>semper,</strong></span> <span class='ocrx_word' id='word_1_165' title='bbox 3389 2251 3515 2306; x_wconf 88' lang='lat' dir='ltr'><strong>duui</strong></span> 
     </span>
    </p>
   </div>
   <div class='ocr_carea' id='block_1_19' title="bbox 275 2343 1771 2412">
    <p class='ocr_par' dir='ltr' id='par_1_19' title="bbox 275 2343 1771 2412">
     <span class='ocr_line' id='line_1_19' title="bbox 275 2343 1771 2412; baseline -0.001 -14"><span class='ocrx_word' id='word_1_166' title='bbox 275 2344 464 2398; x_wconf 78' lang='lat' dir='ltr'><strong>Romae</strong></span> <span class='ocrx_word' id='word_1_167' title='bbox 491 2353 695 2410; x_wconf 85' lang='lat' dir='ltr'><strong>essent,</strong></span> <span class='ocrx_word' id='word_1_168' title='bbox 729 2343 999 2399; x_wconf 79' lang='lat' dir='ltr'><strong>assiduam</strong></span> <span class='ocrx_word' id='word_1_169' title='bbox 1031 2343 1158 2397; x_wconf 90' lang='lat' dir='ltr'><strong>mihi</strong></span> <span class='ocrx_word' id='word_1_170' title='bbox 1199 2344 1505 2412; x_wconf 68' lang='lat' dir='ltr'><strong>praestitere</strong></span> <span class='ocrx_word' id='word_1_171' title='bbox 1529 2356 1771 2410; x_wconf 86' lang='lat' dir='ltr'><strong>operam.</strong></span> 
     </span>
    </p>
   </div>
   <div class='ocr_carea' id='block_1_20' title="bbox 340 2433 3522 2509">
    <p class='ocr_par' dir='ltr' id='par_1_20' title="bbox 340 2433 3522 2509">
     <span class='ocr_line' id='line_1_20' title="bbox 340 2433 3522 2509; baseline 0.001 -20"><span class='ocrx_word' id='word_1_172' title='bbox 340 2440 605 2509; x_wconf 79' lang='lat' dir='ltr'><strong>Quodque</strong></span> <span class='ocrx_word' id='word_1_173' title='bbox 652 2453 873 2509; x_wconf 84' lang='lat' dir='ltr'><strong>prorsus</strong></span> <span class='ocrx_word' id='word_1_174' title='bbox 935 2452 1130 2492; x_wconf 87' lang='lat' dir='ltr'><strong>novum</strong></span> <span class='ocrx_word' id='word_1_175' title='bbox 1184 2437 1563 2506; x_wconf 85' lang='lat' dir='ltr'><strong>insolitumque</strong></span> <span class='ocrx_word' id='word_1_176' title='bbox 1602 2445 1706 2499; x_wconf 81' lang='lat' dir='ltr'><strong>est,</strong></span> <span class='ocrx_word' id='word_1_177' title='bbox 1744 2443 1907 2505; x_wconf 89' lang='lat' dir='ltr'><strong>atque</strong></span> <span class='ocrx_word' id='word_1_178' title='bbox 1935 2433 2182 2490; x_wconf 78' lang='lat' dir='ltr'><strong>utilitatis</strong></span> <span class='ocrx_word' id='word_1_179' title='bbox 2213 2435 2439 2490; x_wconf 83' lang='lat' dir='ltr'><strong>multum</strong></span> <span class='ocrx_word' id='word_1_180' title='bbox 2482 2434 2653 2502; x_wconf 70' lang='lat' dir='ltr'><strong>aﬂert,</strong></span> <span class='ocrx_word' id='word_1_181' title='bbox 2684 2436 2765 2491; x_wconf 76' lang='lat' dir='ltr'><strong>lue</strong></span> <span class='ocrx_word' id='word_1_182' title='bbox 2800 2436 3033 2493; x_wconf 65' lang='lat' dir='ltr'><strong>liomilim</strong></span> <span class='ocrx_word' id='word_1_183' title='bbox 3063 2438 3347 2508; x_wconf 63' lang='lat' dir='ltr'><strong>descripta:</strong></span> <span class='ocrx_word' id='word_1_184' title='bbox 3371 2438 3522 2502; x_wconf 80' lang='lat' dir='ltr'><strong>fuere</strong></span> 
     </span>
    </p>
   </div>
   <div class='ocr_carea' id='block_1_21' title="bbox 271 2525 3527 2603">
    <p class='ocr_par' dir='ltr' id='par_1_21' title="bbox 271 2525 3527 2603">
     <span class='ocr_line' id='line_1_21' title="bbox 271 2525 3527 2603; baseline -0.001 -17"><span class='ocrx_word' id='word_1_185' title='bbox 271 2551 302 2586; x_wconf 84' lang='lat' dir='ltr'><strong>a</strong></span> <span class='ocrx_word' id='word_1_186' title='bbox 333 2534 594 2603; x_wconf 87' lang='lat' dir='ltr'><strong>quodam,</strong></span> <span class='ocrx_word' id='word_1_187' title='bbox 623 2532 713 2601; x_wconf 90' lang='lat' dir='ltr'><strong>qui</strong></span> <span class='ocrx_word' id='word_1_188' title='bbox 744 2530 804 2585; x_wconf 90' lang='lat' dir='ltr'><strong>S.</strong></span> <span class='ocrx_word' id='word_1_189' title='bbox 838 2528 1086 2585; x_wconf 86' lang='lat' dir='ltr'><strong>Doctoris</strong></span> <span class='ocrx_word' id='word_1_190' title='bbox 1118 2528 1269 2584; x_wconf 85' lang='lat' dir='ltr'><strong>lateri</strong></span> <span class='ocrx_word' id='word_1_191' title='bbox 1304 2528 1527 2585; x_wconf 66' lang='lat' dir='ltr'><strong>hiesisse</strong></span> <span class='ocrx_word' id='word_1_192' title='bbox 1556 2529 1788 2587; x_wconf 88' lang='lat' dir='ltr'><strong>videtur.</strong></span> <span class='ocrx_word' id='word_1_193' title='bbox 1844 2525 2045 2596; x_wconf 82' lang='lat' dir='ltr'><strong>quique</strong></span> <span class='ocrx_word' id='word_1_194' title='bbox 2084 2527 2136 2581; x_wconf 93' lang='lat' dir='ltr'><strong>in</strong></span> <span class='ocrx_word' id='word_1_195' title='bbox 2202 2527 2546 2583; x_wconf 89' lang='lat' dir='ltr'><strong>liomiliaruin</strong></span> <span class='ocrx_word' id='word_1_196' title='bbox 2583 2529 2751 2584; x_wconf 86' lang='lat' dir='ltr'><strong>titulis</strong></span> <span class='ocrx_word' id='word_1_197' title='bbox 2786 2528 2901 2583; x_wconf 87' lang='lat' dir='ltr'><strong>loca</strong></span> <span class='ocrx_word' id='word_1_198' title='bbox 2939 2531 3103 2584; x_wconf 83' lang='lat' dir='ltr'><strong>refert</strong></span> <span class='ocrx_word' id='word_1_199' title='bbox 3152 2531 3237 2585; x_wconf 84' lang='lat' dir='ltr'><strong>tibi</strong></span> <span class='ocrx_word' id='word_1_200' title='bbox 3279 2531 3527 2593; x_wconf 57' lang='lat' dir='ltr'><strong>liomiliae,</strong></span> 
     </span>
    </p>
   </div>
   <div class='ocr_carea' id='block_1_22' title="bbox 276 2620 3516 2695">
    <p class='ocr_par' dir='ltr' id='par_1_22' title="bbox 276 2620 3516 2695">
     <span class='ocr_line' id='line_1_22' title="bbox 276 2620 3516 2695; baseline -0.002 -13"><span class='ocrx_word' id='word_1_201' title='bbox 276 2627 481 2683; x_wconf 65' lang='lat' dir='ltr'><strong>habitae</strong></span> <span class='ocrx_word' id='word_1_202' title='bbox 512 2636 659 2690; x_wconf 84' lang='lat' dir='ltr'><strong>sunt,</strong></span> <span class='ocrx_word' id='word_1_203' title='bbox 689 2634 746 2681; x_wconf 85' lang='lat' dir='ltr'><strong>et</strong></span> <span class='ocrx_word' id='word_1_204' title='bbox 771 2638 914 2692; x_wconf 64' lang='lat' dir='ltr'><strong>saepe</strong></span> <span class='ocrx_word' id='word_1_205' title='bbox 956 2638 1173 2677; x_wconf 81' lang='lat' dir='ltr'><strong>causam</strong></span> <span class='ocrx_word' id='word_1_206' title='bbox 1210 2638 1310 2677; x_wconf 91' lang='lat' dir='ltr'><strong>cur</strong></span> <span class='ocrx_word' id='word_1_207' title='bbox 1341 2622 1694 2677; x_wconf 89' lang='lat' dir='ltr'><strong>concionatus</strong></span> <span class='ocrx_word' id='word_1_208' title='bbox 1732 2620 1806 2676; x_wconf 90' lang='lat' dir='ltr'><strong>sit</strong></span> <span class='ocrx_word' id='word_1_209' title='bbox 1839 2620 2063 2686; x_wconf 75' lang='lat' dir='ltr'><strong>indicat,</strong></span> <span class='ocrx_word' id='word_1_210' title='bbox 2092 2636 2156 2677; x_wconf 87' lang='lat' dir='ltr'><strong>ac</strong></span> <span class='ocrx_word' id='word_1_211' title='bbox 2188 2637 2293 2677; x_wconf 89' lang='lat' dir='ltr'><strong>non</strong></span> <span class='ocrx_word' id='word_1_212' title='bbox 2338 2638 2508 2695; x_wconf 87' lang='lat' dir='ltr'><strong>pauca</strong></span> <span class='ocrx_word' id='word_1_213' title='bbox 2553 2623 2617 2677; x_wconf 90' lang='lat' dir='ltr'><strong>ad</strong></span> <span class='ocrx_word' id='word_1_214' title='bbox 2664 2624 2943 2679; x_wconf 82' lang='lat' dir='ltr'><strong>historiam</strong></span> <span class='ocrx_word' id='word_1_215' title='bbox 2976 2625 3297 2693; x_wconf 81' lang='lat' dir='ltr'><strong>pertinentia</strong></span> <span class='ocrx_word' id='word_1_216' title='bbox 3347 2625 3516 2678; x_wconf 67' lang='lat' dir='ltr'><strong>illiilli-</strong></span> 
     </span>
    </p>
   </div>
   <div class='ocr_carea' id='block_1_23' title="bbox 268 2714 3521 2788">
    <p class='ocr_par' dir='ltr' id='par_1_23' title="bbox 268 2714 3521 2788">
     <span class='ocr_line' id='line_1_23' title="bbox 268 2714 3521 2788; baseline -0.001 -12"><span class='ocrx_word' id='word_1_217' title='bbox 268 2730 414 2776; x_wconf 87' lang='lat' dir='ltr'><strong>scet.</strong></span> <span class='ocrx_word' id='word_1_218' title='bbox 451 2718 934 2787; x_wconf 83' lang='lat' dir='ltr'><strong>Certissimnnique</strong></span> <span class='ocrx_word' id='word_1_219' title='bbox 972 2726 1058 2771; x_wconf 86' lang='lat' dir='ltr'><strong>est</strong></span> <span class='ocrx_word' id='word_1_220' title='bbox 1091 2717 1209 2772; x_wconf 90' lang='lat' dir='ltr'><strong>lllas</strong></span> <span class='ocrx_word' id='word_1_221' title='bbox 1240 2715 1713 2788; x_wconf 83' lang='lat' dir='ltr'><strong>Constantinopoli</strong></span> <span class='ocrx_word' id='word_1_222' title='bbox 1735 2716 1949 2774; x_wconf 87' lang='lat' dir='ltr'><strong>habitas</strong></span> <span class='ocrx_word' id='word_1_223' title='bbox 1976 2714 2167 2783; x_wconf 78' lang='lat' dir='ltr'><strong>fuisse,</strong></span> <span class='ocrx_word' id='word_1_224' title='bbox 2200 2728 2494 2788; x_wconf 85' lang='lat' dir='ltr'><strong>omnesque</strong></span> <span class='ocrx_word' id='word_1_225' title='bbox 2521 2720 2678 2774; x_wconf 79' lang='lat' dir='ltr'><strong>annis</strong></span> <span class='ocrx_word' id='word_1_226' title='bbox 2705 2720 2809 2775; x_wconf 80' lang='lat'><strong>598</strong></span> <span class='ocrx_word' id='word_1_227' title='bbox 2844 2730 2899 2775; x_wconf 88' lang='lat' dir='ltr'><strong>et</strong></span> <span class='ocrx_word' id='word_1_228' title='bbox 2926 2720 3054 2777; x_wconf 78' lang='lat'><strong>599.</strong></span> <span class='ocrx_word' id='word_1_229' title='bbox 3107 2722 3187 2775; x_wconf 84' lang='lat' dir='ltr'><strong>Au</strong></span> <span class='ocrx_word' id='word_1_230' title='bbox 3223 2735 3352 2772; x_wconf 85' lang='lat' dir='ltr'><strong>vero</strong></span> <span class='ocrx_word' id='word_1_231' title='bbox 3380 2735 3521 2774; x_wconf 86' lang='lat' dir='ltr'><strong>coii-</strong></span> 
     </span>
    </p>
   </div>
   <div class='ocr_carea' id='block_1_24' title="bbox 272 2810 3514 2883">
    <p class='ocr_par' dir='ltr' id='par_1_24' title="bbox 272 2810 3514 2883">
     <span class='ocr_line' id='line_1_24' title="bbox 272 2810 3514 2883; baseline -0.001 -13"><span class='ocrx_word' id='word_1_232' title='bbox 272 2819 517 2872; x_wconf 85' lang='lat' dir='ltr'><strong>tinenter</strong></span> <span class='ocrx_word' id='word_1_233' title='bbox 547 2822 601 2869; x_wconf 89' lang='lat' dir='ltr'><strong>et</strong></span> <span class='ocrx_word' id='word_1_234' title='bbox 622 2814 714 2868; x_wconf 86' lang='lat' dir='ltr'><strong>illo</strong></span> <span class='ocrx_word' id='word_1_235' title='bbox 739 2827 846 2882; x_wconf 89' lang='lat' dir='ltr'><strong>quo</strong></span> <span class='ocrx_word' id='word_1_236' title='bbox 872 2812 1067 2868; x_wconf 77' lang='lat' dir='ltr'><strong>habitae</strong></span> <span class='ocrx_word' id='word_1_237' title='bbox 1102 2811 1249 2867; x_wconf 88' lang='lat' dir='ltr'><strong>fuere</strong></span> <span class='ocrx_word' id='word_1_238' title='bbox 1283 2810 1474 2866; x_wconf 89' lang='lat' dir='ltr'><strong>ordine</strong></span> <span class='ocrx_word' id='word_1_239' title='bbox 1508 2810 1597 2875; x_wconf 78' lang='lat' dir='ltr'><strong>hic</strong></span> <span class='ocrx_word' id='word_1_240' title='bbox 1649 2810 1970 2879; x_wconf 86' lang='lat' dir='ltr'><strong>referantur,</strong></span> <span class='ocrx_word' id='word_1_241' title='bbox 2005 2812 2069 2866; x_wconf 89' lang='lat' dir='ltr'><strong>de</strong></span> <span class='ocrx_word' id='word_1_242' title='bbox 2110 2812 2293 2867; x_wconf 90' lang='lat' dir='ltr'><strong>multis</strong></span> <span class='ocrx_word' id='word_1_243' title='bbox 2348 2812 2615 2883; x_wconf 87' lang='lat' dir='ltr'><strong>liquidum</strong></span> <span class='ocrx_word' id='word_1_244' title='bbox 2667 2825 2771 2876; x_wconf 85' lang='lat' dir='ltr'><strong>est,</strong></span> <span class='ocrx_word' id='word_1_245' title='bbox 2827 2816 2892 2867; x_wconf 84' lang='lat' dir='ltr'><strong>de</strong></span> <span class='ocrx_word' id='word_1_246' title='bbox 2922 2814 3175 2869; x_wconf 86' lang='lat' dir='ltr'><strong>omnibus</strong></span> <span class='ocrx_word' id='word_1_247' title='bbox 3233 2812 3514 2869; x_wconf 85' lang='lat' dir='ltr'><strong>afllrmare</strong></span> 
     </span>
    </p>
   </div>
   <div class='ocr_carea' id='block_1_25' title="bbox 270 2904 2958 2977">
    <p class='ocr_par' dir='ltr' id='par_1_25' title="bbox 270 2904 2958 2977">
     <span class='ocr_line' id='line_1_25' title="bbox 270 2904 2958 2977; baseline -0.001 -10"><span class='ocrx_word' id='word_1_248' title='bbox 270 2928 382 2969; x_wconf 87' lang='lat' dir='ltr'><strong>non</strong></span> <span class='ocrx_word' id='word_1_249' title='bbox 414 2908 610 2971; x_wconf 83' lang='lat' dir='ltr'><strong>ausim.</strong></span> <span class='ocrx_word' id='word_1_250' title='bbox 645 2917 931 2977; x_wconf 85' lang='lat' dir='ltr'><strong>tamenque</strong></span> <span class='ocrx_word' id='word_1_251' title='bbox 957 2905 1255 2961; x_wconf 78' lang='lat' dir='ltr'><strong>verisimile</strong></span> <span class='ocrx_word' id='word_1_252' title='bbox 1282 2915 1365 2961; x_wconf 85' lang='lat' dir='ltr'><strong>est</strong></span> <span class='ocrx_word' id='word_1_253' title='bbox 1395 2922 1586 2960; x_wconf 75' lang='lat' dir='ltr'><strong>omnes</strong></span> <span class='ocrx_word' id='word_1_254' title='bbox 1620 2904 1729 2971; x_wconf 85' lang='lat' dir='ltr'><strong>illo,</strong></span> <span class='ocrx_word' id='word_1_255' title='bbox 1759 2921 1868 2974; x_wconf 92' lang='lat' dir='ltr'><strong>quo</strong></span> <span class='ocrx_word' id='word_1_256' title='bbox 1901 2907 1989 2962; x_wconf 93' lang='lat' dir='ltr'><strong>hic</strong></span> <span class='ocrx_word' id='word_1_257' title='bbox 2013 2914 2310 2975; x_wconf 87' lang='lat' dir='ltr'><strong>ponuntur,</strong></span> <span class='ocrx_word' id='word_1_258' title='bbox 2338 2908 2528 2963; x_wconf 88' lang='lat' dir='ltr'><strong>ordine</strong></span> <span class='ocrx_word' id='word_1_259' title='bbox 2562 2908 2734 2963; x_wconf 86' lang='lat' dir='ltr'><strong>dictas</strong></span> <span class='ocrx_word' id='word_1_260' title='bbox 2771 2909 2958 2967; x_wconf 82' lang='lat' dir='ltr'><strong>fuisse.</strong></span> 
     </span>
    </p>
   </div>
   <div class='ocr_carea' id='block_1_26' title="bbox 342 3020 3516 3095">
    <p class='ocr_par' dir='ltr' id='par_1_26' title="bbox 342 3020 3516 3095">
     <span class='ocr_line' id='line_1_26' title="bbox 342 3020 3516 3095; baseline -0.001 -16"><span class='ocrx_word' id='word_1_261' title='bbox 342 3026 389 3079; x_wconf 85' lang='grc'><strong>1.</strong></span> <span class='ocrx_word' id='word_1_262' title='bbox 425 3025 602 3079; x_wconf 89' lang='lat' dir='ltr'><strong>Prima</strong></span> <span class='ocrx_word' id='word_1_263' title='bbox 636 3022 689 3076; x_wconf 89' lang='lat' dir='ltr'><strong>in</strong></span> <span class='ocrx_word' id='word_1_264' title='bbox 721 3023 1003 3093; x_wconf 86' lang='lat' dir='ltr'><strong>martyrio,</strong></span> <span class='ocrx_word' id='word_1_265' title='bbox 1034 3037 1129 3076; x_wconf 86' lang='lat' dir='ltr'><strong>seu</strong></span> <span class='ocrx_word' id='word_1_266' title='bbox 1159 3021 1212 3076; x_wconf 90' lang='lat' dir='ltr'><strong>in</strong></span> <span class='ocrx_word' id='word_1_267' title='bbox 1266 3020 1495 3075; x_wconf 81' lang='lat' dir='ltr'><strong>ecclesia</strong></span> <span class='ocrx_word' id='word_1_268' title='bbox 1564 3021 1889 3093; x_wconf 72' lang='lat' dir='ltr'><strong>Martyrum,</strong></span> <span class='ocrx_word' id='word_1_269' title='bbox 1918 3037 2039 3091; x_wconf 64' lang='lat' dir='ltr'><strong>quae</strong></span> <span class='ocrx_word' id='word_1_270' title='bbox 2072 3022 2124 3075; x_wconf 91' lang='lat' dir='ltr'><strong>in</strong></span> <span class='ocrx_word' id='word_1_271' title='bbox 2155 3022 2390 3091; x_wconf 74' lang='lat' dir='ltr'><strong>Antiqua</strong></span> <span class='ocrx_word' id='word_1_272' title='bbox 2420 3022 2605 3086; x_wconf 86' lang='lat' dir='ltr'><strong>Petra.</strong></span> <span class='ocrx_word' id='word_1_273' title='bbox 2638 3026 2695 3078; x_wconf 80' lang='grc' dir='ltr'><strong>ὲν</strong></span> <span class='ocrx_word' id='word_1_274' title='bbox 2728 3023 2941 3095; x_wconf 58' lang='lat' dir='ltr'><strong>Halat;</strong></span> <span class='ocrx_word' id='word_1_275' title='bbox 2978 3025 3187 3095; x_wconf 63' lang='grc' dir='ltr'><strong>Πέτρᾳ,</strong></span> <span class='ocrx_word' id='word_1_276' title='bbox 3224 3024 3327 3078; x_wconf 84' lang='lat' dir='ltr'><strong>sita</strong></span> <span class='ocrx_word' id='word_1_277' title='bbox 3375 3031 3516 3083; x_wconf 87' lang='lat' dir='ltr'><strong>erat.</strong></span> 
     </span>
    </p>
   </div>
   <div class='ocr_carea' id='block_1_27' title="bbox 266 3112 3522 3186">
    <p class='ocr_par' dir='ltr' id='par_1_27' title="bbox 266 3112 3522 3186">
     <span class='ocr_line' id='line_1_27' title="bbox 266 3112 3522 3186; baseline -0.002 -13"><span class='ocrx_word' id='word_1_278' title='bbox 266 3120 416 3174; x_wconf 83' lang='lat' dir='ltr'><strong>dicta</strong></span> <span class='ocrx_word' id='word_1_279' title='bbox 448 3118 567 3172; x_wconf 87' lang='lat' dir='ltr'><strong>fuit.</strong></span> <span class='ocrx_word' id='word_1_280' title='bbox 623 3116 852 3184; x_wconf 82' lang='lat' dir='ltr'><strong>Quinam</strong></span> <span class='ocrx_word' id='word_1_281' title='bbox 886 3116 975 3171; x_wconf 88' lang='lat' dir='ltr'><strong>hic</strong></span> <span class='ocrx_word' id='word_1_282' title='bbox 1001 3114 1151 3170; x_wconf 88' lang='lat' dir='ltr'><strong>locus</strong></span> <span class='ocrx_word' id='word_1_283' title='bbox 1191 3124 1339 3170; x_wconf 85' lang='lat' dir='ltr'><strong>esset</strong></span> <span class='ocrx_word' id='word_1_284' title='bbox 1375 3115 1518 3183; x_wconf 88' lang='lat' dir='ltr'><strong>apud</strong></span> <span class='ocrx_word' id='word_1_285' title='bbox 1572 3130 1750 3169; x_wconf 88' lang='lat' dir='ltr'><strong>rerum</strong></span> <span class='ocrx_word' id='word_1_286' title='bbox 1784 3114 2512 3185; x_wconf 87' lang='lat' dir='ltr'><strong>Couslantinopolitanarum</strong></span> <span class='ocrx_word' id='word_1_287' title='bbox 2542 3119 2834 3186; x_wconf 88' lang='lat' dir='ltr'><strong>scriptores</strong></span> <span class='ocrx_word' id='word_1_288' title='bbox 2857 3118 3096 3172; x_wconf 89' lang='lat' dir='ltr'><strong>nonduin</strong></span> <span class='ocrx_word' id='word_1_289' title='bbox 3126 3118 3326 3183; x_wconf 87' lang='lat' dir='ltr'><strong>reperi.</strong></span> <span class='ocrx_word' id='word_1_290' title='bbox 3360 3112 3522 3168; x_wconf 82' lang='lat' dir='ltr'><strong>Teni-</strong></span> 
     </span>
    </p>
   </div>
   <div class='ocr_carea' id='block_1_28' title="bbox 266 3207 3520 3283">
    <p class='ocr_par' dir='ltr' id='par_1_28' title="bbox 266 3207 3520 3283">
     <span class='ocr_line' id='line_1_28' title="bbox 266 3207 3520 3283; baseline 0.001 -23"><span class='ocrx_word' id='word_1_291' title='bbox 266 3226 373 3278; x_wconf 85' lang='lat' dir='ltr'><strong>pus</strong></span> <span class='ocrx_word' id='word_1_292' title='bbox 398 3219 581 3266; x_wconf 86' lang='lat' dir='ltr'><strong>autem</strong></span> <span class='ocrx_word' id='word_1_293' title='bbox 608 3209 850 3283; x_wconf 73' lang='lat' dir='ltr'><strong>assignat</strong></span> <span class='ocrx_word' id='word_1_294' title='bbox 879 3207 1321 3277; x_wconf 82' lang='lat' dir='ltr'><strong>Clirysostomus,</strong></span> <span class='ocrx_word' id='word_1_295' title='bbox 1350 3223 1473 3262; x_wconf 92' lang='lat' dir='ltr'><strong>cum</strong></span> <span class='ocrx_word' id='word_1_296' title='bbox 1533 3208 1695 3277; x_wconf 76' lang='lat' dir='ltr'><strong>paulo</strong></span> <span class='ocrx_word' id='word_1_297' title='bbox 1724 3218 1844 3277; x_wconf 86' lang='lat' dir='ltr'><strong>post</strong></span> <span class='ocrx_word' id='word_1_298' title='bbox 1872 3208 2081 3262; x_wconf 88' lang='lat' dir='ltr'><strong>initium</strong></span> <span class='ocrx_word' id='word_1_299' title='bbox 2120 3209 2249 3265; x_wconf 84' lang='lat' dir='ltr'><strong>dicit</strong></span> <span class='ocrx_word' id='word_1_300' title='bbox 2290 3210 2536 3266; x_wconf 86' lang='lat' dir='ltr'><strong>habitam</strong></span> <span class='ocrx_word' id='word_1_301' title='bbox 2572 3211 2849 3272; x_wconf 76' lang='lat' dir='ltr'><strong>lioniiliam</strong></span> <span class='ocrx_word' id='word_1_302' title='bbox 2889 3211 3055 3265; x_wconf 82' lang='lat' dir='ltr'><strong>fuisse</strong></span> <span class='ocrx_word' id='word_1_303' title='bbox 3106 3227 3227 3265; x_wconf 91' lang='lat' dir='ltr'><strong>cum</strong></span> <span class='ocrx_word' id='word_1_304' title='bbox 3284 3209 3520 3262; x_wconf 68' lang='lat' dir='ltr'><strong>nondum</strong></span> 
     </span>
    </p>
   </div>
   <div class='ocr_carea' id='block_1_29' title="bbox 266 3298 3524 3371">
    <p class='ocr_par' dir='ltr' id='par_1_29' title="bbox 266 3298 3524 3371">
     <span class='ocr_line' id='line_1_29' title="bbox 266 3298 3524 3371; baseline -0.002 -18"><span class='ocrx_word' id='word_1_305' title='bbox 266 3303 488 3371; x_wconf 61' lang='lat' dir='ltr'><strong>triginta</strong></span> <span class='ocrx_word' id='word_1_306' title='bbox 517 3301 632 3357; x_wconf 79' lang='lat' dir='ltr'><strong>dies</strong></span> <span class='ocrx_word' id='word_1_307' title='bbox 659 3300 996 3357; x_wconf 78' lang='lat' dir='ltr'><strong>eiﬂnxissent</strong></span> <span class='ocrx_word' id='word_1_308' title='bbox 1027 3302 1095 3355; x_wconf 89' lang='lat' dir='ltr'><strong>ab</strong></span> <span class='ocrx_word' id='word_1_309' title='bbox 1120 3300 1322 3367; x_wconf 70' lang='lat' dir='ltr'><strong>ingenti</strong></span> <span class='ocrx_word' id='word_1_310' title='bbox 1356 3298 1446 3352; x_wconf 92' lang='lat' dir='ltr'><strong>illo</strong></span> <span class='ocrx_word' id='word_1_311' title='bbox 1477 3307 1638 3353; x_wconf 69' lang='lat' dir='ltr'><strong>terrae</strong></span> <span class='ocrx_word' id='word_1_312' title='bbox 1670 3310 1839 3361; x_wconf 83' lang='lat' dir='ltr'><strong>metu,</strong></span> <span class='ocrx_word' id='word_1_313' title='bbox 1872 3300 1963 3367; x_wconf 90' lang='lat' dir='ltr'><strong>qui</strong></span> <span class='ocrx_word' id='word_1_314' title='bbox 1995 3309 2159 3352; x_wconf 89' lang='lat' dir='ltr'><strong>totam</strong></span> <span class='ocrx_word' id='word_1_315' title='bbox 2197 3300 2383 3353; x_wconf 89' lang='lat' dir='ltr'><strong>urbem</strong></span> <span class='ocrx_word' id='word_1_316' title='bbox 2417 3311 2769 3357; x_wconf 88' lang='lat' dir='ltr'><strong>concusserat</strong></span> <span class='ocrx_word' id='word_1_317' title='bbox 2796 3320 2810 3357; x_wconf 88' lang='lat'><strong>:</strong></span> <span class='ocrx_word' id='word_1_318' title='bbox 2849 3303 2919 3355; x_wconf 90' lang='lat' dir='ltr'><strong>ita</strong></span> <span class='ocrx_word' id='word_1_319' title='bbox 2949 3314 3004 3355; x_wconf 92' lang='lat' dir='ltr'><strong>nt</strong></span> <span class='ocrx_word' id='word_1_320' title='bbox 3033 3301 3251 3369; x_wconf 88' lang='lat' dir='ltr'><strong>plurimi</strong></span> <span class='ocrx_word' id='word_1_321' title='bbox 3292 3315 3357 3353; x_wconf 77' lang='lat' dir='ltr'><strong>ex</strong></span> <span class='ocrx_word' id='word_1_322' title='bbox 3384 3313 3524 3365; x_wconf 82' lang='lat' dir='ltr'><strong>Opu-</strong></span> 
     </span>
    </p>
   </div>
   <div class='ocr_carea' id='block_1_30' title="bbox 269 3391 3522 3462">
    <p class='ocr_par' dir='ltr' id='par_1_30' title="bbox 269 3391 3522 3462">
     <span class='ocr_line' id='line_1_30' title="bbox 269 3391 3522 3462; baseline -0.002 -14"><span class='ocrx_word' id='word_1_323' title='bbox 269 3394 617 3459; x_wconf 88' lang='lat' dir='ltr'><strong>Ieutioribus,</strong></span> <span class='ocrx_word' id='word_1_324' title='bbox 648 3394 806 3448; x_wconf 87' lang='lat' dir='ltr'><strong>bonis</strong></span> <span class='ocrx_word' id='word_1_325' title='bbox 835 3394 1110 3457; x_wconf 79' lang='lat' dir='ltr'><strong>omnibus,</strong></span> <span class='ocrx_word' id='word_1_326' title='bbox 1141 3391 1577 3460; x_wconf 84' lang='lat' dir='ltr'><strong>possessionibus</strong></span> <span class='ocrx_word' id='word_1_327' title='bbox 1610 3402 1665 3443; x_wconf 84' lang='lat' dir='ltr'><strong>et</strong></span> <span class='ocrx_word' id='word_1_328' title='bbox 1694 3392 1865 3459; x_wconf 89' lang='lat' dir='ltr'><strong>patria</strong></span> <span class='ocrx_word' id='word_1_329' title='bbox 1900 3392 2124 3454; x_wconf 88' lang='lat' dir='ltr'><strong>relictis,</strong></span> <span class='ocrx_word' id='word_1_330' title='bbox 2162 3403 2315 3447; x_wconf 83' lang='lat' dir='ltr'><strong>extra</strong></span> <span class='ocrx_word' id='word_1_331' title='bbox 2349 3391 2580 3461; x_wconf 81' lang='lat' dir='ltr'><strong>patriam</strong></span> <span class='ocrx_word' id='word_1_332' title='bbox 2611 3402 2665 3447; x_wconf 85' lang='lat' dir='ltr'><strong>ct</strong></span> <span class='ocrx_word' id='word_1_333' title='bbox 2699 3402 2850 3448; x_wconf 76' lang='lat' dir='ltr'><strong>extra</strong></span> <span class='ocrx_word' id='word_1_334' title='bbox 2895 3392 3027 3452; x_wconf 79' lang='lat' dir='ltr'><strong>lines</strong></span> <span class='ocrx_word' id='word_1_335' title='bbox 3070 3408 3179 3462; x_wconf 71' lang='lat' dir='ltr'><strong>prre</strong></span> <span class='ocrx_word' id='word_1_336' title='bbox 3232 3391 3522 3446; x_wconf 79' lang='lat' dir='ltr'><strong>formidine</strong></span> 
     </span>
    </p>
   </div>
   <div class='ocr_carea' id='block_1_31' title="bbox 273 3482 3517 3555">
    <p class='ocr_par' dir='ltr' id='par_1_31' title="bbox 273 3482 3517 3555">
     <span class='ocr_line' id='line_1_31' title="bbox 273 3482 3517 3555; baseline -0 -16"><span class='ocrx_word' id='word_1_337' title='bbox 273 3485 609 3555; x_wconf 80' lang='lat' dir='ltr'><strong>aufugerim,</strong></span> <span class='ocrx_word' id='word_1_338' title='bbox 638 3485 837 3555; x_wconf 83' lang='lat' dir='ltr'><strong>aliique</strong></span> <span class='ocrx_word' id='word_1_339' title='bbox 871 3486 1008 3541; x_wconf 90' lang='lat' dir='ltr'><strong>bona</strong></span> <span class='ocrx_word' id='word_1_340' title='bbox 1037 3486 1249 3543; x_wconf 88' lang='lat' dir='ltr'><strong>illorum</strong></span> <span class='ocrx_word' id='word_1_341' title='bbox 1284 3484 1600 3541; x_wconf 87' lang='lat' dir='ltr'><strong>invaserint.</strong></span> <span class='ocrx_word' id='word_1_342' title='bbox 1632 3482 1850 3539; x_wconf 84' lang='lat' dir='ltr'><strong>Certum</strong></span> <span class='ocrx_word' id='word_1_343' title='bbox 1887 3494 2068 3539; x_wconf 85' lang='lat' dir='ltr'><strong>autem</strong></span> <span class='ocrx_word' id='word_1_344' title='bbox 2107 3484 2317 3540; x_wconf 81' lang='lat' dir='ltr'><strong>videtur</strong></span> <span class='ocrx_word' id='word_1_345' title='bbox 2363 3495 2519 3542; x_wconf 80' lang='lat' dir='ltr'><strong>terra:</strong></span> <span class='ocrx_word' id='word_1_346' title='bbox 2552 3496 2755 3540; x_wconf 86' lang='lat' dir='ltr'><strong>motuin</strong></span> <span class='ocrx_word' id='word_1_347' title='bbox 2786 3486 2935 3540; x_wconf 91' lang='lat' dir='ltr'><strong>illum</strong></span> <span class='ocrx_word' id='word_1_348' title='bbox 2967 3503 3031 3541; x_wconf 81' lang='lat' dir='ltr'><strong>ex</strong></span> <span class='ocrx_word' id='word_1_349' title='bbox 3060 3502 3287 3540; x_wconf 88' lang='lat' dir='ltr'><strong>numero</strong></span> <span class='ocrx_word' id='word_1_350' title='bbox 3331 3499 3517 3539; x_wconf 89' lang='lat' dir='ltr'><strong>eorum</strong></span> 
     </span>
    </p>
   </div>
   <div class='ocr_carea' id='block_1_32' title="bbox 269 3577 3528 3652">
    <p class='ocr_par' dir='ltr' id='par_1_32' title="bbox 269 3577 3528 3652">
     <span class='ocr_line' id='line_1_32' title="bbox 269 3577 3528 3652; baseline -0.002 -16"><span class='ocrx_word' id='word_1_351' title='bbox 269 3580 464 3643; x_wconf 83' lang='lat' dir='ltr'><strong>fuisse,</strong></span> <span class='ocrx_word' id='word_1_352' title='bbox 493 3596 627 3651; x_wconf 88' lang='lat' dir='ltr'><strong>quos</strong></span> <span class='ocrx_word' id='word_1_353' title='bbox 646 3580 971 3636; x_wconf 84' lang='lat' dir='ltr'><strong>Claudianus</strong></span> <span class='ocrx_word' id='word_1_354' title='bbox 1000 3580 1461 3650; x_wconf 74' lang='lat' dir='ltr'><strong>Constantinopoli</strong></span> <span class='ocrx_word' id='word_1_355' title='bbox 1493 3581 1756 3634; x_wconf 73' lang='lat' dir='ltr'><strong>accidisse</strong></span> <span class='ocrx_word' id='word_1_356' title='bbox 1789 3592 2051 3636; x_wconf 87' lang='lat' dir='ltr'><strong>memorat</strong></span> <span class='ocrx_word' id='word_1_357' title='bbox 2081 3577 2392 3652; x_wconf 80' lang='lat' dir='ltr'><strong>(Claudian.</strong></span> <span class='ocrx_word' id='word_1_358' title='bbox 2421 3580 2511 3633; x_wconf 88' lang='lat' dir='ltr'><strong>lib.</strong></span> <span class='ocrx_word' id='word_1_359' title='bbox 2540 3581 2575 3636; x_wconf 65' lang='grc' dir='ltr'><strong>Ξ</strong></span> <span class='ocrx_word' id='word_1_360' title='bbox 2609 3581 2663 3633; x_wconf 85' lang='lat' dir='ltr'><strong>in</strong></span> <span class='ocrx_word' id='word_1_361' title='bbox 2701 3578 3039 3649; x_wconf 83' lang='lat' dir='ltr'><strong>Eutropium.</strong></span> <span class='ocrx_word' id='word_1_362' title='bbox 3075 3596 3117 3633; x_wconf 82' lang='grc' dir='ltr'><strong>υ.</strong></span> <span class='ocrx_word' id='word_1_363' title='bbox 3142 3578 3215 3631; x_wconf 58' lang='grc'><strong>94</strong></span> <span class='ocrx_word' id='word_1_364' title='bbox 3240 3580 3379 3648; x_wconf 69' lang='lat' dir='ltr'><strong>sqq.)</strong></span> <span class='ocrx_word' id='word_1_365' title='bbox 3401 3588 3528 3631; x_wconf 89' lang='lat' dir='ltr'><strong>ante</strong></span> 
     </span>
    </p>
   </div>
   <div class='ocr_carea' id='block_1_33' title="bbox 266 3670 3523 3743">
    <p class='ocr_par' dir='ltr' id='par_1_33' title="bbox 266 3670 3523 3743">
     <span class='ocr_line' id='line_1_33' title="bbox 266 3670 3523 3743; baseline -0.001 -17"><span class='ocrx_word' id='word_1_366' title='bbox 266 3670 618 3727; x_wconf 79' lang='lat' dir='ltr'><strong>consulatum</strong></span> <span class='ocrx_word' id='word_1_367' title='bbox 656 3672 919 3741; x_wconf 86' lang='lat' dir='ltr'><strong>Eutropii,</strong></span> <span class='ocrx_word' id='word_1_368' title='bbox 957 3687 1100 3726; x_wconf 92' lang='lat' dir='ltr'><strong>anno</strong></span> <span class='ocrx_word' id='word_1_369' title='bbox 1133 3673 1382 3731; x_wconf 80' lang='lat' dir='ltr'><strong>videlicet</strong></span> <span class='ocrx_word' id='word_1_370' title='bbox 1431 3672 1562 3729; x_wconf 78' lang='lat'><strong>398.</strong></span> <span class='ocrx_word' id='word_1_371' title='bbox 1598 3672 1801 3729; x_wconf 84' lang='lat' dir='ltr'><strong>Omnes</strong></span> <span class='ocrx_word' id='word_1_372' title='bbox 1852 3675 2049 3743; x_wconf 88' lang='lat' dir='ltr'><strong>quippe</strong></span> <span class='ocrx_word' id='word_1_373' title='bbox 2086 3674 2333 3727; x_wconf 89' lang='lat' dir='ltr'><strong>liomilias</strong></span> <span class='ocrx_word' id='word_1_374' title='bbox 2370 3673 2499 3729; x_wconf 87' lang='lat' dir='ltr'><strong>istas</strong></span> <span class='ocrx_word' id='word_1_375' title='bbox 2542 3673 2623 3728; x_wconf 90' lang='lat' dir='ltr'><strong>vel</strong></span> <span class='ocrx_word' id='word_1_376' title='bbox 2672 3682 2797 3727; x_wconf 87' lang='lat' dir='ltr'><strong>ante</strong></span> <span class='ocrx_word' id='word_1_377' title='bbox 2846 3672 3185 3726; x_wconf 73' lang='lat' dir='ltr'><strong>consulatum</strong></span> <span class='ocrx_word' id='word_1_378' title='bbox 3248 3671 3523 3742; x_wconf 82' lang='lat' dir='ltr'><strong>Eutrepii.</strong></span> 
     </span>
    </p>
   </div>
   <div class='ocr_carea' id='block_1_34' title="bbox 267 3763 3525 3836">
    <p class='ocr_par' dir='ltr' id='par_1_34' title="bbox 267 3763 3525 3836">
     <span class='ocr_line' id='line_1_34' title="bbox 267 3763 3525 3836; baseline 0.002 -21"><span class='ocrx_word' id='word_1_379' title='bbox 267 3763 362 3817; x_wconf 83' lang='lat' dir='ltr'><strong>vel</strong></span> <span class='ocrx_word' id='word_1_380' title='bbox 393 3764 509 3830; x_wconf 87' lang='lat' dir='ltr'><strong>ipso</strong></span> <span class='ocrx_word' id='word_1_381' title='bbox 542 3767 783 3829; x_wconf 84' lang='lat' dir='ltr'><strong>consule.</strong></span> <span class='ocrx_word' id='word_1_382' title='bbox 814 3766 910 3820; x_wconf 89' lang='lat' dir='ltr'><strong>sed</strong></span> <span class='ocrx_word' id='word_1_383' title='bbox 933 3775 1057 3821; x_wconf 88' lang='lat' dir='ltr'><strong>ante</strong></span> <span class='ocrx_word' id='word_1_384' title='bbox 1090 3764 1267 3835; x_wconf 76' lang='lat' dir='ltr'><strong>fugam</strong></span> <span class='ocrx_word' id='word_1_385' title='bbox 1300 3765 1608 3834; x_wconf 59' lang='lat' dir='ltr'><strong>cadentque</strong></span> <span class='ocrx_word' id='word_1_386' title='bbox 1637 3766 1797 3830; x_wconf 84' lang='lat' dir='ltr'><strong>illius,</strong></span> <span class='ocrx_word' id='word_1_387' title='bbox 1829 3782 1946 3836; x_wconf 70' lang='lat' dir='ltr'><strong>qua:</strong></span> <span class='ocrx_word' id='word_1_388' title='bbox 1984 3782 2168 3823; x_wconf 79' lang='lat' dir='ltr'><strong>mense</strong></span> <span class='ocrx_word' id='word_1_389' title='bbox 2199 3766 2435 3822; x_wconf 83' lang='lat' dir='ltr'><strong>circiter</strong></span> <span class='ocrx_word' id='word_1_390' title='bbox 2467 3769 2708 3836; x_wconf 77' lang='lat' dir='ltr'><strong>Augusto</strong></span> <span class='ocrx_word' id='word_1_391' title='bbox 2740 3767 2866 3821; x_wconf 85' lang='lat' dir='ltr'><strong>anni</strong></span> <span class='ocrx_word' id='word_1_392' title='bbox 2895 3765 3000 3821; x_wconf 82' lang='lat'><strong>599</strong></span> <span class='ocrx_word' id='word_1_393' title='bbox 3029 3764 3248 3831; x_wconf 80' lang='lat' dir='ltr'><strong>accidit,</strong></span> <span class='ocrx_word' id='word_1_394' title='bbox 3312 3766 3525 3824; x_wconf 84' lang='lat' dir='ltr'><strong>habitas</strong></span> 
     </span>
    </p>
   </div>
   <div class='ocr_carea' id='block_1_35' title="bbox 273 3852 819 3914">
    <p class='ocr_par' dir='ltr' id='par_1_35' title="bbox 273 3852 819 3914">
     <span class='ocr_line' id='line_1_35' title="bbox 273 3852 819 3914; baseline 0.005 -7"><span class='ocrx_word' id='word_1_395' title='bbox 273 3852 449 3907; x_wconf 82' lang='lat' dir='ltr'><strong>fuisse</strong></span> <span class='ocrx_word' id='word_1_396' title='bbox 473 3865 681 3914; x_wconf 84' lang='lat' dir='ltr'><strong>certum</strong></span> <span class='ocrx_word' id='word_1_397' title='bbox 715 3865 819 3911; x_wconf 86' lang='lat' dir='ltr'><strong>est.</strong></span> 
     </span>
    </p>
   </div>
   <div class='ocr_carea' id='block_1_36' title="bbox 344 3947 3525 4021">
    <p class='ocr_par' dir='ltr' id='par_1_36' title="bbox 344 3947 3525 4021">
     <span class='ocr_line' id='line_1_36' title="bbox 344 3947 3525 4021; baseline 0.002 -21"><span class='ocrx_word' id='word_1_398' title='bbox 344 3947 738 4013; x_wconf 82' lang='lat' dir='ltr'><strong>Tillemontiiis,</strong></span> <span class='ocrx_word' id='word_1_399' title='bbox 774 3950 863 4019; x_wconf 87' lang='lat' dir='ltr'><strong>qui</strong></span> <span class='ocrx_word' id='word_1_400' title='bbox 900 3949 1153 4005; x_wconf 88' lang='lat' dir='ltr'><strong>homilias</strong></span> <span class='ocrx_word' id='word_1_401' title='bbox 1185 3949 1351 4004; x_wconf 82' lang='lat' dir='ltr'><strong>hasce</strong></span> <span class='ocrx_word' id='word_1_402' title='bbox 1384 3965 1488 4005; x_wconf 91' lang='lat' dir='ltr'><strong>non</strong></span> <span class='ocrx_word' id='word_1_403' title='bbox 1521 3951 1749 4013; x_wconf 83' lang='lat' dir='ltr'><strong>viderat,</strong></span> <span class='ocrx_word' id='word_1_404' title='bbox 1782 3960 1933 4020; x_wconf 87' lang='lat' dir='ltr'><strong>putat</strong></span> <span class='ocrx_word' id='word_1_405' title='bbox 1960 3950 2241 4008; x_wconf 91' lang='lat' dir='ltr'><strong>homiliam</strong></span> <span class='ocrx_word' id='word_1_406' title='bbox 2280 3953 2424 4007; x_wconf 89' lang='lat' dir='ltr'><strong>illam</strong></span> <span class='ocrx_word' id='word_1_407' title='bbox 2460 3954 2525 4007; x_wconf 91' lang='lat' dir='ltr'><strong>de</strong></span> <span class='ocrx_word' id='word_1_408' title='bbox 2556 3963 2713 4007; x_wconf 69' lang='lat' dir='ltr'><strong>terra:</strong></span> <span class='ocrx_word' id='word_1_409' title='bbox 2745 3964 2913 4019; x_wconf 91' lang='lat' dir='ltr'><strong>motu,</strong></span> <span class='ocrx_word' id='word_1_410' title='bbox 2973 3968 3134 4021; x_wconf 87' lang='lat' dir='ltr'><strong>quam</strong></span> <span class='ocrx_word' id='word_1_411' title='bbox 3167 3952 3525 4009; x_wconf 79' lang='lat' dir='ltr'><strong>Couibelisiiis</strong></span> 
     </span>
    </p>
   </div>
   <div class='ocr_carea' id='block_1_37' title="bbox 265 4038 3520 4114">
    <p class='ocr_par' dir='ltr' id='par_1_37' title="bbox 265 4038 3520 4114">
     <span class='ocr_line' id='line_1_37' title="bbox 265 4038 3520 4114; baseline 0.002 -23"><span class='ocrx_word' id='word_1_412' title='bbox 265 4038 661 4111; x_wconf 80' lang='lat' dir='ltr'><strong>publicaverat,</strong></span> <span class='ocrx_word' id='word_1_413' title='bbox 714 4050 767 4095; x_wconf 90' lang='lat' dir='ltr'><strong>et</strong></span> <span class='ocrx_word' id='word_1_414' title='bbox 829 4056 987 4110; x_wconf 89' lang='lat' dir='ltr'><strong>quam</strong></span> <span class='ocrx_word' id='word_1_415' title='bbox 1041 4056 1109 4096; x_wconf 84' lang='lat' dir='ltr'><strong>ex</strong></span> <span class='ocrx_word' id='word_1_416' title='bbox 1175 4040 1438 4098; x_wconf 80' lang='lat' dir='ltr'><strong>Vaticano</strong></span> <span class='ocrx_word' id='word_1_417' title='bbox 1469 4043 1656 4098; x_wconf 87' lang='lat' dir='ltr'><strong>codice</strong></span> <span class='ocrx_word' id='word_1_418' title='bbox 1703 4045 2043 4098; x_wconf 86' lang='lat' dir='ltr'><strong>emendatam</strong></span> <span class='ocrx_word' id='word_1_419' title='bbox 2084 4046 2328 4101; x_wconf 87' lang='lat' dir='ltr'><strong>dedimus</strong></span> <span class='ocrx_word' id='word_1_420' title='bbox 2387 4056 2515 4097; x_wconf 92' lang='lat' dir='ltr'><strong>tom.</strong></span> <span class='ocrx_word' id='word_1_421' title='bbox 2544 4044 2598 4109; x_wconf 74' lang='lat'><strong>2.</strong></span> <span class='ocrx_word' id='word_1_422' title='bbox 2634 4061 2685 4114; x_wconf 92' lang='lat' dir='ltr'><strong>p.</strong></span> <span class='ocrx_word' id='word_1_423' title='bbox 2719 4045 2868 4097; x_wconf 77' lang='lat'><strong>717:</strong></span> <span class='ocrx_word' id='word_1_424' title='bbox 2944 4045 3245 4109; x_wconf 80' lang='lat' dir='ltr'><strong>homiliam,</strong></span> <span class='ocrx_word' id='word_1_425' title='bbox 3274 4047 3520 4114; x_wconf 82' lang='lat' dir='ltr'><strong>inquam,</strong></span> 
     </span>
    </p>
   </div>
   <div class='ocr_carea' id='block_1_38' title="bbox 270 4132 3519 4206">
    <p class='ocr_par' dir='ltr' id='par_1_38' title="bbox 270 4132 3519 4206">
     <span class='ocr_line' id='line_1_38' title="bbox 270 4132 3519 4206; baseline 0.001 -20"><span class='ocrx_word' id='word_1_426' title='bbox 270 4132 427 4186; x_wconf 89' lang='lat' dir='ltr'><strong>illam</strong></span> <span class='ocrx_word' id='word_1_427' title='bbox 470 4132 707 4186; x_wconf 80' lang='lat' dir='ltr'><strong>habitam</strong></span> <span class='ocrx_word' id='word_1_428' title='bbox 745 4132 910 4186; x_wconf 87' lang='lat' dir='ltr'><strong>fuisse</strong></span> <span class='ocrx_word' id='word_1_429' title='bbox 937 4141 1057 4203; x_wconf 86' lang='lat' dir='ltr'><strong>post</strong></span> <span class='ocrx_word' id='word_1_430' title='bbox 1092 4142 1249 4191; x_wconf 72' lang='lat' dir='ltr'><strong>terra:</strong></span> <span class='ocrx_word' id='word_1_431' title='bbox 1281 4143 1508 4201; x_wconf 85' lang='lat' dir='ltr'><strong>motum,</strong></span> <span class='ocrx_word' id='word_1_432' title='bbox 1547 4136 1639 4203; x_wconf 91' lang='lat' dir='ltr'><strong>qui</strong></span> <span class='ocrx_word' id='word_1_433' title='bbox 1678 4152 1822 4189; x_wconf 92' lang='lat' dir='ltr'><strong>anno</strong></span> <span class='ocrx_word' id='word_1_434' title='bbox 1856 4137 1984 4199; x_wconf 80' lang='lat'><strong>598,</strong></span> <span class='ocrx_word' id='word_1_435' title='bbox 2020 4148 2303 4206; x_wconf 88' lang='lat' dir='ltr'><strong>postquam</strong></span> <span class='ocrx_word' id='word_1_436' title='bbox 2329 4137 2749 4206; x_wconf 85' lang='lat' dir='ltr'><strong>Clirysostomus</strong></span> <span class='ocrx_word' id='word_1_437' title='bbox 2781 4137 3073 4206; x_wconf 90' lang='lat' dir='ltr'><strong>episcopus</strong></span> <span class='ocrx_word' id='word_1_438' title='bbox 3093 4136 3375 4190; x_wconf 87' lang='lat' dir='ltr'><strong>ordinatus</strong></span> <span class='ocrx_word' id='word_1_439' title='bbox 3402 4138 3519 4190; x_wconf 79' lang='lat' dir='ltr'><strong>fite-</strong></span> 
     </span>
    </p>
   </div>
   <div class='ocr_carea' id='block_1_39' title="bbox 268 4226 3525 4299">
    <p class='ocr_par' dir='ltr' id='par_1_39' title="bbox 268 4226 3525 4299">
     <span class='ocr_line' id='line_1_39' title="bbox 268 4226 3525 4299; baseline 0 -17"><span class='ocrx_word' id='word_1_440' title='bbox 268 4236 375 4282; x_wconf 77' lang='lat' dir='ltr'><strong>rat.</strong></span> <span class='ocrx_word' id='word_1_441' title='bbox 412 4226 627 4281; x_wconf 85' lang='lat' dir='ltr'><strong>accidit.</strong></span> <span class='ocrx_word' id='word_1_442' title='bbox 677 4226 745 4278; x_wconf 78' lang='lat' dir='ltr'><strong>At</strong></span> <span class='ocrx_word' id='word_1_443' title='bbox 766 4240 888 4282; x_wconf 91' lang='lat' dir='ltr'><strong>cum</strong></span> <span class='ocrx_word' id='word_1_444' title='bbox 929 4226 1013 4280; x_wconf 90' lang='lat' dir='ltr'><strong>ille</strong></span> <span class='ocrx_word' id='word_1_445' title='bbox 1052 4237 1208 4281; x_wconf 81' lang='lat' dir='ltr'><strong>teme</strong></span> <span class='ocrx_word' id='word_1_446' title='bbox 1246 4236 1419 4281; x_wconf 86' lang='lat' dir='ltr'><strong>motus</strong></span> <span class='ocrx_word' id='word_1_447' title='bbox 1454 4228 1671 4291; x_wconf 86' lang='lat' dir='ltr'><strong>accidit,</strong></span> <span class='ocrx_word' id='word_1_448' title='bbox 1715 4227 2137 4299; x_wconf 87' lang='lat' dir='ltr'><strong>Chrysostomus</strong></span> <span class='ocrx_word' id='word_1_449' title='bbox 2170 4232 2358 4284; x_wconf 89' lang='lat' dir='ltr'><strong>morbo</strong></span> <span class='ocrx_word' id='word_1_450' title='bbox 2378 4229 2747 4291; x_wconf 79' lang='lat' dir='ltr'><strong>detiiicnatnr,</strong></span> <span class='ocrx_word' id='word_1_451' title='bbox 2782 4241 2837 4281; x_wconf 92' lang='lat' dir='ltr'><strong>ut</strong></span> <span class='ocrx_word' id='word_1_452' title='bbox 2869 4229 2982 4296; x_wconf 86' lang='lat' dir='ltr'><strong>ipse</strong></span> <span class='ocrx_word' id='word_1_453' title='bbox 3020 4230 3070 4282; x_wconf 88' lang='lat' dir='ltr'><strong>iii</strong></span> <span class='ocrx_word' id='word_1_454' title='bbox 3096 4229 3329 4285; x_wconf 66' lang='lat' dir='ltr'><strong>liouiilize</strong></span> <span class='ocrx_word' id='word_1_455' title='bbox 3371 4233 3525 4298; x_wconf 86' lang='lat' dir='ltr'><strong>prin-</strong></span> 
     </span>
    </p>
   </div>
   <div class='ocr_carea' id='block_1_40' title="bbox 268 4317 3523 4393">
    <p class='ocr_par' dir='ltr' id='par_1_40' title="bbox 268 4317 3523 4393">
     <span class='ocr_line' id='line_1_40' title="bbox 268 4317 3523 4393; baseline 0.001 -21"><span class='ocrx_word' id='word_1_456' title='bbox 268 4319 419 4392; x_wconf 79' lang='lat' dir='ltr'><strong>cipio</strong></span> <span class='ocrx_word' id='word_1_457' title='bbox 448 4317 610 4372; x_wconf 88' lang='lat' dir='ltr'><strong>dicit:</strong></span> <span class='ocrx_word' id='word_1_458' title='bbox 647 4332 819 4388; x_wconf 87' lang='lat' dir='ltr'><strong>neque</strong></span> <span class='ocrx_word' id='word_1_459' title='bbox 863 4320 1067 4386; x_wconf 81' lang='lat' dir='ltr'><strong>uspiam</strong></span> <span class='ocrx_word' id='word_1_460' title='bbox 1106 4320 1333 4386; x_wconf 66' lang='lat' dir='ltr'><strong>legimus</strong></span> <span class='ocrx_word' id='word_1_461' title='bbox 1393 4321 1837 4391; x_wconf 31' lang='lat' dir='ltr'><strong>lihrysosto&#39;uuin</strong></span> <span class='ocrx_word' id='word_1_462' title='bbox 1901 4325 2077 4393; x_wconf 91' lang='lat' dir='ltr'><strong>primo</strong></span> <span class='ocrx_word' id='word_1_463' title='bbox 2112 4324 2190 4379; x_wconf 82' lang='lat' dir='ltr'><strong>vel</strong></span> <span class='ocrx_word' id='word_1_464' title='bbox 2226 4328 2467 4380; x_wconf 90' lang='lat' dir='ltr'><strong>secundo</strong></span> <span class='ocrx_word' id='word_1_465' title='bbox 2501 4324 2845 4392; x_wconf 83' lang='lat' dir='ltr'><strong>episcopatus</strong></span> <span class='ocrx_word' id='word_1_466' title='bbox 2879 4326 2960 4377; x_wconf 92' lang='lat' dir='ltr'><strong>sui</strong></span> <span class='ocrx_word' id='word_1_467' title='bbox 3019 4339 3183 4389; x_wconf 87' lang='lat' dir='ltr'><strong>anno,</strong></span> <span class='ocrx_word' id='word_1_468' title='bbox 3218 4326 3297 4379; x_wconf 89' lang='lat' dir='ltr'><strong>vel</strong></span> <span class='ocrx_word' id='word_1_469' title='bbox 3332 4323 3523 4378; x_wconf 81' lang='lat' dir='ltr'><strong>nimbo</strong></span> 
     </span>
    </p>
   </div>
   <div class='ocr_carea' id='block_1_41' title="bbox 267 4409 3521 4486">
    <p class='ocr_par' dir='ltr' id='par_1_41' title="bbox 267 4409 3521 4486">
     <span class='ocr_line' id='line_1_41' title="bbox 267 4409 3521 4486; baseline 0.002 -23"><span class='ocrx_word' id='word_1_470' title='bbox 267 4410 356 4465; x_wconf 84' lang='lat' dir='ltr'><strong>vel</strong></span> <span class='ocrx_word' id='word_1_471' title='bbox 386 4409 697 4463; x_wconf 83' lang='lat' dir='ltr'><strong>infirmitate</strong></span> <span class='ocrx_word' id='word_1_472' title='bbox 726 4410 976 4479; x_wconf 83' lang='lat' dir='ltr'><strong>quapiam</strong></span> <span class='ocrx_word' id='word_1_473' title='bbox 1008 4420 1314 4479; x_wconf 87' lang='lat' dir='ltr'><strong>correptum</strong></span> <span class='ocrx_word' id='word_1_474' title='bbox 1342 4410 1538 4478; x_wconf 85' lang='lat' dir='ltr'><strong>fuisse;</strong></span> <span class='ocrx_word' id='word_1_475' title='bbox 1575 4428 1747 4483; x_wconf 89' lang='lat' dir='ltr'><strong>neque</strong></span> <span class='ocrx_word' id='word_1_476' title='bbox 1776 4415 1826 4467; x_wconf 92' lang='lat' dir='ltr'><strong>iii</strong></span> <span class='ocrx_word' id='word_1_477' title='bbox 1885 4416 1983 4470; x_wconf 85' lang='lat' dir='ltr'><strong>hac</strong></span> <span class='ocrx_word' id='word_1_478' title='bbox 2048 4417 2219 4486; x_wconf 91' lang='lat' dir='ltr'><strong>prima</strong></span> <span class='ocrx_word' id='word_1_479' title='bbox 2282 4416 2522 4482; x_wconf 84' lang='lat' dir='ltr'><strong>humilia,</strong></span> <span class='ocrx_word' id='word_1_480' title='bbox 2578 4431 2699 4484; x_wconf 62' lang='lat' dir='ltr'><strong>quae</strong></span> <span class='ocrx_word' id='word_1_481' title='bbox 2756 4425 2875 4484; x_wconf 85' lang='lat' dir='ltr'><strong>post</strong></span> <span class='ocrx_word' id='word_1_482' title='bbox 2932 4426 3088 4471; x_wconf 68' lang='lat' dir='ltr'><strong>terra:</strong></span> <span class='ocrx_word' id='word_1_483' title='bbox 3131 4427 3331 4470; x_wconf 89' lang='lat' dir='ltr'><strong>motum</strong></span> <span class='ocrx_word' id='word_1_484' title='bbox 3374 4415 3521 4470; x_wconf 86' lang='lat' dir='ltr'><strong>illum</strong></span> 
     </span>
    </p>
   </div>
   <div class='ocr_carea' id='block_1_42' title="bbox 267 4501 3516 4580">
    <p class='ocr_par' dir='ltr' id='par_1_42' title="bbox 267 4501 3516 4580">
     <span class='ocr_line' id='line_1_42' title="bbox 267 4501 3516 4580; baseline 0.002 -24"><span class='ocrx_word' id='word_1_485' title='bbox 267 4504 397 4557; x_wconf 87' lang='lat' dir='ltr'><strong>anni</strong></span> <span class='ocrx_word' id='word_1_486' title='bbox 423 4502 527 4557; x_wconf 74' lang='lat'><strong>598</strong></span> <span class='ocrx_word' id='word_1_487' title='bbox 557 4501 735 4555; x_wconf 83' lang='lat' dir='ltr'><strong>habita</strong></span> <span class='ocrx_word' id='word_1_488' title='bbox 768 4512 876 4564; x_wconf 90' lang='lat' dir='ltr'><strong>est,</strong></span> <span class='ocrx_word' id='word_1_489' title='bbox 909 4503 973 4557; x_wconf 88' lang='lat' dir='ltr'><strong>de</strong></span> <span class='ocrx_word' id='word_1_490' title='bbox 1002 4503 1319 4558; x_wconf 72' lang='lat' dir='ltr'><strong>infirmitate</strong></span> <span class='ocrx_word' id='word_1_491' title='bbox 1348 4520 1444 4559; x_wconf 89' lang='lat' dir='ltr'><strong>sua</strong></span> <span class='ocrx_word' id='word_1_492' title='bbox 1480 4507 1756 4576; x_wconf 88' lang='lat' dir='ltr'><strong>quidpiam</strong></span> <span class='ocrx_word' id='word_1_493' title='bbox 1800 4507 2060 4578; x_wconf 88' lang='lat' dir='ltr'><strong>loquitur.</strong></span> <span class='ocrx_word' id='word_1_494' title='bbox 2118 4511 2196 4563; x_wconf 80' lang='lat' dir='ltr'><strong>Ad</strong></span> <span class='ocrx_word' id='word_1_495' title='bbox 2229 4512 2344 4564; x_wconf 62' lang='lat' dir='ltr'><strong>haec</strong></span> <span class='ocrx_word' id='word_1_496' title='bbox 2372 4510 2598 4579; x_wconf 89' lang='lat' dir='ltr'><strong>populiis</strong></span> <span class='ocrx_word' id='word_1_497' title='bbox 2621 4512 2711 4580; x_wconf 90' lang='lat' dir='ltr'><strong>qui</strong></span> <span class='ocrx_word' id='word_1_498' title='bbox 2741 4512 2864 4565; x_wconf 87' lang='lat' dir='ltr'><strong>huic</strong></span> <span class='ocrx_word' id='word_1_499' title='bbox 2922 4513 3109 4580; x_wconf 71' lang='lat' dir='ltr'><strong>prinuc</strong></span> <span class='ocrx_word' id='word_1_500' title='bbox 3143 4512 3388 4570; x_wconf 55' lang='grc' dir='ltr'><strong>(κουρίωιὶ</strong></span> <span class='ocrx_word' id='word_1_501' title='bbox 3421 4513 3516 4562; x_wconf 83' lang='lat' dir='ltr'><strong>ad-</strong></span> 
     </span>
    </p>
   </div>
   <div class='ocr_carea' id='block_1_43' title="bbox 269 4593 3524 4669">
    <p class='ocr_par' dir='ltr' id='par_1_43' title="bbox 269 4593 3524 4669">
     <span class='ocr_line' id='line_1_43' title="bbox 269 4593 3524 4669; baseline 0.003 -22"><span class='ocrx_word' id='word_1_502' title='bbox 269 4593 373 4647; x_wconf 75' lang='lat' dir='ltr'><strong>luit</strong></span> <span class='ocrx_word' id='word_1_503' title='bbox 407 4593 488 4646; x_wconf 90' lang='lat' dir='ltr'><strong>vel</strong></span> <span class='ocrx_word' id='word_1_504' title='bbox 522 4594 711 4648; x_wconf 85' lang='lat' dir='ltr'><strong>adesse</strong></span> <span class='ocrx_word' id='word_1_505' title='bbox 737 4593 942 4659; x_wconf 89' lang='lat' dir='ltr'><strong>debuit,</strong></span> <span class='ocrx_word' id='word_1_506' title='bbox 970 4593 1040 4647; x_wconf 92' lang='lat' dir='ltr'><strong>ob</strong></span> <span class='ocrx_word' id='word_1_507' title='bbox 1067 4594 1444 4664; x_wconf 76' lang='lat' dir='ltr'><strong>negligentiam</strong></span> <span class='ocrx_word' id='word_1_508' title='bbox 1481 4604 1534 4649; x_wconf 90' lang='lat' dir='ltr'><strong>et</strong></span> <span class='ocrx_word' id='word_1_509' title='bbox 1570 4597 1832 4666; x_wconf 80' lang='lat' dir='ltr'><strong>ignaviain</strong></span> <span class='ocrx_word' id='word_1_510' title='bbox 1870 4602 2134 4653; x_wconf 87' lang='lat' dir='ltr'><strong>acerrime</strong></span> <span class='ocrx_word' id='word_1_511' title='bbox 2177 4602 2445 4669; x_wconf 90' lang='lat' dir='ltr'><strong>carpitur;</strong></span> <span class='ocrx_word' id='word_1_512' title='bbox 2480 4614 2666 4656; x_wconf 88' lang='lat' dir='ltr'><strong>contra</strong></span> <span class='ocrx_word' id='word_1_513' title='bbox 2712 4618 2838 4657; x_wconf 86' lang='lat' dir='ltr'><strong>vero</strong></span> <span class='ocrx_word' id='word_1_514' title='bbox 2868 4604 2920 4654; x_wconf 89' lang='lat' dir='ltr'><strong>iii</strong></span> <span class='ocrx_word' id='word_1_515' title='bbox 2960 4603 3044 4656; x_wconf 84' lang='lat' dir='ltr'><strong>illa</strong></span> <span class='ocrx_word' id='word_1_516' title='bbox 3104 4603 3204 4656; x_wconf 83' lang='lat' dir='ltr'><strong>alia</strong></span> <span class='ocrx_word' id='word_1_517' title='bbox 3255 4605 3320 4658; x_wconf 87' lang='lat' dir='ltr'><strong>dc</strong></span> <span class='ocrx_word' id='word_1_518' title='bbox 3366 4613 3524 4656; x_wconf 65' lang='lat' dir='ltr'><strong>terra:</strong></span> 
     </span>
    </p>
   </div>
   <div class='ocr_carea' id='block_1_44' title="bbox 268 4684 3518 4768">
    <p class='ocr_par' dir='ltr' id='par_1_44' title="bbox 268 4684 3518 4768">
     <span class='ocr_line' id='line_1_44' title="bbox 268 4684 3518 4768; baseline 0.003 -32"><span class='ocrx_word' id='word_1_519' title='bbox 268 4695 419 4737; x_wconf 84' lang='lat' dir='ltr'><strong>tuoin</strong></span> <span class='ocrx_word' id='word_1_520' title='bbox 454 4684 669 4738; x_wconf 79' lang='lat' dir='ltr'><strong>humilia</strong></span> <span class='ocrx_word' id='word_1_521' title='bbox 699 4684 924 4751; x_wconf 89' lang='lat' dir='ltr'><strong>populus</strong></span> <span class='ocrx_word' id='word_1_522' title='bbox 952 4686 1021 4739; x_wconf 89' lang='lat' dir='ltr'><strong>ob</strong></span> <span class='ocrx_word' id='word_1_523' title='bbox 1052 4687 1289 4739; x_wconf 88' lang='lat' dir='ltr'><strong>studium</strong></span> <span class='ocrx_word' id='word_1_524' title='bbox 1324 4698 1378 4740; x_wconf 90' lang='lat' dir='ltr'><strong>et</strong></span> <span class='ocrx_word' id='word_1_525' title='bbox 1415 4686 1682 4741; x_wconf 81' lang='lat' dir='ltr'><strong>fervorem</strong></span> <span class='ocrx_word' id='word_1_526' title='bbox 1723 4692 1947 4745; x_wconf 79' lang='lat' dir='ltr'><strong>summis</strong></span> <span class='ocrx_word' id='word_1_527' title='bbox 1988 4692 2233 4746; x_wconf 77' lang='lat' dir='ltr'><strong>laudibus</strong></span> <span class='ocrx_word' id='word_1_528' title='bbox 2276 4692 2603 4757; x_wconf 88' lang='lat' dir='ltr'><strong>celebratur,</strong></span> <span class='ocrx_word' id='word_1_529' title='bbox 2639 4708 2797 4768; x_wconf 81' lang='lat' dir='ltr'><strong>quem</strong></span> <span class='ocrx_word' id='word_1_530' title='bbox 2831 4694 3227 4751; x_wconf 82' lang='lat' dir='ltr'><strong>Antiochemim</strong></span> <span class='ocrx_word' id='word_1_531' title='bbox 3264 4694 3518 4761; x_wconf 87' lang='lat' dir='ltr'><strong>populum</strong></span> 
     </span>
    </p>
   </div>
   <div class='ocr_carea' id='block_1_45' title="bbox 264 4777 3520 4848">
    <p class='ocr_par' dir='ltr' id='par_1_45' title="bbox 264 4777 3520 4848">
     <span class='ocr_line' id='line_1_45' title="bbox 264 4777 3520 4848; baseline 0.002 -18"><span class='ocrx_word' id='word_1_532' title='bbox 264 4792 393 4830; x_wconf 79' lang='lat' dir='ltr'><strong>esse</strong></span> <span class='ocrx_word' id='word_1_533' title='bbox 419 4788 566 4843; x_wconf 88' lang='lat' dir='ltr'><strong>puto.</strong></span> <span class='ocrx_word' id='word_1_534' title='bbox 593 4777 873 4830; x_wconf 72' lang='lat' dir='ltr'><strong>Antiochi-i</strong></span> <span class='ocrx_word' id='word_1_535' title='bbox 908 4779 1075 4841; x_wconf 70' lang='lat' dir='ltr'><strong>enim,</strong></span> <span class='ocrx_word' id='word_1_536' title='bbox 1106 4788 1163 4831; x_wconf 91' lang='lat' dir='ltr'><strong>ut</strong></span> <span class='ocrx_word' id='word_1_537' title='bbox 1191 4780 1424 4833; x_wconf 81' lang='lat' dir='ltr'><strong>diximus</strong></span> <span class='ocrx_word' id='word_1_538' title='bbox 1450 4790 1501 4833; x_wconf 91' lang='lat' dir='ltr'><strong>et</strong></span> <span class='ocrx_word' id='word_1_539' title='bbox 1531 4782 1881 4848; x_wconf 79' lang='lat' dir='ltr'><strong>probavimus</strong></span> <span class='ocrx_word' id='word_1_540' title='bbox 1911 4784 1962 4837; x_wconf 84' lang='lat' dir='ltr'><strong>iii</strong></span> <span class='ocrx_word' id='word_1_541' title='bbox 1998 4783 2198 4837; x_wconf 77' lang='lat' dir='ltr'><strong>Mouito</strong></span> <span class='ocrx_word' id='word_1_542' title='bbox 2226 4785 2292 4839; x_wconf 88' lang='lat' dir='ltr'><strong>ad</strong></span> <span class='ocrx_word' id='word_1_543' title='bbox 2334 4784 2618 4839; x_wconf 86' lang='lat' dir='ltr'><strong>Homiliam</strong></span> <span class='ocrx_word' id='word_1_544' title='bbox 2649 4786 2713 4839; x_wconf 90' lang='lat' dir='ltr'><strong>de</strong></span> <span class='ocrx_word' id='word_1_545' title='bbox 2740 4786 2947 4839; x_wconf 81' lang='lat' dir='ltr'><strong>Lazaro</strong></span> <span class='ocrx_word' id='word_1_546' title='bbox 2983 4798 3036 4840; x_wconf 92' lang='lat' dir='ltr'><strong>et</strong></span> <span class='ocrx_word' id='word_1_547' title='bbox 3066 4786 3132 4840; x_wconf 89' lang='lat' dir='ltr'><strong>de</strong></span> <span class='ocrx_word' id='word_1_548' title='bbox 3159 4785 3339 4838; x_wconf 67' lang='lat' dir='ltr'><strong>Terrae</strong></span> <span class='ocrx_word' id='word_1_549' title='bbox 3378 4796 3520 4837; x_wconf 89' lang='lat' dir='ltr'><strong>motu</strong></span> 
     </span>
    </p>
   </div>
   <div class='ocr_carea' id='block_1_46' title="bbox 270 4869 3523 4945">
    <p class='ocr_par' dir='ltr' id='par_1_46' title="bbox 270 4869 3523 4945">
     <span class='ocr_line' id='line_1_46' title="bbox 270 4869 3523 4945; baseline 0.003 -24"><span class='ocrx_word' id='word_1_550' title='bbox 270 4881 407 4924; x_wconf 87' lang='lat' dir='ltr'><strong>tnui.</strong></span> <span class='ocrx_word' id='word_1_551' title='bbox 465 4870 505 4934; x_wconf 85' lang='lat' dir='ltr'><strong>l,</strong></span> <span class='ocrx_word' id='word_1_552' title='bbox 533 4885 585 4939; x_wconf 92' lang='lat' dir='ltr'><strong>p.</strong></span> <span class='ocrx_word' id='word_1_553' title='bbox 621 4869 743 4941; x_wconf 69' lang='lat'><strong>772,</strong></span> <span class='ocrx_word' id='word_1_554' title='bbox 777 4870 1226 4940; x_wconf 71' lang='lat' dir='ltr'><strong>frcqueiiti&#39;ssiiiils</strong></span> <span class='ocrx_word' id='word_1_555' title='bbox 1258 4882 1415 4926; x_wconf 64' lang='lat' dir='ltr'><strong>terrae</strong></span> <span class='ocrx_word' id='word_1_556' title='bbox 1450 4875 1685 4929; x_wconf 86' lang='lat' dir='ltr'><strong>metlbns</strong></span> <span class='ocrx_word' id='word_1_557' title='bbox 1729 4876 2053 4943; x_wconf 64' lang='lat' dir='ltr'><strong>agitabatur.</strong></span> <span class='ocrx_word' id='word_1_558' title='bbox 2095 4878 2289 4933; x_wconf 86' lang='lat' dir='ltr'><strong>Verum</strong></span> <span class='ocrx_word' id='word_1_559' title='bbox 2322 4880 2469 4934; x_wconf 83' lang='lat' dir='ltr'><strong>addit</strong></span> <span class='ocrx_word' id='word_1_560' title='bbox 2504 4879 2904 4945; x_wconf 87' lang='lat' dir='ltr'><strong>Tillemontius,</strong></span> <span class='ocrx_word' id='word_1_561' title='bbox 2938 4882 2988 4933; x_wconf 91' lang='lat' dir='ltr'><strong>in</strong></span> <span class='ocrx_word' id='word_1_562' title='bbox 3027 4880 3245 4939; x_wconf 83' lang='lat' dir='ltr'><strong>lioinilia</strong></span> <span class='ocrx_word' id='word_1_563' title='bbox 3290 4881 3376 4933; x_wconf 85' lang='lat' dir='ltr'><strong>illa</strong></span> <span class='ocrx_word' id='word_1_564' title='bbox 3414 4880 3523 4933; x_wconf 86' lang='lat' dir='ltr'><strong>fre-</strong></span> 
     </span>
    </p>
   </div>
   <div class='ocr_carea' id='block_1_47' title="bbox 270 4964 3511 5043">
    <p class='ocr_par' dir='ltr' id='par_1_47' title="bbox 270 4964 3511 5043">
     <span class='ocr_line' id='line_1_47' title="bbox 270 4964 3511 5043; baseline 0.004 -31"><span class='ocrx_word' id='word_1_565' title='bbox 270 4965 625 5032; x_wconf 82' lang='lat' dir='ltr'><strong>quentissime</strong></span> <span class='ocrx_word' id='word_1_566' title='bbox 647 4964 712 5017; x_wconf 86' lang='lat' dir='ltr'><strong>de</strong></span> <span class='ocrx_word' id='word_1_567' title='bbox 740 4964 940 5019; x_wconf 80' lang='lat' dir='ltr'><strong>litaniis</strong></span> <span class='ocrx_word' id='word_1_568' title='bbox 976 4968 1081 5035; x_wconf 80' lang='lat' dir='ltr'><strong>agi,</strong></span> <span class='ocrx_word' id='word_1_569' title='bbox 1118 4982 1236 5034; x_wconf 81' lang='lat' dir='ltr'><strong>quae</strong></span> <span class='ocrx_word' id='word_1_570' title='bbox 1264 4966 1467 5019; x_wconf 59' lang='lat' dir='ltr'><strong>litaniie</strong></span> <span class='ocrx_word' id='word_1_571' title='bbox 1503 4970 1569 5019; x_wconf 86' lang='lat' dir='ltr'><strong>ali</strong></span> <span class='ocrx_word' id='word_1_572' title='bbox 1604 4968 1719 5037; x_wconf 87' lang='lat' dir='ltr'><strong>ipso</strong></span> <span class='ocrx_word' id='word_1_573' title='bbox 1748 4970 2166 5039; x_wconf 80' lang='lat' dir='ltr'><strong>Clirysostomo,</strong></span> <span class='ocrx_word' id='word_1_574' title='bbox 2192 4973 2354 5039; x_wconf 86' lang='lat' dir='ltr'><strong>paulo</strong></span> <span class='ocrx_word' id='word_1_575' title='bbox 2380 4984 2664 5043; x_wconf 87' lang='lat' dir='ltr'><strong>postquam</strong></span> <span class='ocrx_word' id='word_1_576' title='bbox 2692 4974 2978 5043; x_wconf 84' lang='lat' dir='ltr'><strong>episcopus</strong></span> <span class='ocrx_word' id='word_1_577' title='bbox 3004 4973 3288 5029; x_wconf 70' lang='lat' dir='ltr'><strong>ordinatus</strong></span> <span class='ocrx_word' id='word_1_578' title='bbox 3312 4973 3511 5033; x_wconf 63' lang='lat' dir='ltr'><strong>fuerat,</strong></span> 
     </span>
    </p>
   </div>
   <div class='ocr_carea' id='block_1_48' title="bbox 267 5057 3517 5139">
    <p class='ocr_par' dir='ltr' id='par_1_48' title="bbox 267 5057 3517 5139">
     <span class='ocr_line' id='line_1_48' title="bbox 267 5057 3517 5139; baseline 0.003 -29"><span class='ocrx_word' id='word_1_579' title='bbox 267 5057 507 5131; x_wconf 77' lang='lat' dir='ltr'><strong>primum</strong></span> <span class='ocrx_word' id='word_1_580' title='bbox 540 5058 799 5112; x_wconf 68' lang='lat' dir='ltr'><strong>institutae</strong></span> <span class='ocrx_word' id='word_1_581' title='bbox 833 5057 1001 5113; x_wconf 82' lang='lat' dir='ltr'><strong>l‘uere.</strong></span> <span class='ocrx_word' id='word_1_582' title='bbox 1078 5061 1143 5113; x_wconf 79' lang='lat' dir='ltr'><strong>At</strong></span> <span class='ocrx_word' id='word_1_583' title='bbox 1175 5060 1306 5113; x_wconf 91' lang='lat' dir='ltr'><strong>nihil</strong></span> <span class='ocrx_word' id='word_1_584' title='bbox 1342 5061 1411 5114; x_wconf 88' lang='lat' dir='ltr'><strong>de</strong></span> <span class='ocrx_word' id='word_1_585' title='bbox 1442 5061 1645 5115; x_wconf 81' lang='lat' dir='ltr'><strong>litaniis</strong></span> <span class='ocrx_word' id='word_1_586' title='bbox 1686 5063 1795 5117; x_wconf 92' lang='lat' dir='ltr'><strong>illic</strong></span> <span class='ocrx_word' id='word_1_587' title='bbox 1824 5065 2022 5133; x_wconf 74' lang='lat' dir='ltr'><strong>agitur,</strong></span> <span class='ocrx_word' id='word_1_588' title='bbox 2056 5066 2147 5120; x_wconf 89' lang='lat' dir='ltr'><strong>sed</strong></span> <span class='ocrx_word' id='word_1_589' title='bbox 2181 5068 2246 5119; x_wconf 90' lang='lat' dir='ltr'><strong>de</strong></span> <span class='ocrx_word' id='word_1_590' title='bbox 2287 5078 2447 5123; x_wconf 88' lang='lat' dir='ltr'><strong>cantu</strong></span> <span class='ocrx_word' id='word_1_591' title='bbox 2476 5068 2803 5138; x_wconf 87' lang='lat' dir='ltr'><strong>psalmorum</strong></span> <span class='ocrx_word' id='word_1_592' title='bbox 2829 5078 2883 5122; x_wconf 84' lang='lat' dir='ltr'><strong>et</strong></span> <span class='ocrx_word' id='word_1_593' title='bbox 2917 5069 3263 5139; x_wconf 83' lang='lat' dir='ltr'><strong>hymnorum,</strong></span> <span class='ocrx_word' id='word_1_594' title='bbox 3303 5082 3437 5135; x_wconf 57' lang='lat' dir='ltr'><strong>quo»</strong></span> <span class='ocrx_word' id='word_1_595' title='bbox 3466 5068 3517 5120; x_wconf 92' lang='lat' dir='ltr'><strong>iu</strong></span> 
     </span>
    </p>
   </div>
   <div class='ocr_carea' id='block_1_49' title="bbox 271 5151 3519 5234">
    <p class='ocr_par' dir='ltr' id='par_1_49' title="bbox 271 5151 3519 5234">
     <span class='ocr_line' id='line_1_49' title="bbox 271 5151 3519 5234; baseline 0.003 -29"><span class='ocrx_word' id='word_1_596' title='bbox 271 5164 513 5214; x_wconf 73' lang='lat' dir='ltr'><strong>ieiunare</strong></span> <span class='ocrx_word' id='word_1_597' title='bbox 542 5151 908 5204; x_wconf 87' lang='lat' dir='ltr'><strong>calamitatum</strong></span> <span class='ocrx_word' id='word_1_598' title='bbox 953 5154 1216 5206; x_wconf 80' lang='lat' dir='ltr'><strong>canebant</strong></span> <span class='ocrx_word' id='word_1_599' title='bbox 1244 5152 1531 5206; x_wconf 83' lang='lat' dir='ltr'><strong>Christiani</strong></span> <span class='ocrx_word' id='word_1_600' title='bbox 1569 5154 1634 5207; x_wconf 89' lang='lat' dir='ltr'><strong>ad</strong></span> <span class='ocrx_word' id='word_1_601' title='bbox 1666 5156 1950 5209; x_wconf 79' lang='lat' dir='ltr'><strong>ecclesiam</strong></span> <span class='ocrx_word' id='word_1_602' title='bbox 1984 5157 2278 5225; x_wconf 79' lang='lat' dir='ltr'><strong>venientes,</strong></span> <span class='ocrx_word' id='word_1_603' title='bbox 2314 5160 2405 5215; x_wconf 87' lang='lat' dir='ltr'><strong>diu</strong></span> <span class='ocrx_word' id='word_1_604' title='bbox 2449 5173 2738 5230; x_wconf 90' lang='lat' dir='ltr'><strong>antequam</strong></span> <span class='ocrx_word' id='word_1_605' title='bbox 2790 5161 3205 5232; x_wconf 84' lang='lat' dir='ltr'><strong>Chrysostnmus</strong></span> <span class='ocrx_word' id='word_1_606' title='bbox 3234 5162 3519 5234; x_wconf 85' lang='lat' dir='ltr'><strong>episcopus</strong></span> 
     </span>
    </p>
   </div>
   <div class='ocr_carea' id='block_1_50' title="bbox 266 5241 2099 5318">
    <p class='ocr_par' dir='ltr' id='par_1_50' title="bbox 266 5241 2099 5318">
     <span class='ocr_line' id='line_1_50' title="bbox 266 5241 2099 5318; baseline 0.003 -23"><span class='ocrx_word' id='word_1_607' title='bbox 266 5244 631 5297; x_wconf 85' lang='lat' dir='ltr'><strong>ordinaretur.</strong></span> <span class='ocrx_word' id='word_1_608' title='bbox 670 5241 781 5299; x_wconf 88' lang='lat' dir='ltr'><strong>Hac</strong></span> <span class='ocrx_word' id='word_1_609' title='bbox 826 5244 889 5297; x_wconf 84' lang='lat' dir='ltr'><strong>de</strong></span> <span class='ocrx_word' id='word_1_610' title='bbox 917 5259 973 5297; x_wconf 87' lang='lat' dir='ltr'><strong>re</strong></span> <span class='ocrx_word' id='word_1_611' title='bbox 996 5246 1104 5313; x_wconf 83' lang='lat' dir='ltr'><strong>jam</strong></span> <span class='ocrx_word' id='word_1_612' title='bbox 1133 5255 1315 5298; x_wconf 87' lang='lat' dir='ltr'><strong>actum</strong></span> <span class='ocrx_word' id='word_1_613' title='bbox 1350 5256 1432 5299; x_wconf 88' lang='lat' dir='ltr'><strong>est</strong></span> <span class='ocrx_word' id='word_1_614' title='bbox 1468 5247 1519 5297; x_wconf 93' lang='lat' dir='ltr'><strong>in</strong></span> <span class='ocrx_word' id='word_1_615' title='bbox 1553 5246 1672 5300; x_wconf 78' lang='lat' dir='ltr'><strong>Vita</strong></span> <span class='ocrx_word' id='word_1_616' title='bbox 1708 5248 2099 5318; x_wconf 80' lang='lat' dir='ltr'><strong>Clirysostmiii.</strong></span> 
     </span>
    </p>
   </div>
   <div class='ocr_carea' id='block_1_51' title="bbox 349 5358 3504 5441">
    <p class='ocr_par' dir='ltr' id='par_1_51' title="bbox 349 5358 3504 5441">
     <span class='ocr_line' id='line_1_51' title="bbox 349 5358 3504 5441; baseline 0.002 -28"><span class='ocrx_word' id='word_1_617' title='bbox 349 5359 407 5413; x_wconf 91' lang='lat' dir='ltr'><strong>Il.</strong></span> <span class='ocrx_word' id='word_1_618' title='bbox 455 5360 703 5415; x_wconf 78' lang='lat' dir='ltr'><strong>Secunda</strong></span> <span class='ocrx_word' id='word_1_619' title='bbox 735 5358 954 5413; x_wconf 87' lang='lat' dir='ltr'><strong>li0inilia</strong></span> <span class='ocrx_word' id='word_1_620' title='bbox 1004 5359 1370 5414; x_wconf 80' lang='lat' dir='ltr'><strong>celebritatem</strong></span> <span class='ocrx_word' id='word_1_621' title='bbox 1404 5360 1559 5412; x_wconf 78' lang='lat' dir='ltr'><strong>nobis</strong></span> <span class='ocrx_word' id='word_1_622' title='bbox 1597 5361 1920 5431; x_wconf 75' lang='lat' dir='ltr'><strong>singularem</strong></span> <span class='ocrx_word' id='word_1_623' title='bbox 1960 5362 2181 5419; x_wconf 86' lang='lat' dir='ltr'><strong>indicat.</strong></span> <span class='ocrx_word' id='word_1_624' title='bbox 2258 5365 2392 5419; x_wconf 83' lang='lat' dir='ltr'><strong>Cum</strong></span> <span class='ocrx_word' id='word_1_625' title='bbox 2450 5377 2746 5441; x_wconf 80' lang='lat' dir='ltr'><strong>martyrum</strong></span> <span class='ocrx_word' id='word_1_626' title='bbox 2805 5366 3041 5435; x_wconf 68' lang='lat' dir='ltr'><strong>reliquite</strong></span> <span class='ocrx_word' id='word_1_627' title='bbox 3102 5366 3328 5421; x_wconf 88' lang='lat' dir='ltr'><strong>solemni</strong></span> <span class='ocrx_word' id='word_1_628' title='bbox 3400 5368 3504 5419; x_wconf 87' lang='lat' dir='ltr'><strong>ritu</strong></span> 
     </span>
    </p>
   </div>
   <div class='ocr_carea' id='block_1_52' title="bbox 273 5448 3503 5528">
    <p class='ocr_par' dir='ltr' id='par_1_52' title="bbox 273 5448 3503 5528">
     <span class='ocr_line' id='line_1_52' title="bbox 273 5448 3503 5528; baseline 0.003 -27"><span class='ocrx_word' id='word_1_629' title='bbox 273 5451 695 5505; x_wconf 86' lang='lat' dir='ltr'><strong>transferrentur</strong></span> <span class='ocrx_word' id='word_1_630' title='bbox 723 5464 788 5503; x_wconf 78' lang='lat' dir='ltr'><strong>ex</strong></span> <span class='ocrx_word' id='word_1_631' title='bbox 822 5448 1011 5517; x_wconf 75' lang='lat' dir='ltr'><strong>Magna</strong></span> <span class='ocrx_word' id='word_1_632' title='bbox 1044 5449 1277 5502; x_wconf 75' lang='lat' dir='ltr'><strong>Ecclesia</strong></span> <span class='ocrx_word' id='word_1_633' title='bbox 1310 5450 1374 5502; x_wconf 87' lang='lat' dir='ltr'><strong>ad</strong></span> <span class='ocrx_word' id='word_1_634' title='bbox 1411 5452 1726 5519; x_wconf 86' lang='lat' dir='ltr'><strong>martyrium</strong></span> <span class='ocrx_word' id='word_1_635' title='bbox 1766 5469 1859 5506; x_wconf 85' lang='lat' dir='ltr'><strong>seu</strong></span> <span class='ocrx_word' id='word_1_636' title='bbox 1898 5454 2184 5508; x_wconf 83' lang='lat' dir='ltr'><strong>ecclesiam</strong></span> <span class='ocrx_word' id='word_1_637' title='bbox 2224 5455 2284 5509; x_wconf 83' lang='lat' dir='ltr'><strong>S.</strong></span> <span class='ocrx_word' id='word_1_638' title='bbox 2316 5456 2535 5511; x_wconf 68' lang='lat' dir='ltr'><strong>Thema:</strong></span> <span class='ocrx_word' id='word_1_639' title='bbox 2560 5459 2783 5526; x_wconf 85' lang='lat' dir='ltr'><strong>apostoli</strong></span> <span class='ocrx_word' id='word_1_640' title='bbox 2824 5468 2876 5511; x_wconf 89' lang='lat' dir='ltr'><strong>et</strong></span> <span class='ocrx_word' id='word_1_641' title='bbox 2912 5460 3189 5527; x_wconf 87' lang='lat' dir='ltr'><strong>martyris,</strong></span> <span class='ocrx_word' id='word_1_642' title='bbox 3224 5460 3273 5510; x_wconf 91' lang='lat' dir='ltr'><strong>iii</strong></span> <span class='ocrx_word' id='word_1_643' title='bbox 3311 5460 3503 5528; x_wconf 83' lang='lat' dir='ltr'><strong>Drypia</strong></span> 
     </span>
    </p>
   </div>
   <div class='ocr_carea' id='block_1_53' title="bbox 273 5544 3508 5623">
    <p class='ocr_par' dir='ltr' id='par_1_53' title="bbox 273 5544 3508 5623">
     <span class='ocr_line' id='line_1_53' title="bbox 273 5544 3508 5623; baseline 0.002 -25"><span class='ocrx_word' id='word_1_644' title='bbox 273 5546 428 5599; x_wconf 81' lang='lat' dir='ltr'><strong>sitam</strong></span> <span class='ocrx_word' id='word_1_645' title='bbox 460 5556 515 5601; x_wconf 86' lang='lat' dir='ltr'><strong>et</strong></span> <span class='ocrx_word' id='word_1_646' title='bbox 550 5560 745 5600; x_wconf 75' lang='lat' dir='ltr'><strong>novem</strong></span> <span class='ocrx_word' id='word_1_647' title='bbox 784 5544 1105 5599; x_wconf 82' lang='lat' dir='ltr'><strong>inilliarilms</strong></span> <span class='ocrx_word' id='word_1_648' title='bbox 1132 5560 1161 5597; x_wconf 81' lang='lat' dir='ltr'><strong>a</strong></span> <span class='ocrx_word' id='word_1_649' title='bbox 1198 5544 1385 5617; x_wconf 80' lang='lat' dir='ltr'><strong>Magna</strong></span> <span class='ocrx_word' id='word_1_650' title='bbox 1418 5545 1657 5599; x_wconf 72' lang='lat' dir='ltr'><strong>Ecclesia</strong></span> <span class='ocrx_word' id='word_1_651' title='bbox 1695 5548 2003 5611; x_wconf 82' lang='lat' dir='ltr'><strong>distantem.</strong></span> <span class='ocrx_word' id='word_1_652' title='bbox 2060 5551 2247 5620; x_wconf 87' lang='lat' dir='ltr'><strong>ingens</strong></span> <span class='ocrx_word' id='word_1_653' title='bbox 2283 5555 2459 5621; x_wconf 85' lang='lat' dir='ltr'><strong>populi</strong></span> <span class='ocrx_word' id='word_1_654' title='bbox 2494 5554 2794 5623; x_wconf 77' lang='lat' dir='ltr'><strong>frequentia</strong></span> <span class='ocrx_word' id='word_1_655' title='bbox 2832 5553 2971 5620; x_wconf 78' lang='lat' dir='ltr'><strong>fuit;</strong></span> <span class='ocrx_word' id='word_1_656' title='bbox 3035 5556 3139 5605; x_wconf 71' lang='lat' dir='ltr'><strong>imo</strong></span> <span class='ocrx_word' id='word_1_657' title='bbox 3184 5553 3508 5619; x_wconf 77' lang='lat' dir='ltr'><strong>liiiperatrix</strong></span> 
     </span>
    </p>
   </div>
   <div class='ocr_carea' id='block_1_54' title="bbox 267 5639 3510 5721">
    <p class='ocr_par' dir='ltr' id='par_1_54' title="bbox 267 5639 3510 5721">
     <span class='ocr_line' id='line_1_54' title="bbox 267 5639 3510 5721; baseline 0.002 -26"><span class='ocrx_word' id='word_1_658' title='bbox 267 5641 375 5710; x_wconf 83' lang='lat' dir='ltr'><strong>ipsa</strong></span> <span class='ocrx_word' id='word_1_659' title='bbox 410 5639 658 5695; x_wconf 82' lang='lat' dir='ltr'><strong>Eiidoxia</strong></span> <span class='ocrx_word' id='word_1_660' title='bbox 694 5639 908 5692; x_wconf 74' lang='lat' dir='ltr'><strong>Arcadii</strong></span> <span class='ocrx_word' id='word_1_661' title='bbox 948 5655 1099 5698; x_wconf 81' lang='lat' dir='ltr'><strong>uxor.</strong></span> <span class='ocrx_word' id='word_1_662' title='bbox 1138 5650 1292 5693; x_wconf 85' lang='lat' dir='ltr'><strong>nocte</strong></span> <span class='ocrx_word' id='word_1_663' title='bbox 1329 5652 1378 5693; x_wconf 90' lang='lat' dir='ltr'><strong>et</strong></span> <span class='ocrx_word' id='word_1_664' title='bbox 1407 5639 1493 5693; x_wconf 87' lang='lat' dir='ltr'><strong>die</strong></span> <span class='ocrx_word' id='word_1_665' title='bbox 1526 5655 1621 5707; x_wconf 88' lang='lat' dir='ltr'><strong>per</strong></span> <span class='ocrx_word' id='word_1_666' title='bbox 1657 5652 1862 5695; x_wconf 68' lang='lat' dir='ltr'><strong>tantum</strong></span> <span class='ocrx_word' id='word_1_667' title='bbox 1899 5645 1996 5696; x_wconf 54' lang='lat' dir='ltr'><strong>viai</strong></span> <span class='ocrx_word' id='word_1_668' title='bbox 2022 5646 2253 5713; x_wconf 84' lang='lat' dir='ltr'><strong>spatium</strong></span> <span class='ocrx_word' id='word_1_669' title='bbox 2284 5662 2447 5717; x_wconf 88' lang='lat' dir='ltr'><strong>prope</strong></span> <span class='ocrx_word' id='word_1_670' title='bbox 2479 5649 2577 5703; x_wconf 85' lang='lat' dir='ltr'><strong>SS.</strong></span> <span class='ocrx_word' id='word_1_671' title='bbox 2615 5663 2911 5721; x_wconf 87' lang='lat' dir='ltr'><strong>martyrum</strong></span> <span class='ocrx_word' id='word_1_672' title='bbox 2968 5653 3178 5704; x_wconf 79' lang='lat' dir='ltr'><strong>thecam</strong></span> <span class='ocrx_word' id='word_1_673' title='bbox 3230 5652 3394 5717; x_wconf 83' lang='lat' dir='ltr'><strong>pedes</strong></span> <span class='ocrx_word' id='word_1_674' title='bbox 3428 5652 3510 5704; x_wconf 83' lang='lat' dir='ltr'><strong>in-</strong></span> 
     </span>
    </p>
   </div>
   <div class='ocr_carea' id='block_1_55' title="bbox 261 5730 3504 5809">
    <p class='ocr_par' dir='ltr' id='par_1_55' title="bbox 261 5730 3504 5809">
     <span class='ocr_line' id='line_1_55' title="bbox 261 5730 3504 5809; baseline 0 -13"><span class='ocrx_word' id='word_1_675' title='bbox 261 5737 441 5791; x_wconf 65' lang='lat' dir='ltr'><strong>cessit.</strong></span> <span class='ocrx_word' id='word_1_676' title='bbox 526 5736 877 5799; x_wconf 70' lang='grc' dir='ltr'><strong>υιιηρτοριετ</strong></span> <span class='ocrx_word' id='word_1_677' title='bbox 906 5730 992 5783; x_wconf 71' lang='lat' dir='ltr'><strong>&quot;bi</strong></span> <span class='ocrx_word' id='word_1_678' title='bbox 1028 5731 1090 5782; x_wconf 70' lang='grc' dir='ltr'><strong>ίιιῑ</strong></span> <span class='ocrx_word' id='word_1_679' title='bbox 1125 5733 1439 5800; x_wconf 68' lang='lat' dir='ltr'><strong>martyrium</strong></span> <span class='ocrx_word' id='word_1_680' title='bbox 1476 5742 1793 5801; x_wconf 85' lang='lat' dir='ltr'><strong>perventum</strong></span> <span class='ocrx_word' id='word_1_681' title='bbox 1826 5746 1930 5800; x_wconf 79' lang='lat' dir='ltr'><strong>est,</strong></span> <span class='ocrx_word' id='word_1_682' title='bbox 1964 5736 2388 5807; x_wconf 79' lang='lat' dir='ltr'><strong>Clirysoslouitts</strong></span> <span class='ocrx_word' id='word_1_683' title='bbox 2419 5743 2731 5797; x_wconf 82' lang='lat' dir='ltr'><strong>concionem</strong></span> <span class='ocrx_word' id='word_1_684' title='bbox 2771 5745 2975 5809; x_wconf 78' lang='lat' dir='ltr'><strong>habuit,</strong></span> <span class='ocrx_word' id='word_1_685' title='bbox 3014 5744 3101 5797; x_wconf 84' lang='lat' dir='ltr'><strong>tibi</strong></span> <span class='ocrx_word' id='word_1_686' title='bbox 3136 5744 3504 5797; x_wconf 78' lang='lat' dir='ltr'><strong>celebritatem</strong></span> 
     </span>
    </p>
   </div>
   <div class='ocr_carea' id='block_1_56' title="bbox 264 5824 2057 5893">
    <p class='ocr_par' dir='ltr' id='par_1_56' title="bbox 264 5824 2057 5893">
     <span class='ocr_line' id='line_1_56' title="bbox 264 5824 2057 5893; baseline -0.002 -8"><span class='ocrx_word' id='word_1_687' title='bbox 264 5833 408 5886; x_wconf 88' lang='lat' dir='ltr'><strong>illam</strong></span> <span class='ocrx_word' id='word_1_688' title='bbox 444 5826 766 5885; x_wconf 77' lang='lat' dir='ltr'><strong>descripsit.</strong></span> <span class='ocrx_word' id='word_1_689' title='bbox 800 5834 850 5878; x_wconf 88' lang='lat' dir='ltr'><strong>ct</strong></span> <span class='ocrx_word' id='word_1_690' title='bbox 887 5824 1281 5893; x_wconf 73' lang='lat' dir='ltr'><strong>lnqirralriccm</strong></span> <span class='ocrx_word' id='word_1_691' title='bbox 1312 5829 1535 5883; x_wconf 86' lang='lat' dir='ltr'><strong>summis</strong></span> <span class='ocrx_word' id='word_1_692' title='bbox 1567 5828 1814 5885; x_wconf 79' lang='lat' dir='ltr'><strong>laudibus</strong></span> <span class='ocrx_word' id='word_1_693' title='bbox 1848 5834 2057 5884; x_wconf 70' lang='lat' dir='ltr'><strong>extum.</strong></span> 
     </span>
    </p>
   </div>
  </div>
