4122 6422
615 387 715 442 iis?
2063 388 2401 445 MONITUM.
3759 386 3876 442 455

695 496 782 553 ιη.
822 498 1138 570 lnscquente
1167 500 1252 556 die
1285 499 1577 571 Imperator
1609 503 1675 554 ad
1722 503 1859 556 idem
1894 504 2212 573 martyrium
2269 518 2362 558 seu
2398 503 2680 558 ecclesiam
2744 505 2890 559 venit
2935 521 3058 561 cum
3116 506 3370 562 satellitio
3427 514 3478 560 ct
3521 510 3869 557 armatorum

623 600 808 654 manu,
841 601 1004 662 atque
1031 592 1277 663 deposito
1306 594 1628 657 diademate,
1681 594 1935 664 reliquias
1970 596 2153 650 debito
2181 596 2326 650 cultu
2378 604 2696 665 prosecatus
2753 607 2836 650 est
2872 615 2887 653 :
2926 600 2999 652 illi
3030 614 3246 670 quoque
3276 597 3466 669 positis
3495 596 3667 650 armis
3713 594 3872 663 paria

623 680 1027 749 praestiterunt:
1075 695 1138 737 ac
1165 698 1269 738 non
1303 694 1614 754 exspectata
1647 685 1933 749 concione,
1967 686 2265 756 Imperator
2298 703 2418 741 cum
2445 688 2558 742 suis
2587 690 2833 744 recessit.
2889 690 3152 759 Tuncque
3197 691 3551 746 concinnatus
3620 687 3875 755 Chryso-

624 782 835 827 stomus
860 782 963 837 est,
992 773 1341 845 pluribusque
1373 778 1619 847 probavit
1646 788 1763 848 post
1788 779 1915 833 Δότε
1950 790 2229 848 peccatum
2256 780 2498 836 homines
2537 780 2601 835 ad
2639 781 3082 838 excellentiorem
3119 793 3321 837 statum
3352 793 3611 838 venturos
3635 794 3777 842 esse,
3816 778 3869 832 si

624 872 774 918 recte
805 865 968 919 vitam
996 866 1797 933 instituant;resurrectionem
1846 878 2023 926 tamen
2076 870 2308 925 futuram
2360 871 2589 926 obscure
2632 873 2831 943 priscis
2879 873 2985 928 illis
3049 876 3385 942 temporibus
3444 873 3873 944 prrenuntiatam

626 955 791 1012 fuisse
823 958 969 1012 dicit.

698 1070 784 1126 IV.
816 1071 1017 1139 Quarta
1048 1078 1265 1132 homilia
1309 1081 1359 1132 in
1391 1080 1586 1149 templo
1614 1080 1671 1133 S.
1711 1080 2013 1136 Anastasis
2045 1081 2226 1136 habita
2269 1081 2401 1138 fuit:
2439 1084 2592 1154 pauci
2648 1083 2796 1137 fuere
2833 1082 3140 1147 auditores;
3176 1090 3469 1151 tamenque
3523 1079 3896 1149 Chrysosto—~

626 1174 743 1215 mus
774 1161 840 1216 de
868 1163 985 1219 .lobi
1019 1169 1275 1237 patientia
1304 1180 1358 1223 et
1387 1171 1583 1226 virtute
1612 1171 1823 1243 longam
1854 1182 1908 1227 et
1938 1174 2235 1244 elegantem
2270 1175 2456 1231 habuit
2479 1177 2783 1232 orationem
2817 1175 2918 1247 (α).

696 1270 757 1326 ν.
812 1272 1040 1332 llomilia
1084 1279 1266 1347 quinta
1309 1281 1360 1334 in
1406 1281 1601 1351 templo
1631 1280 1690 1335 S.
1728 1282 1912 1338 lrcncs
1947 1282 2129 1337 habita
2169 1292 2273 1338 est.
2336 1283 2394 1340 In
2433 1299 2497 1340 ea
2545 1284 2965 1355 Chrysostomus
2999 1285 3065 1339 de
3101 1282 3423 1340 absentibus
3480 1285 3871 1351 conqueritur,

624 1378 677 1421 et
703 1371 1055 1436 pauentibus
1090 1372 1433 1442 gratulatur;
1455 1373 1520 1428 de
1550 1374 1881 1444 psalmorum
1914 1385 2076 1430 cantu
2115 1376 2247 1447 agit,
2303 1378 2604 1449 probatque
2638 1378 2957 1433 muliebrem
2993 1389 3183 1432 sexum
3241 1376 3695 1446 impedimentum
3756 1389 3869 1430 non

625 1474 747 1514 esse
774 1460 839 1514 ad
868 1461 1080 1517 virtutis
1110 1464 1449 1518 exercitium.

702 1577 782 1635 Vl.
814 1579 1044 1637 Homilia
1074 1592 1223 1638 sexta
1255 1584 1435 1639 habita
1466 1595 1549 1640 est
1575 1586 1626 1640 in
1663 1586 1892 1642 ecclesia
1924 1586 2245 1643 Sanctorum
2282 1588 2661 1659 Apostolorum
2694 1590 2747 1644 in
2785 1589 2871 1643 dic
2900 1587 3189 1642 Theodosii
3235 1583 3609 1656 Imperatoris,
3676 1591 3875 1637 contra

622 1682 719 1725 eos
745 1672 835 1741 qui
867 1686 927 1727 se
957 1673 1224 1731 Catharos
1247 1678 1361 1733 sive
1390 1675 1563 1733 Purus
1594 1677 1878 1734 vocabant.
1917 1678 2359 1752 Chrysostomus,
2389 1692 2672 1753 postquam
2708 1684 2814 1737 duo
2862 1680 2951 1735 alii
2989 1680 3227 1751 episcopi
3261 1678 3572 1734 concionati
3631 1675 3880 1739 fuerant,

624 1761 765 1816 banc
794 1762 932 1818 dixit
961 1765 1258 1821 homiliam.

694 1852 879 1911 Primo
905 1856 1095 1913 ambos
1134 1858 1417 1930 episcopos
1452 1860 1653 1927 laudat,
1694 1875 1925 1931 quorum
1958 1861 2094 1921 alter
2133 1864 2339 1933 junior,
2403 1866 2599 1936 inquit,
2655 1867 2805 1921 senis
2836 1866 3185 1935 gravitatem,
3242 1864 3378 1918 alter
3410 1878 3599 1927 senex,
3631 1860 3880 1931 junioris

623 1947 860 2015 v3gorem
890 1963 1001 2019 pra:
1026 1963 1085 2003 se
1124 1951 1350 2006 ferebat.
1383 1950 1588 2008 Deinde
1617 1953 1982 2011 Theodosium
2016 1953 2267 2025 Magnum
2302 1957 2548 2013 laudibus
2580 1955 2757 2022 effert,
2791 1957 2946 2025 cujus
2978 1958 3096 2011 dies
3136 1964 3264 2010 tunc
3299 1955 3715 2022 celebrabatur;
3759 1954 3883 2009 dies

626 2057 818 2111 nempe
844 2049 903 2096 ut
930 2042 1221 2099 verisimile
1243 2054 1327 2100 est
1354 2048 1547 2101 mortis
1576 2046 1711 2112 ejus,
1746 2049 1835 2117 qui
1869 2046 2118 2103 Januarii
2154 2048 2366 2103 decimo
2395 2050 2627 2119 septimo
2672 2050 2759 2103 die
2792 2050 3041 2119 contigit.
3102 2048 3255 2105 Unde
3282 2048 3532 2118 arguitur
3596 2050 3741 2102 hanc
3772 2046 3877 2100 ho-

625 2131 826 2187 miham
857 2149 1043 2191 mense
1080 2133 1342 2192 Januario
1379 2138 1505 2192 anni
1539 2138 1643 2194 399
1674 2139 1871 2194 dictam
1905 2141 2091 2197 fuisse.
2150 2142 2483 2198 Theodosius
2516 2152 2695 2196 autem
2733 2157 2876 2196 anno
2930 2141 3036 2197 595
3068 2142 3302 2197 obierat.
3355 2140 3513 2195 Hunc
3568 2143 3877 2211 imperato-

626 2242 741 2282 rem
767 2225 1005 2283 celebrat
1037 2226 1127 2283 ille
1154 2244 1183 2282 a
1217 2228 1414 2298 pietate
1442 2240 1496 2283 et
1523 2244 1550 2283 a
1591 2230 1851 2297 victoriis,
1890 2247 2025 2302 quas
2052 2233 2355 2302 opitulante
2392 2233 2502 2287 Deo
2546 2233 2730 2288 retulit
2783 2234 2848 2287 de
2894 2232 3140 2304 tyrannis
3184 2229 3422 2285 Maximo
3477 2238 3531 2285 et
3590 2232 3866 2301 Eugenio.

624 2323 767 2391 Quis
794 2323 883 2375 ille
909 2321 1188 2387 victorias,
1221 2324 1387 2379 tacito
1422 2332 1773 2395 tyrannorum
1804 2327 2045 2391 nomine,
2078 2327 2149 2381 ita
2188 2325 2378 2393 refert,
2413 2336 2472 2381 ut
2503 2328 2570 2382 ab
2598 2327 2720 2382 aliis
2746 2326 2989 2381 historiae
3029 2324 3390 2395 scriptoribus
3414 2333 3738 2381 narrantur.

697 2413 924 2470 liomilia
960 2429 1087 2470 vero
1112 2415 1262 2471 istac
1300 2416 1354 2470 in
1386 2417 1563 2471 medio
1594 2433 1784 2488 magna
1816 2419 1900 2473 sui
1935 2426 2087 2489 parte
2133 2420 2319 2475 mutila
2345 2429 2449 2484 est,
2480 2421 2551 2474 ita
2591 2430 2648 2474 ut
2696 2418 3099 2489 quamplurima
3132 2432 3318 2473 eorum
3365 2431 3487 2486 qua:
3536 2428 3727 2471 contra
3768 2416 3879 2472 Ca-

627 2508 812 2563 tharos
836 2523 927 2563 seu
959 2506 1288 2564 Novatianos
1310 2509 1647 2575 dicebantur,
1690 2511 2063 2567 intercidet-int
2089 2527 2153 2567 ae
2185 2512 2471 2583 perierint.
2530 2511 2813 2567 Novatiani
2848 2522 3026 2566 autem
3068 2522 3193 2564 tuni-
3229 2508 3704 2577 Constantinopoli
3752 2524 3875 2563 nu:-

623 2616 731 2667 gno
756 2615 979 2657 numero
1004 2610 1180 2667 erant,
1216 2601 1522 2672 episcopum
1552 2616 1662 2657 sua:
1696 2611 1857 2659 secta:
1890 2603 2214 2674 peculiarem
2251 2602 2552 2666 habebant,
2590 2616 2654 2656 ac
2679 2616 2801 2656 sese
2829 2599 3123 2671 καθαρούς,
3147 2614 3241 2654 seu
3272 2615 3457 2667 puros,
3502 2600 3874 2668 appellabant,

625 2710 728 2764 qua
768 2697 835 2751 de
856 2710 1017 2750 causa
1053 2695 1174 2751 illos
1200 2694 1465 2750 acerrime
1498 2694 1815 2765 perstringit
1844 2696 2282 2768 Chrysostotnus,
2320 2704 2377 2749 ut
2398 2696 2450 2749 iu
2475 2694 2707 2749 homilim
2735 2693 2840 2749 line
2868 2694 3071 2748 videas.

694 2785 822 2841 Post
851 2786 997 2841 illam
1029 2796 1217 2841 contra
1259 2786 1523 2841 Catharos
1568 2786 1869 2852 homiliam,
1910 2786 1965 2841 in
1996 2786 2192 2841 Codice
2219 2783 2481 2839 Vaticano
2508 2784 2753 2854 sequitur
2783 2783 3002 2838 humilia
3034 2781 3187 2852 cujus
3213 2782 3419 2848 titulus,
3457 2783 3722 2839 Adversus
3768 2802 3862 2841 eos

622 2880 709 2946 qui
738 2878 807 2932 ad
829 2879 1161 2949 hippodromi
1190 2889 1237 2933 et
1266 2879 1590 2933 theatrorum
1625 2880 1925 2949 spectacula
1953 2896 2007 2934 se
2030 2879 2326 2948 conferunt.
2362 2878 2524 2948 Cujus
2554 2877 2765 2931 initium
2797 2886 2899 2941 est,
2930 2874 3173 2929 Ua'cciue
3194 2876 3445 2945 ferenda?
3474 2876 3708 2929 Itwcct'ne
3740 2879 3873 2931 tole-

625 2974 791 3027 ramla
816 2974 841 3027 ?
868 2973 1007 3027 vobis
1028 2972 1167 3026 enim
1200 2974 1325 3041 ipsis
1377 2972 1643 3040 iudicibus
1670 2983 1854 3028 contra
1886 2990 1973 3027 vos
2003 2974 2079 3027 uti
2106 2973 2244 3028 uolo.
2303 2972 2476 3042 Quam
2516 2972 2783 3028 edidimus
2829 2980 2963 3027 tom.
3001 2970 3089 3037 Vl,
3139 2984 3194 3038 p.
3237 2969 3366 3035 272,
3422 2985 3487 3027 ex
3532 2971 3877 3030 Coislinianu

624 3067 825 3121 tiodice
860 3064 1234 3134 desumptam:
1267 3063 1495 3133 ideoque
1528 3065 1671 3118 illam
1710 3065 1798 3121 hic
1842 3065 2338 3135 prmtermittimus.
3080 3068 3085 3071 ’

702 3156 897 3211 Verum
929 3157 1055 3226 quia
1092 3156 1145 3210 in
1173 3155 1405 3211 humilia:
1440 3172 1595 3211 nona:
1627 3159 1909 3226 sequentis
1944 3158 2125 3221 titulo,
2164 3166 2220 3212 et
2251 3158 2301 3211 in
2337 3158 2448 3225 ipsa
2483 3155 2700 3211 homilia
2735 3170 2899 3219 nona,
2930 3153 3100 3207 multa
3137 3155 3406 3209 habentur
3437 3172 3559 3225 quae
3592 3158 3658 3211 ad
3704 3160 3868 3213 istam

622 3251 900 3306 bomiliatn
935 3250 1263 3315 referuntur,
1298 3250 1385 3305 hic
1419 3251 1726 3307 necessario
1771 3253 2015 3322 quaedam
2058 3252 2123 3306 de
2163 3250 2320 3321 hujus
2364 3250 2597 3306 humilia:
2633 3248 2919 3305 occasione
2956 3249 3128 3317 deque
3176 3248 3295 3303 aliis
3338 3250 3693 3319 quisbusdam
3732 3254 3873 3308 refe-

624 3346 812 3399 renda.

696 3438 853 3490 Anno
885 3436 1013 3503 399,
1051 3445 1332 3508 postquam
1367 3453 1532 3492 unum
1558 3437 1667 3507 jam
1703 3454 1904 3493 annum
1935 3440 1987 3492 in
2012 3440 2325 3509 episcopatu
2355 3452 2608 3493 emensus
2640 3447 2761 3491 erat
2809 3435 3259 3509 Chrysostomns,
3310 3437 3597 3511 ordinatus
3660 3453 3858 3506 nempe

622 3542 762 3582 anno
795 3527 921 3595 598,
954 3530 1025 3585 26
1056 3527 1535 3591 Februarii;feria
1587 3543 1778 3598 quarta
1831 3531 2181 3585 hebdomadze
2229 3539 2599 3599 s'anetaa,qua:
2657 3529 2789 3583 feria
2851 3545 2995 3584 anno
3048 3530 3158 3584 399
3221 3529 3495 3584 incidebat
3543 3529 3596 3583 in
3654 3541 3871 3583 sextam

619 3622 843 3691 Aprilis,
875 3634 983 3677 tam
1014 3624 1203 3693 ingens
1224 3622 1399 3691 pluvia
1431 3622 1651 3689 decidit,
1677 3633 1735 3676 ut
1769 3635 1941 3677 metus
1977 3633 2122 3677 esset
2162 3638 2228 3678 ne
2271 3623 2384 3692 agri
2420 3623 2851 3687 devastarentur,
2890 3636 3203 3691 messesque
3246 3635 3436 3676 omnes
3490 3621 3541 3674 in
3569 3623 3872 3690 perniciem

624 3726 864 3770 merent.
924 3715 1061 3769 llinc
1090 3730 1298 3783 preces,
1328 3716 1747 3784 supplicationes
1768 3725 1822 3770 et
1849 3715 2140 3780 λιτανεῖαι,
2170 3730 2264 3769 seu
2317 3714 2713 3785 processiones.
2769 3714 3023 3783 episcopo
3042 3714 3184 3768 duce
3233 3722 3284 3768 et
3338 3722 3450 3767 toto
3498 3727 3873 3769 concurrente

621 3814 817 3881 populo
843 3812 908 3865 ad
939 3812 1223 3866 ecclesi’am
1258 3812 1658 3881 Apostolorum.
1714 3811 1842 3867 Post
1882 3814 2019 3879 htcc,
2054 3812 2227 3867 imbre
2258 3822 2524 3876 cessante,
2569 3812 2806 3865 necdum
2832 3812 3045 3866 sublata
3082 3811 3390 3875 formidine,
3440 3811 3665 3880 trajecta
3722 3814 3870 3866 navi-

620 3908 722 3959 bus
763 3906 1025 3974 Bosporo,
1054 3904 1120 3957 ad
1149 3904 1431 3959 ecclesiam
1463 3904 1560 3960 SS.
1595 3904 1739 3959 Petri
1762 3916 1817 3960 et
1837 3904 2012 3968 Pauli,
2039 3907 2090 3959 in
2122 3906 2367 3974 opposita
2410 3906 2576 3959 maris
2606 3920 2699 3959 ora
2729 3906 2912 3972 sitam,
2937 3921 3061 3960 cum
3098 3906 3356 3975 episcopo
3405 3914 3547 3959 totus
3575 3912 3752 3959 castus
3786 3920 3877 3961 ac-

619 4003 811 4058 currit.
867 4002 978 4056 lloc
1035 4000 1299 4072 perfuncti
1332 4001 1569 4071 periculo
1607 4002 2181 4072 Constantiunpolitani
2237 4001 2498 4071 plerique,
2536 4017 2639 4055 una
2695 4011 2898 4054 tantum
2953 4001 3266 4069 interposita
3322 3999 3429 4061 die,
3485 4014 3678 4067 nempe
3741 3998 3873 4053 feria

620 4095 805 4162 quinta
843 4094 895 4148 in
923 4094 1085 4150 Cmua
1113 4094 1342 4160 Domini,
1376 4110 1498 4148 cum
1533 4094 1583 4147 in
1612 4093 1911 4149 Parasccve
1940 4094 2047 4147 lttdi
2082 4101 2371 4163 equestres
2400 4093 2759 4164 agitarentur,
2789 4092 2921 4145 nihil
2969 4103 3224 4147 Curantes
3260 4093 3401 4146 diem
3462 4090 3605 4143 illam
3659 4106 3873 4145 sacram

622 4186 688 4239 ad
717 4187 818 4240 hoc
847 4186 1212 4255 spectaculum
1245 4196 1622 4249 accurrerunt,
1651 4188 1865 4240 interim
1906 4187 2296 4256 ingemiscente
2335 4187 2587 4255 domique
2610 4188 2833 4239 sedente
2855 4184 3285 4254 Chrysostomo;
3326 4185 3440 4238 into
3472 4184 3557 4238 die
3583 4196 3871 4252 sequente.

623 4292 817 4346 nempe
844 4278 1080 4334 Sabbato
1112 4288 1320 4343 sancto,
1354 4280 1420 4332 ad
1450 4279 1741 4332 theatrales
1770 4278 1920 4333 ludos
1951 4294 2009 4332 se
2040 4268 2405 4341 contulerunt,
2441 4278 2529 4332 ubi
2560 4277 2865 4331 meretricia
2899 4287 3055 4331 erant
3094 4276 3427 4346 spectacula,
3465 4291 3586 4345 qum
3620 4276 3867 4345 singula-

624 4374 717 4426 tim
749 4384 803 4428 et
830 4374 1045 4443 egregie
1084 4374 1323 4443 depingit
1346 4373 1769 4445 Chrysostmnus
1793 4375 1843 4427 in
1872 4378 1973 4427 ista
2004 4374 2285 4437 concione,
2321 4374 2409 4429 ubi
2432 4375 2482 4426 in
2508 4371 2951 4442 prrevaricatores
2979 4370 3283 4438 hujusmodi
3318 4368 3641 4439 gravissime
3664 4368 3875 4421 invehi-

624 4476 732 4528 tur,
766 4468 1092 4536 demumque
1126 4469 1177 4521 in
1210 4467 1330 4522 illos
1358 4468 1917 4521 cxcommunicationis
1950 4469 2275 4523 sententiam
2312 4467 2651 4537 pronuntiat,
2683 4464 2779 4520 sed
2824 4464 3211 4519 comminando
3244 4474 3477 4528 tantum,
3519 4474 3577 4514 ut
3622 4470 3777 4532 puto,
3822 4472 3876 4515 et

622 4566 680 4609 ut
704 4557 900 4612 ibidem
933 4559 1175 4627 pluribus
1212 4561 1343 4613 dixi.

691 4669 848 4726 Circa
879 4674 1018 4727 diem
1046 4689 1149 4741 qua
1179 4675 1290 4729 hare
1318 4677 1505 4730 concio
1536 4677 1674 4729 dicta
1710 4675 1829 4741 fuit,
1863 4676 2063 4743 aliquid
2102 4669 2436 4732 difficultatis
2472 4676 2603 4729 mihi
2627 4674 2808 4730 offerri
2837 4676 3137 4729 videbatur.
3205 4674 3346 4726 Dixit
3401 4671 3489 4726 ille
3523 4672 3574 4724 in
3612 4670 3875 4725 concione

622 4776 743 4818 ante
772 4773 875 4817 tres
905 4766 1015 4817 dies
1051 4765 1215 4818 imber
1241 4767 1441 4835 ingens.
1506 4768 1681 4825 Imber
1709 4781 1889 4825 autem
1921 4751 2009 4824 ille
2035 4769 2171 4823 feria
2203 4778 2391 4838 quarta
2428 4768 2648 4838 majoris
2675 4768 3024 4822 hebdomadas
3058 4767 3288 4831 decidit;
3327 4765 3458 4819 feria
3493 4764 3683 4832 quinta
3728 4763 3856 4816 nihil

621 4868 955 4913 memoratur
984 4860 1269 4927 incidisse;
1306 4862 1438 4914 l'crio
1468 4872 1619 4913 sexta
1656 4861 1708 4913 iu
1742 4862 2035 4915 Parasceve
2063 4862 2126 4914 ad
2154 4860 2307 4914 ludos
2340 4860 2611 4915 circenses
2654 4861 2787 4913 itum
2821 4870 2925 4925 εει,
2960 4859 3198 4915 Sabbato
3231 4863 3295 4911 ad
3329 4856 3616 4911 theatralis
3654 4865 3874 4925 Specta-

623 4949 779 5017 cula;
806 4950 876 5004 ita
911 4961 966 5004 ut
1006 4952 1224 5006 bomilia
1264 4954 1410 5007 istaec
1446 4951 1586 5003 dicta
1621 4949 1789 5005 fuisse
1818 4952 2038 5006 omnino
2069 4952 2317 5006 videatur
2352 4951 2629 5007 Dominica
2680 4951 3118 5005 Resurrcctionis
3160 4949 3403 5002 Domini.
3440 4947 3636 5002 Verum
3666 4950 3893 5017 aliquid

624 5052 752 5096 tunc
781 5044 926 5096 dubii
961 5058 1044 5095 me
1090 5043 1413 5105 incessebat,
1467 5058 1582 5101 cur,
1615 5042 1659 5094 si
1686 5042 1801 5096 dies
1828 5040 2109 5095 Paschatis
2141 5052 2301 5107 esset,
2336 5058 2402 5098 ne
2437 5045 2656 5098 verbum
2717 5042 2929 5113 quidem
2981 5044 3045 5096 de
3104 5041 3368 5096 Paschate
3424 5040 3606 5094 faciat.
3670 5038 3870 5095 Verum

619 5135 735 5205 jam
768 5134 909 5188 nulla
947 5133 1241 5189 difficultas
1275 5144 1540 5203 superest,
1584 5149 1705 5187 cum
1744 5134 1796 5187 in
1827 5134 2237 5189 titulobomilite
2267 5151 2423 5189 nonae
2471 5135 2769 5203 sequentis,
2803 5145 2856 5188 et
2886 5135 2936 5189 in
3000 5134 3221 5194 humilia
3286 5134 3400 5202 ipsa
3453 5133 3668 5186 dicatur
3731 5132 3870 5187 diem

627 5228 777 5283 illum
808 5227 861 5280 in
892 5242 999 5296 quo
1040 5238 1151 5280 tam
1186 5228 1427 5297 graviter
1450 5227 1569 5282 illos
1594 5227 1920 5281 circensium
1950 5234 2003 5280 et
2034 5225 2377 5279 theatralium
2410 5225 2657 5280 ludorum
2686 5235 3024 5292 spectatores
3068 5226 3370 5278 insectatus
3396 5234 3499 5289 est,
3533 5223 3867 5277 Dominicam

626 5319 818 5384 fuisse,
851 5328 1013 5389 atque
1043 5318 1177 5373 adeo
1200 5320 1341 5373 diem
1369 5318 1805 5374 Itesurrectionis
1827 5318 2034 5372 Domini
2060 5336 2073 5373 :
2104 5332 2263 5386 quam
2295 5318 2417 5372 ideo
2436 5333 2539 5371 non
2565 5316 3007 5371 commemoravit
3033 5314 3481 5385 Chrysostomns,
3507 5316 3651 5384 quod
3683 5328 3867 5371 contra

629 5424 966 5487 spectatores
996 5414 1113 5471 illos
1139 5417 1374 5485 graviter
1400 5432 1696 5472 succensus
1722 5425 1886 5481 esset,
1915 5416 2169 5486 illamque
2197 5430 2308 5470 rem
2343 5415 2496 5469 unice
2524 5415 2787 5486 cogitaret
2820 5413 2915 5483 (lt).

628 5688 649 5735 ἱ
692 5622 760 5683 (u)
796 5620 990 5691 Menti,
1023 5622 1190 5671 nescio
1221 5621 1400 5683 quibus
1423 5624 1666 5672 rationum
1691 5620 1958 5672 momentis
1980 5624 2176 5676 ductus.
2202 5622 2325 5675 hanc
2354 5619 2603 5669 homiliam
2638 5625 2748 5681 post
2770 5617 3119 5681 Septembrem
3157 5627 3377 5663 mensem
3406 5614 3520 5663 anni
3547 5615 3641 5663 598
3668 5617 3873 5667 habitam

649 5689 779 5733 uisse
806 5692 1097 5735 suspicatur.
1350 5733 1355 5735 Α

649 5689 779 5733 uisse
806 5689 1097 5744 suspicatur.

630 5834 664 5883 ι’
692 5772 765 5880 tb)l
786 5769 1078 5829 Matthzeius,
1105 5775 1187 5832 qui
1218 5773 1375 5822 locum
1406 5770 1619 5822 homilize
1642 5777 1789 5825 aliter
1823 5774 2079 5835 intelligit,
2110 5775 2369 5822 contendit
2400 5772 2647 5821 homiliam
2672 5776 2839 5821 contra
2876 5767 3066 5813 theatra
3099 5763 3314 5814 habitam
3343 5764 3492 5813 fuisse
3524 5764 3741 5813 Subitam
3771 5773 3873 5814 ante

670 5849 747 5881 ilSt'
772 5849 829 5879 li].

670 5849 809 5881 ilSt'llil
823 5870 829 5878 .
