4122 6460
186 374 300 423 453
1684 371 1814 423 MUi‘

1870 371 2026 421 wn.
3390 358 3498 403 ιπυ

264 484 388 539 VII.
434 484 662 540 llomilia
696 487 925 555 septima
955 488 1007 541 in
1038 485 1268 541 ecclesia
1304 484 1521 540 Sancta
1553 484 1856 555 Anastasizs
1883 483 2068 537 habita
2102 479 2238 555 fuit,
2274 479 2362 534 ubi
2395 479 2805 541 modicuserat,
2841 475 3016 542 inquit
3044 472 3154 537 ille,
3185 470 3494 523 atnlitorura

186 591 493 640 numerus,
532 592 713 646 neque
748 588 928 634 tamen
970 578 1091 633 ideo
1119 577 1495 646 conqueritur,
1556 576 1647 631 sed
1675 575 1984 644 exemplum
2016 572 2379 627 Samaritana:
2409 569 2605 625 affert:
2657 584 2820 638 quam
2871 566 3001 621 lcet
3041 577 3206 618 unam
3256 570 3495 625 mitam,

186 672 321 740 quia
368 678 553 723 tamen
587 670 843 724 audiendi
878 671 1060 724 studio
1084 670 1353 735 l'ervebat,
1398 670 1559 739 longo
1594 679 1835 737 tempore
1862 666 2174 737 alloquutus
2202 674 2285 720 est
2309 664 2585 719 Christus.
2634 662 2837 717 Deinde
2863 674 2991 714 vero
3030 657 3273 729 pluribus
3316 651 3497 723 expli-

185 770 280 815 cat
304 761 453 831 quid
482 761 584 817 sibi
625 760 757 815 velit
785 760 1005 826 Paulus,
1038 777 1163 817 cum
1196 764 1295 827 ait,
1338 760 1417 816 De
1450 760 1857 829 conﬁrmatione
1882 758 2179 826 Evangelii,
2212 766 2267 812 et
2299 758 2349 810 in
2382 756 2469 812 his
2500 757 2809 811 orationem
2842 752 3065 808 claudit.

262 849 438 905 Dicta
471 850 647 905 fuisse
677 852 894 907 videtur
922 851 1038 908 hzec
1071 851 1295 907 humilia
1330 852 1385 907 in
1420 850 1760 908 hebdomada
1797 849 2120 904 Paschatis:
2152 864 2278 903 nam
2332 848 2424 917 qui
2457 847 2717 903 bomilias
2763 846 2926 901 hasce
2959 842 3015 898 in
3070 844 3191 912 ipso
3255 848 3507 906 tempore

185 942 525 1012 colligebat,
569 953 629 998 ut
660 959 727 999 ex
758 944 930 999 titulis
958 945 1288 1001 concionum
1322 943 1775 1015 deprehenditur,
1806 942 1899 997 illo
1924 958 2035 1011 quo
2066 942 2392 997 dicebantur
2416 940 2608 995 ordine
2642 954 2739 993 eas
2768 936 3081 1005 descripsit.

261 1032 419 1089 Vill.
462 1034 698 1089 Humilia
744 1046 937 1091 octava
990 1050 1107 1092 rem
1156 1051 1386 1107 prorsus
1433 1035 1712 1092 insolitam
1750 1034 1905 1089 nobis
1933 1035 2160 1088 exhibet
2210 1041 2377 1099 atque
2414 1032 2740 1085 inauditam.
2793 1026 2949 1083 Tunc
2989 1025 3322 1084 Gottliorum
3376 1042 3506 1096 pars

188 1129 480 1194 maxima,
518 1130 610 1199 qui
639 1128 723 1183 vel
744 1126 1219 1199 Constantinopoli
1242 1127 1555 1183 vel’circum
1591 1134 1767 1183 erant.
1796 1122 2167 1177 Ariauismum
2199 1122 2574 1175 sectabantur.
2610 1116 2781 1171 Erant
2834 1129 3011 1173 tamen
3044 1116 3321 1172 Catholici
3369 1132 3509 1187 gen—

189 1224 260 1277 tis
290 1221 561 1289 ejusdem
592 1235 695 1275 non
723 1220 903 1291 pauci.
965 1218 1100 1275 Cum
1142 1229 1325 1276 autem
1367 1218 1422 1273 in
1477 1217 1767 1273 ecclesiam
1804 1214 1995 1270 Sancti
2042 1212 2197 1269 Pauli
2232 1212 2646 1273 convenissent,
2692 1209 2862 1278 jussit
2909 1209 3338 1278 Chrysostomus
3365 1206 3507 1263 liot-

190 1318 315 1370 tlios
344 1315 571 1384 aliquot
600 1315 717 1370 loca
744 1315 991 1386 quardam
1013 1314 1445 1383 Scripturarum,
1479 1328 1603 1384 qua
1638 1312 1690 1366 in
1713 1309 2025 1367 Guttbicam
2060 1309 2301 1379 linguaut
2337 1320 2621 1361 converse
2652 1306 2888 1367 fuerant,
2921 1302 3178 1358 Gottliice
3210 1303 3415 1373 legere,
3450 1312 3509 1359 et

189 1417 389 1474 postea
418 1406 685 1462 Gotthum
711 1410 1092 1478 presbyterum
1124 1407 1383 1464 Gotthice
1417 1399 1757 1462 concinnari.
1790 1403 1901 1459 Cur
1928 1413 2111 1458 autem
2143 1403 2214 1456 ita
2236 1400 2465 1469 jusserit
2499 1399 2635 1454 satis
2660 1397 2908 1454 declarat
2953 1400 3006 1452 in
3037 1397 3305 1453 concione
3333 1412 3499 1466 quam

192 1499 312 1566 ipse
337 1497 705 1553 continenter
727 1507 849 1566 post
877 1498 1138 1554 Gotthum
1172 1498 1554 1570 presbyterum
1588 1497 1782 1552 eadem
1814 1496 1820 1550 i

1912 1494 2144 1551 ecclesia
2176 1491 2402 1558 habuit;
2463 1502 2523 1546 ut
2562 1491 2817 1546 videlicet
2876 1489 3100 1546 Grecos
3152 1488 3511 1561 philosophos

192 1602 519 1658 eorumque
549 1588 832 1659 reiigiouis
856 1604 1142 1658 sequaces,
1181 1598 1235 1643 et
1265 1586 1482 1644 Iudices
1516 1599 1736 1656 quoque
1766 1583 1974 1654 pudore
2000 1583 2373 1640 sull'uuderet:
2407 1580 2551 1651 quod
2579 1580 2706 1635 dum
2743 1580 2817 1634 illi
2851 1580 3101 1636 veritatis
3164 1578 3342 1634 lucem
3401 1596 3507 1634 re-

194 1686 498 1747 spuerent,
542 1679 785 1734 barbam
813 1694 910 1749 per
956 1688 1126 1734 totum
1161 1680 1351 1733 orbem
1398 1677 1649 1733 nationes
1709 1675 1823 1731 sole
1870 1673 2218 1746 fulgidioretn
2256 1672 2537 1744 Evangelii
2594 1672 2773 1727 lucem
2820 1671 3305 1740 amplecterentur.
3340 1671 3507 1729 Addit

194 1767 363 1821 etiam
396 1782 561 1833 eum,
592 1769 683 1839 qui
715 1769 765 1824 iit
801 1767 981 1824 Veteri
1020 1768 1372 1826 Testamento
1394 1770 1608 1840 primus
1642 1779 1874 1825 vocatus
1900 1768 2021 1834 fuit,
2049 1784 2245 1839 nempe
2270 1768 2673 1833 Abrahamum,
2708 1767 3003 1823 barbarum
3036 1766 3207 1823 fuisse
3235 1768 3287 1822 in
3322 1769 3505 1822 medio

195 1856 575 1913 barbarorum
615 1870 951 1927 versantem;
1004 1859 1266 1916 barbaros
1289 1876 1508 1932 quoque
1541 1861 1711 1917 fuisse
1756 1861 1886 1915 illos
1908 1863 2001 1931 qui
2052 1860 2261 1917 Christi
2294 1871 2476 1919 ortum
2547 1862 2709 1931 primi
2764 1860 3191 1928 annuntiarunt,
3246 1854 3510 1915 nimirum

196 1964 419 2021 magos,
452 1953 553 2022 qui
582 1966 649 2007 es
679 1949 903 2008 Oriente
934 1962 1216 2009 venerant.

266 2041 402 2101 Hac
432 2055 626 2099 autem
655 2045 1065 2102 concio-habita
1116 2046 1219 2099 l’uit
1253 2045 1305 2099 in
1334 2044 1566 2101 ecclesia
1598 2042 1657 2099 S.
1699 2043 1856 2100 Pauli
1907 2045 2049 2099 intra
2084 2040 2479 2097 hebdomadam
2511 2040 2799 2096 Paschalis
2828 2038 3027 2094 festum
3082 2040 3511 2109 subsequentem

196 2145 251 2192 et
289 2151 395 2208 per
430 2148 721 2201 octavam,
763 2148 821 2191 ut
871 2153 937 2193 es
978 2139 1260 2207 sequentis
1292 2139 1530 2193 humilia:
1581 2138 1759 2201 titulo,
1808 2138 1878 2192 ab
1924 2153 1990 2193 eo
2018 2137 2110 2207 qui
2145 2137 2231 2191 bis
2263 2136 2624 2192 concionihus
2675 2134 2865 2192 aderat
2900 2134 3207 2205 praemisso,
3239 2132 3505 2203 liquidum

200 2237 281 2283 est
306 2246 322 2296 ;
351 2230 645 2299 etiamque
671 2230 1037 2285 continuatur
1060 2231 1377 2301 ex.iis.qua:
1409 2230 1565 2285 initio
1602 2232 1841 2285 homilia:
1874 2231 2463 2299 scquentisdicuntur.
2884 2218 2898 2249 ⁸

270 2326 502 2381 Etenim
543 2342 665 2379 cum
699 2326 819 2380 illus
846 2326 1164 2397 gravissime
1195 2327 1513 2396 pupugisset
1548 2327 1790 2397 ipsisque
1828 2326 2138 2380 molestiam
2170 2334 2413 2380 creasset
2453 2324 2505 2379 in
2539 2338 2603 2379 ea
2643 2323 2889 2392 humilia,
2931 2340 3095 2393 quam
3128 2325 3181 2381 iu
3212 2323 3499 2380 Dominica

212 2416 669 2475 Resurrectionis
696 2417 904 2475 Christi
934 2420 1224 2483 habuerat,
1258 2434 1324 2475 eo
1353 2418 1499 2489 quod
1540 2421 1592 2473 iit
1623 2420 1712 2474 die
1741 2419 2073 2474 Parasceves
2100 2428 2150 2474 et
2197 2419 2249 2473 iit
2280 2418 2525 2473 Sabbato
2581 2427 2776 2472 sancto
2812 2419 2880 2473 ad
2920 2419 3198 2474 circenses
3231 2428 3289 2473 et
3344 2400 3502 2471 thes;

202 2506 368 2563 trales
411 2506 582 2561 ludos
612 2522 673 2562 se
698 2508 1086 2575 contulissent,
1122 2509 1231 2565 imo
1254 2510 1845 2565 excommunicatiuuis
1891 2510 2246 2575 sententiain,
2283 2508 2477 2564 saltem
2519 2510 3023 2576 comminatoriam,
3055 2511 3109 2564 in
3144 2509 3265 2565 illos
3315 2520 3507 2579 protu-

208 2596 397 2653 lisset:
433 2598 521 2653 illi
552 2609 733 2653 tamen
768 2610 976 2670 postea,
1010 2615 1067 2655 re
1092 2616 1281 2656 secum
1314 2600 1462 2657 serio
1502 2616 1793 2672 perpensa,
1822 2616 1927 2655 non
1961 2601 2082 2655 sine
2104 2616 2269 2657 causa
2305 2616 2365 2657 se
2406 2601 2613 2656 acriter
2646 2601 2929 2671 impetitos
2952 2601 3125 2657 fuisse
3159 2602 3433 2665 videntes,
3460 2613 3515 2655 et

206 2690 354 2759 plura
389 2692 480 2747 bis
508 2693 580 2749 de
618 2693 780 2748 rebus
808 2694 1000 2749 audire
1039 2694 1348 2765 cupientes,
1384 2694 1452 2749 ad
1487 2694 1741 2765 Magnam
1780 2694 2111 2760 Ecclesiam,
2145 2702 2204 2749 ut
2243 2694 2495 2751 concioui
2548 2691 2903 2758 interierunt,
2944 2693 3151 2765 ingenti
3196 2708 3429 2749 numero
3460 2711 3521 2751 se

209 2789 516 2845 contulere.
550 2789 755 2846 Verum
784 2792 980 2848 accidit
1014 2803 1071 2848 ut
1104 2793 1195 2848 illo
1227 2794 1336 2860 die,
1371 2808 1567 2877 nempe
1596 2792 1873 2848 Dominica
1913 2801 2037 2862 post
2072 2791 2309 2858 Pascha,
2354 2793 2575 2865 quidam
2617 2794 2835 2850 adesset
2864 2807 2928 2846 es
2959 2790 3176 2848 Galatia
3200 2791 3514 2861 episcopus.

209 2883 289 2939 vir
316 2897 433 2941 tum
464 2902 536 2942 ex
565 2898 869 2955 senectute,
905 2898 1016 2943 tum
1048 2905 1115 2944 ex
1142 2890 1269 2944 aliis
1300 2889 1469 2943 animi
1496 2889 1715 2943 dotibus
1739 2888 2110 2949 venerandus.
2145 2889 2231 2944 cui
2257 2888 2623 2945 concionandi
2655 2891 2829 2945 vicem
2856 2889 3291 2961 Chrysostomus
3316 2888 3507 2944 cessit:

212 2980 350 3049 quod
381 2981 670 3035 auditores
700 2981 983 3051 aegerrime
1012 2981 1223 3038 tulere:
1254 2996 1468 3037 summo
1500 2982 1644 3035 enim
1676 2980 2056 3053 Chrysostomi
2100 2995 2161 3036 se
2198 2981 2395 3037 iterum
2425 2983 2733 3053 carpentis,
2795 2983 2907 3036 imo
2953 2982 3232 3047 secantis,
3278 2990 3337 3036 ut
3398 2979 3518 3051 ipse

212 3076 305 3140 ait,
337 3076 608 3131 audiendi
642 3076 918 3132 desiderio
952 3078 1299 3133 tenebantur.

288 3172 379 3229 ιχ.
406 3174 761 3244 Quapropter
782 3173 872 3228 ille
901 3174 1203 3239 Dominica,
1240 3184 1292 3226 ut
1348 3173 1573 3227 credere
1623 3183 1726 3237 est,
1779 3174 2056 3245 sequenti,
2118 3173 2361 3229 secunda
2424 3173 2686 3230 videlicet
2737 3184 2860 3245 post
2908 3174 3147 3239 Pascha,
3177 3176 3231 3229 in
3274 3174 3517 3241 Ecclesia

217 3266 401 3337 Magna
432 3268 761 3323 concionem
796 3269 936 3322 hanc
973 3255 1183 3330 habuit,
1217 3268 1305 3320 ubi
1332 3269 1518 3323 statim
1544 3268 1892 3325 auditoribus
1923 3269 2248 3339 gratulatur,
2291 3268 2437 3338 quod
2458 3268 2587 3325 licet
2610 3280 2720 3324 tam
2751 3271 2994 3340 graviter
3016 3271 3230 3340 excepti
3288 3270 3341 3323 in
3372 3284 3510 3325 con-

222 3361 372 3416 cione
399 3362 490 3415 illa
525 3359 828 3417 Dominica;
863 3362 1323 3429 Resurrectiouis,
1361 3372 1470 3417 tam
1504 3365 1779 3418 ferventer
1811 3374 1866 3419 et
1894 3375 2044 3419 tanto
2075 3380 2307 3419 numero
2332 3366 2531 3419 iterum
2563 3376 2938 3436 compareant.
2974 3366 3112 3420 Tum
3140 3381 3263 3421 sese
3283 3374 3516 3420 excusat

220 3457 355 3520 Quod
385 3454 673 3511 Dominica
715 3458 1040 3526 praecedenti
1072 3458 1329 3527 episcopo
1360 3458 1591 3514 Galatia:
1629 3461 1833 3515 seniori
1869 3461 2229 3516 couciouandi
2288 3460 2467 3517 locum
2510 3463 2772 3529 cesserit;
2830 3462 3137 3532 iterumque
3167 3478 3359 3519 contra
3410 3464 3523 3519 ciro

222 3563 406 3607 censes
438 3553 620 3618 ludos,
665 3554 884 3609 etiamsi
918 3554 1105 3609 mitius
1143 3557 1589 3626 moderatlusque
1616 3558 1877 3627 loquitur,
1918 3573 2142 3627 remque
2178 3559 2359 3628 tangit
2388 3558 2613 3611 omnino
2652 3558 3062 3629 deplorandam,
3106 3574 3229 3630 quze
3266 3559 3521 3613 hesterna

222 3642 303 3696 die
338 3644 392 3698 in
425 3646 793 3718 hippodromo
830 3650 1155 3717 contigerat,
1190 3658 1243 3702 et
1267 3648 1336 3703 ab
1362 3648 1667 3715 hujusntodi
1708 3650 1851 3705 ludis
1882 3650 2016 3706 alios
2046 3660 2302 3707 avertere
2344 3652 2597 3706 debebat.
2637 3651 2870 3717 Quidam
2910 3652 3080 3717 enim,
3109 3652 3203 3724 qui
3255 3651 3527 3722 postridie

225 3757 439 3800 uxorem
473 3748 743 3801 ducturus
780 3757 926 3811 erat,
952 3748 1077 3801 dum
1115 3762 1236 3801 cum
1274 3748 1396 3803 aliis
1432 3752 1751 3806 cursoribus
1797 3762 2146 3807 cuucertaret
2191 3753 2550 3822 interceptus,
2602 3754 2905 3809 miserabili
2961 3768 3093 3809 casu
3142 3754 3325 3823 capite
3373 3762 3526 3806 trun-

222 3850 389 3905 Catus,
425 3852 481 3896 et
520 3842 788 3897 extremis
826 3844 1085 3898 membris
1108 3844 1467 3900 abscissisihi
1503 3858 1799 3903 manserat.
1872 3846 2072 3902 Deinde
2102 3850 2337 3919 explicat
2389 3849 2517 3903 illud
2554 3847 2835 3920 Evangelii
2873 3850 3105 3915 dictum,
3173 3846 3337 3903 Pater
3378 3863 3529 3901 meus

226 3947 375 3999 usque
405 3935 566 3989 modo
600 3944 867 4001 operatur,
903 3945 949 3989 et
984 3952 1079 4005 ego
1106 3953 1315 4002 oneror,
1342 3940 1643 4008 probatque
1672 3940 1865 3993 Filium
1894 3940 2156 4009 arqualem
2182 3957 2305 3996 esse
2327 3940 2497 3997 Patri.

290 4022 357 4077 Χ.
397 4025 631 4080 Humilia
669 4026 874 4080 decima
912 4027 1093 4081 habita
1126 4028 1225 4082 fuit
1258 4029 1307 4082 iu
1339 4031 1568 4085 ecclesia
1602 4032 1843 4101 Apostoli
1878 4032 1979 4104 (a),
2017 4044 2307 4103 postquam
2356 4050 2526 4090 senex
2582 4036 2805 4106 quidam
2841 4037 3133 4104 episc0pus
3175 4043 3303 4089 ante
3356 4034 3528 4107 Chry-

229 4128 519 4174 sostomum
553 4122 911 4177 concinnatus
945 4121 1153 4178 fuerat:
1190 4125 1446 4195 quodque
1480 4128 1884 4184 observandum
1915 4145 2025 4197 est,
2061 4131 2211 4186 illum
2245 4148 2455 4200 senem,
2496 4144 2550 4187 et
2582 4150 2642 4189 se
2669 4134 2927 4202 juvenem
2961 4142 3143 4199 vocat,
3178 4133 3282 4188 etsi
3310 4148 3376 4186 cx
3408 4135 3528 4186 vul-

229 4207 337 4274 gari
371 4210 633 4278 opinione
663 4226 865 4265 annum
898 4211 971 4265 52
1000 4214 1109 4281 jam
1142 4229 1400 4269 emensus
1430 4231 1551 4271 erat
1586 4218 1684 4289 (b).

298 4299 385 4355 XI.
423 4302 723 4359 Undecima
757 4321 971 4374 quoque
995 4317 1049 4361 et
1089 4318 1361 4377 postrema
1431 4312 1652 4367 homilia
1692 4316 1833 4369 dicta
1867 4316 1967 4370 fuit
2003 4332 2031 4371 a
2068 4318 2462 4387 Cltrysostomo
2494 4321 2608 4389 (die
2649 4321 2778 4376 festi
2820 4321 3305 4391 Machabmorum),
3369 4333 3521 4392 post-

232 4403 382 4455 quam
414 4409 581 4451 senex
618 4398 837 4466 quidam
862 4400 1219 4453 concinnatus
1260 4401 1454 4455 l’ucrat-
1514 4403 1568 4458 ld
1602 4406 1776 4474 ipsum
1813 4422 1957 4476 stupe
1993 4409 2263 4475 videmus,
2292 4413 2429 4465 duas
2458 4427 2651 4481 nempe
2690 4422 2744 4465 ct
2779 4413 3075 4481 aliquando
3110 4422 3219 4467 tres
3271 4411 3525 4466 lioniilias

236 4486 569 4579 continenter
595 4490 865 4545 haberiin
898 4495 1089 4547 cadent
1123 4495 1352 4549 ecclesia
1390 4506 1443 4550 ct
1474 4498 1664 4552 eodem
1718 4502 1972 4556 audiente
2030 4505 2250 4574 populo.
2314 4504 2369 4559 lu
2430 4508 2530 4561 hac
2584 4516 2768 4563 autem
2826 4510 2938 4578 agit
2972 4507 3401 4579 (ihrysostomus
3460 4510 3526 4564 de

237 4575 484 4639 Eleazaro
512 4598 565 4641 et
601 4585 669 4640 de
686 4585 1032 4657 Machabteis,
1067 4604 1204 4660 quos
1236 4593 1429 4661 probat
1455 4594 1540 4647 ille
1565 4608 1663 4662 pro
1694 4594 1914 4653 Christo
1947 4615 2136 4669 passos
2169 4603 2355 4657 fuisse.

295 4802 1389 4887 Eikttba‘lus‘contcnditillam‘homll'am
1423 4805 1642 4885 habitam
1684 4815 1845 4887 fuisse
1874 4818 2170 4887 innecelesia
2187 4819 2228 4887 ft
2242 4820 2589 4887 pos-talorum,
2620 4816 2670 4866 id
2698 4818 3155 4887 eaeocoujicieus
3180 4822 3319 4887 quod
3356 4822 3404 4867 in
3431 4823 3489 4869 dc

240 4869 794 4944 ﬁfgu‘illiusdica‘turi
813 4876 899 4944 .44
933 4877 1275 4935 Apostolorum
1302 4876 1703 4944 tliecusnenimus
1736 4882 1865 4936 (Col.
1895 4881 2005 4927 526.
2027 4878 2115 4929 lin.
2142 4869 2253 4939 5t).'
2289 4881 2426 4929 Idem
2457 4894 2514 4929 ex
2544 4869 2617 4928 liis
2650 4884 2833 4938 \el'lliS,
2862 4880 2935 4930 lis
2962 4869 3070 4944 quc
3094 4869 3241 4944 hodie
3264 4881 3387 4931 luctu
3412 4896 3520 4933 stur:

243 4926 426 4990 (nempe
443 4934 633 5004 sum
652 4934 704 4993 ρ,
732 4936 825 5008 si)
858 4926 1029 5005 quis“
1052 4950 1282 5001 operam,
1340 4952 1420 5007 με,
1444 4926 1657 4997 ibidem,
1676 4926 1787 5010 post
1804 4926 1999 5002 nam
2028 4926 2189 4990 unus
2211 4926 2477 5011 nguina};
2492 4926 2601 5004 si";
2624 4926 2761 5005 mas
2778 4926 3520 4997 isnaturaiiseaii'iiie‘rii‘;

243 4990 496 5041 concludit.
527 5009 546 5043 ι
573 4997 722 5049 Hinc.
750 5006 928 5049 tnautt.
956 5009 1147 5049 constat
1178 5012 1276 5049 000
1302 4952 1383 5049 319.
1411 5005 1535 5049 hanc
1580 5004 1831 5049 homtltam
1865 5004 2096 5049 habuerit
2134 5019 2144 5049 :
2184 5003 2413 5049 nimirum
2452 5008 2705 5049 tricesimo
2742 5009 2929 5049 mensis
2970 5008 3128 5049 Junii.
3169 5007 3237 5049 Et)
3270 5008 3404 5049 enim
3440 5009 3520 5049 diu

241 4990 496 5061 Ψρςιυάῇι.
527 5009 546 5043 t
573 4990 722 5052 Hine.
750 4990 928 5060 inquit,
956 4990 1147 5049 constat
1178 4990 1279 5061 quo
1302 4990 1383 5049 die
1411 5005 1535 5051 hanc
1580 4990 1831 5051 ho'niiliam
1865 4990 2096 5053 lilabuerit
2134 5019 2144 5049 :
2184 4990 2413 5053 nimirum
2452 4990 2705 5055 tricesimo
2733 4990 2929 5055 rmensis
2970 4990 3237 5055 Juniiiliu
3260 4990 3407 5055 enim
3430 4990 3521 5056 die

244 5050 515 5160 (gignat?
537 5050 774 5108 memoria
800 5050 865 5111 x'u
889 5050 1242 5122 apostolorum.
1272 5050 1479 5125 Legitur
1504 5050 1671 5114 autem
1708 5050 1889 5114 ualui:
1910 5050 2154 5127 esset:
2203 5050 2939 5126 i6;3‘;"id"{ius"aerarias
2970 5050 3499 5128 ei'synigmis'"i~.r‘;.;

410 5153 421 5163 Ο
450 5131 468 5163 ³

304 5172 665 5255 ﬁl‘l‘frperam
690 5184 797 5255 haec
822 5190 996 5234 notant
1020 5186 1353 5255 _Ben_edictini,
1376 5202 1486 5238 cum
1524 5189 1573 5238 in
1592 5190 1689 5255 hac
1718 5190 1920 5255 homilia
1950 5189 2156 5240 minime
2178 5205 2233 5240 se
2253 5193 2494 5253 juvenem
2518 5198 2678 5250 vocet,
2702 5193 2794 5241 sed
2822 5195 3111 5255 epismpum
3136 5194 3223 5255 qui
3245 5194 3361 5242 ante
3384 5192 3525 5241 lllum

249 5240 349 5283 erat
372 5240 706 5306 soncionatus,
728 5246 968 5309 juvenem
993 5251 1135 5299 simul
1160 5257 1213 5299 et
1236 5240 1406 5300 senem
1436 5264 1547 5301 esse
1574 5253 1723 5311 dicat,
1758 5253 1851 5303 sub
1875 5255 2061 5316 duplici
2087 5240 2282 5304 scilicet
2307 5240 2539 5317 respectu
2558 5240 2713 5304 anniti
2739 5240 2791 5307 et
2813 5240 3056 5318 corporis.
