4122 6410
874 400 896 458 l
933 399 1237 471 llOMlLlA,
1277 398 1465 469 QUOD
1505 395 1976 467 FREQUENTER
2014 393 2556 455 CONVENlENDUM
2595 394 2727 464 SIT,
2769 393 2926 451 ETC.

216 550 3549 603 Mm
3294 578 3499 591 ...η-..ρ

1258 702 1645 780 SANCTI
1700 699 2097 776 PATRIS
2140 698 2531 774 NOSTRI

636 881 734 1025 J
742 876 1015 1031 OA
1040 878 1167 1022 N
1176 876 1306 1021 N
1315 873 1497 1023 IS
1606 862 3169 1032 CHRYSOSTOMI,

1114 1096 1725 1169 ARCHIEPISCOPI
1780 1093 2737 1164 CONSTANTINOPOLITANI
2758 1140 2777 1170 ,

213 1268 490 1316 ιοκιιυ
564 1268 810 1315 ΠΔΒΙΤΔ
872 1267 941 1313 IN
1001 1264 1340 1312 ιλιτηιο
1400 1261 1542 1308 ειη
1606 1259 1675 1305 IN
1740 1258 1838 1304 ΕΟ(

1928 1258 2039 1304 ιειΑ
2061 1285 2079 1316 ,
2124 1258 2270 1314 QUB
2332 1259 2447 1305 EST
2470 1260 2532 1305 ll!
2558 1257 2846 1312 ANTIQUA
2867 1258 2986 1304 SEU
3011 1257 3250 1305 VETBRI
3283 1254 3491 1298 PB‘I‘IA
3525 1280 3545 1308 ,

286 1374 394 1420 UBI
439 1370 647 1418 PAUC]
683 1370 766 1415 OB
814 1368 1149 1413 DBMPSAI
1191 1364 1483 1411 PLUVIAI
1525 1359 2005 1407 CONVBNBBANT
2051 1361 2067 1402 :

2122 1359 2298 1414 QUOD
2353 1359 2787 1414 unaunam:
2828 1357 3339 1404 CONVBNIBNDUH
3393 1355 3544 1411 SIT;

285 1476 510 1532 NEQUE
557 1473 902 1521 ονοιιτεη
956 1472 1072 1520 808
1124 1469 1235 1527 QUI
1275 1468 1343 1519 IN
1399 1462 1702 1511 ιίιοωτιε
1760 1460 1832 1508 80

1994 1462 2081 1508 ΒΕ
2124 1461 2369 1510 8ΔιῦΤΒ
2421 1461 2824 1518 DBSPERLBB,
2887 1459 3006 1505 εει)
3064 1458 3540 1505 ΜΝῙΤΕΝἸΊΔΜ

273 1579 624 1627 IXBIBBRR
633 1603 647 1619 .

1510 1713 2229 1770 ———m———-

273 1838 451 1896 Imber
485 1848 537 1895 et
561 1837 729 1894 lutum
758 1835 992 1909 plurimis
1023 1850 1086 1890 ne
1114 1834 1166 1888 in
1195 1832 1461 1889 ecclesiam
1493 1830 1820 1888 convenirent

208 1946 357 1986 causa
386 1930 517 2003 fuit.
541 1927 777 1997 —Quid
804 1928 908 1982 hoc
944 1926 1067 1983 est?
1090 1939 1213 1981 cum
1244 1931 1519 1995 oporteret
1550 1920 1713 1977 hodie
1742 1929 1825 1975 to-

208 2031 311 2081 tam
337 2022 637 2077 civitatem
672 2018 888 2086 adesse,
920 2032 989 2074 ne
1029 2016 1253 2072 minima
1280 2014 1498 2086 quidem
1533 2022 1659 2085 pars
1692 2024 1825 2066 con-

207 2115 394 2173 venit?
440 2115 530 2170 An
582 2113 815 2170 fortasse
852 2112 1023 2167 lutum
1062 2121 1117 2167 et
1159 2109 1339 2181 pluvia
1386 2108 1440 2165 in
1479 2121 1639 2163 causa
1680 2102 1825 2161 fuit?

209 2209 388 2279 Apage
419 2224 436 2262 :
469 2220 587 2262 non
610 2202 913 2272 lutum,sed
933 2203 1159 2274 ignavus
1184 2199 1566 2270 demissusque
1584 2196 1820 2252 animus.

208 2301 373 2374 Quam
403 2300 560 2361 enim
591 2301 803 2357 veniam
835 2306 1238 2369 consequantur
1284 2297 1318 2351 ii
1359 2294 1450 2367 qui
1488 2308 1595 2349 non
1623 2306 1823 2347 conve-

210 2401 420 2458 nerunt,
465 2391 694 2463 quando
738 2400 1007 2463 martyres
1030 2388 1248 2461 quidem
1273 2388 1444 2459 ipsam
1490 2384 1653 2440 vitam
1683 2397 1819 2438 con-

211 2495 594 2555 tempserunt;
624 2484 701 2540 illi
731 2500 859 2540 vero
886 2492 944 2539 ut
991 2485 1259 2549 venirent,
1288 2496 1358 2537 ne
1400 2478 1571 2535 lutum
1598 2475 1819 2548 quidem

208 2580 492 2652 despicere
530 2579 655 2634 ausi
677 2586 805 2633 sunt
826 2577 852 2631 τ
875 2576 1159 2646 Quomodo
1186 2576 1377 2631 beatos
1408 2587 1507 2627 vos
1527 2568 1817 2643 praedicem

207 2672 293 2747 qui
321 2669 709 2727 convenistis?
736 2683 844 2740 quo
872 2677 1030 2739 pacto
1074 2666 1199 2723 illos
1246 2667 1477 2721 miseros
1506 2661 1815 2725 ostendam,

212 2772 315 2817 tum
341 2763 414 2818 ob
439 2762 775 2827 absentiam,
801 2770 912 2815 tum
942 2759 1012 2815 ob
1039 2758 1300 2815 absentiae
1339 2755 1603 2813 causam?
1633 2752 1816 2809 Palam

208 2854 346 2907 enim
372 2864 457 2909 est
487 2854 637 2919 illos,
680 2852 1031 2907 saecularibus
1068 2850 1214 2907 curis
1240 2848 1453 2912 aftlxos,
1480 2857 1535 2904 et
1568 2845 1821 2917 pecunia-

213 2960 323 3002 rum
362 2962 581 3015 amore,
622 2946 713 3016 qui
739 2944 920 3001 omnia
960 2942 1293 3016 pessumdat,
1325 2940 1703 2999 vehementius
1732 2939 1819 2994 in-

210 3052 422 3107 censos,
464 3055 499 3096 a
555 3039 813 3110 prmclara
859 3038 960 3094 hac
1006 3037 1300 3095 festivitate
1347 3036 1560 3094 abesse.
1615 3033 1815 3089 Verum

211 3128 418 3189 etiamsi
445 3130 655 3193 absint.
684 3129 1049 3189 necessarium
1078 3138 1256 3190 tamen
1286 3142 1385 3189 nec
1410 3126 1507 3185 abs
1533 3141 1596 3182 re
1615 3134 1699 3183 est
1723 3125 1821 3181 ab-

210 3227 395 3287 sentes
418 3220 629 3297 alloqui
660 3238 676 3276 :
704 3219 836 3276 nihil
863 3220 1085 3276 dubium
1123 3220 1324 3293 quippe
1352 3226 1434 3274 est
1456 3258 1470 3283 ,
1501 3232 1598 3273 eos
1628 3216 1743 3271 haec
1786 3231 1815 3269 a

213 3309 365 3367 vobis
420 3328 571 3368 nunc
628 3312 983 3383 praesentibus
1025 3311 1304 3372 audituros
1330 3325 1451 3367 esse
1482 3328 1495 3365 :
1523 3310 1814 3384 Quousque

214 3402 327 3463 btec
349 3406 704 3476 pecuniarum
728 3404 906 3461 rabies
924 3404 949 3459 τ
967 3419 1247 3478 quousque
1274 3403 1466 3460 fornax
1498 3404 1668 3471 istmc,
1698 3419 1818 3475 qua:

218 3511 505 3568 numquam
550 3496 934 3569 exstinguitur,
967 3497 1149 3553 omnia
1201 3496 1403 3559 invadit
1440 3504 1498 3554 et
1537 3497 1819 3553 incendit?

216 3588 433 3645 nescitis
462 3590 609 3646 hanc
636 3588 908 3645 ﬂammam
937 3589 1115 3661 ignem
1146 3589 1300 3646 illum
1327 3589 1816 3661 inexstinguihilem

219 3680 442 3745 parcre?
470 3680 619 3736 hanc
644 3680 822 3737 tabem
850 3696 1087 3738 vermem
1118 3680 1267 3737 illum
1311 3681 1457 3736 virus
1486 3681 1817 3753 iaculantem

217 3785 477 3840 generare
500 3772 525 3827 l
551 3773 611 3830 Si
651 3782 833 3829 autem
872 3773 1176 3852 gehennam
1222 3774 1479 3845 despicis,
1524 3789 1626 3831 nec
1655 3776 1817 3835 verba

219 3861 401 3921 istlizcc
436 3868 681 3921 animum
729 3874 878 3923 tuum
917 3866 1376 3935 commovent,'eo
1424 3868 1567 3942 quod
1606 3868 1815 3940 suppli-

219 3953 355 4013 cium
385 3956 437 4011 in
468 3958 711 4016 futurum
761 3958 1042 4024 mittatur;
1071 3960 1263 4015 saltem
1296 3959 1580 4031 pmentia
1628 3960 1681 4015 id
1721 3960 1815 4019 tibi

219 4045 493 4110 suadeant.
550 4052 749 4105 Annon
802 4050 954 4106 scitis
1004 4050 1219 4124 qualem
1272 4051 1502 4108 fructum
1538 4051 1613 4124 (a)
1665 4069 1820 4112 amor

221 4142 454 4205 pecuniae
501 4158 680 4216 nuper
728 4142 1081 4201 exhibuerit?
1123 4160 1302 4201 annon
1332 4145 1556 4217 hujusce
1586 4147 1664 4207 rei
1697 4163 1817 4203 mo-

221 4242 470 4289 numenta
521 4234 599 4290 ob
644 4236 833 4291 oculos
891 4236 1135 4292 habetis?
1176 4252 1357 4295 annon
1407 4248 1590 4295 manet
1637 4239 1817 4297 adhuc

223 4324 347 4376 tanti
377 4326 528 4381 exitii
563 4325 999 4385 demonstratio?
1026 4329 1167 4391 Urbs
1210 4339 1320 4386 tota
1356 4331 1515 4403 plena
1560 4342 1644 4389 est
1684 4336 1816 4389 tanti

222 4412 474 4487 naufragii
504 4418 786 4490 reliquiis:
821 4432 875 4476 et
898 4437 1237 4494 quocumque
1263 4424 1425 4479 etiam
1454 4426 1641 4497 procul
1664 4427 1815 4483 abie-

223 4502 311 4568 ris,
336 4509 481 4575 quasi
512 4510 637 4563 navi
680 4526 872 4581 magna
919 4512 1187 4579 demersa,
1220 4514 1358 4570 alius
1386 4516 1645 4583 tabulam,
1679 4519 1817 4579 alius

222 4608 443 4665 remum,
474 4602 618 4658 alius
646 4604 841 4669 velum,
874 4606 1009 4661 alius
1040 4608 1371 4663 sarcinarum
1406 4622 1609 4679 partem
1649 4628 1815 4683 penes

224 4703 278 4744 se
306 4705 482 4751 servat
530 4706 590 4752 et
640 4699 949 4755 circumfert
978 4716 991 4754 :
1026 4702 1095 4755 ita
1128 4702 1286 4772 igitur
1327 4703 1488 4759 etiam
1523 4705 1574 4759 in
1602 4722 1687 4771 ea,
1722 4710 1815 4785 qui

224 4795 385 4851 nuper
425 4788 647 4851 accidit,
695 4790 998 4856 eversione,
1040 4793 1177 4849 alius
1220 4793 1405 4861 domo,
1456 4797 1593 4851 alius
1644 4801 1811 4873 agris,

224 4874 350 4929 alius
382 4882 687 4951 mancipiis,
719 4883 856 4938 alius
882 4898 1124 4956 argento,
1154 4888 1291 4942 alius
1322 4891 1614 4945 aurointer
1645 4908 1703 4945 se
1729 4893 1807 4947 di-

223 4968 472 5035 stributis,
505 4975 674 5029 latum
722 4976 1016 5032 exhibuere
1054 4978 1377 5034 calamitatis
1416 4984 1810 5049 spectaculum,

226 5057 616 5135 elliceruntque
644 5076 700 5119 ιιι
724 5070 1095 5123 concussionis
1124 5070 1321 5141 ubique
1353 5084 1697 5128 monumenta
1728 5076 1815 5130 di-

227 5162 617 5223 Spengerentur.
649 5158 714 5211 Et
757 5160 893 5213 alius
943 5162 1157 5231 quidem
1190 5162 1463 5218 insomnes
1510 5168 1815 5237 transigens

228 5253 421 5313 noctes,
460 5263 586 5303 cum
617 5258 696 5304 tot
746 5262 961 5320 peccata
1004 5269 1068 5309 ex
1103 5253 1194 5307 tali
1243 5254 1474 5311 habendi
1522 5260 1813 5327 cupiditate

229 5341 630 5406 accumulasset,
658 5342 821 5398 domo
868 5354 922 5401 et
970 5346 1102 5401 urbe
1133 5347 1323 5403 relicta
1354 5348 1614 5420 fugitivus
1666 5364 1815 5405 extra

235 5423 344 5482 finis
386 5446 443 5487 se
481 5434 730 5501 contulit,
764 5438 925 5491 rebus
951 5437 1016 5491 ad
1051 5439 1250 5495 victum
1281 5444 1604 5499 necessariis
1636 5446 1816 5514 priva-

232 5525 341 5584 tus;
369 5535 419 5579 et
444 5527 686 5596 quotidie
708 5543 768 5583 se
798 5538 1042 5585 extremo
1075 5533 1315 5600 periculo
1334 5533 1544 5601 videns,
1572 5537 1811 5607 gladios,

233 5616 493 5675 carniﬁces
513 5630 569 5677 et
600 5620 852 5676 barathra
883 5622 1202 5692 imaginaris,
1224 5626 1371 5683 mille
1398 5629 1657 5685 mortibus
1688 5646 1813 5701 gra-

289 5772 615 5853 (‘aLlf‘ructum
651 5794 778 5851 nunc
812 5779 1269 5853 appellatexidum
1302 5786 1543 5853 Eutmpii,
1580 5792 1660 5853 qui
1703 5800 1817 5841 ante

236 5828 452 5948 triga
488 5843 567 5891 vix
611 5828 806 5905 triginta
845 5828 927 5892 ex

1930 1830 2136 1886 viorem
2164 1828 2329 1883 vitam
2361 1824 2551 1883 ducit:
2580 1824 2669 1880 alii
2717 1839 2847 1881 vero
2881 1823 3002 1895 ejus
3042 1822 3201 1879 bonis
3237 1832 3292 1880 et
3322 1835 3543 1893 posses-

1928 1920 2176 1977 siouibus
2208 1919 2483 1983 fruuntur,
2512 1926 2568 1974 et
2595 1918 2687 1989 qui
2736 1915 2943 1987 pridem
3001 1914 3079 1971 illi
3132 1914 3534 1979 adttlabantur,

1932 2027 2077 2069 nunc
2119 2012 2219 2083 ipsi
2252 2010 2476 2067 insidias
2503 2018 2742 2066 struunt.
2771 2009 2853 2065 An
2887 2007 3005 2063 hare
3036 2021 3143 2063 non
3176 2007 3309 2064 satis
3340 2006 3543 2062 fuerint

1930 2105 2014 2162 vel
2037 2104 2107 2161 ad
2129 2120 2277 2169 eum,
2292 2106 2388 2177 qui
2409 2105 2554 2161 omni
2582 2118 2746 2159 sensu
2768 2113 2970 2168 careat,
2993 2101 3061 2157 ad
3079 2116 3267 2157 sanam
3298 2108 3535 2157 mentem

1930 2197 2536 2256 reducendumWerum
2550 2206 2673 2269 post
2695 2206 2900 2252 tantam
2922 2195 3154 2267 plagam,
3180 2205 3301 2267 post
3332 2204 3536 2255 tantam

1932 2298 2333 2361 tempestatem,
2368 2298 2487 2359 post
2515 2297 2716 2343 tantam
2753 2288 3130 2353 eversionem,
3164 2295 3288 2357 post
3333 2297 3539 2348 tantam

1929 2390 1982 2436 et
2015 2381 2177 2435 talem
2206 2380 2584 2445 mutationem,
2614 2393 2736 2450 qua:
2764 2387 2891 2435 ante
2918 2377 3110 2434 oculos
3150 2378 3368 2443 accidit,
3416 2394 3539 2450 qua:

1930 2491 2036 2530 non
2060 2484 2189 2531 ante
2218 2482 2361 2533 totos
2387 2474 2604 2546 triginta
2629 2472 2746 2528 dies
2775 2472 2986 2528 invecta
3014 2482 3095 2528 est
3125 2470 3225 2545 (a),
3246 2479 3395 2526 tanta
3415 2488 3536 2532 rur-

1928 2584 2020 2624 sus
2046 2569 2250 2626 insania
2282 2570 2519 2641 correpti
2569 2569 2701 2625 estis
2732 2586 2747 2635 ;
2777 2577 2835 2623 et
2875 2583 3039 2638 quam
3091 2567 3327 2634 veniam,
3374 2583 3538 2638 quam

1925 2662 2335 2718 excusationem
2379 2661 2714 2718 habueritis?
2746 2660 2930 2731 Neque
2985 2669 3195 2715 tantum
3251 2659 3533 2725 insanitis,

1926 2753 2020 2809 scd
2050 2769 2118 2809 ne
2149 2754 2253 2808 huc.
2278 2754 2497 2826 quidem
2538 2753 2817 2819 acceditis,
2843 2762 2900 2808 ut
2942 2752 3046 2809 hoc
3086 2751 3366 2809 ediscatis.
3400 2751 3538 2808 Nam

1926 2848 2180 2904 absentes
2218 2848 2441 2920 perinde
2486 2857 2649 2919 atque
2703 2859 3003 2918 pra-sentes
3051 2846 3539 2917 alloquor,multo

1925 2949 2248 3011 aggravatus
2282 2956 2540 3006 tiiwrore,
2562 2941 2705 3012 quod
2738 2957 2837 2997 nec
2876 2941 3181 2996 futurorum
3223 2951 3403 3008 metu,
3436 2958 3539 2999 nec

1929 3033 2273 3103 praesentium
2319 3035 2697 3104 experimento
2728 3033 2983 3089 meliores
3012 3034 3245 3089 evadant
3273 3051 3288 3101 ;
3319 3035 3416 3091 sed
3446 3051 3537 3091 ra-

1928 3126 2157 3195 pientes,
2196 3128 2437 3182 avarilia:
2464 3126 2922 3199 studentes,quasi
2952 3144 3168 3184 vermes
3197 3129 3251 3184 in
3276 3130 3404 3184 fimo
3427 3131 3539 3185 sol-

1926 3219 2262 3273 licitudinum
2294 3219 2604 3289 huiusmodi
2641 3220 2899 3297 congerie
2930 3220 3211 3292 intercepti
3239 3230 3293 3276 ct
3322 3219 3537 3288 infossi,

1928 3327 1995 3367 ne
2046 3312 2215 3367 semel
2247 3313 2465 3385 quidem
2499 3314 2552 3367 in
2583 3312 2921 3369 bebdomada
2966 3312 3072 3369 huc
3114 3315 3407 3371 convenire
3437 3330 3537 3369 cu-

1925 3414 2070 3472 rant,
2105 3416 2161 3459 ut
2184 3406 2265 3460 vel
2287 3406 2389 3461 hoc
2409 3405 2641 3472 discant,
2663 3421 2770 3477 quo
2796 3421 2993 3477 nempe
3023 3409 3073 3462 iu
3120 3418 3262 3461 statu
3296 3408 3536 3477 jaccant.‘

1924 3496 2035 3553 Ceu
2063 3497 2292 3569 quadam
2320 3497 2624 3569 phrenitide
2646 3498 2867 3564 detenti,
2891 3498 2990 3571 ipsi
3008 3499 3225 3570 quidem
3244 3515 3406 3556 nosse
3428 3516 3537 3556 non

1926 3598 2153 3661 possunt
2198 3589 2473 3661 quomodo
2503 3590 2738 3655 valeant,
2772 3590 2867 3646 sed
2901 3590 3127 3646 medicis
3153 3608 3291 3662 opus
3334 3592 3537 3648 habent

1924 3683 2015 3753 qui
2050 3680 2174 3736 illos
2196 3680 2264 3737 ab
2287 3681 2493 3736 insania
2528 3681 2761 3738 liberent
2792 3700 2807 3738 :
2837 3683 2916 3739 sic
2946 3682 3108 3737 etiam
3130 3684 3222 3757 qui
3248 3683 3339 3742 illa
3365 3700 3537 3755 pecu-

1926 3758 2139 3829 niarum
2165 3773 2315 3829 rabie
2339 3773 2547 3830 detenti
2588 3783 2737 3840 sunt,
2767 3775 2888 3831 aliis
2919 3773 3236 3831 doctoribus
3261 3791 3400 3850 opus
3442 3777 3542 3834 ba-

1927 3865 2076 3931 bent,
2108 3876 2163 3920 ut
2194 3881 2253 3921 se
2274 3865 2424 3922 rabie
2444 3876 2726 3938 correptos
2743 3881 2864 3923 esse
2890 3867 3082 3924 saltem
3110 3868 3305 3925 sciant.
3329 3870 3541 3931 Idcirco

1925 3959 2160 4013 maxime
2192 3958 2339 4030 ipsos
2367 3973 2519 4029 rogo,
2563 3974 2661 4014 oro
2687 3973 2752 4015 ac
2803 3959 3070 4031 deprecor
3093 4003 3109 4029 ,
3137 3960 3204 4017 ad
3232 3978 3333 4018 nos
3382 3979 3540 4022 acce-

1924 4049 2076 4116 dant,
2103 4060 2157 4105 et
2187 4051 2336 4106 verbi
2364 4049 2651 4121 pharmaca
2683 4051 2973 4123 accipiant.
2997 4051 3113 4108 Non
3143 4063 3227 4110 est
3254 4070 3422 4125 penes
3450 4074 3539 4115 me

1926 4141 2131 4197 ferrum
2160 4153 2401 4209 acutum,
2434 4143 2528 4199 sed
2556 4153 2637 4198 est
2667 4144 2896 4199 verbum
2934 4144 3077 4199 ferro
3108 4148 3530 4216 penetrabilius:

1928 4251 2035 4291 non
2085 4246 2169 4293 est
2206 4252 2371 4313 penes
2418 4254 2505 4294 me
2535 4238 2696 4309 ignis,
2747 4254 2849 4295 nec
2893 4238 3350 4296 medicamentum
3393 4246 3537 4313 quod

1926 4330 2272 4397 mordeat,et
2317 4330 2425 4385 vim
2469 4330 2660 4385 all’crat
2686 4330 2781 4387 sed
2808 4340 2936 4387 sunt
2966 4333 3126 4388 verba
3180 4334 3325 4389 ferro
3374 4336 3542 4392 vehe~

1926 4422 2215 4489 mentiora,
2244 4438 2364 4494 qua:
2391 4423 2509 4479 sine
2535 4422 2725 4479 dolore
2752 4421 3074 4479 medicinam
3104 4424 3353 4481 alteram.

1996 4514 2053 4567 2.
2095 4514 2201 4568 Cur
2231 4528 2359 4585 ergo
2388 4513 2563 4569 resilis
2584 4555 2598 4582 ,
2630 4513 2716 4569 dic
2748 4514 2875 4568 mihi
2898 4556 2913 4580 ,
2952 4530 3053 4571 nec
3082 4526 3284 4571 tantam
3310 4516 3531 4587 quidem

1924 4618 2024 4673 pro
2072 4604 2286 4669 anima,
2334 4614 2591 4677 quantam
2638 4620 2737 4675 pro
2770 4621 2936 4663 carne
2965 4606 3191 4663 adhibes
3235 4624 3421 4664 curam
3476 4622 3532 4667 ct

1924 4698 2381 4754 sollicitudinem?
2422 4698 2599 4755 Carne
2632 4717 2867 4771 namque
2903 4704 3043 4760 male
3064 4720 3123 4761 se
3151 4704 3405 4774 habente,
3441 4723 3534 4778 pc-

1923 4791 2110 4846 cunias
2141 4792 2435 4862 expendis;
2464 4803 2519 4851 et
2557 4792 2605 4848 si
2650 4794 2845 4850 fmnori
2876 4794 3009 4851 dare
3038 4807 3320 4868 oporteat,
3350 4802 3534 4855 omnia

1924 4884 2203 4956 profundis
2244 4886 2309 4941 ad
2359 4886 2600 4943 medicos
2646 4888 2992 4947 advocandos
3038 4890 3311 4963 impensas
3358 4892 3533 4951 facis:

1925 4981 1969 5035 si
2005 4980 2077 5034 illi
2110 4995 2298 5042 secare
2341 4992 2395 5037 ct
2428 4997 2586 5039 urere
2613 4982 2802 5048 velint,
2834 4998 2957 5038 cum
3007 5000 3199 5056 magna
3254 4986 3535 5047 alacritate

1926 5088 2122 5143 corpus
2152 5073 2337 5138 otl'ers,
2370 5084 2426 5128 ut
2456 5075 2628 5144 ipsum
2654 5092 2751 5147 pro
2773 5076 2943 5133 lubito
2968 5087 3180 5133 curent.
3211 5078 3407 5136 Anima
3435 5098 3537 5137 au-

1924 5177 2035 5224 tem
2064 5166 2337 5221 vermibus
2368 5177 2609 5224 seatente
2630 5212 2646 5235 ,
2693 5170 2781 5226 dic
2812 5171 2945 5226 mihi
2967 5216 2981 5241 ,
3016 5189 3121 5226 non
3166 5175 3381 5231 accedis
3419 5192 3539 5232 Sero

1927 5274 2141 5312 nionem
2175 5260 2480 5327 auditurus,
2504 5262 2593 5330 qui
2626 5262 2803 5318 tabem
2836 5265 2981 5319 illam
3011 5279 3275 5338 expurget
3303 5287 3315 5322 :
3342 5281 3398 5325 et
3424 5271 3527 5326 hoc

1988 5415 2061 5479 (a)
2098 5417 2189 5467 Hic
2228 5417 2379 5479 locus,
2406 5431 2557 5487 sensu
2582 5418 2873 5487 allegat-leo,
2908 5422 2973 5473 de
3009 5422 3233 5487 Eutrapii
3257 5427 3417 5487 ruina,
3444 5442 3543 5479 non

1924 5478 1988 5550 de
2014 5478 2165 5543 terra;
2188 5489 2322 5550 motu
2356 5478 2672 5550 accipiendus
2685 5478 2792 5550 'est,
2818 5478 3011 5539 Erravit
3035 5478 3202 5550 itaque
3227 5478 3546 5541 Μοιιιεῖιιιοοὲ

1927 5543 2052 5597 nius,
2080 5556 2207 5611 eum,
2236 5548 2435 5611 tempus
2465 5544 2673 5611 delinire
2705 5546 2877 5601 volens
2908 5563 3007 5611 quo
3031 5543 3135 5599 haec
3157 5550 3352 5600 homilia
3378 5553 3543 5604 habita

1929 5612 2092 5661 esset,
2122 5605 2249 5676 illam
2274 5605 2663 5676 descriptionem
2686 5605 3074 5676 s_ensu_naiurali
3112 5612 3434 5667 intellectam.
3465 5632 3533 5665 ar-

1996 5668 2151 5734 menti
2178 5668 2282 5734 loco
2315 5672 2641 5734 usurpaverit.
2668 5673 2754 5721 Sic
2789 5674 2937 5734 igitur
2972 5677 3356 5729 ratiocinandum
3395 5688 3501 5728 erat
3529 5695 3540 5731 :

1949 5731 2189 5795 inti-opius
2208 5732 2253 5778 in
2273 5731 2478 5786 exiliqu
2503 5741 2641 5785 actus
2667 5744 2743 5784 est
2767 5775 2778 5791 ,
2805 5731 2931 5785 anno
2953 5738 3046 5786 399
3067 5775 3079 5795 ,
3114 5740 3207 5789 sub
3232 5738 3379 5790 linem
3406 5756 3541 5791 men-

1926 5794 1994 5866 sis
2010 5793 2215 5866 Augusti
2245 5808 2257 5852 ;
2284 5808 2427 5866 pt'it'ro
2450 5796 2555 5843 haec
2580 5797 2773 5866 botnilia
2802 5799 2961 5847 habita
2991 5793 3085 5866 est,
3106 5802 3183 5850 vix
3213 5802 3407 5863 triginta
3433 5814 3542 5866 post

1929 5853 2060 5905 illius
2080 5853 2295 5923 exilium
2318 5857 2456 5923 dies;
2487 5872 2606 5921 ergo
2635 5860 2794 5911 habita
2826 5870 2899 5911 est
2926 5853 3100 5917 eodem
3125 5879 3251 5915 anno
3277 5853 3372 5917 sub
3389 5853 3539 5923 linem

1928 5920 2115 5968 mensis
2139 5920 2449 5981 seytembris.
