4122 6418
600 399 702 454 “3:.
1374 384 1430 438 S.
1470 376 1748 438 ΙΟᾹΝΝῙΞ
1784 367 2263 430 CHRYSOSTOMI
2306 370 2626 428 ARCIIIEP.
2658 370 3193 431 CONSTANTINOP.

600 528 721 569 cum
746 526 915 581 neque
941 506 1181 579 pecunia:
1201 503 1303 557 sint
1333 494 1734 569 profundenda‘,
1755 508 1851 546 nec
1881 497 2057 543 tantus
2077 486 2173 581 do-

603 608 683 660 lor
722 579 1058 663 subeundus;
1103 595 1196 655 sed
1244 594 1467 662 teipsum
1515 590 1565 641 in
1606 581 1966 639 omnimodant
1996 579 2173 649 perni-

601 698 738 751 ciem
771 694 990 764 conjicis
1011 693 1032 743 2
1057 701 1112 745 et
1140 682 1407 757 quomodo
1430 678 1541 735 haec
1570 675 1725 733 venia
1750 675 1907 746 digna
1942 671 2174 726 fuerint?

605 789 661 845 Si
694 790 834 845 enim
858 786 1089 840 dicerem
1120 799 1133 833 :
1172 784 1410 843 Avarus,
1446 784 1649 842 raptor,
1697 769 2003 828 fornicator.
2027 765 2177 821 adol-

606 897 708 948 ter,
750 896 815 935 ne
839 877 1091 934 accedant
1116 874 1181 929 ad
1212 870 1517 932 ecclesiam,
1546 866 1589 919 si
1620 864 1941 935 expellerent
1973 870 2023 914 et
2051 875 2173 928 per-

603 988 855 1046 sequerer
881 971 1000 1028 illos
1022 980 1211 1023 omnes
1231 964 1318 1035 qui
1345 964 1400 1018 in
1431 957 1661 1029 peccatis
1688 963 1832 1021 stunt,
1866 969 1932 1008 ne
1952 954 2028 1007 sic
2055 953 2142 1021 qtti

603 1066 723 1119 dem
762 1061 1037 1118 excusatio
1080 1058 1251 1122 loret;
1312 1060 1585 1124 oporteret
1636 1049 1793 1107 enim
1833 1048 1901 1103 ab
1947 1047 2009 1100 iis
2054 1061 2181 1115 pur-

603 1166 781 1226 gatnm
839 1152 1141 1207 accedere:
1178 1162 1316 1202 nunc
1365 1154 1540 1199 autem
1584 1156 1686 1195 non
1731 1138 1833 1194 hoc
1886 1138 2029 1200 diro,
2082 1135 2174 1189 sed

605 1248 728 1300 licet
769 1242 1079 1308 lornieeris,
1126 1238 1334 1293 adulter
1376 1236 1486 1296 sis,
1528 1234 1726 1303 rapias,
1782 1230 2034 1299 pecunias
2064 1228 2178 1281 col-

603 1336 736 1406 ligas
769 1350 861 1403 per
904 1333 1163 1394 fraudem,
1194 1332 1244 1383 in
1271 1326 1552 1382 ecclesiam
1580 1324 1808 1406 accede,
1836 1332 1893 1377 ut
1925 1321 2038 1376 ha-c
2069 1335 2175 1375 nou

606 1430 743 1483 ultra
774 1428 1058 1483 admittere
1101 1423 1275 1477 discas
1306 1442 1320 1476 :
1348 1433 1537 1473 omnes
1564 1415 1800 1481 attrahe,
1827 1423 1882 1469 et
1910 1411 2057 1466 verbi
2092 1419 2177 1465 re-

605 1523 674 1575 tia
706 1521 932 1589 undique
954 1516 1277 1585 cxpamletts,
1307 1527 1411 1565 non
1438 1524 1598 1564 sanos
1629 1517 1853 1571 tantum,
1882 1504 1974 1559 sed
2004 1518 2175 1573 a~gros

604 1611 689 1665 hic
715 1624 907 1679 eapere
933 1606 1083 1660 volo.
1104 1604 1226 1659 llrec
1253 1601 1487 1672 quotidie
1508 1600 1628 1653 dico
1660 1617 1673 1650 :
1700 1597 1856 1662 chi,
1887 1605 1936 1651 et
1969 1610 2174 1648 meemn

602 1705 885 1758 sanitatem
906 1698 1090 1768 accipe
1119 1714 1133 1753 :
1165 1712 1286 1751 nam
1310 1710 1409 1764 ego
1434 1707 1645 1763 quoque
1673 1689 1909 1745 modieiis
1929 1686 2180 1758 pharma-

602 1797 678 1850 eis
706 1810 840 1865 opus
868 1792 1038 1846 habeo
1071 1808 1085 1845 :
1113 1790 1271 1843 homo
1296 1802 1525 1854 namque
1559 1800 1698 1845 sum.
1724 1782 1963 1853 ejusdem
2002 1792 2174 1837 tecum

604 1900 807 1941 natura:
855 1883 1131 1939 alfectibus
1176 1881 1417 1936 subditus
1456 1897 1468 1933 :
1501 1878 1677 1932 verbis
1725 1892 1860 1944 opus
1904 1884 1987 1930 est
2023 1875 2174 1940 mihi,

601 1995 721 2047 qua:
769 1976 1125 2031 inordinatum
1179 1972 1415 2026 animum
1461 1968 1675 2022 vinculo
1724 1966 1934 2022 frenent
1964 1984 1977 2020 :
2006 1982 2179 2037 neque

603 2070 762 2123 vitam
806 2068 944 2123 duco
990 2064 1358 2135 tranquillam.
1411 2062 1554 2116 curis
1576 2072 1630 2115 et
1657 2060 1887 2114 tumultu
1920 2074 2180 2125 vacuam;

603 2159 696 2214 sed
728 2163 897 2229 agitor
926 2158 1040 2226 ipse
1068 2171 1278 2226 quoque
1299 2150 1753 2223 concupiscentia:
1780 2150 2095 2211 tumultibus
2124 2159 2181 2206 et

606 2250 1063 2320 perturbationum
1104 2246 1372 2303 ﬂuctibus.
1416 2246 1521 2301 Sed
1549 2261 1643 2299 cur
1668 2244 1747 2298 vel
1777 2258 1862 2299 me
1892 2244 1975 2299 vel
2013 2242 2178 2297 alium

602 2342 853 2408 dixerint,
891 2341 1103 2410 quando
1134 2341 1181 2394 is
1207 2340 1320 2409 ipse
1340 2339 1429 2409 qui
1459 2338 1620 2393 cailos
1644 2336 1937 2407 attingebat
1961 2335 2175 2397 Paulus.

603 2436 763 2489 multa
795 2450 929 2504 opus
960 2432 1190 2489 habebat
1219 2430 1539 2487 curatione?
1565 2430 1630 2485 Et
1656 2430 1797 2501 quod
1827 2444 1888 2485 ea
1920 2442 2054 2499 opus
2080 2427 2177 2481 ba-

603 2528 795 2591 bucrit,
835 2528 945 2596 ipte
988 2524 1140 2578 nobis
1190 2522 1510 2578 declaravit.
1548 2520 1730 2591 Neque
1781 2521 1869 2575 ille
1917 2519 2178 2589 tranquil-

604 2620 706 2673 lam
761 2620 948 2688 agebat
1003 2618 1194 2681 vitam,
1251 2615 1345 2671 scd
1403 2616 1566 2669 mttlta
1618 2614 1787 2668 inibat
1838 2613 2175 2668 certamina:

603 2712 829 2781 ideoque
870 2710 1081 2764 dicebat
1123 2728 1135 2739 ’
1176 2708 1379 2777 Castigo
1416 2718 1615 2776 corpu
1639 2722 1839 2772 meum,
1871 2715 1918 2758 et
1962 2706 2015 2758 in
2067 2720 2178 2758 ser-

603 2803 805 2855 ritutem
844 2802 1035 2872 redigo,
1069 2816 1130 2853 ne
1170 2800 1301 2868 forte
1350 2798 1467 2851 aliis
1510 2798 1812 2867 pradicant,
1859 2797 1965 2867 ipse
1999 2812 2178 2865 repro-

601 2895 689 2948 bus
719 2894 947 2963 ρωσὶατ(
978 2894 1028 2947 1.
1059 2890 1177 2946 Cor.
1218 2891 1271 2945 9.
1303 2891 1372 2944 ‘27
1406 2891 1443 2956 ).
1474 2889 1778 2961 Castigabat
1821 2898 1998 2945 autem
2052 2888 2178 2944 illud

599 2984 739 3053 quod
785 2984 1123 3053 insurgebat,
1148 2993 1200 3037 ct
1228 2982 1278 3035 in
1305 2981 1615 3035 servitutem
1655 2981 1928 3050 redigebat
1958 2980 2010 3035 id
2037 2982 2177 3050 quod

602 3075 812 3129 frenum
843 3076 1127 3129 admittere
1170 3067 1377 3147 nolebat
1415 3074 1681 3142 :ideoque
1720 3072 2174 3139 tiliosvntonebat,

602 3165 788 3219 dicens
817 3184 829 3217 ε
858 3165 960 3230 Qui
984 3166 1078 3219 sibi
1103 3167 1297 3218 videtur
1323 3177 1478 3231 stare,
1499 3165 1664 3219 rideat
1684 3182 1747 3218 ne
1773 3167 1924 3219 cadat
1953 3168 2029 3236 (Ι.
2055 3166 2175 3221 Cor.

602 3256 687 3310 10.
723 3257 833 3327 12).
858 3258 1008 3325 Quod
1035 3259 1077 3312 si
1112 3258 1304 3313 Paulus
1332 3273 1435 3311 non
1471 3259 1853 3327 tranquillitate
1883 3257 2032 3311 frueb
2069 3266 2175 3325 tur,

600 3349 693 3402 sed
729 3350 864 3403 haud
896 3365 1049 3404 secus
1079 3366 1235 3420 quam
1266 3352 1297 3404 ii
1325 3351 1412 3419 qui
1445 3352 1494 3403 in
1525 3352 1654 3404 mari
1686 3357 1958 3420 navigans.
1980 3351 2179 3405 multos

605 3442 839 3511 undique
868 3443 1058 3497 ﬂuetus
1086 3444 1340 3497 concitari
1375 3443 1587 3496 videbat
1620 3462 1633 3495 :
1667 3443 1784 3513 quis
1824 3442 1961 3496 ausit
1994 3443 2177 3498 dicere

600 3548 657 3587 se
696 3548 800 3588 non
848 3549 1007 3605 egere
1050 3534 1422 3601 correctione,
1478 3535 1755 3589 curatione
1800 3542 1853 3589 et
1906 3535 2177 3606 perpetuis

600 3624 827 3693 vigiliis?

683 3714 829 3770 Verbi
856 3714 952 3771 Dei
980 3718 1155 3771 ιὶνιιιε.
1180 3747 1233 3756 -
1268 3716 1397 3772 Veni
1440 3716 1618 3788 igitur,
1648 3726 1699 3771 et
1728 3732 1934 3772 mecum
1956 3717 2176 3773 doctore

602 3808 931 3859 curationem
956 3806 1168 3861 adhibe.
1190 3806 1343 3875 Quod
1370 3808 1414 3860 si
1450 3820 1612 3860 sanus
1643 3822 1722 3871 es,
1754 3808 1873 3861 ideo
1902 3808 2097 3862 accede
2121 3820 2177 3861 ut

603 3897 780 3950 sanior
824 3897 1037 3951 evadas.
1096 3897 1323 3952 Verbum
1366 3899 1505 3952 enim
1547 3909 1599 3952 et
1629 3898 1815 3953 morbo
1844 3898 2065 3953 allectos
2108 3898 2176 3952 ab

602 3990 913 4059 :rgritudine
944 3991 1147 4055 liberat,
1173 4000 1226 4045 et
1252 3992 1435 4045 morbo
1458 3992 1654 4046 liberos
1684 3991 1947 4047 firmiores
1978 3994 2174 4060 reddit;

603 4090 785 4150 utpote
815 4083 955 4150 quod
1004 4092 1055 4136 et
1100 4083 1332 4138 admissa
1370 4089 1621 4153 corrigat,
1674 4094 1727 4139 et
1754 4085 2009 4139 adversus
2042 4103 2177 4141 noo-

600 4171 725 4223 dutn
748 4170 974 4225 admissa
1013 4183 1318 4241 prtescrvet.
1362 4175 1511 4241 Quod
1546 4176 1586 4229 si
1622 4192 1725 4229 non
1752 4176 1885 4241 hoc,
1938 4189 1992 4231 at
2029 4180 2172 4233 aliud

601 4264 766 4317 habes
794 4275 1067 4333 peccatum
1098 4285 1111 4319 :
1145 4266 1267 4331 Quis
1293 4269 1420 4319 enim
1450 4269 1746 4337 gloriabitur
1772 4287 1825 4323 se
1856 4281 2047 4324 castum
2076 4273 2172 4324 Ita-

601 4356 712 4407 bere
739 4356 871 4409 cor?
910 4366 997 4408 aut
1040 4358 1149 4427 quis
1191 4358 1404 4425 ﬁdenter
1442 4361 1623 4412 dixerit
1652 4377 1703 4412 se
1738 4363 1979 4415 mundum
2008 4380 2112 4416 esse
2144 4381 2174 4416 η

602 4456 802 4513 peccato
820 4444 999 4515 (Prov.
1025 4447 1114 4502 20.
1147 4447 1238 4517 9)?
1266 4448 1340 4502 Nc
1365 4451 1538 4519 igitur,
1572 4455 1691 4521 quia
1720 4455 1969 4520 peccasti,
2002 4465 2050 4509 te
2080 4471 2169 4524 pu-

600 4536 720 4590 deat
761 4538 1054 4602 aecedere;
1104 4540 1209 4593 imo
1250 4540 1320 4593 ob
1366 4542 1466 4597 hoc
1512 4543 1680 4612 ipsum
1741 4545 1957 4599 accede.
2003 4545 2173 4599 Nemo

600 4631 742 4684 enim
773 4630 900 4684 dicit
937 4649 948 4684 :
978 4631 1107 4698 Quia
1138 4632 1288 4686 ulcus
1314 4633 1484 4688 habeo
1506 4678 1518 4699 ,
1555 4634 1817 4689 medicum
1849 4652 1953 4689 non
1985 4653 2169 4691 acccr-

602 4738 695 4787 so,
744 4738 914 4792 neque
943 4722 1285 4791 pharmacum
1318 4725 1560 4793 accipio:
1596 4727 1701 4780 imo
1745 4728 1814 4781 ob
1857 4728 1955 4781 hoc
1998 4729 2168 4797 ipsum

603 4814 832 4867 maxime
876 4821 931 4867 ct
974 4814 1160 4867 medici
1184 4816 1472 4869 advocandi
1506 4828 1648 4879 sinit,
1675 4826 1727 4871 ct
1759 4822 2168 4887 p'arniacorum

600 4906 706 4958 vim
732 4906 1003 4975 requirere
1029 4920 1160 4975 opus
1192 4915 1293 4961 est.
1320 4906 1528 4962 Scimus
1555 4911 1714 4963 etiam
1748 4926 1842 4964 nos
1874 4913 2167 4981 ignoscere,

602 4995 722 5059 quia
745 5000 796 5043 et
826 4989 921 5060 ipsi
952 4990 1070 5043 aliis
1102 4992 1331 5060 peceatis
1358 5008 1540 5046 sumus
1568 4994 1799 5048 obnoxii.
1851 4995 1973 5051 Ideo
2019 5015 2169 5052 mun-

603 5096 705 5150 que
738 5081 875 5135 Deus
902 5097 1010 5136 non
1042 5084 1257 5153 angelos
1295 5083 1445 5138 dedit
1489 5087 1641 5141 nobis
1686 5088 1952 5151 doctores.
2002 5108 2172 5161 neque

605 5172 905 5242 Gabrieletn
946 5176 1173 5244 desuper
1215 5177 1433 5230 mittens
1482 5178 1650 5245 ipsum
1694 5182 1836 5249 gregi
1894 5183 2167 5249 praefecit;

604 5265 695 5320 sed
746 5282 808 5319 ex
840 5267 953 5335 ipso
982 5267 1107 5320 ovili
1143 5277 1378 5336 pastores
1418 5270 1661 5334 assumit,
1693 5287 1753 5323 ex
1787 5272 1975 5324 ovibus
1999 5277 2174 5343 gregis

603 5357 792 5410 ducem
813 5398 829 5423 ,
882 5358 970 5427 qui
995 5357 1059 5411 ad
1088 5358 1464 5429 ignoscendum
1495 5360 1720 5415 subditis
1749 5377 1948 5431 prunus
1970 5366 2037 5417 sit
2062 5408 2075 5430 ,
2125 5378 2177 5420 et

605 5448 964 5504 infirmitatem
993 5452 1257 5519 prepriani
1289 5452 1647 5519 perpendens.
1678 5469 1782 5507 non
1812 5455 2049 5525 insurgat
2077 5457 2177 5511 ad-

604 5559 792 5598 versus
815 5545 1124 5613 gregarios;
1180 5543 1271 5597 sed
1310 5542 1515 5599 frenum
1550 5546 1741 5602 habeat
1782 5558 1836 5604 et
1866 5550 2177 5608 humilitatis

605 5652 821 5690 causam
840 5652 949 5691 suae
969 5654 1156 5709 ncmpc
1186 5640 1523 5694 conscientia:
1541 5644 2007 5697 necessitudinem.
2025 5645 2175 5712 Quod

606 5741 781 5786 autem
830 5732 941 5789 [nec
989 5750 1089 5785 non
1139 5734 1448 5803 augurando
1478 5737 1610 5790 dicta
1656 5738 2010 5801 lucrint,audi
2043 5739 2172 5792 Pau-

600 5823 705 5879 ium
740 5826 849 5880 lucc
873 5827 1188 5881 srt'ibentcm
1222 5841 1267 5881 rt
1301 5828 1757 5893 pltilusophantetn
1795 5853 1803 5885 ;
1832 5832 1893 5886 ad
1920 5831 2172 5886 “vlumus

3760 377 3870 431 465

2283 486 2423 539 enim
2468 486 2742 551 scribens,
2794 490 2871 544 sic
2918 491 3035 547 ait:
3076 489 3252 545 Omnis
3288 508 3507 560 namque
3546 492 3774 561 pontifex
3804 509 3870 545 ex

2280 578 2564 630 hominibus
2606 589 2933 647 assumpfus,
2977 596 3070 649 pro
3110 582 3395 635 hominibus
3418 583 3762 647 constituitur,
3810 594 3869 634 nt

2278 665 2457 733 o/ferat
2484 669 2620 721 dona
2645 679 2691 722 et
2724 670 3019 739 sacriﬁcia;
3047 672 3135 742 qui
3169 673 3440 726 condolcre
3479 674 3639 743 possit
3678 674 3742 727 iis
3775 676 3869 743 qui

2279 757 2511 828 ignorant
2538 770 2582 812 et
2622 770 2811 824 errant,
2836 762 3073 829 quoniam
3102 772 3149 815 et
3173 764 3282 833 ipse
3306 764 3651 819 circumdatus
3678 775 3750 818 est
3779 767 3870 817 in-

2280 849 2516 916 ﬁrmitate
2544 864 2564 904 :
2591 861 2645 905 et
2670 862 2934 922 propterea
2959 854 3101 907 debet
3127 857 3553 923 quemadtmdam
3583 874 3677 925 pro
3702 875 3874 927 popu-

2279 939 2349 1003 lo,
2371 942 2443 993 ita
2464 943 2615 997 etiam
2641 954 2686 995 et
2704 959 2796 1013 pro
2817 945 3081 1014 semetipso
3101 944 3288 1010 offerre
3306 962 3402 1016 pro
3421 949 3639 1019 petatis
3676 947 3870 1018 (Hebr.

2279 1034 2331 1089 εἰ.
2361 1035 2506 1105 l-3).
2545 1034 2731 1091 Viden‘
2756 1051 2914 1107 quam
2945 1038 3197 1107 optimam
3221 1038 3377 1093 nobis
3405 1054 3623 1095 causam
3645 1038 3871 1099 dixerit.

2283 1124 2352 1178 ob
2391 1140 2549 1194 quam
2597 1142 2701 1181 non
2741 1128 2951 1198 angeli,
2994 1143 3098 1182 non
3130 1128 3457 1201 archangeli,
3491 1131 3585 1186 sed
3619 1131 3876 1188 homines

2282 1215 2540 1270 Erelt'siis
2567 1217 2949 1287 prmﬂt'iaittur,
2986 1228 3036 1273 ut
3064 1220 3354 1277 condolere
3390 1223 3600 1291 possint
3636 1224 3724 1288 iis,
3772 1224 3871 1294 qni

2279 1311 2518 1380 ejusdem
2547 1323 2673 1368 sunt
2700 1324 2936 1378 natura»;
2967 1323 3548 1383 peccatorumsuomm
3578 1319 3871 1371 eooscicn-

2282 1405 2406 1456 tiam
2462 1419 2558 1457 rcu
2590 1406 2880 1459 maximam
2927 1404 3244 1460 humilitatis
3282 1406 3619 1477 disciplinam
3660 1408 3870 1461 haben-

2281 1498 2403 1551 tes?
2452 1498 2658 1552 Etenim
2690 1509 2745 1554 et
2779 1500 2890 1569 ipse
2911 1541 2926 1563 ,
2964 1500 3167 1569 inquit,
3214 1501 3580 1556 circumdatus
3607 1511 3692 1556 cst
3717 1503 3868 1556 isilir-

2280 1589 2502 1652 unitate.
2557 1598 2613 1642 et
2670 1599 2948 1659 propterea
2996 1590 3201 1658 debet,
3265 1591 3719 1661 quemadmodum
3769 1609 3874 1663 pro

2282 1682 2498 1752 populo,
2524 1682 2593 1734 ita
2624 1684 2783 1736 etiam
2815 1699 2912 1752 pro
2939 1685 3232 1753 semetipso
3262 1683 3457 1740 oﬂerre
3483 1701 3579 1755 pro
3607 1691 3869 1755 peccatis.

2282 1772 2392 1827 lloc
2429 1774 2599 1841 ipsum
2647 1789 2787 1831 nunc
2823 1790 3036 1844 quoque
3086 1774 3315 1830 cflicitur
3360 1793 3374 1828 :
3418 1777 3469 1830 iu
3520 1776 3621 1832 hae
3668 1778 3874 1846 quippe

2280 1879 2430 1919 sacra
2480 1880 2663 1922 mensa
2707 1866 3001 1929 adstantes.
3054 1876 3110 1921 ct
3155 1867 3491 1923 tremendum
3540 1868 3873 1924 sacrificium

2279 1955 2587 2021 elici-entes,
2612 1956 3063 2027 quemadmodum
3093 1968 3189 2028 pro
3217 1959 3394 2029 populi
3422 1960 3632 2015 delictis
3655 1962 3873 2014 veniam

2282 2049 2505 2118 petimus
2526 2090 2541 2114 ,
2588 2049 2657 2102 ita
2689 2064 2784 2119 pro
2820 2050 3013 2105 nostris
3036 2048 3166 2119 ipsis
3190 2066 3404 2121 quoque
3433 2067 3717 2122 rogamus,
3746 2069 3872 2106 ora-

2283 2156 2421 2205 tuus,
2453 2139 2805 2209 deprecamur
2826 2183 2840 2206 ,
2870 2149 2923 2196 et
2965 2156 3064 2211 pro
3099 2142 3348 2197 omnibus
3380 2142 3702 2197 sacriﬁcium
3734 2142 3876 2198 οπε-

2281 2232 2544 2285 vitians...
2579 2232 2657 2301 (ιι)

2353 2323 2407 2376 5.
2458 2320 2533 2375 Ne
2584 2320 2710 2375 mihi
2754 2336 2997 2391 avarum,
3026 2323 3231 2379 ventris
3266 2340 3502 2390 servum,
3535 2336 3590 2381 et
3624 2342 3747 2381 eum
3776 2328 3871 2398 qui

2282 2422 2484 2467 natum
2507 2413 2835 2468 nobilitatem
2867 2415 3116 2484 nequitia:
3148 2415 3400 2485 prodidit,
3425 2416 3741 2483 adduxeris;
3773 2424 3874 2475 sed

2284 2503 2427 2559 hunc
2453 2514 2508 2560 et
2536 2520 2629 2560 eos
2659 2508 2748 2577 qui
2776 2507 2915 2561 sicut
2943 2506 3034 2562 ille
3060 2507 3408 2579 archetypum
3454 2521 3760 2577 servarunt,
3808 2522 3871 2571 et

2282 2595 2485 2665 regium
2531 2595 2892 2653 characterem
2922 2612 2987 2653 ac
3015 2596 3238 2653 fortnam
3278 2616 3384 2654 non
3432 2600 3819 2659 labefactarunt
3855 2629 3869 2660 .-

2282 2694 2337 2741 et
2373 2696 2498 2741 tune
2536 2688 2675 2743 scies
2708 2688 2833 2759 quid
2875 2690 2943 2745 sit
2984 2690 3166 2747 homo.
3194 2690 3325 2747 Nam
3354 2693 3443 2748 hic
3468 2710 3677 2767 quoque
3705 2696 3873 2753 homo

2283 2785 2419 2844 erat,
2449 2777 2688 2833 mulieris
2714 2788 2868 2848 partu
2894 2790 3050 2836 natus
3074 2792 3129 2838 et
3159 2782 3295 2839 lacte
3325 2784 3557 2840 nutritus
3590 2805 3602 2841 :
3637 2787 3690 2841 in
3725 2798 3871 2845 terra

2284 2865 2579 2935 habitabat,
2609 2885 2788 2926 acrem
2819 2870 3073 2941 spirabat,
3097 2882 3151 2928 et
3178 2874 3378 2940 omnia,
3410 2890 3530 2946 qua:
3560 2877 3732 2944 nobis,
3771 2881 3871 2949 ipsi

2282 2975 2494 3031 quoque
2514 2965 2813 3018 communia
2838 2974 2991 3020 erant
3015 2983 3027 3018 :
3051 2968 3376 3033 communia,
3402 2969 3639 3039 inquam,
3664 2986 3725 3025 ea
3751 2989 3873 3041 qua:

2281 3053 2347 3107 ad
2381 3063 2622 3108 naturam
2658 3057 2955 3125 pertinent;
2991 3057 3081 3112 sed
3110 3059 3359 3129 quoniam
3397 3061 3517 3115 vita:
3567 3062 3871 3117 institutum

2283 3161 2528 3222 spectant
2548 3153 2759 3223 egregia
2781 3161 2957 3218 erant,
2998 3153 3117 3208 ideo
3162 3154 3262 3210 hac
3294 3163 3440 3209 tanta
3488 3156 3656 3226 gratia
3699 3157 3868 3211 fulsit.

2284 3244 2441 3313 Atqui
2468 3261 2569 3297 non
2596 3245 2835 3313 pecuniis
2860 3246 3147 3300 instructus
3168 3258 3302 3311 erat,
3323 3256 3428 3302 non
3460 3251 3672 3319 generis
3690 3250 3869 3320 SplCIt~

2283 3335 2433 3397 dore,
2469 3353 2573 3389 non
2634 3338 2814 3405 patria:
2859 3339 3190 3408 celebritate,
3225 3357 3330 3397 nou
3378 3342 3686 3413 eloquentia
3714 3386 3728 3409 ,
3764 3362 3869 3401 non

2285 3427 2474 3497 lingua:
2500 3429 2763 3495 acumine,
2790 3416 2892 3483 non
2919 3444 3194 3487 servorum
3233 3448 3416 3505 grege,
3455 3450 3551 3490 nec
3586 3439 3871 3492 eunucho-

2282 3534 2397 3572 rum
2425 3519 2636 3587 agmine
2660 3537 2672 3574 :
2706 3535 2811 3576 non
2849 3521 3039 3576 domus
3061 3522 3158 3593 ipsi
3186 3524 3442 3580 deaurato
3465 3534 3627 3596 tecto,
3656 3544 3764 3584 non
3788 3546 3873 3585 se.-

2282 3610 2405 3664 rica:
2426 3622 2603 3666 vestes
2626 3598 2733 3666 non
2755 3628 2933 3668 mensa
2954 3614 3159 3670 deliciis
3182 3617 3393 3683 referta,
3416 3635 3523 3674 non
3552 3621 3696 3675 aliud
3716 3625 3877 3693 quid-

2281 3703 2419 3770 piam
2441 3717 2505 3757 ex
2536 3704 2618 3766 iis.
2640 3720 2755 3774 qua:
2779 3705 2927 3760 multi
2950 3706 3102 3761 beata
3127 3723 3247 3764 esse
3272 3719 3544 3780 reputant;
3571 3713 3665 3767 sed
3691 3725 3874 3771 extre-

2282 3811 2365 3851 ma
2392 3807 2702 3866 paupertas:
2731 3813 2835 3853 non
2863 3799 2937 3854 illi
2969 3800 3033 3853 ad
3060 3802 3256 3856 vietum
3286 3806 3584 3858 necessaria
3614 3819 3872 3877 suppete-

2284 3889 2431 3955 bant,
2453 3891 2545 3945 sed
2568 3891 2705 3960 apud
2732 3891 2940 3946 viduam
2972 3893 3266 3958 mulierem,
3290 3895 3543 3966 illamque
3562 3897 3867 3965 Sidoniam,

2282 3982 2650 4036 emendicabat
2673 4024 2687 4047 ,
2731 3998 2943 4037 manum
2983 3985 3280 4041 extendens
3308 3996 3361 4041 et
3390 4002 3581 4057 panem
3626 4001 3819 4060 petens
3854 4012 3869 4048 :

2283 4073 2640 4128 habitaculum
2674 4074 2770 4144 ipsi
2797 4085 2908 4129 erat
2939 4078 3189 4145 spelunca
3214 4120 3228 4144 ,
3262 4082 3639 4137 vestimentum
3676 4085 3832 4153 pellis
3853 4129 3866 4148 ,

2282 4179 2465 4219 mensa
2509 4173 2685 4232 terra,
2729 4168 3098 4237 progenitores
3140 4170 3403 4240 ignobiles
3444 4182 3499 4227 ct
3539 4189 3609 4229 ne
3647 4177 3872 4231 nomine

2280 4259 2491 4329 quidem
2523 4259 2654 4326 noti,
2688 4262 2853 4329 patria
2882 4262 3021 4325 vilis,
3051 4264 3155 4317 vita
3179 4265 3424 4334 agrestis.
3453 4270 3705 4324 Attamen
3735 4271 3868 4324 nihil

2281 4353 2469 4407 horum
2490 4356 2870 4424 impedimento
2892 4358 2987 4425 ipsi
3012 4358 3107 4412 fuit
3123 4359 3189 4414 ad
3212 4361 3550 4430 splendorem
3572 4376 3623 4419 et
3639 4368 3871 4423 celebri-

2283 4456 2440 4501 tatem
2460 4447 2552 4501 sed
2575 4448 2734 4503 etiam
2755 4450 2968 4520 regibus
2994 4452 3241 4508 omnibus
3263 4456 3587 4523 opulentior,
3614 4467 3668 4513 ct
3695 4459 3869 4527 philo~

2280 4540 2463 4608 sopitis
2492 4541 2696 4595 cunctis
2723 4528 3139 4614 rhetoribusque
3181 4546 3492 4617 sapientior,
3526 4559 3581 4604 ct
3626 4550 3733 4606 illis
3778 4554 3867 4621 qui

2281 4634 2583 4689 diademate
2634 4636 2993 4704 insigniuntur
3034 4637 3293 4694 illustrior
3323 4650 3475 4695 erat:
3503 4653 3554 4696 et
3588 4644 3868 4701 nobilitate

2283 4728 2448 4796 magis
2474 4727 2849 4793 decorabatur,
2882 4744 3039 4799 quam
3071 4730 3103 4783 ii
3132 4732 3221 4801 qui
3270 4734 3442 4803 regias
3476 4735 3638 4791 nrbes
3667 4737 3871 4793 habeat

2281 4822 2539 4891 patriam:
2569 4822 2752 4875 orbem
2784 4838 3012 4893 namque
3043 4824 3266 4893 patriam
3295 4827 3555 4893 habebat;
3581 4833 3689 4886 imo
3707 4836 3867 4889 etiam

2281 4914 2426 4966 orbis
2456 4913 2554 4983 ipsi
2582 4928 2679 4969 ceu
2713 4930 2869 4982 parva
2899 4915 3027 4970 urbs
3055 4927 3167 4971 erat
3188 4959 3202 4984 ,
3232 4920 3533 4991 clamatque
3567 4924 3761 4980 Paulus
3791 4927 3870 4981 di-

2282 5024 2408 5063 cens
2444 5025 2457 5063 :
2487 5007 2801 5061 Circuicrunt
2851 5010 2904 5061 in
2948 5009 3146 5064 melotla
3172 5052 3186 5076 ,
3238 5013 3290 5065 in
3339 5014 3550 5080 pellibus
3593 5021 3822 5084 caprinis
3852 5038 3869 5072 :

2281 5102 2456 5170 quibus
2478 5102 2661 5171 dignata
2682 5118 2781 5153 non
2794 5113 2899 5154 erat
2920 5104 3134 5157 mundus
3156 5103 3367 5171 ("6er
3387 5107 3403 5159 Ι
3420 5147 3431 5157 .
3451 5108 3561 5174 57).
3587 5109 3799 5166 Etenim
3821 5116 3870 5168 iit

2285 5208 2511 5259 superna
2539 5194 2755 5247 civitate
2784 5194 3117 5262 versabatur,
3139 5197 3289 5265 Cujus
3317 5197 3506 5253 artifex
3538 5211 3593 5254 et
3622 5205 3875 5259 conditor

2285 5296 2365 5340 est
2414 5285 2572 5339 Deus.
2619 5284 2743 5339 ldco
2771 5284 2862 5340 tibi
2891 5302 3177 5356 pauperem
3208 5300 3257 5342 ct
3288 5299 3554 5357 agrestem
3582 5293 3754 5349 virum
3790 5299 3870 5351 itt-

2286 5378 2409 5433 duxi
2451 5379 2644 5448 pietate
2674 5372 3041 5449 eonSpicnum,
3068 5388 3123 5433 ut
3161 5380 3362 5435 nullum
3394 5382 3673 5439 obtentum
3709 5387 3874 5444 habe-

2288 5489 2391 5528 res.
2425 5472 2555 5527 Νίκη
2587 5472 2631 5526 si
2658 5471 2872 5526 divitem
2900 5482 2953 5527 ct
2982 5474 3274 5543 sapientem
3306 5474 3659 5544 induxissem,
3691 5480 3874 5535 dicere

2288 5565 2576 5633 pomisses,
2608 5563 2897 5631 Paupertas
2918 5572 2971 5617 et
3000 5564 3295 5632 ignorantia
3320 5565 3560 5633 impedit,
3585 5572 3874 5635 quominus

2290 5657 2410 5710 talis
2438 5654 2637 5709 cfliciar
2663 5671 2673 5705 :
2704 5668 2843 5709 nunc
2872 5664 3048 5709 autem
3080 5654 3144 5708 ad
3174 5654 3374 5709 nullmn
3406 5658 3563 5712 talem
3589 5660 3869 5720 obtentum

2352 5842 2422 5897 In)
2449 5836 2536 5886 lli.
2558 5836 2718 5892 deest,
2747 5842 2791 5884 ut
2822 5843 3038 5897 i'l‘ll'dl't’l.
3070 5836 3241 5897 iugi-ua
3269 5835 3449 5883 mulsa.
