4122 6422
234 420 332 476 ³165

232 532 529 603 confugere
568 538 727 600 potes
761 546 773 581 :
807 540 928 580 nam
960 535 1014 579 et
1045 523 1137 578 ille
1166 536 1367 593 pauper
1392 528 1533 583 erat,
1563 516 1836 573 omnium-

235 640 343 694 que
370 620 655 679 hominum
691 618 1063 691 pauperrimus
1098 632 1111 668 :
1142 616 1196 669 in
1228 615 1445 669 deserto
1472 609 1780 673 habitabat,
1814 622 1845 662 a

238 718 538 789 majoribus
572 726 629 771 ct
656 732 686 769 a
718 713 885 783 patria
924 709 1173 783 ignobilis
1194 750 1208 773 ,
1240 721 1451 763 necnon
1484 705 1554 760 ab
1578 703 1699 759 aliis
1724 716 1846 757 om-

239 812 424 866 nibus.
474 812 727 864 Attamcn
779 805 871 861 ille
916 803 1037 876 plus
1076 816 1239 873 quam
1274 799 1356 857 sol
1398 796 1617 862 effulsit,
1661 803 1716 851 et
1754 792 1877 850 illo.

241 912 491 972 tempore
536 909 591 956 et
638 912 784 954 nunc
829 910 1065 967 quoque,
1110 904 1167 950 et
1208 901 1463 963 quantam
1506 888 1588 945 sol
1629 886 1849 956 respicit

241 1007 472 1059 terram,
507 1002 715 1049 tantam
747 991 865 1061 ejus
883 989 1055 1061 gloria
1087 985 1350 1059 pervadit,
1371 982 1585 1040 etiamsi
1615 990 1741 1035 ante
1770 986 1848 1034 tot

240 1086 444 1142 saecula
475 1084 779 1147 exstiterit;
799 1082 894 1138 sed
915 1091 1119 1136 tantum
1152 1090 1365 1148 tempus
1384 1076 1501 1146 ejus
1527 1072 1845 1130 memoriam

242 1195 353 1234 non
381 1177 681 1241 exstinxit;
711 1174 905 1244 etjure
937 1172 1130 1228 merito
1156 1169 1395 1242 quidem.
1440 1167 1588 1222 Talis
1615 1177 1847 1235 namque

240 1287 333 1327 res
368 1280 452 1327 est
482 1273 651 1325 virtus
671 1309 686 1332 ,
717 1266 1070 1331 immortalis,
1100 1278 1220 1335 qum
1250 1264 1369 1334 plus
1384 1274 1551 1331 quam
1573 1258 1653 1313 sol
1695 1256 1848 1312 efful-

238 1373 392 1433 geat.
435 1360 675 1425 Verum,
726 1368 783 1414 ut
836 1358 947 1429 jam
1010 1357 1118 1412 dixi
1165 1356 1390 1425 (neque
1434 1353 1576 1408 enim
1634 1348 1850 1420 oportet

242 1472 371 1521 nos,
408 1456 460 1511 in
509 1455 783 1526 propheta:
832 1452 1046 1507 laudum
1094 1451 1314 1521 pelagus
1356 1447 1584 1509 delatos,
1621 1444 1847 1500 instituti

242 1551 548 1619 argumenti
577 1547 866 1615 oblivisci).
899 1545 984 1599 hic
1010 1558 1224 1615 quoque
1250 1542 1338 1595 illa
1368 1540 1606 1603 exhibet,
1632 1553 1750 1607 qua:
1780 1537 1849 1592 de

244 1642 436 1715 lleyse
461 1642 602 1697 dicta
627 1652 771 1696 sunt.
802 1640 935 1709 Quia
965 1638 1110 1695 enim
1135 1635 1425 1692 verisimile
1448 1643 1563 1689 erat
1588 1634 1757 1699 illum,
1782 1646 1847 1685 ex

245 1735 512 1804 praeclare
538 1735 703 1806 gestis
732 1735 953 1798 elatum,
990 1745 1095 1785 n0n
1136 1728 1423 1784 admodum
1467 1740 1693 1797 pronum
1736 1724 1850 1779 fore

246 1826 318 1883 ad
351 1827 561 1881 veniam
609 1824 820 1881 ca-tcris
864 1822 1303 1887 concedendam;
1350 1820 1472 1875 vide
1523 1818 1649 1890 quid
1691 1816 1851 1872 faciat

248 1917 393 1971 Deus
418 1934 432 1971 :
464 1916 719 1986 permittit
746 1916 895 1970 illuni
923 1915 1089 1987 gratia
1118 1928 1214 1969 sua
1246 1912 1457 1978 nudari,
1484 1920 1540 1965 ut
1565 1909 1850 1965 infirmita-

246 2019 359 2064 tem
403 2009 523 2079 ejus
568 2009 975 2064 ostendatzimo
1015 2023 1145 2062 vero
1188 2022 1219 2062 e
1260 2021 1317 2060 re
1347 2005 1544 2069 fuerit,
1570 2011 1628 2057 ut
1676 2002 1851 2072 primo

246 2101 600 2157 ostendamus
624 2100 894 2173 quomodo
926 2116 1031 2155 non
1063 2109 1204 2155 esset
1225 2098 1291 2153 ad
1314 2098 1523 2153 veniam
1547 2096 1853 2151 conceden-

246 2194 375 2248 dam
405 2207 627 2264 pronus.
660 2192 945 2265 Postquam
974 2193 1118 2248 enim
1149 2188 1649 2253 clauseratczelum,
1668 2196 1723 2243 et
1745 2196 1853 2241 ter-

249 2304 368 2342 iam
401 2286 789 2343 infructuosam
824 2286 1153 2350 reddiderat,
1179 2284 1453 2355 famesque
1474 2292 1625 2348 erat;
1658 2280 1847 2347 fames,

244 2380 493 2451 inquam,
541 2381 781 2436 omnium
829 2380 1207 2444 acerbissima;
1254 2386 1309 2433 et
1355 2392 1509 2447 aqua:
1552 2376 1852 2445 absumpta:

247 2482 439 2539 erant,
472 2476 738 2530 exsiccata
773 2474 959 2539 herba,
991 2473 1207 2528 numina
1238 2470 1574 2537 defecerant,
1601 2468 1851 2524 horrida-

247 2582 358 2637 que
387 2576 504 2623 erat
547 2576 704 2622 terra:
750 2567 934 2634 facies,
974 2578 1201 2621 mortem
1252 2565 1538 2630 minitans;
1574 2562 1850 2631 famesque

252 2659 485 2715 ulterius
531 2658 830 2728 procedens
878 2659 1169 2725 s;eviebat,
1201 2658 1558 2713 miserrimam
1592 2655 1853 2710 inducens

247 2760 483 2807 mortem
512 2770 524 2803 :
551 2766 723 2822 neque
750 2753 827 2805 sic
869 2751 959 2806 ille
1010 2750 1236 2805 inﬂexus
1265 2760 1381 2813 est;
1416 2749 1511 2804 sed
1570 2748 1757 2804 abiens
1800 2749 1853 2803 in

248 2848 451 2901 tnontis
472 2846 753 2900 cacumine
774 2844 955 2900 sedem
988 2853 1197 2913 posuit,
1217 2859 1338 2898 cum
1364 2843 1646 2899 lndaicum
1679 2857 1853 2914 popu-

249 2939 368 2994 lum
392 2938 444 2993 in
476 2950 580 2992 tam
604 2953 820 3008 gravem
838 2938 1198 2992 calamitatem
1223 2948 1276 2992 et
1302 2936 1478 2991 tabem
1505 2936 1848 3006 conjecissct.

248 3031 364 3087 Sed
394 3031 656 3101 benignus
686 3031 846 3095 Deus,
866 3040 919 3085 et
938 3028 1223 3084 ittefi‘abilis
1250 3028 1470 3099 ejusque
1488 3027 1722 3090 bonitas,
1744 3037 1854 3082 tan-

247 3133 368 3177 trtn
409 3124 751 3177 severitatem
794 3136 899 3177 non
945 3121 1094 3186 tulit;
1123 3120 1218 3176 sed
1264 3121 1517 3191 quoniam
1553 3119 1646 3175 ille
1677 3118 1851 3189 ipsum

248 3215 465 3288 precari
506 3216 724 3271 nolebat
766 3225 822 3270 ttt
846 3216 1208 3271 calamitatem
1231 3215 1487 3280 auferret,
1516 3228 1638 3268 cum
1672 3224 1852 3269 tamen

244 3311 403 3365 Deus
428 3309 545 3363 sine
575 3310 667 3364 illo
698 3309 747 3363 id
781 3310 1041 3379 perficere
1068 3308 1267 3370 nollet;
1311 3306 1432 3361 vide
1484 3306 1611 3377 quid
1657 3310 1851 3360 factum

242 3403 325 3454 sit
352 3401 557 3471 rprimo
581 3415 703 3455 cum
736 3401 824 3454 illo
854 3416 966 3455 rem
994 3401 1375 3463 communicat,
1396 3407 1447 3453 et
1476 3409 1601 3453 tunc
1624 3420 1633 3467 ι
1656 3398 1854 3454 luviatn

247 3494 439 3548 mittit.
470 3493 652 3548 Viden'
682 3493 734 3547 iu
765 3492 799 3547 lt
823 3508 867 3548 :c
888 3494 1049 3547 etiam
1073 3493 1161 3547 Dei
1192 3493 1573 3563 benignitatem
1593 3504 1642 3546 et
1666 3492 1856 3547 huma-

246 3584 498 3648 nitatem,
526 3594 686 3654 atque
729 3585 989 3639 honorem
1020 3599 1126 3655 quo
1172 3595 1415 3638 sanctum
1450 3585 1619 3637 virum
1662 3599 1853 3655 prose-

244 3674 557 3746 quebatur?
583 3674 766 3744 Neque
814 3676 957 3731 enim
1008 3676 1156 3746 prius
1200 3676 1400 3730 imbres
1442 3676 1656 3739 emisit,
1689 3691 1849 3745 quam

247 3772 410 3826 illum
452 3780 595 3825 esset
650 3770 959 3841 alloquutus
986 3778 1041 3825 et
1069 3769 1195 3840 quid
1240 3768 1478 3825 futurum
1516 3778 1661 3824 esset
1689 3768 1860 3824 dixis-

248 3872 377 3927 set,
413 3862 709 3932 futui-mque
752 3862 900 3916 illum
930 3861 1075 3916 misit
1118 3876 1298 3916 rerum
1338 3860 1680 3916 abundanthe
1714 3877 1853 3932 prte-

246 3972 470 4011 conem.
496 3957 631 4023 Quia
681 3956 823 4012 enim
882 3971 979 4027 per
1022 3970 1146 4010 eum
1196 3956 1367 4011 tristia
1417 3966 1730 4022 evenerant,
1761 3972 1850 4010 vo-

250 4050 359 4105 luit
385 4051 541 4105 etiam
575 4052 836 4106 bonorum
870 4050 1221 4120 lmturttmque
1249 4051 1492 4103 nuntium
1526 4064 1668 4112 esse,
1693 4061 1855 4117 atque

246 4156 323 4196 ex
357 4149 540 4196 monte
592 4142 843 4196 eductum
891 4141 1038 4195 illum
1069 4140 1214 4195 misit
1244 4142 1333 4212 qui
1368 4142 1565 4211 ubique
1598 4142 1849 4196 imbrium

247 4233 546 4289 adventum
576 4248 626 4289 et
650 4245 979 4290 cessaturant
1008 4250 1130 4290 esse
1160 4236 1352 4290 famem
1385 4236 1719 4304 praediceret.
1757 4238 1854 4291 At-

253 4338 440 4383 tamen
466 4343 588 4383 cum
622 4329 835 4384 tandem
862 4329 1036 4401 pluvia
1065 4328 1376 4392 decidisset,
1410 4339 1464 4381 et
1494 4328 1641 4383 brevi
1674 4344 1852 4383 rerum

248 4419 497 4474 omnium
525 4420 677 4491 copia
705 4421 927 4478 advecta
970 4420 1195 4489 fuisset,
1235 4432 1591 4493 eongrcgatos
1635 4424 1725 4477 ille
1768 4439 1853 4477 sa-

247 4510 505 4567 cerdotes
536 4512 709 4567 Baulis
739 4528 964 4568 numero
989 4513 1432 4585 quadringentos,
1459 4516 1567 4569 imo
1591 4516 1849 4585 quadrin-

246 4616 446 4679 gentos
474 4616 529 4662 et
557 4607 826 4678 octoginta
876 4607 1141 4678 jttgulavit
1162 4648 1176 4671 ,
1205 4618 1257 4664 ct
1278 4610 1553 4681 sanguinis
1585 4620 1854 4667 torrentes

247 4697 453 4754 emisit.

326 4790 381 4845 4.
424 4789 560 4857 Quid
592 4790 707 4846 hare
737 4789 802 4845 ad
836 4790 1137 4846 institutum
1168 4794 1452 4848 nostrum?
1482 4792 1559 4849 Ne
1583 4795 1850 4866 turberis,

245 4902 285 4938 ο
318 4884 547 4946 dilecte;
578 4884 643 4938 ad
674 4885 843 4954 ipsam
875 4886 1140 4941 dictorum
1165 4903 1431 4944 summam
1459 4890 1567 4956 jam
1596 4906 1847 4962 propero.

244 4975 540 5046 Postquam
572 4978 713 5032 enim
761 4978 1031 5033 flammant
1084 4980 1226 5033 illam
1284 4996 1315 5035 e
1371 4980 1507 5035 cmlo
1561 4983 1747 5049 duxit,
1796 4994 1851 5041 et

247 5068 534 5121 victoriam
558 5069 1337 5141 reportavit,splendidutnquc
1366 5087 1625 5142 tropmutn
1652 5078 1846 5143 erexit,

244 5174 314 5213 ac
345 5159 686 5213 sacerdouun
717 5159 918 5215 ctedem
948 5162 1176 5230 patravit
1198 5203 1211 5224 ,
1243 5164 1372 5217 abiit
1417 5166 1657 5235 gaudens
1686 5178 1737 5220 et
1782 5169 1851 5223 de

243 5252 420 5321 gestis
450 5252 732 5321 magnifice
760 5254 1018 5307 sentiens.
1056 5254 1196 5307 Misit
1230 5256 1294 5309 ad
1325 5256 1472 5311 illum
1504 5274 1639 5312 uxor
1670 5260 1849 5314 Acha-

245 5344 372 5405 abi,
423 5344 761 5398 meretricula
807 5344 929 5399 vilis
962 5358 1017 5401 et
1063 5348 1397 5416 Sperncnda,
1450 5348 1683 5407 dicens:
1722 5353 1849 5409 llwc

247 5440 443 5508 furium
476 5440 598 5491 milii
632 5440 703 5491 dii
728 5478 743 5503 ,
772 5450 816 5493 et
847 5440 955 5494 hac
999 5440 1195 5494 addant
1217 5484 1229 5505 ,
1258 5445 1304 5496 si
1344 5461 1441 5497 nou
1486 5463 1701 5514 posuero
1733 5466 1847 5503 cras

244 5530 473 5582 mimum
540 5544 681 5582 trium
730 5530 858 5582 sicut
916 5548 1072 5585 unum
1124 5549 1187 5586 ea:
1238 5534 1316 5587 Itis
1360 5538 1724 5591 sacerdotibus.
1780 5539 1845 5593 Et

243 5629 413 5676 (nituit
442 5624 529 5677 ille
548 5666 561 5687 ,
589 5635 637 5677 et
668 5623 801 5694 fugit
829 5624 959 5677 vium
996 5626 1338 5694 quadraginta
1370 5626 1567 5681 dierum
1598 5630 1675 5698 (5.
1714 5630 1845 5701 licg,

244 5717 335 5772 t9.
362 5716 415 5773 2.
455 5716 531 5788 3).
566 5718 705 5786 Quid
734 5717 907 5788 ergo?
950 5720 1127 5771 anima
1179 5719 1266 5772 illa
1294 5721 1485 5773 czelum
1529 5722 1800 5792 attingens
1825 5767 1839 5791 ,

242 5808 291 5864 is
319 5811 406 5880 qui
434 5818 602 5865 latum
630 5809 889 5864 mundum
913 5809 1265 5879 despiciebat,
1290 5812 1376 5880 qui
1410 5810 1606 5868 famem
1641 5824 1839 5870 tantam

239 5913 673 5978 contempserat,
724 5903 816 5975 qui
861 5911 1047 5959 contra
1099 5920 1279 5977 regem
1312 5917 1599 5977 tyrannum
1652 5907 1841 5978 hujus~

927 410 943 463 |
984 406 1286 474 llOillLlA,
1326 403 1513 476 QUOD
1555 394 2023 468 FliEQUENTElt
2060 396 2608 457 CUNVENIENDUM
2648 394 2777 468 Si'l',
2823 402 2975 459 ETC.

3455 409 3566 466 866

1962 513 2107 569 modi
2141 515 2527 580 insnrrexerat,
2569 516 2661 585 qui
2707 515 2897 571 caelum
2944 518 3211 576 clauserat
3246 530 3302 577 et
3327 537 3561 593 aperue-

1954 616 2072 674 rat,
2098 606 2190 675 qui
2249 620 2393 660 nunc
2437 607 2706 676 pluviam,
2740 623 2882 665 nunc
2919 608 3191 668 flammam
3238 612 3563 685 deduxerat,

1952 698 2044 770 qui
2082 707 2291 753 naturae
2324 700 2680 756 necessitates
2716 702 3169 773 conculcaverat,
3211 707 3303 779 qui
3346 711 3565 767 concuti

1954 806 2064 847 non
2103 800 2350 864 poterat,
2394 800 2449 848 et
2489 793 2690 863 ubique
2734 794 3045 851 confidebat
3089 814 3104 853 :
3153 794 3244 854 hic
3288 810 3563 872 repente,

1954 893 2077 957 post
2106 893 2183 940 tot
2212 885 2476 956 praeclare
2503 896 2655 957 gesta
2674 926 2690 952 ,
2722 897 2841 955 post
2870 896 3073 944 tantam
3097 888 3373 960 fiduciam,
3402 896 3565 951 unius

1956 978 2258 1035 fornicariai
2297 979 2492 1051 puellae
2535 982 2741 1049 minas,
2797 986 2967 1041 verbo
3024 995 3234 1043 tantum
3283 988 3562 1060 prolatas,

1955 1088 2063 1129 non
2094 1074 2246 1139 tulit,
2287 1074 2385 1131 sed
2416 1074 2673 1147 profugus
2696 1086 2752 1133 et
2777 1078 2931 1133 exsul
2963 1078 3202 1136 efficitur
3222 1122 3238 1148 ,
3271 1083 3337 1138 ad
3370 1081 3561 1139 deser—

1957 1176 2069 1221 tnm
2106 1166 2383 1237 confugit,
2425 1178 2482 1224 et
2529 1168 2884 1242 quadraginta
2927 1172 3139 1229 dierum
3184 1175 3288 1230 iter
3334 1177 3563 1231 recedit.

1956 1261 2215 1331 Quaenam
2263 1264 2424 1333 igitur
2469 1263 2628 1335 hujus
2670 1267 2749 1321 rei
2798 1282 2962 1323 causa
3016 1269 3146 1325 est?
3198 1269 3341 1326 Deus
3393 1273 3563 1341 gratia

1956 1368 2051 1409 sua
2091 1353 2313 1410 nudavit
2353 1355 2525 1420 illum,
2553 1364 2609 1412 et
2651 1365 2773 1413 tunc
2804 1361 3053 1430 apparuit
3087 1370 3293 1418 natura:
3339 1363 3565 1419 infirmi-

1959 1454 2041 1500 tas
2074 1464 2087 1500 :
2122 1455 2521 1502 monstraverat
2551 1448 2693 1504 Deus
2729 1451 3048 1521 prophetam
3072 1495 3087 1515 ,
3140 1456 3464 1509 monstravit
3510 1469 3565 1510 et

1957 1539 2233 1595 hominem
2260 1583 2275 1604 ,
2330 1552 2387 1595 ut
2413 1542 2687 1598 discerent
2718 1559 2779 1599 ea
2808 1560 2931 1616 qua:
2974 1559 3100 1600 tunc
3126 1557 3274 1617 gesta
3315 1547 3527 1603 fuerant
3547 1591 3563 1613 ,

1956 1634 2150 1705 gratia:
2203 1649 2339 1704 opus
2372 1634 2563 1690 fuisse.
2614 1636 2741 1692 Haec
2800 1654 2962 1708 porro
3000 1638 3263 1705 faciebat,
3317 1651 3376 1698 ut
3414 1642 3565 1698 illmu

1956 1726 2023 1779 ad
2072 1726 2284 1781 veniant
2348 1728 2563 1783 czrteris
2624 1731 3031 1786 concedendam
3074 1748 3303 1804 pronum
3363 1735 3563 1790 redde-

1959 1828 2063 1883 ret,
2085 1829 2247 1890 utque
2264 1823 2626 1891 arrogantiam
2652 1838 2716 1877 ex
2747 1826 3005 1894 praeclare
3024 1827 3193 1897 gestis
3222 1838 3428 1899 partam
3448 1846 3566 1885 suc-

1958 1912 2160 1968 cideret
2183 1923 2236 1969 et
2252 1913 2551 1969 cohiberet.
2584 1916 2737 1985 Quod
2764 1928 2943 1974 autem
2984 1935 3236 1991 magnum
3283 1922 3562 1994 quidpiam

1957 2003 2026 2059 de
2052 2019 2112 2060 se
2140 2006 2363 2061 sentiret
2392 2014 2446 2061 et
2477 2004 2864 2078 imaginaretur
2884 2051 2900 2076 ,
2930 2010 3185 2081 quodque
3214 2022 3402 2067 contra
3428 2015 3567 2070 alios

1957 2097 2505 2168 omnesinsurgeret;
2538 2099 2687 2154 illum
2718 2099 2894 2171 ipsum
2920 2102 2996 2157 rei
3030 2111 3222 2159 testem
3252 2104 3409 2161 vobis
3437 2122 3564 2177 pru-

1958 2185 2149 2242 feratn.
2183 2189 2315 2246 Cum
2347 2192 2490 2246 enim
2535 2192 2674 2246 Deus
2706 2193 2878 2262 ipsum
2907 2194 3079 2260 adiit,
3121 2204 3177 2249 et
3206 2196 3566 2267 interrogavit

1958 2296 2055 2337 cur
2084 2282 2185 2336 isto
2212 2283 2265 2337 in
2294 2282 2414 2338 loco
2442 2291 2769 2351 versaretur,
2799 2286 2987 2340 dicens
3020 2303 3034 2341 :
3069 2288 3207 2355 Quid
3234 2288 3323 2342 tibi
3344 2290 3426 2343 hic
3451 2300 3525 2344 est
3548 2332 3562 2352 ,

1959 2390 1989 2428 ο
2037 2373 2153 2428 Elia
2190 2376 2247 2447 (ὅ
2273 2375 2403 2446 Reg.
2430 2375 2514 2431 l9.
2552 2376 2691 2446 ιδῃ
2720 2377 2846 2432 illud
2878 2391 3026 2441 vero,
3057 2378 3196 2446 Quid
3222 2380 3309 2434 tibi
3336 2380 3418 2434 hic
3450 2382 3568 2435 est?
3664 2386 3670 2395 '

1961 2468 2331 2538 interrogavit,
2382 2484 2489 2523 non
2546 2478 2602 2523 ut
2644 2470 2758 2540 ipse
2804 2471 3075 2539 disceret,
3124 2473 3220 2527 sed
3262 2483 3320 2528 ut
3368 2490 3563 2528 arcana

1960 2563 2159 2618 mentis
2208 2563 2374 2633 ipsius
2422 2564 2580 2620 nubis
2629 2565 2926 2631 revelaret;
2972 2580 3094 2621 nam
3124 2567 3287 2623 etiam
3315 2565 3568 2623 Christus

1958 2670 2082 2710 cum
2119 2656 2479 2711 Cltananmam
2529 2657 2912 2729 interrogavit,
2970 2674 3077 2715 non
3137 2660 3187 2715 id
3240 2660 3564 2716 fecitutdi-

1960 2757 2160 2809 sceret.
2208 2748 2304 2803 sed
2331 2757 2388 2803 ut
2417 2748 2538 2803 fidei
2573 2751 2888 2806 thesaurum
2920 2754 2970 2805 in
3006 2754 3116 2823 ipsa
3147 2754 3442 2823 repositum
3469 2769 3569 2808 nos

1960 2840 2179 2896 doceret
2232 2858 2247 2895 :
2296 2840 2591 2914 interrogat
2656 2841 2815 2914 igitur
2874 2842 3024 2899 illum
3067 2860 3165 2899 cur
3205 2853 3412 2899 tantum
3466 2845 3570 2900 iter

1961 2933 2290 3002 susceperit,
2340 2948 2404 2987 ac
2447 2934 2648 2989 relictis
2686 2936 2910 2990 urbibus
2938 2948 2991 2991 et
3037 2937 3248 3007 p0pnlis
3291 2937 3566 2992 desertum

1961 3026 2246 3095 delegerit,
2294 3041 2401 3079 non
2446 3036 2502 3080 ut
2534 3027 2649 3096 ipse
2690 3028 2923 3083 disceret
2952 3045 2965 3082 :
2994 3029 3269 3100 quomodo
3297 3031 3439 3086 enim
3476 3032 3568 3102 qui

1961 3117 2142 3171 omnia
2187 3116 2429 3171 sciebat?
2478 3118 2574 3173 sed
2617 3128 2675 3174 ut
2708 3134 2805 3174 nos
2850 3119 3069 3176 doceret
3116 3136 3213 3192 per
3260 3123 3573 3193 responsio-

1964 3226 2085 3266 nem
2115 3210 2232 3281 ejus
2258 3220 2467 3266 secreta
2497 3212 2694 3268 mentis
2724 3213 2912 3283 ipsius,
2941 3214 2994 3269 e't
3023 3214 3166 3286 quod
3193 3214 3309 3286 ipse
3341 3225 3397 3270 ut
3439 3231 3575 3287 per-

1965 3302 2283 3357 tet-refactus
2335 3304 2389 3358 in
2442 3302 2791 3360 formidinem
2841 3305 3138 3371 incideret;
3200 3307 3568 3378 permisisset,

1963 3409 2069 3448 non
2101 3394 2433 3464 impulisset;
2484 3396 2863 3461 concessisset,
2912 3413 3086 3467 neque
3134 3408 3389 3468 operatus
3438 3399 3571 3453 fuis-

1960 3497 2064 3555 set,
2101 3488 2196 3543 sed
2229 3488 2483 3543 nudasset
2515 3489 2663 3543 illum
2695 3492 2863 3559 gratia
2898 3500 3103 3545 tantum
3135 3532 3152 3557 ,
3182 3503 3235 3547 et
3268 3492 3359 3547 ille
3390 3491 3567 3546 victus

1961 3593 2108 3638 esset
2139 3601 2151 3636 :
2183 3599 2304 3638 cum
2349 3599 2482 3653 ergo
2526 3582 2785 3649 dixisset,
2825 3583 2964 3651 Quid
2993 3584 3082 3638 tibi
3108 3584 3191 3639 hic
3217 3627 3232 3653 ,
3268 3584 3425 3639 Elia?
3465 3602 3568 3639 an-

1960 3674 2176 3729 diantus
2214 3675 2341 3745 quid
2389 3677 2476 3729 ille
2518 3675 2758 3729 dixerit:
2817 3676 3015 3730 Attnn'a
3060 3684 3148 3729 tua
3188 3678 3491 3742 diruerant,
3526 3688 3575 3731 et

1964 3766 2237 3836 proiihctas
2272 3778 2382 3819 tuos
2413 3767 2749 3831 occiderunt;
2779 3777 2823 3820 et
2854 3784 2946 3838 ego
2973 3768 3179 3822 relictus
3208 3785 3323 3823 sum
3352 3768 3491 3822 solus
3518 3779 3570 3821 ct

1961 3870 2192 3929 quierunt
2222 3860 2446 3912 animum
2477 3877 2639 3913 meum
2675 3860 2749 3930 (5.
2787 3858 2909 3931 Reg.
2948 3860 3033 3914 19.
3062 3859 3175 3931 η).
3211 3859 3565 3931 Viden'quutl

1961 3968 2151 4007 omnes
2197 3952 2423 4023 periisse
2464 3966 2673 4022 putaret
2695 3995 2711 4021 ,
2755 3964 2809 4007 et
2839 3968 2897 4007 se
2940 3952 3117 4007 Solum
3147 3968 3433 4021 superesse
3458 3996 3472 4018 ,
3504 3970 3574 4011 ac

1964 4056 2084 4115 post
2126 4046 2273 4099 illtnn
2331 4046 2532 4099 nullum
2564 4060 2687 4100 esse
2733 4046 2937 4099 alium?
2989 4045 3131 4115 quod
3180 4045 3332 4100 illum
3375 4047 3427 4100 in
3478 4061 3568 4100 ar-

1964 4139 2260 4207 rogantiam
2321 4137 2594 4193 deducere
2650 4139 2903 4208 paulatim
2978 4147 3208 4207 poterat.
3334 4135 3571 4207 Ideoque

1968 4231 2126 4293 flens,
2160 4242 2217 4284 ut
2245 4230 2381 4286 hanc
2415 4230 2601 4284 falsam
2631 4230 2749 4299 ejus
2775 4231 3090 4300 opinio;,etn
3120 4238 3422 4294 amoveret,
3452 4229 3526 4284 ait
3554 4247 3567 4282 :

1965 4325 2168 4393 Reliqui
2196 4326 2318 4379 mihi
2351 4335 2538 4393 septem
2564 4326 2724 4379 millia
2750 4324 3097 4394 virorum,qui
3123 4342 3254 4395 genu
3276 4342 3377 4378 non
3404 4326 3568 4394 ﬂexe-

1962 4428 2081 4471 runt
2123 4429 2239 4471 aute
2268 4417 2401 4471 Bouf
2432 4416 2596 4482 (Ibid.
2633 4434 2678 4471 υ.
2730 4417 2839 4487 18).
2887 4417 3150 4482 Quoniam
3200 4416 3362 4486 igitur
3403 4417 3567 4471 etiam

1960 4509 2177 4580 quando
2226 4509 2525 4563 siccitatem
2586 4508 2918 4573 induxerat,
2973 4508 3089 4578 ipse
3148 4512 3460 4578 perstiterat
3515 4520 3566 4562 ut

1962 4602 2244 4671 castigatio
2288 4602 2377 4657 illa
2408 4612 2734 4671 augeretur,
2768 4614 2823 4656 et
2856 4615 3037 4671 postea
3082 4602 3150 4656 de
3181 4602 3360 4672 scipso
3402 4603 3567 4656 altum

1962 4696 2237 4767 sapiebat,
2294 4711 2357 4750 ac
2398 4697 2442 4749 si
2490 4698 2639 4751 solus
2681 4708 2824 4751 esSet
2864 4698 2916 4750 in
2972 4706 3115 4751 terra
3164 4698 3295 4751 tanti
3341 4699 3517 4752 meriti
3556 4722 3568 4755 :

1963 4791 2207 4863 permisit
2237 4791 2375 4845 Deus
2417 4799 2473 4843 ttt
2502 4791 2830 4846 inﬁrmitatis
2868 4806 2977 4846 sum
3010 4808 3231 4847 sensum
3261 4802 3314 4847 et
3350 4794 3569 4861 experi-

1962 4896 2201 4941 mentum
2246 4895 2501 4955 caperet,
2534 4886 2736 4940 docens
2788 4896 2921 4955 quot
2966 4899 3150 4941 essent
3199 4888 3288 4957 qui
3338 4888 3569 4941 salutent

1959 4991 2440 5051 Consequerentur,
2462 4996 2553 5050 per
2585 4980 2701 5034 lucc
2729 4982 2891 5034 ambo
2935 4981 3051 5050 ejus
3100 4982 3339 5036 animum
3388 4981 3563 5051 depri-

1962 5088 2135 5137 mens,
2164 5074 2505 5143 snadensqne
2552 5084 2604 5127 ut
2639 5076 2837 5142 ubique
2889 5075 3132 5129 modeste.
3173 5086 3396 5145 ageret,
3421 5086 3474 5129 et
3500 5077 3568 5131 ad

1962 5166 2344 5235 igllOSCcmillllt
2378 5167 2587 5219 exteris
2619 5184 2817 5237 protrUs
2846 5177 3013 5231 esset,
3048 5182 3112 5221 ac
3144 5169 3261 5221 zelo
3289 5181 3389 5221 suo
3420 5166 3573 5222 beni-

1960 5259 2220 5328 gnitatem
2254 5259 2599 5312 adtniseeret.

2033 5351 2085 5407 5.
2118 5350 2265 5404 Petri
2308 5352 2506 5421 lapsus.
2537 5382 2609 5391 —
2636 5351 2789 5420 Quod
2820 5353 2863 5407 si
2888 5352 3123 5408 volueris
3149 5351 3340 5408 eadem
3370 5355 3485 5423 ipsa
3515 5355 3570 5411 iu

1957 5442 2108 5498 Novo
2148 5442 2502 5499 Testamento
2550 5443 2762 5510 videre,
2812 5459 3027 5498 rursum
3060 5444 3153 5498 tibi
3201 5446 3524 5516 coryplitcos
3552 5488 3567 5513 ,

1959 5547 2153 5603 turres,
2188 5547 2635 5609 propugnatores,
2674 5548 2728 5594 et
2755 5540 3025 5609 principes
3054 5540 3142 5608 qui
3188 5538 3273 5594 bic
3306 5538 3565 5606 floruere,

1958 5631 2009 5683 itt
2058 5629 2293 5684 medium
2342 5630 2611 5686 adducere
2669 5632 3005 5686 conabimur.
3051 5632 3204 5686 Sicut
3248 5632 3467 5703 Moysen
3514 5642 3567 5685 ct

1959 5721 2131 5778 Eliatn
2161 5722 2514 5788 ostendimus,
2549 5724 2626 5779 sic
2659 5724 2856 5779 Paulus
2895 5734 2949 5779 et
2976 5724 3169 5780 Petrus
3198 5725 3249 5779 in
3282 5725 3432 5779 Novo
3458 5725 3567 5780 Tc-

1956 5825 2224 5872 stamento
2239 5826 2626 5873 monstrantur.
2642 5818 3109 5886 Quemadmodum
3126 5820 3270 5874 enim
3290 5818 3564 5881 illiambo,

1958 5912 2093 5967 alius
2124 5910 2356 5983 lEgyplii
2404 5915 2583 5983 unius,
2638 5915 2777 5971 alius
2826 5916 3128 5973 meretricis
3179 5914 3339 5971 unius
3391 5917 3568 5973 minas
