4122 6422
680 397 771 451 HI
1464 388 1519 442 S.
1547 383 1822 441 JUAXi‘ilS
1858 378 2331 439 CHRYSOSTUW
2374 381 2688 437 ARCHlEP.
2733 380 3269 438 CONSTANTlNOl’.

680 510 882 578 impetu
903 511 1230 565 manantem,
1258 514 1349 568 per
1370 508 1538 551 ιιιιιιιιι
1558 496 1658 551 iter
1682 493 2030 551 exliibuistis:
2060 502 2113 548 ct
2134 507 2250 547 sur-

680 614 798 654 sum
821 596 1035 668 quidem
1064 595 1112 648 in
1131 592 1317 649 ca-lum
1335 590 1655 659 aspicientes
1673 589 1851 643 lunam
1873 586 2181 641 videbamus
2200 593 2254 640 et

678 692 861 746 stellas
893 692 943 744 in
974 687 1170 750 ini-dio,
1204 685 1338 738 infra
1388 698 1517 738 vero
1563 682 1799 737 ﬁdelium
1830 679 2249 741 multitudinem,

676 798 730 839 et
750 787 868 840 luna
888 778 1299 853 splendidiorem
1319 779 1371 833 in
1396 777 1571 834 medio
1591 775 1982 847 lmperatricem
2013 782 2250 827 euntem.

679 878 825 930 Sicut
847 877 987 929 enim
1007 871 1178 927 stellae
1210 870 1491 925 inferiores
1517 865 1913 938 prmstantiores
1939 872 2064 918 sunt
2094 876 2253 931 supe-

681 967 946 1027 rioribus;
988 964 1066 1017 sic
1093 970 1149 1017 et
1195 961 1307 1015 lucc
1340 962 1504 1013 multo
1531 959 1700 1013 lartior
1726 967 1775 1011 et
1805 954 2110 1027 prteclarior
2135 963 2252 1008 crat

678 1058 783 1113 illa.
814 1055 950 1123 Quid
978 1054 1119 1109 enim
1143 1054 1166 1107 ‘i
1197 1062 1399 1107 tantmn
1422 1060 1506 1106 est
1533 1050 1674 1114 luna,
1694 1048 1737 1102 si
1765 1055 2105 1117 comparetur
2126 1058 2249 1098 cum

673 1152 877 1211 anima,
910 1149 961 1201 in
989 1146 1244 1215 dignitate
1272 1152 1414 1198 tanta
1447 1142 1754 1204 constituta,
1786 1148 1930 1193 tanta
1963 1136 2066 1190 ﬁde
2092 1151 2251 1190 orna-

674 1240 763 1293 ta?
793 1239 927 1307 Quid
958 1239 1098 1291 enim
1121 1237 1237 1306 qui»
1261 1236 1310 1289 in
1335 1234 1420 1287 illa
1450 1232 1597 1302 prius
1626 1228 1957 1285 admiretur?
1977 1245 2043 1283 an
2075 1228 2247 1281 zelum

674 1334 790 1401 ipso
804 1336 922 1401 igne
936 1330 1307 1385 l’erventiorem
1322 1325 1344 1379 ἲ
1360 1342 1425 1379 an
1445 1325 1602 1379 ﬁdem
1621 1323 1900 1377 adamante
1922 1320 2248 1375 ﬁrmiorem?

671 1440 738 1477 an
767 1422 1138 1476 contritionem
1162 1418 1321 1472 animi
1349 1428 1401 1472 et
1429 1416 1800 1479 humilitatem,
1825 1428 1926 1483 qua
1955 1427 2141 1467 omnes
2158 1428 2247 1466 su-

672 1515 911 1585 peravit?
940 1514 1221 1581 Imperium
1242 1508 1777 1581 quidem,diademata
1804 1518 1856 1563 et
1876 1523 2090 1563 onmem
2122 1507 2246 1562 hinc

668 1607 796 1660 oriri
840 1606 1050 1661 solitum
1094 1605 1284 1660 fastum
1333 1602 1765 1659 constantissime
1805 1602 2039 1671 abjccit;
2074 1602 2247 1657 induit

672 1714 801 1753 vero
828 1714 924 1769 pro
943 1713 1172 1769 purpura
1197 1697 1510 1751 humilitatis
1533 1705 1754 1760 vestem,
1775 1705 1827 1748 et
1846 1710 1940 1764 per
1966 1696 2105 1749 hanc
2136 1711 2245 1748 ma-

667 1794 750 1862 gis
800 1792 1129 1862 resplendet.
1174 1791 1305 1846 Nam
1349 1791 1712 1861 imperatrices
1742 1789 1951 1858 quidem
1983 1787 2162 1842 multa:
2194 1799 2243 1840 et

656 1897 811 1951 stupe
832 1880 1063 1949 fuerunt,
1092 1896 1209 1951 quae
1235 1882 1398 1936 vestis
1422 1891 1474 1935 et
1500 1881 1857 1934 diadematum
1875 1891 1927 1934 et
1956 1882 2241 1949 imperato-

668 1975 759 2027 ria:
804 1974 986 2043 gloria:
1032 1974 1204 2027 solum
1236 1974 1522 2042 participes
1566 1972 1782 2026 fuerunt
1813 1988 1827 2024 :
1861 1971 2022 2041 hujus
2063 1982 2237 2026 autem

664 2069 831 2122 solius
856 2068 955 2122 fuit
980 2068 1216 2123 eximius
1247 2067 1335 2121 ille
1362 2076 1604 2131 ornatus,
1634 2067 1801 2119 solius
1828 2065 1930 2118 hoc
1959 2074 2233 2133 tropzcum.

667 2161 792 2214 llzrc
842 2175 1072 2229 namque
1131 2158 1241 2214 sola
1293 2159 1603 2227 imporatrix
1649 2172 1768 2210 rum
1818 2165 1963 2209 tanto
2013 2154 2237 2221 honore,

665 2252 840 2327 studio
867 2237 1035 2321 atque
1056 2252 1251 2321 pietate
1279 2261 1543 2321 martyres
1567 2251 1817 2305 comitata
1856 2259 1959 2311 cst,
1992 2248 2129 2318 plebi
2161 2248 2241 2301 in-

665 2347 1095 2409 teriuixta,cum
1142 2345 1430 2398 satellitum
1477 2358 1635 2397 omne
1679 2345 1993 2407 amovisset,
2028 2353 2080 2397 et
2130 2342 2239 2397 fere

662 2454 874 2492 munem
903 2437 1220 2491 conditionis
1271 2436 1676 2506 iurequalitatem
1710 2449 1828 2488 cum
1876 2434 2038 2488 multa
2082 2448 2229 2488 exsu-

667 2529 900 2596 perantia
940 2529 1241 2597 ahjecisset.
1272 2525 1393 2580 Iden
1421 2539 1526 2579 non
1569 2524 1741 2579 minus
1770 2541 1926 2594 quam
1980 2535 2237 2596 martyres

663 2621 857 2687 populo
904 2619 1119 2688 profuit.
1157 2615 1619 2684 Quemadmodum
1666 2615 1807 2667 enim
1857 2615 2115 2684 reliquias
2155 2630 2239 2669 as-

663 2712 933 2781 piciebant
969 2725 1157 2764 omnes
1180 2753 1193 2777 ,
1228 2711 1297 2763 ita
1326 2709 1441 2778 ejus
1486 2710 1850 2763 assiduitatem
1902 2710 2237 2775 mirabantur

659 2813 714 2855 et
742 2801 934 2856 divites
964 2810 1018 2856 et
1053 2816 1333 2871 pauperes,
1370 2801 1610 2855 videntes
1642 2802 1786 2854 illam
1817 2804 1933 2855 sine
1962 2802 2233 2855 intermis-

658 2894 809 2947 sione
837 2908 930 2962 per
958 2902 1162 2947 tantum
1208 2892 1305 2945 via:
1352 2893 1582 2960 Spatium
1610 2892 1819 2946 ossibus
1845 2893 2232 2958 adhaerentem,

647 3002 760 3039 nec
790 3002 1037 3055 umquam
1057 2984 1324 3039 defessam
1350 2984 1428 3037 vel
1460 2983 1806 3048 resilientem,
1830 2984 1921 3039 sed
1940 2999 2078 3040 arcm
2097 3000 2237 3040 sem-

662 3093 754 3146 per
782 3077 1099 3130 adstantem.
1128 3076 1412 3146 Propterea
1443 3085 1493 3129 Ic
1544 3077 1749 3129 beatam
1798 3076 2086 3145 priedieare
2130 3093 2235 3131 non

658 3184 961 3234 cessamus;
996 3183 1167 3238 neque
1209 3183 1307 3222 nos
1352 3178 1576 3233 tantmn,
1610 3161 1704 3221 scil
1746 3170 1904 3224 etiam
1931 3168 2117 3225 futura:
2140 3185 2236 3242 ge-

662 3262 970 3315 nerationes
996 3275 1204 3314 omnes.

730 3355 783 3406 5.
804 3352 933 3406 Nam
956 3368 1073 3422 qua:
1099 3351 1183 3405 hic
1198 3361 1345 3422 gesta
1369 3350 1723 3407 suntaudient
1742 3352 1873 3407 ﬁnes
1892 3352 2035 3407 orbis
2060 3365 2111 3410 et
2126 3363 2235 3412 tota

656 3456 907 3517 quantam
931 3446 1015 3500 sol
1044 3448 1262 3515 respiclt
1294 3454 1471 3511 terra;
1504 3446 1725 3499 audient
1746 3447 1871 3499 item
1904 3447 1978 3499 illi
2004 3448 2093 3517 qui
2117 3458 2237 3518 post

657 3556 755 3593 nos
776 3538 937 3593 futuri
965 3548 1104 3604 sunt,
1132 3548 1183 3593 et
1211 3538 1299 3608 qui
1333 3547 1452 3607 post
1474 3539 1626 3605 illos;
1656 3552 1719 3593 ac
1747 3554 1860 3593 rem
1890 3550 2095 3610 gestam
2118 3542 2235 3597 nul-

657 3631 770 3683 lum
800 3639 1008 3697 tempus
1034 3629 1285 3683 oblivioni
1309 3629 1581 3682 mandabit
1598 3669 1613 3694 ,
1632 3629 1739 3683 Deo
1759 3630 1952 3700 ubique
1972 3641 2232 3686 terrarum

662 3732 714 3774 et
745 3737 837 3790 per
865 3736 1053 3777 OlllllCS
1101 3720 1305 3775 futuras
1349 3723 1725 3791 generationes
1772 3738 1885 3777 rem
1917 3738 2035 3776 cum
2065 3726 2233 3778 multo

660 3811 942 3879 splendore
956 3812 1286 3867 celebrante.
1298 3810 1350 3867 Si
1369 3813 1511 3866 enim
1531 3813 1767 3867 mulieris
1789 3815 2086 3869 meretricis
2102 3831 2235 3885 opus

656 3906 723 3956 ad
749 3905 1006 3958 terminos
1029 3919 1193 3975 usque
1208 3904 1355 3958 orbis
1382 3905 1684 3959 annuntiari
1701 3906 1907 3959 curavit
1935 3916 1988 3960 et
2018 3907 2236 3961 immor-

658 3996 777 4050 talis
796 3998 1064 4049 memoria:
1091 3997 1322 4051 reddidit
1347 4014 1361 4051 :
1390 3997 1556 4051 multo
1585 3999 1751 4067 magis
1770 4000 2234 4070 modestte,gravis

654 4097 709 4140 et
725 4088 1155 4153 castwmulicris,
1174 4104 1292 4157 qua:
1313 4089 1365 4142 in
1386 4089 1613 4158 Imperio
1629 4101 1829 4143 tantam
1849 4093 2089 4146 exhibuit
2118 4094 2233 4161 pie-

653 4190 840 4249 tatem,
859 4195 964 4236 ιιοιι
994 4184 1133 4237 sinet
1152 4197 1287 4252 opus
1306 4183 1500 4242 latere;
1529 4182 1622 4236 sed
1658 4192 1708 4237 te
1738 4184 1943 4237 beatam
1975 4186 2231 4254 prtedira-

652 4276 786 4329 bunt
814 4289 1022 4339 omnes,
1042 4275 1185 4343 quod
1212 4285 1425 4328 sanctos
1457 4274 1689 4344 hospitio
1709 4275 1965 4345 excipias,
1984 4278 2125 4346 quod
2147 4293 2233 4331 ec-

657 4367 835 4421 clesiis
872 4367 1241 4435 patrocineris,
1287 4366 1428 4436 quo‘d
1458 4370 1573 4421 telo
1605 4369 1777 4436 parsis
1808 4366 2085 4438 apostolis.
2118 4370 2230 4425 Etsi

654 4458 797 4511 enim
828 4466 1071 4511 naturam
1094 4458 1280 4511 sortita
1310 4472 1372 4512 es
1402 4456 1685 4512 femineam
1707 4497 1723 4523 ,
1755 4468 1808 4512 at
1837 4460 1963 4514 licet
1993 4460 2083 4514 tibi
2111 4476 2231 4516 cum

654 4549 910 4619 apostolis
931 4551 1094 4619 gestis
1134 4559 1465 4605 C(tttCt'l'L‘tl‘c.
1486 4550 1923 4620 Quandoquidem
1953 4561 2076 4607 tunc
2098 4568 2232 4623 quo-

655 4656 757 4711 que
783 4641 868 4695 illa
901 4641 1103 4696 Phtnbe
1133 4641 1305 4711 (Rom.
1329 4644 1413 4697 l6.
1433 4644 1510 4713 l),
1528 4660 1647 4713 quae
1668 4642 1943 4699 doctorem
1962 4645 2106 4700 orbis
2135 4661 2233 4702 ex-

644 4734 1037 4803 cepit,ipsique
1064 4735 1390 4803 patrocinata
1408 4748 1513 4802 est,
1545 4736 1739 4791 mulier
1760 4737 2127 4809 eratcjustlem
2156 4750 2235 4798 too

650 4841 774 4881 cum
796 4834 1019 4893 natur-re,
1036 4836 1089 4879 et
1108 4834 1285 4881 tamen
1307 4844 1473 4897 usque
1494 4829 1630 4883 adeo
1643 4830 1804 4895 fulsit,
1825 4838 1881 4883 ut
1896 4843 2115 4887 sanctus
2140 4833 2231 4890 ille

657 4917 783 4972 cmlo
809 4916 1002 4989 dignus
1024 4928 1079 4972 et
1111 4920 1474 4987 apostolorum
1503 4922 1739 4974 omnium
1773 4926 2039 4978 maximus
2062 4926 2229 4993 ipsam

649 5010 946 5065 celebraret
974 5025 1037 5065 ac
1066 5009 1287 5077 diceret,
1309 5012 1512 5066 Adstitit
1541 5014 1733 5082 multis,
1753 5025 1797 5068 et
1820 5017 1942 5069 milii
1972 5018 2088 5089 ipsi.
2110 5018 2227 5073 Pri-

650 5101 800 5156 scilla
830 5118 1040 5174 quoque
1074 5103 1313 5157 feminini
1340 5119 1500 5159 sexus
1525 5117 1638 5160 erat
1666 5124 1681 5162 :
1710 5123 1889 5162 verum
1910 5110 1958 5163 id
1993 5128 2098 5164 nou
2122 5112 2227 5166 im-

653 5195 956 5262 pedimento
979 5195 1098 5261 fuit,
1119 5198 1246 5267 quin
1281 5198 1364 5250 illa
1392 5198 1753 5254 celebraretur
1775 5210 1825 5254 ct
1848 5200 1978 5271 quin
1999 5204 2224 5259 immor-

651 5286 772 5339 talis
792 5286 906 5356 ejus
928 5295 1071 5341 esset
1096 5290 1372 5344 memoria.
1393 5290 1540 5346 Alius
1568 5306 1778 5363 quoque
1803 5304 1929 5350 tunc
1960 5308 2076 5350 erat
2104 5314 2225 5353 mu-

652 5381 840 5434 lierum
855 5381 1075 5449 chorus,
1088 5398 1205 5451 qua:
1222 5382 1381 5437 vitam
1404 5382 1668 5439 ducebant
1685 5388 2051 5455 apostolicam.
2071 5390 2221 5446 Ideo-

648 5490 752 5538 que
793 5490 889 5529 nos
947 5490 1155 5546 quoque
1204 5492 1308 5531 non
1355 5479 1742 5547 aberrabimus,
1786 5480 1832 5534 si
1876 5492 1926 5537 te
1956 5500 2073 5538 cum
2122 5485 2227 5540 illis

3844 379 3956 433 £72

2362 509 2795 559 annumeremus,
2816 496 2935 565 quia
2956 505 3010 549 tu
3032 495 3394 551 Ecclesiarum
3408 495 3648 550 omnium
3668 505 3851 563 portus
3868 509 3944 552 es.

2362 595 2411 639 et
2438 586 2686 655 praesenti
2712 600 2876 657 regno
2892 597 3059 641 uteris
3074 587 3137 641 ad
3159 587 3391 642 futurum
3412 605 3636 660 regnum
3669 590 3950 659 acquiren-

2358 676 2507 742 dum,
2536 677 2791 733 ecclesias
2814 679 3047 749 erigens,
3063 681 3372 738 sacerdotes
3398 680 3693 747 honorans,
3726 679 3953 734 hzereti-

2357 783 2541 822 eorum
2567 784 2805 827 errorem
2832 772 3152 836 dissolvens,
3196 784 3464 845 martyres
3503 775 3801 844 excipiens,
3830 789 3947 827 non

2356 860 2421 913 ad
2456 877 2721 929 mensam,
2754 863 2845 918 sed
2879 865 3088 930 animo;
3121 882 3226 923 non
3258 869 3423 927 domi.
3456 869 3549 924 sed
3578 868 3805 931 ali’cctu;
3837 869 3954 921 imo

2358 954 2533 1021 potius
2586 964 2640 1009 et
2687 955 2739 1008 iu
2790 957 2952 1011 domo
2999 968 3052 1013 et
3101 958 3315 1013 amsctu.
3363 961 3524 1015 Maria
3563 976 3781 1032 quoque
3818 962 3953 1013 olim

2358 1049 2609 1117 populum
2641 1050 2885 1111 ducebat.
2909 1066 3027 1106 ossa
3058 1051 3278 1123 Jnsephi
3310 1053 3559 1119 ali'crcns,
3588 1063 3642 1107 et
3675 1054 3951 1108 canticum

2355 1142 2550 1195 cecinit
2596 1141 2787 1212 (Exod.
2833 1144 2920 1197 15.
2952 1143 3049 1212 9.0)
3086 1161 3098 1198 :
3139 1145 3232 1198 sed
3275 1145 3362 1199 illa
3407 1145 3624 1216 quidem
3665 1154 3953 1215 postquam

2354 1234 2587 1307 Egyptii
2637 1236 2688 1289 in
2732 1252 2877 1292 mare
2920 1237 3152 1292 demersi
3201 1249 3364 1302 sunt;
3396 1248 3447 1291 tu
3491 1254 3620 1293 vero
3658 1247 3949 1308 postquam

2352 1326 2625 1383 dmmnnes
2673 1330 2914 1384 suﬁ'ocati
2960 1330 3108 1386 fuere
3158 1349 3173 1384 :
3220 1332 3309 1385 illa
3356 1330 3638 1385 Pharaone
3686 1331 3744 1385 in
3799 1346 3951 1384 mare

2351 1421 2631 1487 demerso,
2671 1432 2723 1477 tu
2775 1435 2957 1479 autem
3008 1424 3226 1479 diabolo
3266 1425 3512 1494 dejecm;
3559 1425 3648 1479 illa
3695 1426 3948 1496 cymbala

2352 1515 2577 1581 habens,
2609 1528 2663 1567 ιιι
2699 1526 2932 1569 mentem
2966 1525 3020 1571 et
3060 1517 3296 1570 animum
3342 1517 3459 1586 plus
3498 1532 3660 1587 quam
3695 1518 3821 1572 tuba
3851 1532 3947 1570 sn-

2352 1616 2604 1672 nantem;
2641 1608 2727 1662 illa
2758 1607 2959 1662 ludatis
2994 1609 3256 1674 liberatis,
3290 1618 3344 1662 tu
3377 1608 3616 1663 Ecclesia
3644 1617 3943 1665 coronata:

2351 1704 2434 1755 illa
2468 1701 2725 1770 pupulum
2774 1717 2937 1755 unum
2979 1699 3216 1755 edncens
3253 1701 3410 1756 unius
3438 1702 3657 1771 lingum,
3699 1712 3755 1755 tu
3788 1702 3946 1754 innu-

2349 1810 2529 1849 nicros
2575 1794 2801 1849 diversa:
2844 1795 3039 1865 lingua:
3080 1795 3328 1866 p0pulns.
3363 1794 3576 1850 Etenlm
3623 1796 3946 1848 innumeros

2349 1887 2503 1941 nobis
2545 1887 2775 1941 eduxisti
2805 1887 3025 1951 choros,
3064 1888 3225 1941 alium
3270 1886 3532 1949 Romana,
3565 1886 3735 1939 alium
3780 1885 3940 1959 Syra,

2348 1981 2509 2034 alium
2556 1979 2806 2045 barbara,
2847 1980 3007 2034 alium
3054 1978 3239 2035 Graeca
3285 1994 3417 2034 voce
3461 1978 3684 2033 Davidis
3731 1981 3942 2033 cantica

2350 2071 2628 2140 pulsantes
2658 2086 2671 2123 :
2701 2070 3045 2141 diversasque
3092 2079 3282 2137 gentes
3324 2086 3385 2124 ac
3427 2069 3675 2126 diversos
3742 2073 3945 2125 choros

2352 2162 2536 2216 videre
2562 2171 2679 2215 erat
2722 2178 2877 2216 unam
2908 2162 3168 2216 citharam
3201 2176 3390 2217 omnes
3425 2160 3709 2226 habentes,
3747 2179 3943 2232 nempe

2349 2254 2584 2319 Davidis,
2602 2270 2661 2307 ac
2681 2254 2934 2324 precibus
2950 2254 3061 2309 suis
3080 2263 3131 2309 te
3145 2264 3485 2309 coronantes.
3504 2252 3840 2309 Festivitatis
3854 2256 3946 2308 tua-

2340 2345 2427 2415 jus
2460 2347 2642 2399 lietitia
2674 2346 2978 2416 requirebat
3017 2345 3475 2417 religiosissimum
3531 2347 3940 2417 imperatorem,

2344 2440 2434 2509 qui
2492 2439 2704 2510 pictatis
2759 2451 2996 2495 aratrum
3055 2448 3228 2494 tecum
3280 2440 3442 2496 trahit
3473 2457 3486 2493 :
3515 2439 3611 2494 sed
3642 2439 3696 2494 id
3724 2455 3942 2510 quoque

2347 2533 2643 2603 prudentia:
2663 2542 2765 2587 ture
2786 2531 2901 2596 fuit,
2923 2534 3064 2603 quod
3096 2533 3243 2588 illum
3263 2531 3423 2587 hodie
3439 2531 3584 2587 domi
3614 2531 3941 2596 detinueris,

2345 2636 2399 2681 et
2450 2626 2501 2679 in
2542 2626 2683 2681 diem
2737 2625 3032 2681 crastinum
3086 2627 3202 2695 ejus
3258 2625 3547 2679 adventum
3593 2624 3938 2695 promiseris.

2344 2719 2474 2773 Nam
2518 2733 2584 2773 ne
2628 2726 2806 2772 tantus
2851 2719 3090 2787 equitum
3122 2732 3402 2783 numerus,
3432 2730 3566 2771 neve
3596 2725 3940 2770 armatorum

2343 2814 2571 2868 militum
2602 2812 2880 2876 tumultus,
2914 2810 3231 2881 virginibus,
3256 2810 3486 2875 antibus,
3513 2810 3941 2879 senioribusque

2344 2906 2469 2960 viris
2488 2904 2787 2961 molestiam
2810 2902 3043 2971 aﬁ‘erret,
3068 2903 3365 2974 festumque
3381 2902 3522 2959 diem
3541 2902 3801 2963 turbaret,
3819 2918 3942 2957 rem

2344 2998 2626 3066 prudentia
2646 3012 2741 3051 sua
2754 2995 2965 3068 dignam
2983 2997 3178 3051 iaciens
3197 2996 3531 3065 itnperatrix,
3557 2996 3939 3050 celebritatem

2339 3091 2543 3146 divisit.
2578 3090 2709 3144 Nam
2753 3092 2796 3144 si
2842 3089 3000 3144 ambo
3030 3090 3189 3144 hodie
3219 3089 3515 3154 venissent,
3545 3102 3665 3143 cras
3696 3088 3939 3142 celebri-

2345 3186 2467 3240 tatis
2500 3184 2619 3239 ﬁnis
2652 3184 2838 3238 fuisset
2873 3201 2885 3237 :
2915 3194 2970 3237 ut
2997 3192 3173 3236 autem
3203 3190 3257 3236 et
3286 3181 3337 3234 in
3369 3180 3457 3236 die
3498 3182 3747 3250 prmsenti
3774 3182 3937 3251 quie-

2343 3287 2448 3332 tem
2477 3277 2649 3341 daret,
2684 3287 2737 3330 et
2777 3275 2958 3329 addito
2984 3273 3072 3329 die
3111 3274 3349 3327 crastino
3388 3272 3670 3342 largiorem
3707 3281 3929 3340 pararet

2342 3370 2604 3435 libllll'dlll,
2622 3368 2819 3423 remita
2838 3366 3122 3437 disposuit,
3141 3376 3195 3420 ut
3218 3365 3431 3437 liturgia
3455 3365 3773 3436 imperatore
3790 3382 3935 3435 prae-

2345 3472 2497 3515 scnte
2529 3462 2678 3514 ﬁeret
2712 3478 2723 3512 :
2754 3468 2808 3514 et
2832 3458 2992 3513 hodie
3042 3460 3155 3528 ipsa
3207 3461 3448 3524 veniens,
3482 3457 3730 3527 promisit
3770 3458 3938 3512 nobis

2344 3554 2487 3607 illum
2512 3553 2595 3606 die
2618 3552 2854 3607 crastino
2879 3561 3157 3606 venturum
3186 3565 3325 3605 esse.
3351 3550 3498 3606 Sicut
3520 3551 3663 3606 enim
3686 3566 3807 3606 cum
3840 3552 3937 3605 illo

2341 3646 2548 3716 imperii
2600 3658 2823 3699 conSors
2863 3653 2965 3708 est,
2990 3643 3062 3697 ita
3088 3652 3141 3696 et
3168 3644 3219 3697 in
3246 3644 3442 3713 pietate
3468 3656 3713 3713 quoque;
3750 3659 3937 3714 neque

2342 3740 2600 3810 permittit
2621 3754 2743 3791 eum
2767 3746 2914 3792 recte
2933 3738 3191 3791 factorum
3216 3752 3323 3791 non
3342 3750 3460 3791 esse
3481 3737 3817 3807 participem,
3834 3739 3937 3791 sed

2342 3834 2538 3903 ubique
2563 3840 2865 3886 consortem
2897 3830 3045 3884 illum
3068 3829 3283 3899 accipit.
3315 3829 3578 3898 Quoniam
3600 3830 3761 3900 igitur
3782 3831 3936 3885 celi--

2340 3924 2509 3980 britas
2533 3924 2647 3979 inec
2675 3922 2964 3994 spiritualis
2988 3923 3039 3976 in
3071 3934 3385 3993 sequentem
3410 3938 3623 3994 quoque
3653 3923 3795 3978 diem
3837 3940 3937 3978 cx-

2342 4019 2484 4073 tendi
2526 4020 2717 4083 debet,
2748 4018 2888 4073 idem
2939 4033 3123 4072 rursus
3150 4018 3383 4073 studium
3426 4018 3806 4087 exhibeamus,
3841 4033 3932 4087 ut,

2340 4113 2476 4165 sicut
2508 4112 2664 4165 hodie
2686 4112 2825 4165 hanc
2866 4111 3063 4166 Christi
3100 4120 3369 4167 amantem
3412 4128 3537 4166 cum
3564 4113 3769 4169 civibus
3793 4117 3938 4171 vidi-

2340 4222 2478 4270 mus,
2508 4206 2585 4259 sic
2630 4205 2718 4260 die
2743 4206 2977 4259 crastino
3020 4206 3327 4273 religiosum
3370 4207 3745 4279 imperatorem
3802 4226 3933 4265 cum

2339 4299 2575 4352 exercitu
2608 4299 2881 4351 videamus
2920 4297 3267 4353 acet-dentem
3293 4341 3307 4365 ,
3336 4308 3391 4354 et
3418 4299 3560 4355 idem
3602 4302 3932 4358 sacriﬁcium

2344 4389 2455 4443 Deo
2496 4406 2617 4442 cum
2669 4389 2867 4458 pietate
2912 4388 3230 4445 offerentem
3272 4407 3337 4445 ex
3383 4392 3501 4445 zelo
3543 4407 3737 4460 nempe
3773 4404 3827 4446 et
3854 4408 3931 4457 ex

2344 4482 2468 4542 ﬁde.
2505 4490 2557 4535 et
2582 4482 2821 4550 acceptis
2847 4484 3054 4537 sanctis
3080 4484 3417 4555 martyribus
3444 4499 3667 4553 precum
3696 4498 3932 4538 consor-

2344 4574 2513 4638 tibus,
2538 4574 2641 4629 illis
2664 4590 3019 4645 apprecemur
3040 4575 3202 4629 vitam
3227 4576 3563 4639 diuturnam,
3588 4585 3931 4632 senectutem

2341 4670 2624 4740 vigentem,
2645 4668 2782 4723 ﬁlios
2799 4678 2853 4723 et
2878 4667 3019 4722 ﬁlios
3036 4666 3300 4731 ﬁliorum;
3325 4681 3389 4722 ac
3414 4682 3523 4737 pra:
3546 4665 3631 4721 his
3652 4669 3930 4729 omnibus.

2340 4771 2395 4816 ut
2418 4760 2564 4815 zelus
2588 4762 2685 4816 iste
2715 4768 2989 4829 augeatur,
3006 4758 3177 4827 pietas
3194 4768 3482 4821 accrescat,
3504 4768 3560 4813 et
3586 4759 3655 4813 ita
3682 4775 3929 4830 praesen-

2341 4863 2447 4908 tem
2479 4856 2638 4907 vitam
2657 4850 2973 4921 transigant,
3003 4860 3059 4905 ut
3080 4865 3175 4920 per
3206 4850 3410 4905 inﬁnita
3430 4850 3623 4905 sazcula
3655 4867 3775 4906 cum
3804 4854 3920 4905 uui-

2337 4946 2516 5017 genito
2539 4945 2630 4999 Dei
2658 4944 2792 4998 Filio
2820 4952 3041 5013 regnent
3068 4960 3080 4995 :
3117 4958 3238 4996 nam
3283 4943 3343 4997 Si
3385 4944 3628 5014 patimur,
3663 4944 3851 5013 inquit,
3884 4955 3932 4999 et

2337 5038 2755 5108 conregnubimus
2786 5036 2803 5107 (
2831 5035 2887 5090 2.
2921 5035 3052 5089 Tim.
3082 5035 3136 5089 2.
3172 5035 3239 5089 12
3265 5034 3317 5107 );
3360 5046 3519 5105 atque
3560 5044 3761 5090 interna
3790 5037 3931 5091 bruta

2337 5147 2729 5201 consequemur
2755 5148 2767 5183 :
2793 5130 2983 5200 quibus
3006 5129 3207 5184 utinam
3251 5144 3439 5184 omnes
3473 5128 3777 5199 dignemur,
3801 5148 3929 5202 gra-

2338 5224 2408 5279 tia
2433 5236 2481 5277 et
2512 5222 2838 5292 benignitate
2873 5222 3079 5276 Domini
3107 5221 3275 5277 nostri
3306 5221 3431 5276 Jesu
3455 5221 3783 5288 Christi,cui
3804 5238 3931 5282 cum

2340 5321 2495 5375 Patre
2520 5319 2709 5390 gloria,
2745 5332 2847 5372 una
2878 5332 3000 5372 cum
3047 5325 3235 5372 sancto
3272 5316 3497 5388 Spiritu,
3531 5332 3672 5374 nunc
3708 5327 3763 5375 et
3788 5333 3934 5376 scm-

2346 5428 2459 5481 per,
2503 5423 2556 5466 et
2588 5413 2636 5466 in
2685 5409 2877 5466 smcula
2909 5409 3256 5464 sit-culorum.
3292 5410 3481 5465 Amen.
