4122 6414
142 405 231 463 δῒὸ

137 550 913 578 ,_____..._._...__—..

1025 391 1091 450 Ill
1133 386 1441 457 nonut.
1483 381 1684 442 Dltl'l‘A
1727 376 2120 438 PRESENTE
2164 376 2640 435 ιλιιιεκλτυιςις.

938 536 1784 563 Μ

1876 526 3349 549 Mm...”
3385 537 3485 545 -._..

1537 594 1891 658 llOMlIJA
1934 591 2047 657 Ill.

139 770 413 845 Ejusdem.
455 763 759 837 Insequenti
783 763 865 816 die
889 750 1187 814 adreniente
1215 753 1517 824 imperatore
1618 756 1760 797 mar-

208 864 410 935 tyrium
456 876 556 916 seat
606 857 871 913 ecclesiam
929 850 1156 923 apostoli
1181 858 1231 902 et
1258 842 1497 915 martyris
1528 838 1759 903 Thoma',

204 932 323 1027 qua
344 957 455 1010 sita
485 962 566 1009 est
595 952 648 1005 in
673 949 891 1021 Drypia,
928 961 1045 999 cum
1090 941 1373 997 recessisset
1413 946 1531 991 ante
1553 932 1762 988 concio-

207 1048 487 1109 nemJta'c
517 1043 730 1099 humilia
758 1041 930 1095 habita
949 1036 1115 1092 estad
1144 1030 1324 1105 populi
1346 1039 1548 1086 caelum.

211 1143 259 1196 I.
294 1137 646 1195 Benedictus
674 1134 817 1190 Deus
850 1150 865 1187 :
896 1138 1113 1202 quanta:
1134 1133 1258 1180 sunt
1278 1130 1575 1195 martyrum
1597 1116 1769 1172 virtu-

140 1234 257 1289 tes!
290 1230 418 1289 beri
448 1228 615 1286 nobis
641 1227 715 1282 illi
744 1233 909 1280 totam
939 1221 1211 1278 civitatem
1238 1232 1361 1273 eum
1401 1211 1764 1283 imperatriee.

144 1326 305 1381 hodie
366 1324 767 1393 imperatorem
823 1331 946 1373 eum
984 1312 1225 1369 exercitu
1272 1317 1329 1366 et
1370 1307 1571 1379 pietate
1600 1302 1766 1359 multa

140 1420 295 1474 nobis
327 1423 703 1477 attraxerttnt,
738 1427 844 1467 non
875 1406 1105 1463 vinculis
1144 1402 1238 1460 sed
1279 1411 1471 1456 eatena
1500 1394 1765 1460 caritatis,

138 1521 328 1565 eatena
379 1524 517 1581 qua:
568 1517 858 1574 numquam
907 1497 1193 1570 rumpitur.
1237 1492 1349 1549 lloc
1374 1498 1554 1545 autem
1598 1487 1765 1543 mira-

144 1608 249 1662 bile
294 1580 415 1669 est,
451 1617 569 1658 non
616 1598 758 1672 quod
789 1611 941 1653 venet
956 1594 998 1650 it
1027 1583 1454 1662 imperator,scd
1474 1580 1617 1656 quod
1642 1595 1766 1635 cum

145 1712 334 1770 magna
392 1695 719 1759 alacritate;
759 1704 865 1746 non
898 1684 1239 1749 necessitate,
1267 1678 1364 1737 sed
1392 1675 1625 1770 ali'rctn;
1660 1686 1766 1770 non

144 1767 372 1867 gratiam
402 1792 696 1864 pra-beas.
723 1786 819 1843 sed
846 1781 1074 1856 gratiam
1103 1776 1376 1848 accipiens
1404 1790 1418 1827 ε
1446 1782 1503 1829 et
1530 1769 1621 1842 qui
1654 1767 1768 1867 be-

146 1860 337 1944 neﬁcia
368 1860 639 1941 omnibus
674 1895 770 1952 per
815 1876 1005 1935 orbem
1037 1872 1279 1937 confert,
1307 1866 1454 1923 venit
1487 1860 1767 1919 beneﬁcia

149 2001 175 2033 a
206 1980 417 2035 sant-tis
449 1978 608 2034 ltiscc
640 1985 971 2045 magnosque
992 1969 1255 2025 bonorum
1288 1961 1492 2018 fructus
1518 1964 1771 2028 act-cptu-

149 2090 257 2129 rus.
288 2073 539 2143 Ideoque
570 2079 625 2127 et
654 2069 769 2140 ipse
799 2063 1128 2123 diademate.
1151 2070 1205 2115 et
1255 2057 1515 2114 satellites
1552 2064 1764 2115 omnes,

151 2170 236 2221 alii
257 2167 498 2241 elypeis,
524 2164 615 2219 alii
635 2162 837 2217 lanceis
857 2156 1142 2229 depositis,
1162 2162 1217 2209 ct
1239 2151 1376 2206 fastu
1400 2148 1495 2203 illo
1516 2145 1767 2218 depulso,

150 2276 267 2312 eum
296 2240 551 2314 demisso
577 2255 758 2309 animo
797 2263 1081 2308 accessere
1126 2258 1338 2308 omnes,
1367 2240 1520 2312 quasi
1548 2255 1579 2293 a
1621 2248 1766 2297 terra

155 2355 205 2409 in
235 2355 431 2410 caelum
471 2350 731 2424 ingrcssi,
781 2348 869 2401 ubi
905 2343 1219 2416 dignitates.
1265 2336 1545 2409 splendor,
1576 2342 1629 2389 et
1658 2339 1767 2387 tota

154 2448 238 2500 illa
267 2446 600 2517 dignitatum
629 2457 789 2499 scena
817 2439 1051 2511 eiicitur,
1082 2436 1205 2490 vita:
1230 2443 1411 2488 autem
1456 2427 1764 2499 exemplum

156 2548 211 2594 et
249 2538 470 2595 virtutis
532 2536 742 2592 fruetus
786 2543 993 2589 tautqu
1046 2528 1325 2599 eli‘nlgent.
1375 2522 1530 2592 Quod
1586 2522 1631 2577 si
1681 2519 1769 2575 ltic

158 2641 298 2687 tanta
340 2641 423 2687 est
459 2639 763 2702 martyrum
812 2627 1005 2691 virtus,
1056 2621 1231 2693 cogita
1278 2626 1476 2690 quanta
1524 2615 1578 2671 in
1621 2612 1768 2668 caelis

159 2723 330 2781 futura
374 2726 448 2781 sit
482 2742 499 2779 :
533 2724 580 2779 si
629 2722 682 2777 in
744 2734 979 2792 agonum
1024 2724 1080 2771 et
1121 2713 1478 2771 certaminum
1522 2717 1769 2776 tempore

162 2820 292 2874 tales
320 2830 449 2874 sunt
477 2818 721 2889 ipsorum
751 2814 1029 2875 honores;
1065 2809 1117 2864 in
1150 2805 1497 2878 pra-tuiorum
1522 2810 1768 2869 tempore

162 2912 336 2983 qualia
381 2911 578 2969 bravia
621 2907 820 2964 erunt?
849 2904 1063 2961 Etenim
1110 2909 1295 2956 nostra
1326 2912 1433 2953 non
1472 2903 1598 2950 sunt
1626 2909 1768 2963 prte-

164 3008 327 3064 sentis
376 3007 507 3062 vitae
552 3003 814 3061 limitibus
861 2997 1311 3067 circumscripta:
1358 2991 1455 3048 scd
1493 2990 1561 3043 atl
1605 2988 1767 3044 aliatn

164 3101 321 3155 vitam
362 3094 956 3170 pauenti-meliorem
1003 3101 1375 3161 properamus,
1435 3090 1493 3138 et
1530 3081 1599 3137 ad
1645 3081 1769 3136 lou-

166 3194 365 3264 giorem
403 3209 563 3265 spem
605 3187 1005 3252 contendimus,
1038 3192 1094 3240 et
1137 3181 1205 3238 ad
1248 3180 1513 3236 bonorum
1568 3174 1773 3229 baben-

164 3288 296 3341 tium
367 3284 766 3342 usumfructutn
820 3277 1203 3335 immortalem.
1252 3273 1315 3329 lu
1376 3270 1485 3327 duo
1538 3279 1772 3337 namque

170 3394 276 3433 :nva
304 3381 446 3435 Deus
493 3380 659 3434 vitam
695 3386 935 3430 nostram
961 3369 1186 3432 divisit;
1222 3377 1567 3437 praesensque
1594 3374 1779 3415 a-vum»

169 3470 495 3528 laboriosum
552 3469 821 3533 reddidit,
870 3464 1107 3520 futurum
1158 3474 1289 3515 vero
1335 3471 1505 3512 suave
1545 3462 1601 3509 et
1645 3450 1770 3507 inli-

172 3564 333 3619 nitunt
363 3581 379 3630 ;
413 3575 474 3621 ut
513 3571 636 3635 post
678 3560 919 3618 modicos
950 3555 1038 3612 hic
1076 3552 1385 3610 esantlatos
1416 3547 1629 3603 labores
1673 3546 1772 3599 int-

174 3658 484 3712 tttortalibus
537 3655 646 3711 illic
696 3655 936 3708 lruamttr
979 3645 1217 3704 coronis.
1272 3641 1500 3701 Volebat
1550 3639 1781 3711 quidem

175 3746 258 3802 ille
276 3746 456 3804 statim
480 3748 553 3804 ab
572 3745 797 3803 exordio
826 3742 891 3797 ad
925 3741 1071 3796 illam
1099 3753 1198 3794 nos
1218 3736 1416 3793 ducere
1438 3733 1605 3788 vitam
1626 3747 1652 3797 ;.
1672 3729 1769 3786 sed

176 3855 267 3896 nos
296 3858 403 3899 non
450 3841 825 3915 permisimus,
860 3834 1179 3908 ignaviaque
1226 3839 1410 3886 nostra
1441 3828 1643 3882 multas
1668 3838 1769 3880 lie-

178 3936 381 3992 suimus
409 3952 613 3999 moras,
646 3944 703 3989 et
756 3947 853 4003 per
891 3930 1157 4000 ingratum
1190 3925 1429 3980 animum
1458 3920 1775 3976 diuturnam

178 4027 316 4083 illaut
344 4031 661 4086 dilationem
696 4025 852 4081 nobis
889 4018 1355 4091 computavimus.
1379 4015 1447 4070 Et
1472 4014 1573 4069 boc
1590 4027 1652 4067 ex
1682 4012 1768 4077 iis,

179 4137 291 4189 qua:
319 4124 386 4180 ab
412 4114 567 4181 initio
597 4122 753 4177 nobis
794 4119 914 4174 data
946 4116 1179 4178 fuerant,
1216 4114 1431 4182 planum
1474 4107 1651 4163 facere
1676 4120 1770 4162 co-

182 4216 361 4273 nebor.
406 4217 547 4276 Nam
570 4218 650 4273 sic
680 4215 825 4271 Deus
856 4211 1135 4268 uobiscum
1170 4208 1279 4279 agit
1303 4224 1317 4260 :
1343 4221 1466 4260 eum
1491 4203 1767 4275 quidpiam

183 4308 297 4365 liotti
343 4312 497 4370 nobis
543 4310 880 4382 prtestiturns
910 4313 1015 4371 est,
1044 4300 1253 4358 etiamsi
1286 4298 1487 4370 indigni
1520 4296 1641 4367 ejus
1670 4294 1768 4351 be-

184 4401 451 4461 neﬁcentia
499 4403 802 4465 videamur,
837 4408 1018 4453 tamen
1066 4410 1163 4465 per
1191 4393 1370 4447 oumia
1419 4388 1677 4453 ostendit,
1708 4402 1770 4443 se

183 4497 386 4564 quidem
414 4497 671 4562 voluisse,
700 4492 796 4550 sed
824 4506 919 4561 per
946 4488 1218 4561 ignaviam
1242 4472 1483 4541 nostram
1507 4480 1771 4537 accidisse

184 4598 239 4641 ut
277 4589 341 4645 ab
366 4610 430 4646 eo
454 4590 604 4666 quod
634 4588 725 4644 ille
773 4583 988 4641 volebat
1022 4579 1415 4636 exciderettms.
1468 4575 1581 4630 lloc
1624 4585 1770 4630 certe

186 4679 325 4734 initio
360 4684 501 4743 fecit.

257 4772 477 4834 "omitus
529 4776 759 4848 dignitas
812 4774 865 4826 itt
924 4779 1060 4825 statu
1112 4763 1434 4820 intraremus.
1496 4760 1771 4817 Peccatum

188 4865 355 4923 Adonei
386 4874 643 4927 hominem
667 4871 735 4924 ad
755 4866 1103 4923 sublimiorem
1129 4871 1319 4916 statum
1345 4859 1524 4913 evexit.
1548 4855 1770 4910 —-Cunt

189 4962 317 5016 enim
347 4964 623 5025 hominem
639 4962 945 5021 etl'ormuvit
961 4960 1123 5018 Deus.
1138 4956 1318 5011 statim
1343 4968 1447 5008 non
1472 4952 1768 5016 laboribus,

193 5068 286 5109 non
327 5061 579 5126 miserim,
610 5074 716 5114 non
744 5055 920 5111 dolori
964 5052 1265 5110 olmoxiutn
1311 5048 1458 5111 fecit,
1492 5061 1597 5100 non
1627 5058 1774 5099 mor-

194 5149 335 5206 talem
372 5154 614 5212 condidit
639 5168 655 5217 ;
695 5150 793 5207 sed
824 5162 927 5204 nec
964 5144 1194 5201 tristitia:
1222 5156 1323 5198 nec
1350 5136 1642 5194 sudoribus
1672 5152 1774 5192 nec

194 5246 334 5298 morti
364 5257 483 5306 tunc
517 5246 769 5301 addictus
809 5251 945 5297 erat.
976 5236 1162 5309 Neque
1188 5234 1356 5297 enim,
1392 5231 1592 5287 nisi‘ab
1618 5230 1771 5287 initio

196 5330 286 5390 hoc
311 5340 379 5397 illi
406 5339 768 5400 conceSsisset
788 5378 805 5404 ,
837 5344 959 5406 post
983 5328 1465 5401 transgressionem
1493 5324 1559 5380 ad
1605 5324 1768 5379 talem

197 5424 329 5486 illum
377 5436 712 5505 punitionem
754 5446 819 5486 ac
855 5425 1178 5499 supplicium
1209 5420 1600 5477 damnavisset.
1630 5420 1767 5477 Cum

201 5518 449 5595 ilaquebis
476 5529 721 5588 nondum
747 5523 1018 5581 obnoxius
1041 5529 1207 5585 esset,
1227 5518 1519 5589 plusquam
1542 5515 1625 5572 sol
1655 5515 1773 5586 ipse

203 5610 431 5688 “luebat,
452 5623 700 5680 vestibus
725 5617 921 5685 nudus,
950 5616 1121 5689 gloria
1142 5610 1527 5669 circumdatus.
1555 5609 1770 5665 Etenim

206 5704 290 5763 lmc
312 5729 509 5789 quoque
550 5713 896 5774 beatitudinis
922 5712 1041 5781 ejus
1066 5710 1276 5781 signum
1306 5715 1426 5762 erat
1452 5706 1767 5771 maximum,

206 5807 327 5869 '1‘th
355 5826 445 5870 nec
466 5814 711 5873 restibus
740 5817 923 5884 egeret
953 5822 1129 5877 neque
1177 5811 1489 5875 legumento
1534 5816 1632 5857 nec
1662 5802 1772 5856 alio

205 5906 368 5965 limitis
407 5912 623 5980 amictu,
668 5905 767 5966 sed
793 5920 989 5979 C'ertts
1021 5902 1247 5960 haberet
1289 5899 1482 5956 lterum
1525 5899 1770 5956 omnium

1874 753 1975 796 usu
2023 741 2293 810 superius.
2336 737 2525 811 Neque
2568 736 2696 793 biuc
2745 736 2943 796 solum.
2969 735 3157 792 beatus
3200 744 3358 796 erat:
3385 734 3485 790 sed

1871 835 2015 906 quod
2046 843 2203 890 antea
2238 833 2333 889 Dei
2360 833 2630 889 frueretur
2657 828 2954 900 colloquio,
2984 839 3040 885 et
3068 829 3323 898 loquendi
3358 842 3501 883 eum.

1872 925 1995 998 ipso
2022 925 2270 981 libertate
2294 922 2578 996 gauderet.
2607 920 2675 977 Et
2700 921 2875 991 angeli
2903 920 3123 992 quidem
3156 919 3487 983 tremebant,

1870 1018 2166 1075 Cberubim
2183 1026 2239 1074 et
2263 1015 2549 1086 Serapbim
2573 1031 2641 1072 ne
2661 1014 2935 1070 audebant
2955 1014 3175 1084 quidem
3194 1013 3443 1084 aspicere
3472 1030 3488 1065 :

1874 1112 1991 1183 ipse
2021 1127 2152 1167 vero
2179 1120 2235 1166 ttt
2263 1111 2473 1167 amicus
2511 1123 2636 1166 cum
2677 1106 2854 1163 amico
2899 1106 3197 1178 colloquia.
3222 1122 3347 1161 cum
3393 1105 3489 1160 illo

1876 1206 2156 1262 miscebat.
2190 1204 2407 1261 Etenim
2454 1202 2671 1275 quando
2702 1202 2980 1257 brulorttut
3026 1202 3345 1256 animalium
3391 1215 3487 1267 [to-

1875 1314 2008 1355 nera
2032 1298 2297 1364 condidit,
2329 1298 2397 1353 ad
2430 1298 2606 1369 ipsum
2639 1297 2728 1352 illa
2754 1296 3096 1362 adduxit,.et
3117 1297 3233 1367 ipse
3262 1295 3489 1352 munitm

1876 1390 2011 1462 ipsis
2061 1391 2319 1463 imposuit
2345 1390 2364 1463 (
2392 1390 2522 1447 Gen.
2554 1390 2610 1446 2.
2639 1390 2709 1447 ll)
2740 1389 2783 1462 ),
2813 1406 2938 1461 qua:
2991 1390 3276 1446 immutata
3333 1406 3485 1445 utau-

1874 1495 2015 1538 θοι-ο.
2048 1480 2181 1537 Nam
2210 1482 2315 1538 ltoc
2357 1497 2574 1554 quoque
2599 1482 2894 1537 maximum
2924 1491 3043 1536 erat
3070 1480 3296 1538 honoris
3326 1483 3428 1553 ipsi
3457 1501 3492 1536 ει

1877 1573 1987 1630 Deo
2004 1573 2231 1647 prtestiti
2249 1575 2483 1647 signum,
2498 1590 2605 1631 non
2625 1574 2768 1646 quod
2787 1575 2961 1646 ipsum
2977 1576 3193 1631 nomina
3210 1575 3489 1648 imponere

1869 1666 2115 1738 jusserit,
2146 1667 2244 1724 sed
2274 1668 2419 1740 quod
2446 1669 2631 1737 etiam,
2668 1679 2951 1740 postquam
2985 1668 3149 1725 ltomo
3170 1668 3272 1726 sibi
3302 1668 3504 1726 dabitis.

1874 1758 2050 1833 legem
2081 1770 2376 1828 everterat,
2406 1761 2551 1818 Dens
2580 1761 2870 1828 honorem,
2900 1777 3061 1831 quem
3094 1762 3195 1833 ipsi
3236 1770 3368 1820 ante
3403 1762 3484 1818 le.-

1872 1867 1994 1924 gem
2041 1864 2409 1922 concessctat,
2456 1853 2942 1921 noo.abstulerit;
2989 1855 3086 1912 sed
3136 1856 3303 1912 0mm:
3348 1859 3502 1922 qumt.

1874 1947 2072 2001 vocarit
2099 1948 2287 2013 Adam,
2320 1949 2418 2003 lioc
2445 1965 2629 2005 nomen
2649 1960 2721 2005 est
2749 1950 2853 2021 ipsi
2880 1948 3091 2022 (Ibid).
3130 1949 3329 2007 Viden‘.
3351 1968 3488 2021 «pto-

1876 2040 2039 2096 modo
2063 2041 2268 2097 uulluttt
2293 2041 2366 2097 ibi
2384 2053 2529 2098 esset
2549 2044 2831 2113 przescntis
2856 2044 2983 2099 vita:
3003 2045 3311 2116 symbolum
3333 2045 3505 2102 ?uott.

1872 2142 2021 2189 artes
2075 2131 2171 2199 ibi,
2216 2148 2339 2189 non.
2366 2134 2712 2200 mtumercia,
2762 2152 2869 2190 ttou
2898 2136 3159 2201 :rdilicia,
3192 2154 3298 2195 non
3329 2137 3487 2195 induo

1875 2234 2078 2289 menta,
2112 2240 2220 2280 non
2251 2226 2628 2295 calceos,.non
2676 2237 2906 2290 tectum.
2937 2244 3046 2284 non
3072 2246 3341 2299 mensam,
3375 2248 3503 2289 non.

1876 2315 2141 2382 laborem,
2167 2318 2568 2385 non.dolorctn,
2598 2334 2705 2374 uou
2728 2332 2982 2388 mortem,
3004 2336 3111 2376 non
3140 2322 3286 2378 aliud
3322 2326 3491 2380 malo-

1875 2427 1995 2467 rum
2023 2425 2218 2483 agmen
2242 2410 2479 2475 videris;
2502 2412 2597 2467 sed
2626 2411 2908 2483 splendida
2939 2422 3091 2469 erant
3123 2417 3407 2485 pronuntia,
3432 2428 3490 2474 et

1874 2505 1997 2562 laeta
2018 2504 2306 2571 Vestibula,
2326 2515 2381 2560 et
2403 2505 2612 2561 initium
2635 2504 2703 2560 ad
2730 2506 3011 2562 meliorem
3038 2507 3197 2563 vitam
3225 2508 3485 2569 ducebat.

1873 2598 1981 2657 Sed
2036 2599 2088 2655 id
2123 2615 2229 2655 non
2263 2600 2507 2670 permisit
2556 2598 2749 2665 Adam,
2777 2615 2899 2653 eum
2955 2601 3163 2671 ignavia
3217 2617 3348 2657 usus
3388 2618 3490 2658 es-

1877 2693 2149 2766 plicabili,
2172 2694 2451 2764 jussorutn
2497 2692 2600 2747 sibi
2645 2693 2906 2748 terminos
2956 2681 3264 2761 trattsilitit,
3310 2712 3487 2767 neque

1873 2790 1945 2847 ab
1976 2806 2084 2845 uno
2106 2790 2379 2844 abstinere
2402 2789 2550 2860 ligno
2573 2788 2831 2844 sustinuit
2856 2807 2870 2844 :
2897 2799 3137 2844 attamen
3163 2791 3244 2845 sic
3268 2807 3488 2861 qumpto

1874 2883 2041 2938 multa
2088 2883 2180 2938 Dei
2214 2883 2519 2951 benignitas
2558 2882 2883 2938 ostenditur.
2929 2882 3092 2936 Solet.
3124 2883 3269 2937 enim
3301 2882 3443 2937 Dens
3469 2924 3485 2944 ,

1874 2976 2093 3049 quando
2141 2991 2170 3031 a
2219 2976 2472 3047 quopiam
2527 2990 2623 3045 per
2676 2976 2942 3045 ignaviam
2992 2974 3199 3046 delapsi
3248 2988 3438 3033 sumus
3469 3019 3484 3040 ,

1876 3071 2055 3127 omnia
2084 3068 2286 3135 facere,
2322 3085 2423 3124 uec
2453 3081 2581 3124 ante
2606 3067 2895 3133 absistere,
2919 3085 3079 3139 quam
3108 3086 3208 3125 nos
3224 3072 3289 3124 ad
3316 3072 3488 3126 multo

1877 3164 2081 3236 majora
2125 3163 2189 3220 iis
2233 3179 2354 3235 qua:
2383 3164 2666 3218 antisimns
2708 3162 2963 3218 extulerit
2997 3180 3011 3219 :
3045 3162 3093 3217 id
3124 3164 3269 3236 quod
3319 3165 3487 3220 etiam

1877 3269 2006 3316 tunc
2045 3256 2266 3313 factum.
2301 3255 2621 3311 Exciditmts
2660 3254 2805 3311 enim
2858 3271 2923 3311 ex
2955 3257 3225 3327 paradiso,
3253 3266 3307 3313 et
3334 3252 3491 3314 ειυς-ξ.

1878 3355 2054 3418 pimus
2074 3352 2267 3408 cwlum
2294 3370 2309 3407 :
2336 3351 2565 3421 ideoque
2585 3350 2787 3405 damno
2809 3352 2985 3421 majus
3006 3362 3089 3407 est
3116 3354 3347 3407 lux-rum.
3377 3354 3485 3409 Sed

1876 3462 1985 3503 nou
2038 3445 2219 3501 statim
2270 3443 2403 3499 illud
2452 3444 2800 3514 accepimus;
2854 3444 3012 3512 idque
3063 3459 3132 3500 ex
3176 3445 3296 3516 ejus
3355 3462 3487 3502 ruta

1875 3550 1930 3596 et
1959 3538 2296 3610 providentia
2327 3536 2532 3592 factum
2561 3546 2662 3590 est.
2697 3536 2834 3604 Quia
2863 3536 3007 3590 enim
3056 3530 3269 3593 dixerat
3301 3538 3486 3593 inimi-

1874 3647 1993 3701 cus,
2030 3630 2189 3687 Erilis
2233 3631 2361 3686 sicut
2402 3629 2479 3683 dii
2526 3627 2683 3703 (Gen.
2731 3631 2787 3683 5.
2823 3628 2917 3697 5),
2962 3640 3016 3683 et
3058 3632 3206 3701 ip-os
3256 3631 3347 3685 tali
3391 3647 3492 3701 spe

1876 3727 2189 3790 iullaverat,
2218 3733 2276 3779 ut
2323 3730 2703 3794 exspectarent
2748 3737 2809 3775 se
2837 3720 2948 3775 Deo
2992 3726 3150 3791 pares
3180 3724 3317 3788 lure,
3350 3733 3406 3776 vt
3437 3740 3505 3779 ns

1875 3818 2241 3891 arrogantiam
2293 3816 2442 3886 ipsos
2487 3814 2754 3871 allexerat
2805 3822 2858 3868 et
2900 3814 2966 3867 ad
3015 3814 3277 3883 tnajurettt
3327 3832 3491 3887 quant

1878 3923 2068 3969 natura
2097 3924 2194 3965 sua
2220 3906 2391 3964 ferret
2425 3907 2737 3978 opinionem
2771 3922 2786 3960 :
2826 3905 3134 3975 ltujusntodi
3165 3906 3315 3961 ulcus
3351 3925 3496 3977 ιυι...

1879 4015 1966 4063 tus
2010 4018 2209 4061 curans
2237 4003 2404 4067 Deus,
2444 4000 2627 4055 statim
2654 3998 2719 4052 ad
2762 4008 2978 4069 tempus
3028 4000 3157 4054 sinit
3212 4000 3264 4055 itt
3315 4012 3493 4058 morte

1878 4099 2108 4165 versari,
2141 4108 2199 4155 ut
2239 4097 2617 4169 experimento
2641 4094 2842 4151 diaboli
2874 4095 3160 4150 censilium
3194 4096 3491 4157 edisceret.

1877 4208 1932 4255 et
1964 4197 2132 4269 probe
2162 4196 2404 4251 instituta
2443 4195 2646 4257 anima,
2677 4206 2877 4261 corpus
2904 4190 3215 4247 immortale
3242 4206 3495 4247 assume-

1878 4305 1980 4353 ret.
2027 4292 2246 4347 Interim
2296 4303 2426 4360 ergo
2473 4287 2687 4342 volebat
2746 4284 2890 4341 Deus
2945 4286 3139 4340 mortis
3192 4296 3398 4341 metunt
3441 4290 3495 4341 in

1877 4388 2062 4445 animo
2109 4385 2314 4454 vigere,
2357 4379 2765 4449 terribilemque
2794 4392 2912 4434 rem
2940 4372 3147 4441 putari.

1948 4479 2004 4537 2.
2046 4476 2130 4533 De
2156 4475 2325 4531 Abelis
2354 4477 2511 4529 crede.
2563 4470 2890 4529 llesttrrectio
2916 4474 3096 4541 {utam
3126 4471 3357 4529 obscure,
3372 4474 3482 4543 pri-

1876 4591 2018 4629 mum
2043 4567 2503 4627 indieata.——ldeo
2530 4566 2755 4621 Abelem
2787 4564 2936 4633 prius
2966 4564 3101 4634 mori
3138 4565 3406 4634 permisit,
3432 4576 3500 4623 υι

1875 4670 1965 4741 qui
2014 4666 2397 4738 pl’.t:\'arlcalt|8
2448 4661 2645 4727 fuerat,
2673 4674 2742 4714 ex
2769 4658 2887 4730 ipso
2915 4658 3031 4714 visu
3068 4657 3304 4716 disceret
3331 4662 3496 4732 quid-

1879 4779 2003 4817 nam
2026 4776 2174 4818 mors
2190 4770 2357 4825 esset,
2372 4768 2427 4814 et
2448 4771 2610 4829 quam
2632 4755 2813 4827 gravis
2841 4767 3187 4824 onerosaque
3208 4770 3295 4811 res
3322 4768 3500 4813 esset.

1878 4858 2011 4914 Nam
2034 4858 2078 4913 si
2106 4857 2222 4926 ipse
2245 4855 2450 4925 pritnus
2493 4863 2740 4906 mortuus
2785 4860 2954 4917 esset,
3000 4860 3246 4905 naturam
3277 4853 3353 4905 rei
3385 4870 3494 4909 non

1880 4954 2142 5017 novisset,
2171 4966 2293 5005 cum
2324 4965 2430 5002 uott
2461 4947 2627 5001 alium
2656 4944 2881 5001 vidisset
2906 4953 3179 4999 mortuum
3202 4961 3215 5000 :
3236 4962 3378 5000 nune
3408 4964 3500 5001 an-

1882 5060 1990 5105 tem
2016 5048 2131 5119 ipse
2152 5044 2370 5118 quidem
2393 5044 2569 5109 vivus,
2589 5042 2643 5096 in
2663 5040 2769 5095 alio
2784 5050 2969 5096 autem
3001 5055 3231 5110 corpore
3258 5051 3503 5099 mortem

1882 5147 2073 5203 videns
2104 5145 2195 5199 lilii
2226 5158 2427 5213 corpus
2454 5148 2835 5211 occupantem,
2863 5138 3171 5195 accuratius
3210 5150 3264 5190 et
3292 5138 3505 5192 clarius

1880 5224 2852 5304 puuitionismagnitudinemdidicit.
2885 5224 3119 5291 Ideoque
3150 5236 3257 5277 non
3287 5230 3497 5279 tantum

1879 5323 1935 5381 in
1962 5324 2166 5385 alieno.
2202 5321 2296 5379 sed
2328 5331 2385 5377 ct
2411 5321 2465 5375 itt
2511 5318 2601 5373 lilii
2627 5316 2713 5373 sui
2733 5331 2963 5385 corpore
2990 5316 3040 5369 id
3066 5314 3221 5378 vidit,
3254 5313 3344 5369 tllll
3366 5332 3506 5371 tatus

1881 5422 1995 5491 ipsa
2036 5419 2112 5474 rei
2158 5428 2347 5473 natura
2392 5414 2706 5487 tyrannicas
2743 5413 2913 5483 patris
2936 5408 3164 5466 all'ectus
3184 5411 3505 5481 graviorem-

1880 5511 2128 5585 pariebztt
2167 5508 2449 5574 dolorem,
2494 5506 2769 5576 etiamque
2798 5518 2923 5560 cum
2972 5502 3091 5573 ipsa
3135 5512 3329 5560 natura
3385 5504 3495 5558 vir.

1883 5618 1969 5663 tus
2000 5605 2125 5670 lilii;
2157 5619 2281 5658 eum
2323 5602 2525 5656 virtute
2562 5597 2663 5653 llos
2690 5612 2908 5669 quoque
2941 5596 3141 5651 atatis.
3174 5593 3292 5650 Non
3347 5596 3500 5651 enim

1882 5704 1935 5759 in
1975 5708 2278 5766 senectute,
2337 5695 2433 5753 sed
2469 5696 2522 5750 itt
2564 5695 2683 5765 ipso
2730 5692 3032 5763 juventutis
3074 5694 3263 5761 vigore
3320 5702 3498 5747 murto

1881 5800 2124 5865 sublatus
2154 5804 2257 5851 est.
2283 5792 2361 5849 Ad
2395 5792 2514 5847 lure
2533 5805 2663 5845 vero
2680 5788 2861 5843 omnia
2891 5802 2920 5842 a
2955 5786 3120 5841 lrzttre
3157 5800 3256 5841 suo
3287 5787 3338 5840 td
3373 5801 3491 5855 μοι·

1880 5910 1973 5953 sus
2003 5894 2197 5959 luerat,
2233 5899 2287 5946 et
2314 5904 2341 5943 λ
2366 5887 2529 5943 fratre
2552 5882 2813 5942 scelerate
2834 5890 2887 5938 et
2918 5880 3101 5953 inique
3143 5892 3354 5953 agr-nte.
3394 5880 3498 5937 i'es
