4122 6404
186 412 295 475 l'i'i

180 530 374 585 soluta
422 530 489 579 et
533 516 935 578 resurrectione
978 512 1235 583 fulgente.
1282 508 1573 578 Propterea
1611 517 1825 575 quoque

184 633 454 693 praesens
485 617 601 671 vita
632 612 898 670 laboriosa
930 607 1066 664 facta
1103 613 1190 661 est
1227 612 1283 659 et
1323 600 1506 693 multis
1540 596 1829 693 sudoribus

185 686 354 784 plena
378 718 489 777 ;Il
512 707 641 764 hinc
664 702 959 761 crassiores
986 697 1232 753 homines
1250 692 1341 764 qui
1367 692 1526 784 rebus
1539 686 1825 784 praesenti-

185 778 293 863 bus
340 817 487 859 sese
539 800 774 855 libenter
805 792 1039 855 dedunt,
1069 785 1317 859 depulsi,
1349 792 1405 840 et
1426 782 1497 837 ob
1517 782 1643 837 vitae
1669 778 1828 849 hujus

185 892 527 952 molestiam
576 888 920 945 fatiscentcs.
966 879 1269 949 voluptates
1311 885 1365 932 et
1411 872 1659 929 aﬂ'ectum
1700 884 1826 939 erga

187 995 551 1061 praeeuntem
569 980 730 1035 vitam
744 976 1006 1046 fugerent,
1020 981 1182 1042 atque
1196 966 1262 1023 ad
1279 966 1531 1061 calorum
1548 968 1829 1061 currerent

187 1053 458 1137 amorem
486 1114 505 1139 ,
551 1080 607 1127 et
644 1069 712 1125 ad
751 1068 894 1124 illam
932 1064 1245 1120 festinarent
1272 1060 1436 1114 diem.
1472 1053 1830 1130 Philosophus

189 1170 346 1227 enim
392 1175 460 1223 et
503 1160 756 1221 sublimis
797 1158 879 1214 vir
926 1171 1031 1211 non
1079 1166 1217 1224 opus
1262 1148 1481 1206 habebit
1525 1142 1825 1216 bujusmodi

192 1260 465 1325 luo-uitis,
493 1255 595 1313 sed
615 1252 858 1325 cogitans
871 1249 1074 1321 quanta
1096 1260 1183 1301 res
1204 1244 1272 1299 sit
1294 1255 1519 1313 regnum
1538 1238 1825 1303 caelorum;

193 1353 312 1409 imo
336 1360 482 1407 ante
510 1361 759 1419 regnum,
788 1349 1046 1415 quantum
1072 1340 1291 1395 sitcum
1317 1334 1427 1390 Deo
1451 1342 1506 1389 et
1529 1346 1651 1388 eum
1674 1327 1831 1385 Chri—

193 1454 286 1499 sto
314 1457 455 1500 esse
484 1441 507 1513 (
531 1418 635 1494 hoc
658 1437 857 1509 quippe
885 1431 1033 1489 omni
1063 1443 1229 1501 regno
1255 1425 1428 1496 majus
1454 1422 1593 1495 est),
1625 1418 1829 1477 nullam

194 1549 318 1590 rem
350 1538 695 1605 praesentem
720 1539 939 1584 suavem
971 1522 1200 1586 sentiet;
1227 1516 1321 1574 sed
1351 1516 1467 1573 ha'c
1490 1513 1827 1585 despiciens,

197 1628 380 1699 magis
402 1640 579 1698 quam
608 1621 851 1679 umbram
874 1618 963 1675 illa
986 1620 1384 1689 pratercurrct.
1412 1610 1675 1680 Quoniam
1700 1624 1811 1663 veri

197 1718 359 1774 multi
386 1758 405 1775 .
439 1714 601 1772 carni
640 1711 937 1769 servientes
976 1716 1032 1763 et
1075 1722 1108 1763 a
1158 1702 1442 1779 tyrannide
1484 1700 1827 1757 szecnlarium

199 1823 393 1864 rerum
426 1803 647 1862 detenti
670 1846 687 1871 ,
716 1803 854 1859 sicut
895 1798 949 1855 in
982 1796 1230 1853 cavernis
1270 1794 1542 1850 latitantes
1578 1790 1706 1847 fene
1729 1831 1744 1855 ,
1773 1790 1828 1845 in

199 1900 287 1956 his
332 1901 583 1955 libenter
623 1905 908 1953 versantur
941 1912 955 1949 :
987 1891 1201 1948 illorum
1239 1903 1367 1961 erga
1401 1888 1553 1943 lstmc
1580 1884 1829 1940 affectum

201 1991 576 2055 exscindens,
601 1990 766 2044 multa
792 1986 897 2043 illis
924 1984 1095 2041 tristia
1117 1981 1359 2047 immisit,
1384 1980 1635 2042 timores,
1648 1991 1826 2041 caras,

202 2085 642 2145 sodicitudiues.
670 2079 986 2142 certamina,
1017 2074 1275 2148 pericula,
1306 2088 1581 2145 pavorem,
1609 2079 1664 2126 et
1692 2070 1829 2124 mu!-

207 2188 321 2231 tum
354 2174 733 2245 corporalium
763 2170 1048 2227 affectuum
1080 2181 1270 2241 agmen
1292 2207 1309 2233 ,
1340 2174 1501 2235 atque
1532 2162 1675 2218 illam
1703 2168 1827 2217 eor-

207 2286 409 2342 porum
426 2267 784 2325 obsidionem
802 2306 817 2331 ,
848 2264 1057 2333 aliaque
1080 2262 1245 2316 multa
1265 2302 1282 2327 ,
1310 2274 1429 2329 qua:
1455 2271 1705 2313 sermone
1732 2270 1827 2310 ex-

210 2363 374 2434 primi
409 2377 529 2418 non
560 2367 787 2433 possunt
812 2374 827 2412 :
858 2365 917 2412 ut
947 2356 1091 2411 illam
1120 2353 1309 2408 saltent
1338 2351 1598 2407 malorum
1632 2347 1829 2403 ndiciu

211 2456 601 2520 formidantes,
621 2454 686 2509 ad
711 2449 1053 2522 tranquillum
1074 2455 1286 2519 portum
1301 2443 1573 2515 appellere
1589 2442 1827 2511 cupiant,

211 2558 269 2606 et
294 2552 601 2607 serenitate
640 2545 743 2603 frui
776 2552 1031 2616 perpetua
1054 2583 1070 2607 ,
1104 2556 1225 2613 qua:
1251 2554 1359 2594 non
1387 2537 1523 2591 mala
1548 2535 1700 2590 bonis
1728 2533 1828 2589 ad-

213 2640 384 2695 mixta
427 2639 630 2694 haheat
653 2677 670 2705 ,
701 2634 795 2692 sed
833 2634 972 2690 bona
1013 2646 1141 2704 pura
1167 2670 1184 2695 ,
1213 2645 1334 2700 qua:
1364 2642 1489 2682 vere
1528 2625 1666 2681 bona
1696 2627 1825 2680 sint.

855 395 923 452 IV
965 392 1272 458 ιιοδιιιιλ,
1313 388 1685 449 Αυνεῐιευδ
1723 386 1834 444 EOS

1942 384 2008 443 Ul
2045 380 2182 441 NON
2220 382 2667 449 ADFUERAN'I‘,
2706 380 2865 439 ETC.

3431 374 3547 437 ‘78

1932 500 2067 558 Nam
2098 515 2221 571 qua
2246 498 2334 557 hic
2357 500 2607 555 videntur
2636 499 2774 555 bona
2802 497 2956 563 esse,
2984 504 3043 552 ut
3066 494 3305 561 divitias,
3334 494 3543 566 gloria.

1934 593 2195 665 potentia,
2218 596 2432 650 nomina
2456 602 2581 649 sunt
2602 591 2864 647 bonorum
2884 600 2940 647 et
2957 590 3244 647 contrariis
3258 588 3498 647 admixta
3521 605 3538 642 :

1931 704 2051 762 qua:
2077 703 2209 744 vero
2238 688 2367 753 illic,
2395 687 2607 743 sincera
2630 694 2683 741 et
2707 701 2836 755 pura
2863 693 3011 751 sunt,
3036 698 3144 740 non
3175 681 3395 739 nomine
3420 688 3546 737 tan-

1932 792 2084 849 tum,
2129 779 2228 837 sed
2270 796 2331 837 re
2374 777 2764 837 beatitudinem
2809 778 3087 841 habentia.
3134 775 3206 834 Ut
3248 791 3377 848 ergo
3421 772 3544 833 lusu

1931 886 2361 943 consequamur,
2387 870 2706 928 cmulemur
2734 878 3030 943 martyrum
3058 868 3312 926 virtutem
3332 910 3347 934 ,
3379 866 3541 925 forti-

1933 961 2173 1019 tudinem
2196 1003 2215 1029 ,
2247 961 2423 1019 selum
2449 1002 2465 1027 ,
2499 961 2658 1019 fidem
2684 1002 2700 1028 ,
2740 961 3087 1031 przesentium
3123 969 3496 1031 contemptum
3520 1000 3543 1025 .

1934 1055 2233 1111 futurorum
2251 1054 2601 1112 desiderium.
2618 1053 2852 1111 Possunt
2867 1052 3011 1110 enim
3030 1052 3145 1110 haec
3155 1055 3317 1109 etiam
3332 1055 3544 1125 absque

1932 1147 2356 1219 persequutione
2396 1147 2577 1203 omnia
2616 1144 2881 1203 exhiberi.
2922 1146 3149 1203 Etiamsi
3192 1148 3337 1203 enim
3378 1161 3543 1218 rogus

1932 1254 2041 1295 non
2089 1240 2399 1311 propositus
2434 1239 2541 1306 sit,
2572 1248 2628 1295 at
2665 1237 2994 1295 desiderium
3031 1238 3187 1296 adest
3220 1240 3538 1300 ardentius:

1933 1330 2144 1386 etiamsi
2172 1330 2474 1386 belluarum
2501 1330 2693 1387 dentes
2718 1346 2827 1386 non
2853 1330 3052 1398 adsint,
3075 1342 3132 1386 at
3151 1332 3365 1388 animus
3387 1331 3544 1389 adest

1934 1420 2110 1476 bellua
2154 1420 2403 1492 gravior;
2433 1421 2644 1477 etiamsi
2678 1421 2961 1479 carnifices
2990 1438 3099 1477 non
3129 1422 3307 1479 adsint
3334 1422 3426 1493 qui
3454 1424 3540 1478 la-

1933 1523 2047 1570 tera
2077 1513 2370 1569 dilacerent
2392 1555 2409 1581 ,
2438 1524 2496 1568 at
2520 1514 2681 1570 instat
2714 1514 2911 1569 invidia
2938 1515 3127 1587 quovis
3150 1516 3406 1573 carnifice
3430 1533 3540 1571 s2-

1932 1606 2069 1671 vior,
2098 1620 2221 1676 qua:
2247 1602 2488 1660 animum
2515 1605 2759 1662 devorat.
2788 1606 3017 1677 Oportet
3042 1605 3205 1678 igitur
3227 1623 3327 1664 nos
3349 1619 3537 1665 contra

1932 1695 2051 1753 hsce
2079 1698 2244 1753 animi
2272 1698 2399 1753 vitia
2428 1708 2712 1770 promptos
2737 1708 2794 1755 et
2824 1698 3115 1769 expeditos
3138 1741 3156 1766 ,
3189 1710 3245 1756 et
3293 1702 3539 1771 philoso-

1932 1789 2165 1861 phorum
2221 1790 2517 1847 ratiociniis
2566 1790 2848 1857 munitos,
2888 1790 2959 1846 ita
3006 1801 3330 1861 praesentem
3371 1793 3537 1847 vitam

1933 1883 2253 1953 transigere,
2290 1892 2347 1937 et
2375 1896 2593 1953 scalper
2613 1880 2682 1936 ad
2712 1882 3028 1937 certandum
3056 1893 3273 1952 paratos
3297 1898 3453 1949 esse;
3482 1892 3541 1938 ut

1932 1982 2216 2043 postquam
2258 1972 2467 2029 tantillo
2497 1983 2740 2044 tempore
2777 1972 3243 2039 laboraverimus,
3280 1954 3541 2045 pcipetno

1932 2080 2293 2129 coronemur,
2320 2076 2376 2122 et
2405 2065 2800 2122 immortalibus
2830 2066 3069 2123 fruamur
3099 2068 3253 2124 bonis
3273 2111 3290 2136 ,
3324 2084 3541 2139 semper

1931 2175 2054 2216 cum
2083 2160 2311 2216 Domino
2332 2170 2629 2224 versantes.
2652 2170 2708 2217 et
2731 2161 3004 2217 consortio
3028 2162 3119 2219 illo
3138 2178 3354 2243 omnem
3379 2180 3539 2221 mea-

1934 2262 2041 2311 tem
2064 2263 2120 2311 et
2141 2253 2519 2325 cogitationem
2544 2267 2837 2325 superante
2862 2254 3140 2312 fruentes:
3164 2256 3309 2328 quod
3332 2258 3540 2316 utinam

1935 2364 2034 2405 nos
2056 2362 2248 2404 omnes
2270 2363 2685 2419 consequamur,
2711 2350 2879 2420 gratia
2899 2362 2955 2407 et
2976 2350 3305 2422 benignitate
3329 2352 3539 2409 Domini

1934 2440 2106 2497 nostri
2125 2439 2252 2496 Jesu
2273 2438 2493 2507 Christi,
2520 2456 2617 2511 per
2636 2456 2797 2511 quem
2823 2451 3020 2497 etcum
3042 2458 3150 2515 quo
3171 2442 3317 2499 Patri
3336 2444 3502 2516 gloria
3520 2487 3539 2513 ,

1934 2550 2038 2590 una
2066 2550 2189 2591 cum
2216 2534 2419 2605 Spiritu
2446 2545 2655 2602 saneto,
2681 2552 2824 2593 nunc
2844 2545 2901 2595 et
2925 2551 3166 2610 semper,
3188 2549 3240 2596 et
3268 2541 3321 2595 in
3344 2540 3543 2597 sarcula

1935 2628 2278 2683 somniorum.
2306 2629 2499 2683 Amen.

216 2740 3515 2772 ww

1700 2809 2050 2873 HOMILIA
2088 2811 2200 2874 ιν.

224 2941 461 3002 Domitia
493 2942 775 3000 hortatoria
803 2940 993 3022 habita.
1016 2938 1071 2994 in
1113 2936 1305 3009 leniplo
1331 2945 1524 2992 sanctae
1551 2936 1835 2990 Anastasio:

289 3042 546 3097 adversus
572 3054 660 3094 eos
685 3037 771 3107 qui
807 3051 910 3090 non
936 3032 1251 3104 adfuerant;
1278 3048 1339 3086 ac
1377 3029 1742 3085 demonstratio
1772 3028 1835 3083 de

293 3131 551 3205 agonibus
576 3140 623 3186 et
648 3126 1007 3183 certaminibus
1032 3126 1165 3180 beati
1195 3134 1243 3179 et
1258 3123 1389 3195 justi
1418 3120 1558 3177 labi.

295 3225 348 3280 i.
393 3223 476 3279 De
501 3223 796 3279 auditorum
827 3219 1085 3291 paucitate
1115 3216 1360 3288 queritur.
1378 3214 1678 3283 —-Quauto
1705 3228 1833 3285 pau-

226 3314 402 3372 ciores
442 3315 612 3373 solito
650 3323 777 3370 sunt
822 3312 859 3367 ii
903 3311 993 3382 qui
1034 3315 1447 3373 convenerunt,
1476 3316 1626 3361 tanto
1654 3318 1703 3361 et
1738 3320 1836 3361 nos

227 3408 437 3480 majore
467 3418 685 3464 utemur
710 3403 1006 3460 alacritate.
1049 3400 1234 3473 Neque
1259 3399 1401 3455 enim
1432 3414 1645 3469 :equunt
1678 3397 1838 3452 fuerit

230 3498 538 3555 absentium
576 3496 859 3569 segnitiem
901 3493 1137 3551 studium
1181 3502 1424 3548 nostnnn
1470 3490 1833 3556 labefactare;

232 3589 342 3645 imo
374 3600 663 3663 propterea
704 3588 985 3643 lautiorem
1012 3586 1172 3641 etiam
1207 3586 1541 3656 appoucmus
1570 3598 1834 3650 metuam,

233 3692 292 3733 ut
316 3682 407 3746 qui
437 3697 548 3739 non
577 3680 871 3736 adfuerunt
895 3686 1157 3751 quantum
1188 3674 1368 3731 damni
1401 3676 1545 3746 passi
1598 3677 1707 3731 sint
1742 3690 1837 3729 es-

238 3774 539 3841 perimento
576 3772 851 3829 discentes
873 3810 890 3836 ,
924 3768 1281 3825 studiosiores
1310 3776 1493 3839 postea
1540 3768 1650 3821 sint
1691 3766 1833 3821 circa

234 3874 533 3920 conventus
557 3874 790 3920 nostros.
815 3862 941 3919 Ideo
961 3861 1122 3917 etiam
1140 3861 1421 3917 caritatem
1442 3871 1674 3925 vestram
1707 3874 1839 3930 rogo

238 3952 395 4012 dictis
422 3954 717 4013 attendatis
746 3970 763 4011 :
790 3954 869 4010 sic
897 3953 1039 4009 enim
1068 3951 1264 4024 duplex
1292 3951 1445 4006 vobis
1474 3950 1678 4005 lucrum
1710 3965 1837 4019 pro-

242 4049 783 4117 veniet:absentibus
812 4048 955 4104 enim
983 4046 1123 4103 dicta
1150 4042 1465 4111 referentes,
1484 4042 1837 4098 studiosiores

244 4139 358 4196 illos
381 4142 651 4209 efﬁcietis,
684 4152 738 4197 et
764 4150 995 4196 vestram
1022 4140 1256 4193 animam
1287 4135 1641 4207 philosophiae
1669 4137 1840 4201 magis

247 4234 481 4295 deditam
526 4236 787 4293 reddetis.
827 4230 1299 4301 Quemadnmdum
1344 4224 1492 4281 enim
1534 4234 1698 4281 terra;
1736 4236 1834 4276 na-

252 4332 370 4383 tura
409 4332 455 4385 si
499 4328 830 4399 negligatur,
862 4324 1059 4381 herbas
1096 4323 1297 4381 emittit
1348 4318 1547 4388 malas;
1586 4319 1671 4376 sin
1702 4334 1835 4375 vero

249 4413 551 4489 frequenter
569 4418 924 4493 agricolarum
943 4415 1190 4470 manibus
1212 4413 1435 4476 fruatur,
1460 4414 1685 4468 fructum
1716 4412 1837 4468 red-

249 4507 325 4564 dit
354 4521 618 4569 maturnm
649 4529 663 4566 :
691 4511 771 4567 sic
808 4522 863 4564 et
890 4508 1121 4563 hominis
1140 4506 1341 4571 anima,
1370 4521 1490 4577 quae
1521 4506 1572 4559 in
1611 4506 1837 4577 segnitie

249 4596 403 4667 jacet,
425 4602 746 4660 delictorum
769 4600 949 4671 spinas
968 4598 1127 4670 parit,
1146 4613 1265 4667 qua:
1295 4613 1421 4650 vero
1450 4596 1689 4652 studiose
1711 4597 1842 4651 coli-

254 4700 354 4752 tur.
382 4706 688 4751 comantem
716 4694 928 4749 virtutis
956 4690 1346 4747 fert‘fructum.
1364 4690 1488 4745 Ideo
1512 4705 1726 4761 quoque
1752 4706 1840 4744 sa-

254 4784 396 4851 piens
412 4787 632 4860 quidam
659 4787 935 4849 admonet,
957 4785 1167 4842 dicens:
1190 4782 1352 4849 Quasi
1369 4800 1489 4853 ager
1513 4792 1584 4837 est
1616 4784 1691 4837 vir
1719 4784 1847 4838 stul-

258 4886 353 4944 ωε.
384 4892 429 4937 et
456 4882 607 4953 quasi
632 4882 777 4936 uinea
802 4882 878 4935 vir
906 4888 1072 4933 mente
1098 4893 1313 4940 carens;
1334 4877 1376 4931 si
1405 4876 1666 4941 reliqueris
1692 4892 1805 4939 eunt
1826 4917 1842 4943 ,

257 4986 454 5043 araret,
478 4988 636 5048 atque
658 4974 922 5031 inutilibus
949 4970 1115 5027 herbis
1141 4970 1421 5025 luxuriabit
1439 4968 1621 5039 (Prov.
1639 4969 1730 5026 ει.
1754 4972 1842 5027 50.

259 5058 321 5118 δί
342 5066 383 5135 ).
427 5069 505 5126 Ne
549 5068 709 5140 igitur
747 5065 852 5122 hoc
890 5079 1033 5120 nunc
1071 5062 1321 5125 eveniat,
1356 5060 1665 5133 frequenter
1696 5061 1845 5117 verbi

262 5156 439 5220 falcem
464 5164 847 5231 immittimus;
877 5173 933 5221 et
957 5164 1001 5219 si
1030 5162 1154 5235 quid
1175 5162 1297 5216 mali
1328 5161 1848 5233 germinet.assidne

264 5264 627 5326 auiputamus;
660 5256 708 5313 si
745 5257 873 5327 quid
902 5266 1083 5312 autem
1122 5265 1506 5327 opportunmu,
1528 5255 1572 5309 si
1617 5254 1846 5311 fructum

268 5339 455 5403 habens
476 5393 494 5416 ,
535 5348 801 5406 nutrimus
838 5354 895 5403 et
936 5348 1220 5420 irrigamus
1240 5387 1256 5412 ,
1287 5355 1343 5401 et
1375 5346 1441 5400 ad
1486 5347 1846 5400 maturitatem

267 5436 609 5512 adducimus,
647 5441 922 5499 assiduam
965 5441 1045 5497 rei
1088 5455 1274 5497 curam
1314 5440 1593 5495 habentes.
1642 5439 1849 5509 Duplici

267 5528 397 5586 enim
420 5576 435 5600 ,
464 5537 577 5593 imo
604 5534 802 5606 triplici
831 5548 1052 5605 egemus
1090 5522 1461 5603 providentia;
1490 5530 1665 5602 primo
1688 5572 1704 5597 ,
1735 5537 1789 5585 ut
1818 5546 1849 5587 a

269 5625 487 5689 nequitia
532 5627 859 5691 liberemur;
889 5624 1129 5680 secundo
1148 5665 1165 5692 ,
1197 5632 1253 5677 ut
1286 5624 1535 5679 virtutem
1567 5621 1849 5693 possidea-

273 5722 404 5777 mtts;
436 5718 500 5773 ad
534 5718 650 5775 hac
673 5732 824 5782 vero,
850 5726 910 5772 ut
936 5715 1253 5787 acquisitam
1279 5714 1534 5771 virtutem
1557 5730 1847 5771 conserveo

272 5812 380 5857 Ilius
404 5824 418 5860 :
445 5809 533 5867 ubi
559 5809 795 5867 maxime
816 5808 980 5864 etiam
1008 5807 1178 5863 multo
1206 5806 1390 5863 labore
1419 5817 1505 5863 est
1530 5822 1688 5877 opus.
1716 5805 1848 5863 Nam

277 5894 513 5970 uliginis
536 5902 758 5961 damon
787 5899 924 5958 bona
946 5899 1299 5973 operantibus
1324 5900 1479 5959 nobis
1509 5902 1677 5973 magis
1707 5900 1845 5959 imi-

1937 2934 2068 3003 det,
2112 2944 2168 2994 et
2212 2936 2351 2994 bene
2395 2946 2686 3007 operantes
2718 2935 2921 2995 invadit
2951 2956 2965 2995 :
2994 2954 3059 2996 ac
3099 2942 3241 2997 sicut
3281 2942 3468 3013 pirata!
3497 2946 3545 3001 si

1936 3042 2100 3100 quam
2130 3029 2305 3084 navim
2331 3028 2550 3085 videant
2574 3046 2737 3086 arena
2764 3040 3041 3097 onustam,
3070 3044 3431 3105 praetereunt;
3459 3037 3545 3093 sin

1938 3136 2069 3179 vero
2084 3123 2326 3179 sarcinas
2341 3124 2605 3193 pretiosas
2619 3134 2674 3179 et
2695 3122 2911 3179 divitias
2934 3122 3219 3195 ferentem,
3250 3126 3388 3184 hanc
3414 3128 3549 3184 ado~

1940 3216 2173 3284 riuntur,
2204 3215 2342 3272 infra
2368 3215 2723 3286 perforantes,
2747 3231 2981 3297 superne
3007 3229 3402 3289 oppugnantes,
3428 3221 3545 3275 nul-

1940 3310 2156 3379 Iamque
2180 3308 2484 3364 machinam
2516 3324 2621 3364 non
2649 3308 2907 3364 adhibent
2933 3328 2948 3366 :
2976 3310 3046 3364 ita
3072 3321 3127 3366 et
3153 3311 3397 3366 diabolus
3426 3312 3550 3368 illos

1941 3404 2176 3459 maxime
2213 3400 2413 3458 adoriri
2453 3402 2631 3471 solet,
2663 3403 2753 3474 qui
2794 3403 3006 3459 virtutis
3043 3404 3254 3477 copiam
3296 3421 3547 3478 magnam

1941 3488 2300 3566 collegerunt,
2332 3494 2571 3566 ipsisque
2601 3495 2843 3551 invidere
2869 3506 2924 3552 ct
2955 3496 3178 3553 insidias
3206 3508 3438 3555 struere.

2027 3584 2196 3643 Virtus
2223 3588 2522 3659 impugnata
2545 3588 2605 3659 ﬁt
2630 3589 2902 3658 potentior.
2924 3589 3116 3644 -τοι
3136 3590 3279 3646 enim
3304 3591 3553 3649 homines

1944 3677 1998 3734 in
2024 3679 2156 3736 orbe
2184 3687 2340 3735 erant
2363 3678 2485 3734 Jobi
2517 3689 2793 3751 tempore;
2822 3689 2878 3736 et
2909 3690 3086 3737 tamen
3113 3682 3373 3741 adversus
3400 3685 3549 3740 illum

1942 3758 2117 3828 solum
2161 3787 2284 3829 sese
2330 3772 2564 3827 accinxit
2605 3773 2890 3839 diabolus,
2938 3773 3321 3846 machinasque
3361 3792 3554 3833 omnes

1943 3874 2131 3921 contra
2150 3865 2298 3919 illum
2323 3865 2508 3920 movit.
2527 3864 2633 3921 Sed
2653 3880 2757 3920 non
2778 3866 2949 3935 potuit
2966 3867 3162 3922 inferre
3180 3870 3509 3937 naufragium
3532 3885 3549 3935 ;

1945 3958 2075 4026 quin
2112 3957 2272 4011 etiam
2316 3956 2573 4026 majorem
2618 3957 2887 4012 sarcinam
2928 3956 3105 4013 effecit
3138 3967 3193 4014 et
3229 3959 3553 4029 ampliorem

1946 4050 2391 4120 negotiationem.
2410 4048 2689 4119 Ejusmodi
2719 4048 2862 4104 enim
2892 4060 2974 4104 est
3004 4049 3176 4104 virtus
3204 4051 3552 4123 :impngnata

1949 4143 2223 4214 potentior
2241 4142 2493 4205 eflitzitnr.
2517 4152 2570 4197 et
2593 4143 2803 4199 insidiis
2826 4143 3066 4215 impetita
3085 4146 3251 4199 tutior
3265 4146 3443 4201 evadit
3467 4166 3480 4201 :
3503 4148 3556 4203 id

1945 4233 2087 4304 quod
2110 4243 2165 4289 et
2188 4235 2239 4301 in
2264 4234 2419 4289 beato
2441 4236 2532 4289 illo
2554 4235 2798 4307 contigit,
2821 4235 2912 4307 qui
2936 4236 3171 4307 undique
3191 4248 3555 4310 oppugnatus,

1949 4325 2155 4380 firmior
2179 4325 2441 4393 constitit,
2464 4334 2519 4380 et
2544 4325 2689 4382 mille
2713 4326 2835 4380 telis
2856 4328 3103 4396 exceptis
3124 4344 3230 4382 non
3254 4328 3433 4394 cessit,
3458 4329 3555 4386 sed

1946 4417 2145 4474 diaboli
2190 4418 2497 4489 pharetram
2538 4417 2845 4486 evacuavit;
2888 4418 3004 4488 ipse
3042 4434 3173 4475 vero
3212 4435 3320 4475 non
3361 4421 3555 4477 cecidit

1946 4526 2123 4581 neque
2145 4509 2521 4581 supplantatus
2539 4520 2656 4566 est:
2679 4509 2771 4566 sed
2795 4510 2933 4566 sicut
2953 4506 3188 4582 optimus
3204 4514 3553 4583 gubernator,

1950 4618 2051 4657 nec
2078 4602 2289 4658 furente
2308 4602 2440 4657 mari
2464 4612 2519 4657 et
2538 4604 2820 4659 concitatis
2842 4602 3091 4658 fluctibus
3114 4604 3555 4677 immergebatur,

1951 4708 2128 4765 neque
2166 4696 2218 4749 in
2251 4694 2541 4765 tranquillo
2571 4706 2817 4766 tempore
2848 4696 3205 4765 negligentior
3231 4697 3403 4752 factus
3432 4709 3517 4755 est
3544 4717 3559 4763 ;

1952 4787 2047 4841 sed
2081 4787 2135 4841 in
2167 4801 2394 4858 utroque
2422 4797 2726 4858 temporum
2752 4786 3064 4844 discrimine
3096 4804 3281 4859 parem
3310 4791 3565 4848 servabat

1952 4891 2127 4937 artem
2160 4900 2173 4936 :
2201 4894 2255 4937 et
2282 4897 2457 4953 neque
2482 4881 2683 4936 divitia:
2714 4883 2889 4951 ipsmn
2921 4882 3199 4950 inflabant,
3231 4899 3407 4956 neque
3430 4901 3565 4957 pau-

1955 4984 2137 5045 pertas
2175 4974 2291 5044 ejus
2329 4974 2567 5030 animum
2604 4974 2959 5045 deprimebat.
2991 4974 3103 5031 Nec
3132 4975 3294 5047 igitur
3320 4992 3443 5033 cum
3478 4995 3566 5034 res

1958 5068 2031 5124 illi
2076 5084 2333 5141 prospere
2363 5068 2653 5135 cederent,
2686 5070 2869 5140 segnis
2905 5078 3062 5135 erat;
3096 5086 3271 5141 neque
3300 5085 3423 5126 cum
3458 5082 3567 5126 toL-i

1957 5160 2152 5217 domus
2178 5161 2299 5232 ejus
2325 5176 2517 5218 eversa
2571 5170 2717 5216 esset
2755 5171 2810 5217 et
2865 5162 3118 5217 universa
3166 5162 3219 5217 in
3266 5164 3561 5233 perniciem

1961 5254 2141 5311 ierunt
2159 5297 2173 5317 .
2204 5254 2452 5317 turbatus
2475 5262 2591 5320 est,
2618 5268 2721 5309 nec
2744 5270 2774 5309 a
2806 5254 3004 5309 virtute
3031 5256 3443 5326 constantiaque
3471 5273 3566 5311 sua

1960 5347 2202 5405 deﬂexit.
2250 5347 2721 5415 Audiantdivites,
2737 5347 2958 5403 audiant
2978 5362 3243 5419 pauperes
3268 5368 3282 5405 :
3307 5350 3571 5407 ambobus

1962 5440 2105 5495 enim
2122 5440 2237 5494 haec
2259 5440 2700 5496 enarratioutilis
2714 5450 2799 5496 est
2818 5459 2831 5494 :
2848 5442 2956 5496 imo
2974 5457 3103 5498 vero
3124 5442 3378 5499 omnibus
3399 5446 3575 5499 homi-

1960 5533 2117 5588 nibus
2135 5533 2250 5589 haec
2266 5533 2487 5589 historia
2507 5535 2789 5592 utilitatem
2810 5534 3101 5602 affert,tam
3122 5538 3187 5593 iis
3203 5538 3293 5607 qui
3314 5520 3573 5609 prospere

1962 5642 2076 5683 rem
2094 5635 2454 5698 agunt,quatn
2476 5627 2541 5683 iis
2558 5630 2721 5699 quiin
2748 5632 3053 5687 calamitate
3080 5639 3384 5687 versantur.
3408 5632 3576 5689 Utra-

1964 5734 2070 5789 que
2090 5719 2235 5774 enim
2253 5734 2402 5774 arma
2420 5728 2673 5787 tractans,
2699 5722 2913 5793 pietatis
2930 5731 3185 5791 certator,
3199 5724 3347 5779 orbis
3372 5724 3579 5782 athleta

1958 5822 2247 5867 coronatus
2267 5854 2282 5877 ,
2310 5813 2364 5867 iu
2397 5822 2625 5886 utroque
2648 5815 2949 5872 cerunnine
2981 5824 3241 5885 tropmtnn
3274 5818 3478 5878 erexit;
3510 5828 3565 5873 et

1960 5906 2015 5963 in
2041 5907 2187 5963 omni
2230 5906 2355 5965 belli
2396 5924 2603 5979 genere,
2628 5910 2875 5968 daemone
2906 5910 2997 5967 illo
3030 5911 3267 5969 irruente
3292 5956 3309 5980 ,
3339 5911 3393 5967 in
3421 5913 3569 5969 muni
