4068 6442
489 407 593 469 ΠΩ

492 534 782 591 certamine
811 532 982 587 stabat
1009 571 1023 595 ,
1044 539 1105 591 et
1141 529 1190 581 in
1217 524 1463 580 omnibus
1491 513 1660 577 vietor
1697 514 2064 590 proclamaba-

500 639 580 682 tur
606 645 619 680 :
645 641 706 680 ae
727 625 862 680 sicut
892 623 1043 697 miles
1066 632 1354 690 generosus
1381 616 1467 686 qui
1497 615 1656 669 sciret
1681 622 1839 666 noctu
1867 621 2066 678 pugna-

504 735 558 774 re
581 760 598 784 ,
631 732 810 771 muros
838 726 1140 782 oppugnare
1165 753 1178 774 ,
1212 709 1384 763 navali
1417 704 1710 762 certamine
1747 701 2031 768 conﬂigere
2055 739 2071 762 ,

503 808 665 877 pedes
689 815 1012 865 concertare,
1041 816 1190 867 arcu,
1221 801 1423 862 lancea,
1449 795 1630 858 funda,
1663 793 1800 857 telis,
1827 790 2076 856 omnique

505 913 691 970 pugna:
709 911 902 966 genere
921 893 1255 948 adversarios
1274 904 1526 960 superare
1546 897 1599 943 et
1620 886 1811 954 ubique
1833 884 2073 936 vincere:

506 993 583 1045 sie
622 990 780 1044 etiam
825 1002 1117 1057 generosus
1164 986 1251 1039 ille
1291 982 1532 1055 quamvis
1576 981 1916 1046 tentationem
1957 989 2076 1028 cum

504 1079 814 1134 fortitudine
843 1094 1030 1148 magna
1058 1079 1193 1141 tulit,
1225 1091 1252 1129 a
1281 1084 1609 1145 paupertate,
1635 1088 1662 1147 a
1692 1071 1850 1131 fame,
1878 1083 1905 1120 a
1937 1081 2079 1136 mor-

507 1173 612 1236 bo,
641 1186 672 1226 a
715 1171 938 1236 dolore,
983 1187 1011 1223 a
1059 1170 1284 1222 filiorum
1329 1165 1596 1236 pernicie,
1644 1164 1710 1216 ab
1751 1159 1970 1221 amicis,
2015 1155 2084 1208 ab

509 1265 737 1319 inimicis
761 1307 778 1330 ,
811 1264 880 1318 ab
914 1276 1080 1317 uxore
1103 1302 1118 1323 ,
1149 1277 1178 1312 a
1222 1259 1388 1313 servis
1432 1265 1688 1327 paratam.
1723 1253 1901 1322 Neque
1942 1249 2082 1304 enim

511 1359 739 1412 humana
769 1358 1042 1412 calamitas
1073 1354 1173 1408 ulla
1206 1361 1322 1416 est,
1367 1364 1485 1420 qua).
1517 1365 1621 1402 non
1655 1349 1706 1401 in
1746 1360 1938 1413 corpus
1969 1343 2086 1410 ejus

515 1451 713 1506 inflicta
763 1451 936 1504 fuerit.
985 1450 1231 1502 Attamen
1279 1444 1480 1500 retibus
1516 1442 1762 1495 omnibus
1800 1447 1852 1491 et
1891 1434 2085 1491 diaboli

515 1543 688 1598 lllieiis
728 1541 968 1609 superior
998 1539 1092 1592 fuit
1122 1557 1133 1590 :
1162 1535 1406 1606 quodque
1445 1533 1734 1588 mirabilius
1762 1539 1843 1584 est
1863 1571 1877 1594 ,
1910 1526 2085 1583 omnia

516 1635 567 1688 in
600 1633 744 1687 illum
778 1631 1086 1695 irruebant,
1120 1628 1295 1684 omnia
1323 1643 1442 1682 cum
1470 1623 1840 1694 cxsupcrantia
1867 1663 1881 1688 ,
1912 1619 2088 1673 enmia

519 1739 624 1778 uno
652 1732 911 1793 tempore.

587 1815 642 1868 ‘2.
675 1812 750 1868 Ne
775 1813 914 1868 enim
943 1811 1042 1864 hoc
1067 1809 1237 1866 solum
1265 1807 1570 1864 consideres
1589 1847 1602 1870 ,
1630 1804 1769 1876 quod
1799 1811 1937 1858 tanta
1967 1816 2092 1872 pas-

519 1922 612 1961 sus
633 1906 722 1972 sit,
746 1905 837 1960 sed
866 1905 1018 1966 adde.
1047 1918 1148 1957 non
1177 1903 1445 1972 paulatim,
1472 1913 1642 1968 neque
1666 1897 1792 1950 dato
1816 1893 2094 1950 intervallo

521 1998 647 2059 ullo.
679 1995 772 2051 sed
801 1995 974 2048 omnia
1003 1994 1158 2048 simul
1185 2002 1237 2048 et
1263 2007 1366 2046 uno
1395 2003 1650 2060 tempore.
1685 1987 1798 2042 Non
1828 1987 2094 2057 modicum

519 2095 697 2143 autem
734 2086 860 2142 illud
897 2095 977 2141 est
1013 2086 1361 2140 tcntationum
1392 2083 1809 2138 additamentum
1841 2097 1854 2132 :
1884 2079 1936 2133 in
1967 2078 2096 2133 reli-

523 2180 642 2247 quis
671 2179 811 2234 enim
855 2178 1155 2232 hominibus
1191 2176 1416 2246 primum
1447 2189 1605 2229 nemo
1636 2172 1932 2227 inveniatur
1956 2210 1970 2234 ,
2009 2170 2097 2239 qui

525 2272 700 2324 omnia
731 2269 888 2323 simul
920 2270 1143 2337 patiatur
1165 2308 1178 2332 ,
1208 2266 1299 2322 sed
1329 2267 1371 2319 si
1398 2282 1515 2320 cum
1548 2272 1856 2334 paupertate
1881 2276 2099 2317 concer-

526 2373 639 2427 tet,
684 2363 819 2416 bona
868 2372 1042 2414 tamen
1086 2359 1385 2412 valetudine
1431 2356 1659 2421 fruitur;
1705 2356 1749 2408 si
1794 2361 2102 2423 paupertate

525 2453 684 2508 simul
739 2463 792 2506 et
844 2451 1029 2505 morbo
1074 2447 1552 2512 circumveniatur,
1599 2455 1652 2499 at
1694 2460 1836 2514 smpe
1882 2459 2102 2498 uxorem

530 2547 688 2600 habet
726 2545 791 2599 ad
831 2547 1007 2615 gravia
1050 2542 1294 2612 patienda
1334 2541 1578 2596 solatium
1609 2538 1950 2600 atferentem,
1984 2551 2104 2606 qure

533 2649 715 2707 portus
745 2638 906 2690 instar
934 2636 1031 2703 ipsi
1062 2637 1163 2698 sit;
1196 2635 1276 2688 sin
1308 2649 1404 2688 nec
1431 2647 1654 2687 uxorem
1684 2630 1876 2684 habeat
1908 2629 2063 2681 talem
2087 2668 2101 2691 ,

532 2741 586 2783 at
626 2746 729 2783 non
771 2744 886 2782 eam
929 2738 1104 2782 tamen
1139 2742 1255 2796 qua!
1289 2725 1358 2778 ita
1401 2723 1696 2794 perniciosa
1723 2719 1995 2784 consulat;
2024 2720 2104 2772 sin

531 2825 690 2876 etiam
720 2823 787 2875 ita
819 2820 1110 2888 perniciosa
1138 2817 1527 2881 consulentem,
1557 2826 1609 2869 at
1634 2829 1737 2869 non
1766 2813 1901 2866 tilios
1921 2824 2109 2865 omnes

535 2930 643 2969 uno
669 2915 921 2983 temporis
962 2923 1233 2967 momento
1259 2909 1548 2974 amittit;si
1573 2909 1730 2962 etiam
1776 2920 1883 2959 uno
1908 2915 2111 2972 tempo-

536 3007 612 3061 ris
642 3012 911 3059 momento
934 3043 949 3067 ,
977 3012 1029 3056 at
1049 3018 1152 3058 non
1190 3002 1280 3058 tali
1307 3001 1498 3066 modo;
1526 2999 1572 3054 si
1597 2999 1686 3054 illo
1705 2995 1885 3064 modo,
1908 3005 1961 3051 et
1981 2994 2114 3048 arni-

537 3113 634 3152 cos
659 3097 820 3152 habet
846 3096 934 3164 qui
961 3113 1018 3150 se
1047 3095 1422 3159 consolentur;
1453 3093 1497 3148 si
1535 3107 1640 3147 non
1667 3089 2032 3152 consolentur,
2061 3095 2116 3142 at

541 3208 648 3247 non
697 3190 971 3245 domestici
1031 3189 1315 3254 insultant;
1345 3189 1428 3243 sin
1475 3187 1752 3251 insultant,
1792 3195 1846 3240 at
1887 3201 1990 3238 non
2040 3183 2114 3237 illi

541 3283 698 3338 etiam
751 3283 802 3337 in
844 3281 1030 3336 faciem
1073 3289 1407 3351 conspuunt;
1452 3280 1497 3336 si
1535 3289 1712 3335 autem
1765 3280 1837 3334 illi
1871 3279 2028 3334 etiam
2062 3278 2114 3332 itt

542 3375 727 3430 faciem
754 3383 1068 3441 conspuant,
1101 3383 1156 3426 at
1186 3389 1289 3426 non
1329 3371 1420 3427 ille
1455 3372 1546 3426 tali
1596 3371 1782 3424 morbo
1809 3374 2114 3436 detinetur;

543 3468 588 3521 si
636 3467 725 3519 tali
777 3466 964 3520 morbo
1011 3465 1302 3527 detinetur,
1357 3473 1533 3518 tamen
1563 3463 1834 3518 domicilio
1885 3461 2118 3518 et-leeto

544 3558 771 3622 fruitur;
805 3573 976 3628 neque
1017 3558 1069 3610 in
1103 3557 1225 3612 timo
1256 3555 1444 3623 sedet;
1493 3557 1536 3612 si
1586 3557 1770 3610 intimo
1813 3554 2016 3618 sedeat,
2066 3563 2119 3608 at

530 3651 711 3704 habet
734 3650 822 3719 qui
851 3647 947 3703 sibi
980 3665 1215 3714 manum,
1255 3649 1559 3719 porrigant;
1607 3649 1653 3703 si
1695 3665 1796 3701 non
1843 3647 2002 3701 habet
2029 3646 2117 3716 qui

547 3745 647 3799 sibi
696 3756 908 3796 manum
962 3741 1256 3810 porrigant,
1294 3749 1347 3794 at
1393 3757 1496 3794 non
1532 3741 1690 3794 habet
1729 3741 1815 3808 qui
1845 3748 2029 3793 contra
2060 3754 2118 3793 se

549 3835 886 3890 invehantur.
916 3832 1010 3887 llic
1036 3842 1210 3886 autem
1246 3831 1330 3885 illa
1362 3832 1537 3884 omnia
1570 3833 1849 3896 sustinuit;
1876 3830 2124 3899 quodque

550 3928 845 3981 mirabilius
885 3936 1000 3987 est,
1036 3917 1088 3979 ui
1114 3926 1222 3994 jam
1253 3924 1391 3989 dixi,
1437 3926 1611 3979 omnia
1665 3925 1820 3978 simul
1849 3924 2026 3994 :quod
2075 3924 2124 3977 id

549 4021 714 4075 efficit
763 4029 818 4074 ut
873 4020 1008 4074 mala
1052 4019 1213 4087 duplo
1261 4031 1313 4072 et
1380 4018 1537 4088 triplo
1593 4017 1791 4085 majora
1846 4018 2124 4071 rideantur

551 4128 694 4177 esse,
740 4112 951 4181 quando
992 4113 1035 4164 is
1072 4113 1160 4180 qui
1193 4111 1310 4164 cum
1341 4111 1494 4163 malis
1520 4121 1789 4164 concertat
1812 4150 1826 4172 ,
1860 4125 1922 4162 ne
1950 4110 2125 4176 respi-

553 4206 703 4260 randi
756 4204 968 4275 quidem
1010 4203 1254 4256 solatium
1294 4201 1476 4266 habet,
1530 4203 1622 4256 scd
1663 4218 1727 4256 ex
1781 4202 2128 4257 continuitate

555 4297 738 4352 inilicti
779 4297 899 4348 mali
930 4296 1096 4363 major
1129 4296 1281 4350 dolor
1310 4305 1363 4349 et
1393 4296 1715 4363 perturbatio
1745 4297 1914 4349 oritur
1945 4315 1957 4348 :
1987 4297 2126 4366 quod

559 4391 643 4442 hic
683 4387 920 4457 eontigit.
979 4385 1108 4440 Nam
1154 4386 1329 4438 ovium
1385 4385 1672 4452 perniciem
1725 4396 1778 4439 et
1829 4387 2130 4441 incendium

557 4479 764 4547 excepit
802 4479 960 4533 boum
998 4475 1179 4545 rapina
1205 4520 1218 4540 ,
1260 4488 1310 4532 et
1342 4479 1479 4532 hanc
1507 4479 1811 4544 asinorum;
1845 4479 1979 4534 hanc
2007 4497 2133 4537 vero

558 4572 879 4626 camelorum
904 4582 1116 4638 captura
1139 4578 1192 4623 et
1218 4583 1492 4624 servorum
1516 4569 1723 4634 credes;
1757 4572 1908 4625 istam
1929 4588 2056 4627 vero
2083 4576 2134 4627 li-

561 4669 747 4720 liorum
773 4666 1048 4735 pernicies,
1069 4674 1120 4718 et
1144 4664 1376 4717 terribile
1401 4663 1526 4716 illud
1555 4663 1926 4734 insolitumque
1949 4669 2136 4724 ruortis

559 4772 730 4828 genus
758 4755 1160 4823 horribiliusque
1185 4756 1484 4823 sepulcrum
1513 4755 1758 4824 (idipsnm
1781 4760 1922 4811 enim
1946 4767 2000 4813 et
2023 4763 2136 4814 exi-

563 4853 691 4904 tium
723 4858 776 4902 et
813 4847 1111 4916 sepulcrum
1155 4847 1284 4916 fuit)
1314 4857 1366 4901 et
1396 4862 1576 4900 mensa
1603 4889 1618 4916 ,
1646 4865 1763 4919 qua:
1794 4867 1932 4905 nunc
1960 4853 2133 4912 cilium

562 4941 825 4995 sumentia
860 4955 1081 5008 corpora
1110 4980 1124 5004 ,
1167 4954 1306 4993 nunc
1334 4940 1544 4993 concisa
1587 4943 1825 5010 excepit:
1858 4955 1908 4998 ct
1948 4945 2137 5012 phialge

561 5045 718 5100 atque
747 5034 927 5100 pocula
951 5047 1069 5085 cum
1092 5034 1214 5085 vino
1239 5032 1546 5100 sanguinem
1570 5035 1902 5103 excipientia,
1929 5049 1980 5091 et
2005 5055 2134 5092 cort-

564 5127 672 5178 cisa
705 5126 958 5177 membra.
995 5125 1236 5176 Attamen
1279 5134 1392 5192 post
1426 5123 1560 5179 hanc
1586 5141 1797 5193 gravem
1831 5130 2135 5198 tragtediam

564 5216 805 5285 graviora
832 5216 932 5267 alia
964 5230 1145 5267 rursus
1172 5231 1290 5268 cum
1324 5226 1575 5278 manent,
1606 5232 1724 5269 eum
1753 5233 1816 5271 ne
1849 5221 1925 5272 vel
1959 5223 2134 5274 tantil-

568 5310 673 5361 lum
723 5308 1051 5374 reSpirasset.
1094 5307 1224 5361 liinc
1265 5310 1407 5362 enim
1451 5311 1707 5363 vermium
1751 5313 2136 5382 scaturigines,

566 5400 731 5453 saniei
764 5399 976 5461 fluenta,
1009 5399 1057 5452 in
1088 5401 1209 5452 limo
1239 5402 1414 5462 sedes,
1450 5409 1581 5455 testa
1610 5419 1724 5470 qtue
1755 5403 1914 5456 latera
1948 5405 2091 5459 radat
2121 5449 2136 5472 ,

567 5497 842 5545 vulnerum
871 5491 1044 5554 fartor,
1070 5492 1156 5561 qui
1182 5508 1378 5544 novtnn
1403 5493 1526 5546 illud
1555 5493 1705 5548 famis
1727 5510 1889 5563 genus
1915 5497 2142 5563 induxit,

568 5599 629 5637 ac
655 5600 718 5636 ne
745 5595 1033 5653 priesentcs
1055 5584 1265 5653 quidem
1288 5583 1437 5639 cibos
1461 5595 1674 5655 tangere
1696 5589 1875 5640 sinens
1894 5631 1906 5651 ,
1930 5593 2144 5656 gravius

569 5676 680 5743 ip~a
711 5676 845 5730 fame
880 5676 1143 5731 fastidium
1173 5676 1450 5730 inducebat
1481 5695 1493 5730 :
1521 5688 1572 5731 et
1604 5676 1717 5734 hmc
1748 5696 1851 5734 non
1878 5680 2102 5735 duorum
2122 5723 2136 5745 ,

570 5782 676 5821 non
702 5765 920 5831 decem,
948 5783 1051 5822 non
1080 5767 1297 5837 viginti,
1331 5782 1433 5821 non
1460 5778 1670 5824 centum
1699 5772 1902 5826 dierum
1933 5772 2138 5841 spatio,

569 5857 660 5913 sed
689 5857 931 5928 plurimis
958 5860 1243 5918 mensibus.
1276 5859 1457 5931 Neque
1486 5859 1571 5917 hic
1590 5872 1846 5918 steterunt
1871 5881 2140 5935 corporea:

1168 400 1226 456 S.
1263 392 1539 453 JOANNIS
1573 383 2044 445 CHRYSOSTOMI
2090 379 2405 435 Al‘iClllEP.
2446 372 2982 432 CONSTJNTINOP.

3662 368 3781 421 630

2181 519 2512 574 calamitates
2542 537 2553 571 :
2585 516 2677 571 sed
2706 531 2824 569 cum
2857 516 2905 567 in
2943 515 3040 566 hoc
3071 521 3208 566 statu
3239 512 3322 566 ille
3360 519 3496 564 esset
3530 519 3586 565 et
3618 514 3780 564 ιιιιιις-

2181 629 2282 683 que
2312 613 2655 674 cruciaretur,
2687 610 2846 668 intus.
2876 606 3230 669 extrinsecus,
3258 607 3435 659 uxoris
3459 605 3622 657 etiam
3657 621 3778 655 ma-

2181 705 2354 759 ehinae
2400 719 2520 756 eum
2569 699 3032 771 aggrediebantur.
3085 696 3349 752 [hetttonis
3383 695 3546 748 telmu
3577 694 3780 747 effecta

2183 795 2373 864 coujux
2403 835 2416 857 ,
2450 795 2620 845 virum
2671 806 2826 844 suum
2875 791 3048 858 lingua
3081 789 3310 857 impetit,
3340 798 3388 841 ct
3437 797 3594 856 pacto
3637 788 3780 840 inito

2184 901 2302 941 cum
2346 885 2577 948 dabolo,
2631 883 2777 935 illum
2822 882 2940 936 telis
2989 889 3284 950 oppugnat,
3342 879 3404 931 iis
3433 895 3554 947 qnte
3608 892 3779 947 supra

2186 979 2415 1034 diximus
2442 976 2807 1031 accrhiorihus
2843 983 2896 1028 et
2923 974 3409 1044 perniciosioribus.
3463 971 3645 1042 Neque
3685 973 3784 1028 hic

2191 1068 2284 1123 fuit
2319 1068 2665 1122 certaminum
2721 1065 2878 1129 finis;
2909 1065 3002 1118 sed
3045 1063 3188 1117 initia
3220 1080 3404 1118 rursus
3428 1077 3473 1118 et
3513 1065 3781 1132 prommia

2188 1162 2320 1215 aciei
2375 1169 2549 1214 erant.
2608 1159 2739 1225 Quia
2798 1157 2939 1212 cnim
2999 1157 3127 1210 nihil
3184 1157 3304 1210 inde
3359 1158 3595 1210 lucratus
3661 1167 3786 1210 erit

2190 1252 2453 1316 diabolus,
2512 1253 2802 1305 amicorum
2858 1250 3056 1304 chorus
3097 1249 3366 1312 accessit,
3413 1251 3497 1319 qui
3546 1251 3784 1303 commi-

2191 1347 2480 1401 serantium
2531 1343 2710 1413 specie
2754 1342 3088 1408 inimicorum
3133 1355 3282 1394 more
3339 1342 3578 1396 insiliunt
3612 1343 3660 1394 in
3689 1343 3785 1411 ja-

2192 1450 2422 1499 centem,
2445 1448 2496 1490 et
2526 1436 2705 1490 ulcera
2747 1433 3007 1490 refricant
3046 1433 3146 1488 sibi
3188 1443 3372 1487 nuttuo
3402 1436 3790 1499 succedentes,

2195 1545 2366 1599 neque
2394 1530 2656 1596 respirare
2700 1525 2956 1589 sinentes,
2992 1525 3171 1579 multis
3207 1525 3425 1580 circulis
3456 1526 3629 1595 ipsum
3670 1527 3789 1580 cir-

2194 1623 2509 1679 cmndantcs
2559 1620 2936 1690 crudelemque
2995 1629 3212 1689 agentes
3266 1617 3542 1673 choream.
3599 1620 3796 1674 Dicam

2197 1715 2354 1768 etiam
2416 1713 2588 1767 noctis
2663 1711 3050 1766 intolerabilem
3099 1710 3489 1776 tentationem,
3548 1728 3666 1781 qua:
3727 1723 3796 1766 es

2200 1805 2309 1874 ipsa
2343 1819 2475 1858 nova
2526 1803 2842 1871 insolitaque
2888 1803 3040 1856 erat?
3077 1803 3297 1857 (laeteris
3337 1819 3568 1873 namque
3608 1803 3790 1857 homi-

2200 1896 2355 1951 nibus
2376 1897 2649 1961 omnihus,
2682 1895 2806 1950 licet
2829 1895 3103 1950 innumera
3136 1897 3402 1964 patiantur
3421 1897 3630 1965 gravia,
3663 1897 3795 1950 licet

2202 1992 2254 2048 in
2280 2007 2496 2047 carcere
2524 1991 2779 2056 habitent,
2812 1990 2932 2045 licet
2961 1998 3148 2044 catena
3179 1991 3635 2061 constringuntur,
3666 1991 3795 2044 licet

2201 2083 2528 2140 calamitates
2576 2081 2889 2152 deplorent,
2940 2081 3062 2136 licet
3107 2083 3349 2153 corporis
3396 2083 3793 2137 mutilationem

2205 2180 2471 2247 patiantur
2493 2217 2506 2239 ,
2533 2176 2656 2230 licet
2687 2175 2823 2228 fame
2853 2184 3161 2243 premantur
3189 2183 3242 2229 et
3270 2177 3458 2228 morbo
3486 2176 3794 2229 laboribus-

2205 2284 2307 2340 que
2329 2279 2380 2323 et
2403 2267 2685 2331 aerumnis;
2713 2276 2945 2321 attamen
2971 2281 3074 2320 nox
3097 2265 3386 2320 adveniens
3407 2267 3798 2320 consolationis

2208 2363 2547 2433 pharmacum
2597 2360 2812 2415 adducit
2837 2402 2852 2427 ,
2897 2375 3092 2428 corpus
3134 2358 3405 2414 laboribus
3443 2375 3704 2420 vacuum.
3739 2369 3800 2414 et

2207 2456 2436 2509 animam
2480 2469 2506 2505 a
2549 2452 2690 2506 curis
2731 2452 2949 2505 liberam
2989 2449 3263 2504 dimittens
3296 2469 3309 2505 :
3342 2449 3466 2505 huic
3497 2466 3627 2504 vero
3670 2460 3802 2503 tunc

2208 2549 2368 2604 ctiam
2404 2556 2584 2616 portus
2614 2544 2664 2599 in
2697 2544 2974 2614 scopulum
3007 2558 3191 2598 versus
3215 2553 3296 2597 est
3322 2583 3335 2606 ,
3369 2551 3423 2597 et
3451 2544 3803 2612 pbarmacnm

2211 2637 2309 2693 fuit
2364 2640 2529 2700 ulcus,
2589 2636 2886 2690 consolatio
2929 2635 3188 2705 gravioris
3226 2634 3674 2702 terribiliorisque
3701 2634 3807 2689 du-

2211 2731 2342 2788 loris
2404 2729 2845 2790 additamentum,
2918 2736 3206 2796 tempestas
3258 2726 3356 2795 ipsi
3423 2727 3524 2780 fuit
3590 2727 3642 2781 in
3700 2743 3806 2780 no-

2212 2831 2321 2887 cte,
2354 2839 2472 2890 qua:
2523 2821 2729 2874 exteris
2778 2818 3076 2873 hominibus
3130 2819 3266 2888 parit
3310 2817 3802 2888 tranquillitatem:

2215 2923 2269 2968 et
2291 2911 2523 2982 fugiebat
2551 2910 2764 2981 quidem
2797 2909 2886 2964 ille
2915 2911 3063 2978 quasi
3089 2925 3118 2964 a
3149 2909 3392 2964 fluctibus
3416 2927 3444 2963 a
3471 2910 3558 2965 die
3581 2953 3596 2975 ,
3623 2912 3693 2965 ob
3720 2912 3808 2966 in-

2217 3004 2520 3061 tolerabiles
2553 3004 2672 3057 illos
2696 3002 2946 3068 dolores;
2978 3002 3180 3057 invenit
3208 3011 3382 3056 autem
3415 3002 3608 3057 fluctus
3634 3004 3806 3058 decu-

2217 3111 2406 3152 manos
2430 3137 2445 3162 ,
2480 3095 2706 3150 vortices
2731 3135 2745 3162 ,
2780 3105 2956 3164 petras
2983 3104 3035 3148 et
3064 3109 3188 3148 saxa
3221 3093 3434 3149 latentia
3459 3135 3477 3161 ,
3511 3095 3581 3150 ita
3613 3106 3668 3149 ut
3694 3096 3806 3167 jam

2217 3189 2322 3244 diei
2354 3188 2549 3244 fluctus
2575 3195 2802 3256 Optaret.
2834 3186 2955 3241 Ideo
2979 3189 3140 3241 etiam
3169 3187 3302 3258 ipse,
3336 3187 3436 3241 hoc
3469 3204 3662 3242 novum
3697 3206 3810 3242 ma-

2221 3283 2329 3338 lum
2368 3295 2626 3338 enarrans
2647 3323 2660 3345 ,
2695 3279 2956 3335 clamabat
2992 3280 3178 3336 dicens
3209 3298 3222 3333 :
3253 3280 3313 3335 Si
3350 3281 3582 3336 accubent
3605 3321 3622 3347 ,
3652 3285 3764 3337 dico
3791 3327 3808 3347 ,

2225 3373 2439 3439 Quando
2482 3373 2586 3426 dies
2630 3373 2762 3424 erit?
2801 3372 2842 3425 si
2883 3389 3128 3442 surgam,
3169 3373 3317 3434 dico,
3356 3372 3570 3437 Quando
3602 3389 3812 3443 vespam

2222 3472 2240 3538 (
2269 3467 2366 3522 Job
2395 3466 2448 3520 7.
2487 3467 2519 3520 4
2547 3464 2599 3534 )?
2628 3464 2740 3534 Qua
2775 3465 2844 3520 de
2873 3480 3030 3520 causa
3057 3507 3072 3528 ,
3104 3464 3190 3519 die
3232 3464 3400 3518 mihi?
3445 3481 3566 3519 nam
3610 3468 3662 3518 in
3724 3468 3813 3523 die

2225 3558 2436 3628 quidem
2479 3556 2599 3625 jure
2640 3563 2848 3609 noctem
2900 3555 3124 3625 requiris
3154 3574 3168 3610 :
3202 3570 3480 3624 vcsticram
3529 3558 3672 3611 enim
3725 3559 3814 3612 ille

2225 3663 2434 3707 noctem
2478 3658 2655 3716 vocat,
2684 3664 2804 3718 qua:
2851 3664 2880 3702 a
2928 3649 3135 3704 diurnis
3186 3649 3340 3702 malis
3375 3648 3468 3703 dat
3523 3651 3809 3720 requiem:

2226 3762 2345 3799 cum
2375 3755 2550 3798 autem
2582 3758 2692 3796 nox
2725 3741 2963 3804 advenit,
2995 3750 3121 3795 tunc
3153 3741 3307 3795 adest
3344 3743 3732 3811 tranquillitas.
3763 3755 3816 3797 et

2230 3839 2475 3893 dolorum
2509 3834 3037 3902 sollicitudinumque
3081 3834 3306 3888 oblivio.
3335 3834 3442 3888 Cur
3471 3850 3600 3903 ergo
3630 3852 3820 3892 rursus

2228 3933 2367 3985 diem
2415 3929 2679 3998 requiris?
2733 3928 2865 3995 Quia
2915 3927 3044 3980 mihi
3090 3941 3195 3981 nox
3239 3927 3326 3981 die
3371 3927 3646 3982 molestior
3689 3942 3814 3985 est:

2231 4039 2402 4092 neque
2441 4025 2581 4076 enim
2627 4016 2753 4075 milii
2784 4019 3169 4073 immunitatem
3213 4036 3240 4070 a
3272 4019 3540 4074 laboribus
3573 4033 3818 4091 prmstat,

2231 4116 2325 4170 sed
2359 4131 2542 4170 eorum
2577 4123 2920 4184 augmentum
2952 4120 3007 4166 et
3047 4112 3307 4166 tumultus
3335 4122 3492 4182 atque
3534 4113 3819 4180 perturba.

2234 4209 2405 4262 tiones
2436 4225 2448 4260 :
2481 4218 2640 4275 atque
2683 4207 2784 4260 hoc
2825 4205 2996 4276 ipsum
3035 4204 3314 4260 declarans
3354 4206 3564 4261 dicebat
3599 4225 3612 4259 :
3645 4207 3824 4264 Terra

2236 4316 2312 4354 me
2346 4299 2399 4353 in
2435 4297 2726 4360 insomniis,
2761 4306 2806 4349 ct
2832 4298 2884 4349 in
2914 4297 3028 4351 visis
3059 4313 3136 4349 me
3165 4297 3395 4364 percelli:
3424 4297 3583 4370 (Ibid.
3626 4313 3668 4349 υ.
3716 4304 3820 4369 Μ).

2237 4393 2444 4447 Etenim
2477 4390 2870 4461 perterrebatur
2902 4389 3194 4443 tremendis
3227 4389 3327 4444 ilhs
3361 4393 3637 4446 nocturnis
3673 4394 3824 4457 visis.

2238 4483 2570 4540 intolerando
2599 4485 2789 4537 timore
2808 4525 2821 4547 ,
2857 4483 3050 4536 mentis
3077 4496 3301 4536 excessu
3335 4492 3542 4538 terrore
3571 4487 3820 4541 obrutus.

2309 4578 2363 4632 5.
2407 4578 2593 4630 Annon
2643 4574 2999 4643 dcfatigamini
3039 4575 3318 4630 audientes
3367 4585 3472 4630 tam
3517 4576 3822 4648 frequentes

2240 4670 2353 4722 illas
2399 4667 2766 4722 calamitates?
2825 4669 2889 4720 At
2946 4668 3032 4721 ille
3093 4668 3301 4738 patiens
3354 4685 3458 4722 non
3523 4669 3819 4728 fatiseehat.

2238 4760 2593 4827 Quamobrem
2622 4775 2746 4827 rogo
2773 4760 3045 4814 caritatem
3081 4771 3328 4826 vestram,
3353 4760 3525 4814 adhuc
3557 4764 3819 4830 paululum

2239 4851 2554 4920 exspectetis
2605 4866 2617 4901 :
2664 4848 2896 4902 nondum
2943 4849 3083 4902 enim
3136 4857 3307 4904 totum
3349 4851 3599 4916 diximus,
3658 4870 3820 4923 neque

2242 4945 2539 4999 addidimus
2590 4943 2808 4996 alteram
2876 4945 3325 5011 exsuperantiam.
3390 4943 3560 4999 Unum
3611 4949 3822 5014 quidem

2243 5046 2379 5098 erat,
2415 5035 2553 5104 quod
2603 5036 2777 5087 omnia
2834 5035 2969 5087 maia
3018 5052 3140 5104 qua:
3201 5036 3504 5090 hominibus
3553 5040 3820 5107 accidunt,

2244 5145 2404 5181 unum
2450 5143 2640 5195 corpus
2698 5126 3012 5196 perferret;
3055 5127 3199 5182 aliud
3252 5145 3399 5192 vero,
3452 5129 3595 5199 quod
3652 5135 3821 5188 omnia

2245 5222 2420 5282 simul,
2451 5237 2546 5274 nec
2563 5223 2641 5273 vel
2666 5220 2937 5272 minimam
2980 5218 3209 5274 habebat
3237 5223 3472 5290 requiem
3504 5224 3584 5277 vel
3616 5226 3823 5281 dilatio-

2247 5333 2389 5369 nem.
2449 5315 2684 5368 Tertium
2729 5313 2926 5367 addch
2967 5314 3085 5367 volo
3133 5331 3146 5368 :
3199 5317 3465 5386 quodnam
3527 5318 3657 5372 illud
3711 5322 3822 5375 (st!

2246 5407 2395 5476 Quod
2451 5407 2712 5458 dictrrutn
2768 5405 2972 5477 singula
3031 5422 3135 5485 non
3198 5407 3356 5461 modo
3407 5409 3562 5463 simul
3619 5411 3821 5481 ingrue-

2248 5511 2398 5565 runt,
2452 5500 2545 5552 sed
2599 5501 2756 5552 etiam
2815 5513 2935 5552 cum
2993 5499 3042 5552 vi
3097 5515 3287 5568 magna
3335 5513 3385 5555 et
3440 5505 3818 5561 vehementia:

2248 5609 2367 5646 nam
2417 5600 2694 5661 paupertas
2732 5591 2850 5658 ejus
2877 5597 2993 5643 erat
3040 5595 3185 5646 oumi
3226 5604 3532 5662 paupertate
3575 5599 3822 5666 gravior;

2248 5683 2466 5737 morlms
2511 5682 2656 5747 item,
2703 5681 2882 5749 sedes,
2935 5680 3163 5738 filiorum
3211 5685 3492 5752 pernicies,
3538 5688 3820 5746 bonorum-

2247 5791 2351 5846 qtte
2403 5775 2658 5830 omnium.
2712 5773 2988 5844 Perpende
3031 5785 3214 5836 autem
3245 5795 3257 5830 :
3289 5778 3519 5847 perdidit
3567 5791 3822 5851 quispiam

2251 5868 2388 5924 bona
2436 5887 2527 5923 sua
2553 5868 2572 5920 ?
2599 5877 2651 5922 at
2681 5885 2783 5923 non
2818 5867 3025 5939 penitus
3070 5868 3271 5935 omnia,
3312 5887 3484 5942 neque
3526 5875 3615 5927 tali
3646 5880 3817 5929 tundo.
