4122 6406
334 386 438 448 ιιι

333 501 534 564 Amisit
577 500 759 558 Ilios?
809 506 867 553 at
904 510 1197 566 numquam
1246 508 1357 547 uno
1397 496 1673 545 momento
1727 497 1940 548 omnes,

334 610 517 667 neque
571 602 690 661 tot,
743 604 921 662 tneque
981 588 1134 643 tales.
1193 586 1253 643 In
1304 583 1552 640 morbum
1606 577 1834 635 incidit?
1890 584 1947 631 at

332 703 446 745 non
473 686 657 749 talem,
682 682 779 740 sed
822 681 907 737 vel
955 678 1091 737 febri
1140 676 1422 743 laboravit,
1454 674 1540 730 vel
1584 670 1944 732 mutilatione,

332 779 422 835 vel
446 777 803 847 similialiquo
823 782 1193 842 consuetaque
1212 766 1423 827 morbo.
1452 765 1547 822 llla
1578 772 1759 819 autem
1791 760 1944 833 plaga

332 872 553 928 insolita
583 877 716 934 erat,
748 883 868 939 qua:
884 864 976 923 uni
1007 861 1229 936 patienti
1258 870 1385 919 nuta
1406 866 1568 915 esset.
1588 854 1777 911 Nullus
1801 853 1943 908 enim

332 980 520 1021 sermo
538 962 810 1034 explicare
840 956 1010 1030 possit
1030 970 1190 1028 quam
1217 952 1410 1010 acerba
1432 957 1615 1007 essent
1645 948 1825 1016 ulcera
1853 944 1944 1000 illa

330 1068 391 1114 et
418 1065 677 1129 quantum
718 1054 978 1111 inferrent
1000 1050 1227 1107 vulnera
1256 1046 1543 1113 dolorem;
1574 1042 1669 1100 sed
1699 1041 1832 1097 satis
1859 1048 1948 1095 est

331 1151 541 1209 dixisse
581 1149 705 1221 quis
730 1147 931 1202 malum
970 1143 1245 1208 inﬂixerit,
1277 1150 1332 1198 et
1362 1154 1523 1212 quam
1551 1136 1872 1194 exulcerato
1896 1133 1943 1191 is

332 1245 525 1301 animo
549 1252 715 1309 esset,
747 1250 805 1296 ut
835 1238 1007 1312 plaga:
1048 1234 1363 1308 magnitudo
1404 1231 1741 1290 ostendatur.
1793 1226 1941 1284 Nova

334 1343 467 1398 item
488 1351 545 1400 et
559 1340 771 1397 insolita
795 1345 915 1393 erat
939 1335 1057 1407 ejus
1078 1334 1258 1392 sedes.
1284 1331 1469 1405 Neque
1488 1330 1635 1389 enim
1658 1328 1797 1385 ullus
1819 1342 1941 1385 um-

330 1450 497 1506 quam
527 1447 728 1505 pauper
756 1432 836 1509 sic
863 1429 1002 1486 sedit
1029 1428 1176 1485 omni
1208 1436 1452 1498 tempore
1477 1424 1581 1481 sub
1607 1422 1729 1492 dio,
1763 1431 1822 1478 ut
1851 1422 1944 1479 ille

328 1525 586 1592 sedebat,
603 1524 844 1581 vestibus
869 1521 1119 1587 nudatus,
1139 1531 1280 1578 teeto
1297 1519 1536 1590 privatus
1552 1518 1721 1588 omni,
1742 1515 1795 1572 in
1813 1515 1944 1572 fimo

330 1617 537 1675 sedens
556 1615 834 1673 vermibus
862 1622 1099 1669 scatens.
1128 1611 1288 1683 Sa~pe
1317 1611 1498 1668 evenit
1519 1618 1576 1665 ut
1593 1608 1716 1681 quis
1742 1608 1941 1664 malam

331 1709 560 1767 haberet
592 1722 816 1763 uxorem
840 1706 966 1762 :sed
987 1705 1130 1761 nulla
1153 1719 1406 1775 umquam
1426 1712 1534 1759 tam
1558 1701 1803 1773 improba
1845 1701 1942 1756 fuit

329 1820 456 1875 qua-
484 1802 537 1857 in
567 1809 711 1856 tanta
751 1798 1060 1856 calamitate
1098 1798 1271 1853 virum
1312 1796 1704 1862 insectaretur,
1737 1804 1793 1850 et
1829 1793 1942 1865 gla-

328 1896 481 1952 dium
512 1903 725 1949 acueret
755 1892 1018 1947 advcrsus
1046 1890 1283 1947 animam
1318 1888 1505 1960 ipsius,
1533 1888 1768 1959 taliaque
1807 1903 1936 1943 con-

328 1992 451 2049 sitia
478 1991 649 2046 daret.
686 1987 998 2043 Amicorum
1025 2000 1243 2057 quoque
1283 1994 1333 2040 et
1360 1983 1795 2041 domesticorum
1819 1982 1941 2037 ani-

327 2099 482 2142 mum
511 2081 800 2140 considera
829 2098 843 2134 :
877 2078 1032 2135 famis
1074 2092 1290 2151 quoque
1328 2091 1527 2133 novum
1555 2090 1756 2149 genus,
1797 2074 1941 2147 quod

329 2184 522 2231 niensa
554 2173 796 2246 apposita
826 2171 954 2227 nihil
979 2181 1196 2241 gustare
1231 2176 1415 2241 posset
1465 2169 1651 2225 Dicam
1694 2179 1751 2224 et
1779 2183 1943 2240 quar-

331 2275 445 2321 tam
487 2264 863 2339 hyperbolen?
916 2263 1131 2318 divitias
1181 2276 1376 2335 nempe
1423 2270 1477 2318 et
1530 2260 1940 2333 prosperitatem

333 2357 638 2429 pristinam.
685 2355 818 2411 Nam
857 2353 949 2427 qui
977 2355 1046 2411 ab
1090 2352 1243 2409 initio
1296 2355 1348 2408 in
1390 2360 1708 2425 paupertate
1764 2351 1940 2417 vixit,

331 2448 546 2505 facilius
584 2446 689 2503 fert
725 2447 893 2513 illam,
924 2455 1108 2518 utpote
1148 2444 1240 2518 qni
1283 2445 1483 2501 malutn
1517 2444 1644 2502 illud
1674 2443 1767 2501 diu
1799 2444 1945 2500 tule-

332 2543 407 2599 rit
436 2557 451 2596 :
477 2540 567 2612 qui
598 2549 777 2596 autem
808 2554 873 2595 ev
918 2548 1064 2594 tanta
1095 2537 1370 2608 opulentia
1401 2537 1657 2610 delapsos
1679 2544 1787 2603 est,
1814 2551 1939 2592 eum

332 2643 524 2706 utpote
549 2649 650 2690 nec
674 2644 981 2704 expertum,
1005 2648 1107 2689 nec
1136 2640 1456 2691 noscentem
1478 2631 1622 2687 illam
1648 2630 1944 2689 verisimile

332 2738 423 2786 est
461 2729 677 2799 gravius
724 2727 981 2791 sensisse,
1040 2726 1289 2782 acerbius
1338 2724 1615 2790 doluisse,
1657 2732 1729 2780 et
1770 2724 1940 2795 magis

349 2824 622 2878 turbatum
653 2820 837 2877 fuisse.
880 2819 1139 2888 Quintum
1183 2820 1347 2874 etiam
1376 2816 1485 2874 dici
1527 2820 1697 2888 possit
1725 2836 1738 2871 :
1766 2816 1938 2889 quod—

334 2932 463 2974 nun
492 2916 656 2971 illud?
686 2916 742 2970 In
769 2915 890 2970 aliis
916 2915 1161 2986 quidem,
1182 2912 1387 2984 singuli
1406 2912 1655 2969 homines
1684 2913 1774 2984 qni
1797 2910 1941 2967 mul-

334 3019 514 3063 torum
539 3007 639 3062 sibi
692 3007 957 3061 malormn
1009 3005 1214 3062 conscii
1244 3014 1391 3070 sunt,
1444 3019 1667 3060 causam
1716 3014 1936 3070 norunt,

329 3100 492 3169 enjns
536 3113 698 3154 causa
758 3099 1064 3169 patiuntur;
1116 3097 1281 3169 idque
1338 3110 1445 3153 non
1501 3112 1691 3167 parum
1744 3106 1827 3152 est
1869 3095 1939 3151 ad

329 3192 760 3247 consolationem
790 3209 806 3247 :
850 3191 940 3247 ille
972 3204 1102 3247 vero
1123 3206 1299 3261 neque
1328 3190 1433 3246 hoc
1456 3190 1675 3261 quidem
1702 3190 1941 3261 cogitare

331 3292 564 3356 poterat,
582 3283 724 3356 quod
742 3283 1061 3339 delictorum
1082 3293 1532 3355 peccatorumque
1548 3298 1735 3355 pennas
1748 3284 1902 3340 daret
1921 3302 1935 3337 :

328 3374 514 3431 ethoc
536 3376 769 3431 maxime
796 3376 1142 3431 ratiocinium
1171 3374 1290 3444 ejus
1329 3375 1599 3433 turbabat.
1631 3376 1765 3432 Cum
1791 3378 1937 3433 enim

330 3468 500 3523 vitam
529 3484 680 3524 suam
712 3468 1087 3539 perpendebat
1114 3477 1170 3524 et
1208 3468 1597 3525 conscientiam
1629 3484 1781 3523 suam
1820 3470 1940 3539 plus

328 3575 497 3630 quam
526 3561 607 3616 sol
651 3559 995 3637 emulgentem
1042 3575 1106 3615 ac
1145 3570 1291 3616 recte
1326 3557 1593 3615 factorum
1636 3559 1938 3617 multitudi-

329 3668 480 3715 nem,
510 3662 732 3708 noverat
757 3668 816 3708 se
857 3652 1072 3708 coronis
1100 3661 1156 3707 et
1201 3652 1386 3707 bravio
1425 3662 1482 3707 et
1511 3651 1745 3724 pra-miis
1786 3653 1939 3708 innu-

328 3745 499 3800 meris
523 3759 644 3800 essc
672 3743 893 3815 dignum
923 3761 939 3800 :
971 3759 1093 3799 cum
1117 3759 1247 3799 vero
1274 3758 1470 3812 corpus
1490 3757 1644 3798 suum
1678 3745 1937 3814 respicie-

328 3838 447 3903 bat,
481 3835 680 3901 ulcera,
707 3845 763 3892 et
792 3837 970 3891 omnia
997 3852 1116 3907 quae
1146 3836 1249 3891 sibi
1280 3836 1630 3902 acciderant;
1658 3835 1848 3892 videns
1878 3853 1939 3893 se

324 3929 577 4000 graviora
614 3929 743 4000 pati,
774 3944 935 4001 quam
976 3928 1066 3998 qui
1114 3939 1359 3985 extretna
1406 3930 1612 3985 scelera
1658 3941 1939 4001 perpetra-

328 4030 477 4087 rant,
507 4023 707 4076 nullam
733 4036 951 4076 causam
984 4022 1230 4077 invenire
1272 4031 1326 4077 et
1359 4021 1543 4077 dicere
1583 4031 1797 4092 poterat
1840 4040 1939 4079 cur

330 4117 462 4175 talia
485 4128 777 4188 pateretur.
810 4114 935 4172 ldco
953 4115 1113 4186 igitur
1128 4118 1195 4171 ad
1222 4116 1822 4189 incomprehensibilcm
1844 4112 1937 4172 Dei

327 4209 793 4283 dispensationem
814 4209 1129 4278 confugiens
1145 4209 1359 4263 dicebat
1382 4208 1562 4264 :Sicut
1579 4207 1803 4263 Domino
1825 4209 1940 4278 pla-

328 4307 460 4371 cuit,
482 4306 554 4358 ita
582 4307 773 4375 factum
798 4314 871 4357 est
902 4302 1021 4375 (Job
1061 4306 1104 4357 Ι.
1145 4303 1205 4357 ΞΙ
1224 4305 1262 4373 ).
1288 4302 1353 4357 Et
1381 4317 1603 4359 uxoreo:
1633 4302 1939 4373 reprimens

331 4415 434 4469 pro
463 4396 709 4451 facilitate
735 4396 998 4450 rationem
1030 4396 1365 4466 exprompsit
1389 4411 1506 4465 qua!
1537 4394 1789 4465 pietatem
1820 4392 1939 4462 ejus

330 4492 625 4548 admodum
655 4491 996 4553 ostendebat,
1016 4491 1094 4545 sic
1121 4490 1310 4545 dicens
1334 4508 1346 4543 :
1371 4492 1431 4544 Si
1459 4489 1590 4543 bona
1621 4486 1937 4557 suscepimus

330 4606 366 4643 st
398 4586 640 4652 Domino,
670 4586 807 4639 mala
833 4602 934 4638 non
956 4584 1311 4639 sustinebimus
1339 4582 1494 4653 (Iob.
1527 4580 1584 4643 2-.
1610 4578 1699 4652 10)
1722 4580 1745 4633 ?

406 4684 538 4735 Ante
574 4680 795 4752 gratiam
833 4679 989 4732 uirtus
1031 4676 1286 4748 ὀὴ)ῖεὶιίον
1322 4684 1449 4731 erat.
1480 4674 1751 4729 ——Aliam
1800 4686 1939 4744 quo-

332 4789 443 4844 que
481 4774 656 4828 dicam
700 4772 1068 4846 hyperbolen.
1110 4786 1229 4842 qum
1272 4769 1531 4824 athletam
1577 4767 1729 4822 illum
1772 4765 1943 4820 maxi-

336 4883 427 4923 me
466 4876 692 4923 coronet
730 4880 795 4920 ac
832 4866 1111 4935 praedicet,
1151 4862 1509 4933 ostendatque
1541 4862 1682 4915 illius
1702 4860 1938 4915 animam

334 4960 624 5017 sublimem
655 4958 722 5013 ad
766 4957 957 5012 cadum
1000 4971 1166 5026 usque
1213 4955 1631 5025 pertingentem.
1679 4950 1937 5020 Qnmnam

336 5052 501 5123 igitur
529 5050 616 5104 illa
644 5049 771 5104 est?
800 5047 1082 5118 Temporis
1107 5046 1412 5102 dillerentia
1448 5065 1459 5101 :
1495 5060 1617 5100 cum
1646 5045 1789 5100 enim
1816 5052 1942 5098 ante

331 5143 563 5217 grauiam
593 5148 649 5196 et
673 5150 798 5195 ante
830 5140 1003 5210 legem
1032 5139 1348 5201 exstitisset,
1391 5138 1482 5191 tali
1529 5148 1707 5192 tamen
1749 5136 1943 5206 plenus

335 5246 457 5291 erat
486 5233 844 5307 philosophia.
886 5231 1004 5288 Non
1052 5247 1239 5303 parum
1286 5240 1467 5285 autem
1512 5230 1643 5293 illud
1692 5239 1796 5294 est,
1845 5230 1941 5285 sed

336 5328 483 5402 quod
523 5336 808 5384 sescentas
846 5326 1275 5396 possit‘nectere
1319 5338 1570 5378 coronas.
1616 5322 1941 5378 Eorumdcm

337 5424 486 5481 enim
517 5431 661 5478 recte
688 5421 952 5475 factorum
983 5434 1087 5472 non
1116 5416 1321 5471 ezedcm
1346 5425 1471 5470 sunt
1493 5414 1796 5479 mercedes,
1819 5430 1941 5470 cum

339 5518 479 5572 alius
507 5514 725 5585 quidem
766 5511 958 5584 priscis
990 5508 1323 5578 temporibus
1364 5508 1487 5595 talia
1520 5510 1769 5579 patravit,
1808 5508 1945 5561 alios

338 5619 520 5666 autem
550 5609 736 5662 iulimo
762 5621 911 5669 arvo;
941 5604 1037 5659 sed
1075 5601 1240 5672 priori
1270 5596 1714 5677 longi-(majores.
1760 5598 1944 5669 Neque

336 5704 483 5760 enim
522 5716 618 5772 par
650 5714 737 5753 res
778 5708 880 5763 est,
929 5707 1213 5767 postquam
1249 5688 1498 5767 Christus
1524 5692 1762 5756 advenit,
1806 5703 1947 5761 post-

334 5811 499 5869 quam
546 5800 629 5850 tot
682 5802 934 5862 tantaque
978 5789 1219 5850 exhibuit
1263 5798 1311 5842 cl
1370 5772 1579 5842 monuit
1622 5794 1675 5840 et
1712 5785 1948 5855 plziioso-

337 5890 541 5962 phandi
574 5887 801 5948 consilia
832 5886 979 5945 dedit
1024 5884 1279 5957 prmclare
1308 5897 1466 5953 agere
1513 5890 1565 5939 et
1618 5891 1741 5936 ante
1779 5882 1945 5952 ipsius

990 378 1055 435 IV
1098 373 1405 441 IIOSIILIA,
1447 368 1811 429 ADVERSUS
1852 365 1981 424 EOS
2018 366 2135 436 QUI
2177 368 2320 428 NON
2359 367 2811 439 ADFUERANI',
2854 368 3009 428 ETC.

3572 369 3680 426 ιη

2055 481 2347 539 adventurm
2368 494 2423 540 et
2455 495 2582 541 ante
2611 483 2784 556 legem
2823 493 2880 541 et
2907 482 3198 556 prophetas
3227 484 3352 543 talis
3383 498 3669 559 praestem.

2055 572 2349 646 Propterea
2383 585 2666 648 postquam
2711 576 2955 645 advenit,
2988 576 3251 648 majorem
3283 578 3540 637 virtutem
3581 598 3668 639 re-

2052 667 2253 738 quirit,
2294 667 2484 725 dicens
2514 685 2530 723 :
2565 665 2688 724 Nisi
2721 668 3060 724 abundaverit
3084 670 3294 742 justitia
3333 680 3500 727 vestra
3547 674 3667 743 plus

2051 776 2207 832 quam
2251 760 2553 817 Scribarum
2598 772 2648 817 et
2700 760 3106 830 Pharistrorum,
3160 781 3265 821 non
3306 764 3565 821 intrabitis
3610 769 3667 821 in

2053 870 2267 925 regnum
2290 856 2534 925 stolarum
2565 854 2782 931 (Matth.
2817 857 2870 912 5.
2901 855 3019 928 20).
3051 856 3265 925 Quanto
3309 860 3487 930 major
3516 860 3667 919 enim

2054 947 2153 1003 fuit
2182 948 2449 1015 doctrina,
2488 959 2639 1004 tanto
2667 949 2901 1021 majores
2921 961 2974 1005 et
2996 950 3253 1021 justlorcs
3269 951 3484 1008 virtutis
3508 967 3666 1009 meu-

2050 1055 2191 1097 ειη-ω
2214 1042 2405 1115 positre
2446 1053 2591 1098 sunt.
2633 1046 2702 1099 At
2755 1042 2841 1099 hic
2888 1059 2995 1099 non
3049 1044 3295 1101 doctrina
3348 1046 3649 1123 institutus,

2051 1149 2159 1189 non
2190 1134 2411 1207 scriptis
2439 1134 2707 1202 eruditus,
2749 1152 2857 1192 non
2890 1136 3062 1201 libris.
3092 1153 3216 1193 cum
3248 1138 3428 1195 nullos
3455 1138 3663 1196 similes

2050 1227 2295 1295 vidisset,
2330 1243 2432 1285 nec
2454 1238 2638 1299 posset
2664 1228 2734 1284 ad
2758 1229 3040 1301 superiora
3065 1238 3314 1304 tempora
3354 1247 3662 1300 recurrere,

2048 1329 2104 1377 et
2132 1320 2387 1390 pncclara
2410 1320 2665 1392 exempla
2690 1321 3043 1378 considerare
3068 1340 3083 1390 ;
3113 1323 3353 1380 nondum
3377 1323 3523 1382 enim
3544 1332 3666 1383 erat

2047 1416 2339 1485 scriptura,
2367 1429 2468 1472 nec
2507 1413 2730 1471 historia
2759 1431 2879 1487 quae
2907 1431 2999 1472 res
3022 1425 3206 1489 gestas
3247 1416 3524 1484 traderet;
3562 1420 3663 1475 sed

2050 1508 2103 1562 in
2133 1508 2215 1563 via
2245 1524 2354 1565 non
2385 1508 2534 1574 trita,
2566 1508 2621 1564 iu
2655 1509 2790 1563 mari
2816 1507 2870 1565 in
2902 1523 3012 1581 quo
3043 1510 3226 1566 nullus
3251 1510 3656 1582 enavigavcnt,

2049 1600 2102 1655 in
2135 1609 2279 1655 tanta
2307 1599 2565 1671 nequitia:
2602 1599 2858 1671 caligine,
2891 1601 3044 1657 solus
3080 1611 3137 1658 et
3169 1603 3375 1672 primus
3404 1604 3496 1661 ille
3531 1611 3662 1661 tunc

2048 1691 2187 1748 hanc
2209 1691 2563 1763 philosophia:
2589 1692 2731 1747 viam
2746 1693 2982 1763 aperuit,
3003 1692 3057 1748 in
3075 1708 3287 1749 summa
3314 1694 3513 1750 virtute
3531 1709 3672 1752 cum.

2046 1784 2427 1855 cvsnperautia
2480 1798 2731 1840 summos
2785 1783 3113 1842 declaratus.
3179 1784 3349 1843 Valde
3402 1802 3658 1861 magnum

2045 1880 2245 1951 quippe
2259 1888 2345 1935 est
2374 1878 2457 1934 vel
2490 1878 2733 1933 minores
2754 1878 2971 1935 virtutis
3002 1888 3187 1951 partes
3215 1889 3366 1937 recte
3392 1881 3613 1953 exsequi
3640 1872 3657 1944 ξ

2048 1970 2208 2042 longe
2224 1971 2399 2040 majus
2416 1978 2595 2026 autem
2617 1970 2670 2026 in
2689 1984 2901 2041 summo
2916 1985 3232 2042 supremum
3246 1972 3488 2029 omnium
3501 1988 3657 2030 esse:

2047 2062 2191 2133 quod
2212 2071 2395 2119 autem
2424 2062 2682 2134 patientia
2715 2063 2785 2117 sit
2802 2062 3044 2117 omnium
3069 2078 3347 2134 suprema,
3374 2080 3535 2120 nemo
3562 2080 3659 2123 ne-

2046 2156 2273 2228 gaverit.
2300 2154 2429 2211 Haec
2452 2155 2613 2227 igitur
2628 2170 2750 2211 cum
2776 2156 2891 2227 ipse
2914 2154 3167 2212 diabolus
3188 2155 3379 2223 sciret,
3402 2156 3621 2214 dicebat
3639 2173 3655 2215 :

2048 2248 2246 2306 Pellem
2270 2264 2365 2320 pro
2390 2248 2545 2320 pelle,
2587 2250 2635 2301 et
2661 2247 2834 2302 omnia
2861 2263 2977 2320 qua!
3005 2247 3153 2303 habet
3192 2248 3366 2316 homo,
3395 2248 3536 2305 dabit
3566 2266 3660 2321 pro

2045 2340 2221 2395 animo
2251 2356 2345 2394 sua
2373 2339 2504 2394 :sed
2530 2339 2671 2393 mitte
2722 2355 2933 2393 intratum
2960 2346 3124 2406 learn,
3166 2350 3217 2394 et
3255 2350 3409 2411 tange
3451 2356 3660 2396 carnem

2046 2432 2157 2503 ejus
2179 2430 2300 2501 (Job
2327 2430 2384 2485 9..
2419 2430 2500 2501 4).
2536 2428 2692 2487 Unde
2723 2430 2899 2500 palam
2932 2440 3017 2486 est
3061 2430 3203 2486 hanc
3245 2431 3499 2489 virtutem
3534 2448 3662 2494 esse

2045 2522 2286 2577 omnium
2327 2535 2663 2589 supremam,
2716 2535 2947 2592 qumque
3004 2521 3145 2577 virili
3193 2531 3249 2577 ct
3288 2520 3465 2580 ferrea
3522 2540 3661 2596 opus

2049 2616 2246 2672 habeat
2283 2616 2503 2682 anima;
2536 2614 2804 2685 siquidem
2847 2614 3033 2671 videre
3078 2630 3269 2687 posses
3297 2629 3531 2690 quantus
3570 2620 3663 2677 ille

2046 2718 2166 2766 erat
2213 2709 2266 2765 in
2326 2707 2743 2765 tentationibns.
2795 2707 2931 2763 Rem
2981 2708 3131 2765 enim
3176 2723 3359 2766 sermo
3408 2722 3663 2770 amurate

2045 2800 2308 2858 exhibere
2336 2815 2444 2857 non
2476 2800 2670 2871 potuit.
2708 2798 2959 2855 Dolorem
2988 2802 3156 2868 enim,
3194 2803 3458 2873 supplicia
3481 2846 3496 2870 ,
3525 2817 3665 2864 m0-

2046 2894 2187 2951 roris
2213 2893 2579 2968 tyrannidem,
2618 2904 2673 2950 et
2698 2893 3166 2964 perturbationem
3196 2910 3263 2951 ex
3306 2904 3384 2951 tot
3415 2896 3662 2955 tristibus

2045 2990 2211 3046 rebus
2254 2996 2451 3054 ortam,
2497 2988 2642 3044 nulla
2688 2990 2771 3044 vis
2815 2990 3088 3045 sermonis
3134 2988 3333 3046 efferre
3360 2990 3440 3047 sic
3480 3000 3660 3063 potest

2043 3081 2410 3148 audientibus,
2440 3090 2498 3136 ut
2545 3080 2660 3152 ipsa
2702 3096 2886 3136 rerum
2930 3082 3292 3153 experientia.

2116 3175 2173 3231 4.
2215 3174 2329 3246 Age
2353 3187 2486 3245 ergo
2508 3173 2658 3229 illum
2689 3173 2785 3229 tibi
2828 3173 2991 3229 etiam
3018 3176 3334 3231 monstrabo
3358 3176 3487 3251 (hoc
3511 3179 3658 3235 enim

2046 3282 2155 3323 non
2181 3265 2590 3327 modicum‘est.
2624 3264 2722 3320 sed
2754 3264 2939 3320 animo
2964 3265 3127 3322 valde
3166 3267 3491 3340 philosopho
3518 3285 3661 3342 Opus

2047 3357 2316 3431 habentis)
2340 3356 2394 3413 in
2420 3355 2627 3412 divitiis
2650 3366 2706 3412 et
2729 3357 2781 3412 in
2804 3357 3085 3431 opulentia
3117 3374 3367 3431 magnam
3394 3363 3660 3420 exhiben-

2048 3460 2156 3507 tem
2170 3448 2591 3521 pbilosophiam.
2616 3449 2807 3519 Qualis
2830 3449 2995 3521 igitur
3015 3460 3131 3505 erat
3154 3466 3277 3506 cum
3302 3452 3456 3510 dives
3471 3464 3619 3512 esset
3632 3457 3661 3514 ν

2043 3542 2361 3598 Communis
2381 3539 2623 3594 omnium
2650 3549 2859 3610 portus,
2883 3541 3187 3595 communis
3217 3543 3457 3598 omnium
3482 3554 3657 3616 pater,

2042 3634 2349 3691 communis
2378 3631 2653 3697 medicus;
2702 3631 2814 3687 imo
2853 3632 3066 3689 medico
3097 3630 3272 3704 inajor
3304 3653 3319 3691 :
3347 3636 3473 3692 audi
3504 3653 3661 3694 nam-

2043 3742 2150 3799 que
2178 3742 2301 3783 eum
2339 3726 2611 3781 dicentem
2650 3743 2665 3780 :
2700 3723 2811 3797 Ego
2850 3740 2993 3780 eram
3029 3726 3210 3781 oculus
3251 3741 3525 3795 cocorum,
3568 3737 3658 3802 pes

2042 3818 2501 3891 claudorunt‘Uob
2528 3818 2618 3874 ἓξ).
2650 3818 2766 3891 15).
2801 3817 2991 3875 Vidcn'
3033 3821 3307 3889 quomodo
3330 3822 3542 3880 medico
3584 3826 3657 3882 sit

2044 3915 2219 3984 major
2234 3914 2258 3969 ‘l
2275 3907 2489 3968 Natura:
2514 3913 2686 3969 vicem
2710 3914 2903 3985 agebat
2919 3929 3047 3984 erga
3072 3916 3297 3971 mutilos
3317 3926 3372 3971 et
3394 3896 3658 3975 mauros

2044 4016 2101 4063 et
2129 4006 2273 4077 quod
2307 4021 2413 4060 non
2464 4015 2714 4076 poterant
2750 4003 2944 4059 medici
2982 4014 3101 4061 arte
3144 4000 3441 4079 corrigere,
3481 4009 3532 4065 id
3566 4009 3660 4068 ille

2044 4098 2323 4154 reﬁciebat
2351 4097 2746 4159 consolatione,
2772 4097 2843 4151 ob
2871 4096 3096 4151 multam
3127 4097 3270 4154 circa
3302 4100 3423 4156 illos
3460 4102 3659 4159 sollici-

2046 4191 2285 4246 tudinem
2316 4190 2684 4245 membrorum
2715 4190 2885 4245 viccm
2918 4189 3049 4258 ipsis
3075 4205 3292 4260 gerens.
3324 4191 3457 4248 Nam
3498 4196 3656 4265 quasi

2044 4286 2185 4349 sani,
2214 4282 2443 4352 pedibus
2490 4282 2749 4347 valentes,
2797 4293 2851 4335 et
2898 4280 3145 4337 videntes
3175 4282 3444 4355 degebant
3486 4288 3518 4342 ii
3560 4291 3653 4360 qui

2044 4374 2129 4429 his
2157 4373 2399 4429 tnulctati
2426 4380 2581 4427 erant
2606 4372 2883 4438 membris,
2914 4389 3018 4427 non
3050 4376 3349 4432 sentientes
3382 4378 3661 4437 claudica-

2048 4467 2249 4522 tionem
2283 4481 2459 4535 neque
2486 4465 2789 4520 caecitatem
2830 4466 2901 4519 ob
2944 4480 3191 4536 magnam
3228 4466 3346 4538 ejus
3370 4471 3659 4538 provideo-

2048 4561 2196 4616 tiam.
2226 4559 2568 4630 Quapropter
2596 4573 2703 4612 non
2734 4557 2889 4623 dixit,
2925 4556 3039 4627 Ego
3064 4557 3321 4613 consolor
3343 4559 3572 4617 claudos
3601 4576 3659 4620 et

2045 4667 2220 4709 ca-cos
2254 4671 2267 4706 :
2299 4651 2418 4717 sed,
2454 4649 2553 4705 Pes
2574 4660 2622 4703 et
2647 4650 2825 4703 oculos
2858 4648 3073 4703 illorum
3115 4667 3291 4714 erant;
3337 4658 3393 4705 et
3438 4668 3657 4718 rursus,

2046 4747 2162 4819 Ego
2191 4763 2328 4800 eram
2354 4756 2498 4815 pater
2525 4744 2878 4811 impotentium
2902 4739 3063 4811 (Ibid.
3145 4738 3259 4807 16).
3350 4742 3537 4813 Neque
3572 4746 3661 4801 hic

2048 4838 2198 4904 dicit,
2226 4836 2561 4892 Consolabar
2577 4833 2887 4903 orphanos;
2917 4833 3037 4897 sed,
3068 4829 3457 4889 Pam-illorum
3477 4854 3659 4894 eram:

2050 4932 2177 4987 hinc
2205 4928 2501 4985 ostendens
2526 4941 2585 4981 se
2616 4942 2724 4981 non
2753 4926 2946 4984 sivisse
2982 4939 3078 4979 eos
3110 4924 3192 4979 vel
3226 4925 3279 4979 in
3315 4942 3534 4982 sensum
3568 4945 3663 4985 ve-

2050 5027 2166 5081 nire
2193 5023 2338 5095 quod
2370 5020 2599 5091 orphani
2624 5028 2829 5084 essent,
2866 5032 3039 5089 neque
3078 5017 3391 5088 permisisse
3421 5030 3477 5073 ut
3506 5022 3662 5078 triste

2052 5120 2179 5177 illud
2206 5126 2493 5191 appareret
2524 5131 2536 5170 :
2569 5111 3022 5188 quemadmodum
3045 5122 3098 5167 et
3127 5112 3236 5166 illic
3261 5112 3562 5169 crcitatcrn
3594 5133 3663 5173 ne

2051 5214 2312 5270 sentirent
2341 5210 2470 5267 cmci
2494 5210 2545 5264 vi
2577 5206 2932 5279 providentia:
2960 5220 3075 5261 suae
3096 5203 3386 5271 efficiebat,
3410 5206 3537 5261 dum
3569 5208 3657 5263 in-

2051 5305 2334 5364 commoda
2384 5303 2643 5359 auferret.
2675 5299 2861 5371 Neque
2905 5312 3136 5369 corpora
3164 5297 3343 5353 solum
3385 5313 3575 5354 manca
3607 5308 3664 5355 et

2054 5400 2241 5455 mutila
2282 5397 2526 5459 curabat,
2562 5408 2739 5466 neque
2782 5390 3061 5463 orphanos
3105 5398 3335 5457 tantum,
3379 5390 3508 5446 dum
3558 5390 3667 5447 illis

2054 5493 2445 5551 membrorum,
2490 5488 2575 5543 his
2626 5494 2911 5559 parentum
2944 5485 3061 5540 vice
3092 5484 3313 5549 aderat;
3363 5484 3460 5539 sed
3498 5484 3666 5540 etiam

2056 5586 2219 5659 judex
2270 5600 2299 5637 a
2354 5584 2537 5652 seipso
2585 5584 2913 5636 constitutus
2965 5575 3141 5631 fuerat
3174 5576 3285 5632 imo
3330 5575 3451 5647 plus
3504 5590 3669 5647 quam

2056 5681 2222 5753 judex
2248 5694 2263 5744 ;
2297 5692 2420 5732 nam
2449 5676 2526 5729 ait
2553 5692 2568 5729 :
2600 5671 2819 5728 Causam
2844 5687 2999 5742 quam
3018 5667 3304 5724 nesciebam
3332 5669 3634 5742 investigari
3652 5710 3669 5735 ,

2055 5784 2101 5829 et
2131 5770 2362 5844 confregi
2380 5768 2541 5822 ntolus
2559 5766 2875 5836 iniquorum,
2904 5774 2951 5817 et
2971 5778 3035 5818 ex
3054 5762 3225 5817 medio
3255 5762 3481 5816 dentiant
3493 5777 3673 5817 eorum

2061 5872 2288 5947 praedam
2331 5862 2498 5933 eripui
2548 5858 2735 5933 (Ibid.
2780 5856 2871 5914 29.
2924 5856 2990 5913 Π
3113 5853 3231 5914 llos
3273 5853 3447 5913 multo
3492 5852 3675 5926 majus
