4068 6414
530 405 634 459 485

534 532 616 574 est
666 534 824 590 quam
874 517 1077 588 judicio
1132 515 1389 571 officium.
1455 514 1669 572 Judiees
1728 511 1870 567 enim
1928 507 2114 564 sedent

535 621 910 682 exspectantes
949 611 1034 681 qui
1063 609 1307 678 injuriatn
1341 608 1480 677 passi
1533 617 1656 660 sunt
1685 623 1698 669 ;
1751 613 1804 659 et
1836 613 2112 673 postquam

538 704 611 758 illi
664 704 930 771 supplices
958 709 1318 760 accesserunt,
1366 708 1489 752 tunc
1517 712 1669 752 Slltlm
1695 696 1936 767 prazbent
1960 691 2116 746 auxi-

539 795 662 847 lium
721 793 791 846 illi
843 792 931 862 qui
991 792 1128 846 inter
1185 790 1393 859 jndiees
1452 789 1684 843 maxime
1739 785 1886 856 probi
1943 795 2117 850 sunt;

541 889 717 952 plores
743 882 1006 952 siquidem
1037 897 1135 936 nec
1176 881 1302 934 illud
1339 888 1590 948 praestant
1621 895 1633 931 :
1666 877 1751 932 hic
1796 890 1924 932 vero
1952 875 2113 929 etiam

538 977 772 1045 optimos
817 975 934 1030 illos
975 975 1100 1028 vicit
1135 984 1187 1028 et
1228 974 1385 1042 longe
1423 970 1711 1039 superavit.
1763 968 1944 1035 Neque
1973 969 2114 1022 enim

537 1067 884 1135 exspectabat
934 1067 1107 1121 donec
1171 1065 1202 1118 ii
1261 1065 1348 1133 qui
1398 1061 1587 1131 injuria
1628 1059 1999 1116 afficiebantur
2048 1059 2114 1112 ad

539 1176 597 1212 se
628 1159 891 1224 venirent,
948 1172 1118 1228 neque
1164 1167 1440 1226 postquam
1492 1153 1566 1208 illi
1620 1152 1888 1222 supplices
1936 1165 2116 1204 acces-

535 1261 742 1315 serant,
766 1253 830 1306 ad
857 1267 1012 1322 opem
1042 1249 1311 1305 ferendam
1346 1247 1628 1318 pergebat;
1654 1245 1748 1300 sed
1777 1245 1863 1300 ille
1913 1260 2118 1313 ιιι-ξυιυς

538 1343 692 1396 υἷι-113
722 1344 978 1397 circuibat
998 1355 1242 1411 quaerens
1273 1355 1366 1394 eos
1388 1341 1474 1408 qui
1505 1338 1614 1392 hesi
1663 1337 1890 1400 fuerant;
1921 1346 1974 1389 et
2011 1349 2113 1387 non

539 1435 698 1488 modo
719 1449 979 1505 qumrens,
1008 1434 1099 1488 sed
1124 1449 1242 1488 cum
1273 1433 1433 1487 mttlta
1461 1431 1752 1501 vigilantia,
1777 1445 1896 1484 cum
1927 1442 2114 1497 magna

538 1526 913 1580 sollicitudine.
937 1526 990 1580 ld
1017 1541 1143 1581 vero
1175 1527 1316 1580 clare
1353 1525 1588 1589 noveris,
1612 1524 1653 1576 si
1680 1523 1805 1576 dicti
1836 1523 1937 1574 vim
1972 1522 2114 1574 didi-

536 1620 691 1671 ceris.
723 1617 836 1671 Non
868 1618 1008 1671 enim
1053 1617 1214 1680 dixit,
1263 1617 1530 1683 Qumsivi;
1574 1615 1688 1676 sed,
1725 1612 1940 1668 Causam
1968 1629 2116 1681 quant

537 1711 816 1763 nesciebam
843 1711 1175 1779 investigavi;
1210 1710 1257 1764 id
1284 1720 1384 1772 est,
1418 1708 1736 1772 examinavi,
1761 1712 1972 1762 curiose
1994 1723 2117 1777 per-

537 1802 726 1869 quisivi
759 1818 876 1855 cum
908 1803 1282 1862 sollicitudine,
1311 1803 1487 1855 omnia
1519 1818 1735 1856 movere
1763 1818 1865 1855 non
1890 1801 2114 1866 ce-savi,

541 1904 594 1945 ut
623 1896 972 1962 comperircm
1019 1910 1084 1948 an
1129 1895 1248 1964 quis
1279 1897 1506 1947 latenter
1533 1893 1722 1962 injuria
1761 1896 1916 1948 la:sus
1960 1893 2111 1948 foret.

545 1988 787 2041 Vidi~tin‘
817 1989 1026 2058 vigilem
1053 1990 1286 2042 animum
1315 1988 1336 2040 ?
1370 1987 1488 2042 vide
1514 2003 1725 2058 qucque
1755 1975 2117 2041 fortitudinem

541 2091 594 2133 et
639 2095 817 2133 curam
853 2101 866 2134 :
901 2081 963 2133 fit
1011 2081 1220 2134 contrivi
1262 2082 1422 2134 molas
1467 2081 1775 2144 iniquorum.
1821 2079 1968 2132 lllatn
2014 2081 2118 2132 vim

539 2172 841 2225 mordacem
873 2173 1027 2237 solvi,
1064 2173 1254 2242 inquit,
1283 2183 1339 2227 ιιι
1368 2174 1431 2226 ad
1485 2174 1641 2226 aliam
1690 2172 1986 2227 faciendam
2017 2173 2118 2224 ini-

535 2267 791 2332 quitatem
816 2267 926 2333 jam
949 2267 1153 2321 inutilis
1181 2269 1268 2321 sit.
1304 2269 1504 2323 Ambos
1529 2269 1701 2338 itaque
1726 2269 1965 2337 juvabat,
2000 2267 2117 2320 illos

539 2373 604 2410 ne
634 2357 770 2410 male
800 2367 1127 2427 paterentur,
1170 2358 1266 2413 bos
1297 2374 1362 2414 ne
1396 2360 1530 2414 male
1562 2359 1796 2413 facerent
1827 2358 2121 2428 impediens

536 2459 588 2500 et
618 2448 1000 2503 moderatiores
1031 2449 1278 2503 reddens.
1323 2449 1487 2503 Porro
1525 2450 1873 2504 constantiam
1910 2459 1964 2504 et
2004 2464 2124 2517 pcr-

539 2542 890 2593 St-verant'atn
924 2560 936 2595 :
973 2540 1033 2593 Et
1056 2557 1118 2594 ex
1156 2542 1316 2594 medio
1343 2540 1568 2594 dentiant
1595 2558 1767 2596 eorum
1796 2542 1960 2612 eripui
1988 2556 2119 2611 prir-

540 2631 678 2683 άτιιιι.
734 2630 915 2699 Neque
965 2631 1105 2685 enim
1160 2631 1527 2699 desperabatn,
1555 2648 1726 2702 neque
1773 2633 2117 2699 desistcbam,

538 2725 635 2776 etsi
670 2739 753 2776 res
771 2725 880 2792 jam
905 2734 1054 2793 capta
1081 2734 1232 2789 erat;
1263 2725 1355 2778 scd
1384 2726 1524 2795 quod
1544 2727 1650 2794 jam
1674 2727 1981 2797 absorptmu
2007 2740 2121 2784 erat

538 2815 900 2882 retraliebam,
929 2818 1159 2886 pastoris
1194 2817 1379 2887 optimi
1418 2828 1472 2873 et
1502 2819 1673 2888 vigilis
1704 2819 2119 2876 sollicitudinem

537 2920 661 2972 erga
693 2919 982 2960 conservos
1012 2905 1294 2962 exhibens.

610 2999 729 3052 Jobi
786 3001 1065 3055 humilitas.
1109 3030 1182 3041 —
1228 3001 1436 3070 Quanta
1489 3016 1619 3056 vero
1673 3002 1945 3058 humilitas
2005 3003 2122 3074 ejus

550 3102 691 3145 esset
718 3093 910 3161 cogita.
973 3093 1032 3147 Si
1060 3104 1227 3146 autem
1269 3093 1472 3158 despexi
1516 3095 1771 3164 judicium
1814 3097 1997 3165 fantuli
2028 3099 2124 3151 ιιιεὶ

542 3195 586 3234 et
636 3184 854 3244 ancillas,
903 3184 1022 3236 dum
1072 3183 1362 3250 iudicantur
1391 3187 1655 3238 adversum
1688 3204 1784 3240 me.
1818 3187 1955 3255 Quid
1992 3192 2123 3241 enim

542 3275 727 3344 faciam
785 3275 829 3328 si
884 3277 1216 3329 visitationem
1281 3293 1442 3328 meam
1513 3278 1667 3347 faciat
1722 3277 1903 3334 Deus?
1955 3298 2123 3334 annon

542 3379 596 3420 ut
649 3383 739 3436 ego
796 3369 847 3420 in
897 3378 1064 3421 ventre
1107 3369 1201 3438 fui,
1250 3380 1295 3422 ct
1335 3371 1431 3438 ipsi
1471 3376 1674 3439 fuerunt
1720 3372 1867 3440 (Job
1904 3375 1989 3427 51.
2034 3378 2127 3430 15-

545 3460 686 3530 15)?
709 3459 1005 3514 Contritum
1030 3460 1264 3512 animtun
1291 3460 1489 3522 vidisti,
1509 3472 1561 3514 et
1579 3473 1819 3516 naturam
1850 3463 2122 3520 hominum

547 3562 790 3605 accurate
820 3550 1248 3604 considerantem
1281 3565 1343 3603 ac
1370 3553 1628 3605 scientem
1662 3554 1786 3621 quid
1821 3556 1886 3606 sit
1914 3571 2120 3620 servos,

547 3642 673 3712 quid
704 3642 856 3705 liber,
905 3640 956 3694 id
982 3639 1120 3709 quod
1154 3657 1181 3692 a
1213 3641 1391 3696 multis
1422 3643 1815 3698 circmnfertur.
1851 3646 1997 3700 llanc
2026 3649 2124 3717 igi-

555 3744 639 3787 tur
667 3733 884 3802 ejiciens
930 3733 1339 3802 in:equalitatem
1387 3751 1414 3786 a
1457 3737 1565 3804 pari
1611 3738 1865 3790 natalium
1897 3739 2122 3806 honore,

549 3829 618 3880 de
661 3827 995 3894 pltiloSOpbia
1051 3841 1350 3889 serptmtem
1406 3828 1621 3882 inducit.
1661 3830 1916 3900 Quodque
1970 3834 2129 3886 inira-

551 3917 657 3972 bile
678 3919 726 3969 in
754 3918 842 3969 illo
859 3925 960 3981 est,
1002 3919 1101 3970 hoc
1127 3917 1327 3972 faciens
1356 3934 1457 3972 non
1487 3936 1548 3972 ex
1580 3919 1876 3977 qunilitatc
1899 3939 1957 3977 se
1989 3927 2127 3994 loqui

548 4008 805 4076 putabat,
849 4006 938 4059 sed
985 4008 1221 4060 debitum
1281 4008 1524 4076 implere.
1574 4009 1908 4081 Quapropter
1959 4019 2127 4067 I'alin-

550 4098 747 4151 cinium
783 4099 956 4166 p0suit
1000 4112 1103 4166 quo
1149 4096 1452 4151 bowinibos
1499 4101 1744 4154 oumibus
1787 4104 2038 4170 suadeat,
2076 4117 2132 4161 ut

553 4205 658 4244 non
691 4190 847 4240 altius
880 4189 1087 4256 sapiant
1115 4205 1269 4258 quam
1296 4191 1455 4253 servi,
1482 4190 1688 4242 etiamsi
1711 4192 1904 4249 millies
1926 4196 2126 4251 domini

549 4283 673 4334 sint.
710 4280 834 4334 ".I'C
874 4281 1069 4350 quippe
1109 4282 1341 4343 nomina,
1393 4297 1580 4336 servus
1623 4295 1676 4338 cl
1709 4286 1861 4349 liber,
1916 4290 2126 4344 nomina

553 4384 756 4428 t:mtum
787 4383 909 4426 sunt
940 4389 994 4426 re
1023 4389 1183 4426 vat-na
1219 4391 1230 4423 :
1267 4377 1495 4428 servitus
1516 4387 1690 4430 autem
1725 4379 1773 4432 in
1804 4396 2042 4450 peccato,
2075 4397 2128 4438 et

550 4466 766 4518 libertas
800 4465 850 4518 in
875 4464 1079 4532 justitia
1108 4464 1377 4518 deﬁnitur.
1416 4467 1551 4536 lirgo
1579 4484 1675 4521 nos
1716 4473 1793 4525 sic
1825 4472 2127 4529 humiliabi-

551 4558 700 4610 tuus?
730 4572 908 4609 annon
950 4571 1076 4609 vero
1106 4556 1475 4612 desiderabilis
1502 4562 1848 4632 atnahilisque
1871 4568 1956 4620 ille
1998 4581 2080 4623 est
2107 4570 2128 4621 ?

552 4650 723 4703 Etiam
774 4648 1015 4701 amabilis
1075 4663 1087 4698 :
1142 4658 1193 4701 et
1261 4648 1345 4702 hic
1405 4649 1750 4720 hyperbolem
1817 4660 2126 4715 consideres

553 4743 727 4796 velim.
763 4741 1215 4804 Qttennulmodnm
1259 4742 1397 4795 enim
1445 4744 1495 4796 in
1545 4745 2036 4806 nuilcstiisviriliter
2076 4763 2128 4807 et

551 4850 672 4888 eum
735 4833 1046 4887 fortitudine
1098 4849 1282 4903 magna
1334 4835 1472 4890 illata
1522 4840 1659 4893 mala
1710 4841 1828 4896 tulit
1883 4863 1894 4896 :
1949 4846 2016 4898 ita
2076 4858 2130 4902 et

549 4931 601 4981 in
652 4925 1002 4994 prosperitate
1043 4927 1262 4981 virtutes
1307 4929 1543 4999 singttlas
1587 4935 1827 5001 apprime
1869 4943 2124 5007 exercuit,

553 5035 659 5073 non
706 5021 1044 5073 mediocriter
1084 5035 1182 5074 nec
1236 5032 1555 5092 utcumque,
1607 5029 1698 5080 sed
1750 5030 1815 5084 ad
1864 5049 2127 5091 sutmnum

552 5117 722 5181 ipsum
768 5115 1082 5168 ascendens.
1115 5114 1174 5168 Si
1197 5131 1310 5168 ιντο
1337 5133 1469 5185 saepe
1503 5121 1721 5175 dixin-int
1748 5126 1953 5180 auciIIm
1984 5147 2122 5193 metr,

553 5208 678 5272 Quis
727 5209 807 5259 det
853 5208 992 5261 nobis
1037 5208 1100 5261 de
1139 5207 1372 5262 carnibus
1419 5212 1523 5264 suis
1554 5223 1606 5263 ut
1642 5223 1968 5273 saturemur?
2014 5240 2127 5276 cum

550 5297 697 5350 valde
742 5299 898 5351 bonus
929 5318 1016 5371 ego
1045 5302 1138 5353 sim
1170 5299 1290 5373 (Job
1328 5303 1411 5357 15.
1443 5305 1554 5374 51).
1585 5307 1678 5362 llic
1703 5324 1940 5367 amorem
1971 5332 2127 5371 enar-

548 5402 628 5443 rat
671 5388 988 5446 lantnlorunt
1022 5393 1571 5464 vt-hetuentissimum,
1619 5403 1739 5471 qui,
1779 5406 1843 5457 ad
1893 5407 2126 5464 furorem

547 5500 716 5552 usque
737 5495 1005 5539 amatores
1031 5487 1279 5542 ardentes
1309 5500 1483 5555 erant,
1517 5507 1581 5545 ex
1610 5496 1769 5549 modo
1795 5500 1997 5554 scilicet
2021 5520 2127 5570 quo

545 5590 670 5642 erga
701 5575 820 5628 illos
850 5591 907 5628 se
946 5578 1182 5646 gerebat.
1219 5581 1290 5635 lta
1322 5584 1484 5648 enim,
1533 5584 1720 5656 inquit,
1771 5590 1897 5643 mihi
1930 5593 2124 5649 addicti

546 5675 719 5728 erant,
768 5666 835 5719 ita
872 5666 1038 5733 aflixi,
1083 5669 1150 5723 ita
1198 5687 1280 5727 me
1323 5677 1594 5740 amabant,
1649 5688 1703 5733 ut
1752 5696 2009 5752 cuperent
2039 5691 2120 5742 vel

547 5757 675 5824 ipsis
708 5758 910 5823 impleri
941 5761 1209 5828 carminis,
1257 5764 1504 5840 ipsasque
1553 5770 1832 5844 devorare,
1868 5779 2007 5847 quod
2039 5798 2122 5836 me

542 5851 748 5908 ardenti
770 5869 950 5911 amore
974 5855 1270 5929 diligerent.

1270 401 1320 456 S.
1365 396 1638 455 JOANNIS
1673 387 2144 453 CHRYSOSTOMl
2187 385 2494 442 ARClllliP.
2536 384 3065 442 CONSTANTINOP.

3731 387 3841 442 481

2297 505 2350 558 5.
2395 503 2533 571 Quid
2559 521 2686 560 vero
2711 507 2812 560 dici
2846 508 3013 575 possit
3036 505 3102 560 de
3133 515 3442 577 contemptu
3473 507 3840 563 divitiarum?

2223 613 2344 652 nam
2390 597 2525 653 hanc
2564 615 2775 669 quoque
2814 600 2905 654 ille
2957 600 3210 656 virtutem
3259 603 3505 671 apprime
3549 604 3835 660 exercuit.

2221 692 2336 748 Non
2386 694 2546 749 modo
2584 694 2725 748 enim
2773 696 2979 749 alienas
3030 711 3136 750 non
3189 698 3632 767 concupiscebat,
3679 697 3836 768 quod

2223 786 2373 840 multi
2392 803 2530 841 mtnc
2555 786 2772 848 faciunt,
2791 788 2883 842 sed
2905 803 3077 856 neque
3092 804 3238 854 suas,
3254 807 3440 844 verum
3462 791 3530 845 ab
3555 790 3641 845 his
3659 791 3836 846 etiam

2221 893 2340 932 cmn
2377 880 2754 948 exsuperantia
2789 881 2952 934 runlta
2983 897 3043 936 se
3073 884 3378 936 continuit:
3411 884 3643 954 ideoque
3669 885 3836 939 dicc-

2224 971 2312 1024 bat
2343 989 2354 1022 :
2390 972 2451 1025 Si
2483 972 2683 1025 lretatus
2721 991 2834 1026 sum
2875 991 2990 1028 cum
3018 977 3191 1029 multa!
3227 979 3353 1030 nti/ti
3381 981 3573 1050 fuerint
3603 980 3831 1044 divitite,

2225 1077 2383 1129 neque
2420 1062 2585 1134 tepidi
2620 1066 2841 1133 pretioso
2877 1067 3069 1133 con/itii
3126 1067 3250 1135 (Job
3283 1070 3372 1124 3|.
3406 1070 3500 1126 25.
3528 1072 3646 1141 26).
3679 1071 3832 1140 Qua-

2225 1166 2442 1225 propter
2470 1173 2590 1211 cum
2624 1158 2846 1212 sublata:
2894 1161 2990 1228 ipsi
3032 1159 3203 1227 fuere,
3235 1162 3500 1230 jacturam
3537 1166 3630 1220 ille
3660 1165 3826 1220 facil-

2225 1248 2352 1305 lime
2400 1251 2516 1304 tulit
2546 1269 2558 1316 ;
2593 1267 2823 1321 cumque
2855 1253 3125 1318 adessent,
3161 1255 3562 1329 eleemosynam
3595 1260 3832 1331 largiter

2220 1341 2496 1410 erogabat,
2539 1343 2789 1396 omuilms
2833 1344 3110 1399 dexteram
3160 1349 3440 1418 porrigens
3487 1350 3831 1422 domumque

2222 1449 2371 1486 suam
2401 1436 2667 1502 aperiens.
2702 1435 2885 1505 Neque
2916 1437 2967 1490 id
3001 1436 3250 1500 faciebat,
3281 1441 3422 1511 quod
3456 1445 3609 1498 multi
3641 1446 3832 1500 solent

2221 1529 2309 1598 qtti
2359 1531 2572 1584 curiose
2631 1533 2903 1602 inquirunt
2934 1548 2962 1584 a
2996 1535 3340 1604 petentibus,
3398 1539 3618 1607 quinam
3668 1541 3826 1594 sint:

2223 1623 2335 1685 sed,
2378 1623 2552 1675 Janua
2595 1641 2727 1690 mea,
2781 1625 2972 1694 inquit,
3018 1629 3156 1679 omni
3201 1629 3417 1682 venienti
3459 1641 3640 1698 aperta
3686 1643 3826 1686 erat.

2229 1713 2430 1780 Infirmi
2452 1716 2582 1767 enim
2611 1733 2706 1783 0pc
2731 1734 2840 1770 utea
2870 1734 2968 1770 non
3000 1719 3326 1786 privabantur
3349 1737 3367 1774 :
3391 1731 3689 1791 peregrinus
3717 1741 3826 1778 nou

2223 1806 2576 1875 egrediebatur
2611 1824 2673 1861 ea:
2699 1809 2864 1878 janua
2886 1825 2995 1862 mea
3022 1813 3136 1864 sinu
3163 1829 3320 1865 vacuo
3355 1813 3514 1878 (Ibid.
3548 1816 3638 1870 5|.
3674 1816 3748 1870 59.
3777 1827 3828 1870 et

2222 1897 2336 1968 51).
2381 1898 2564 1952 Vidisti
2596 1900 2937 1968 largitatem?
2964 1902 3136 1956 vidisti
3182 1904 3602 1968 humanitatem,
3639 1909 3825 1963 vidisti

2224 1990 2625 2058 benignitatem,
2655 1991 3048 2047 humilitatem?
3075 1995 3165 2050 Vis
3184 1998 3343 2051 etiam
3373 2000 3678 2055 castitatem
3703 2001 3827 2056 edi-

2223 2082 2411 2135 Secre?
2446 2081 2623 2152 Pcpigi
2652 2084 2838 2149 foedus,
2873 2086 3060 2153 inquit,
3087 2104 3203 2140 cum
3225 2089 3382 2141 oculis
3401 2092 3544 2154 meis,
3572 2103 3624 2144 tu
3647 2110 3711 2146 ne
3735 2111 3828 2147 co-

2224 2176 2436 2245 gitarem
2479 2178 2679 2244 quidem
2723 2177 2786 2230 de
2824 2179 3015 2247 virgine
3042 2181 3210 2233 alii-ua
3255 2182 3418 2250 (Ibid.
3510 2181 3598 2249 1).
3686 2187 3824 2254 Qum

2227 2280 2408 2337 postea
2441 2273 2660 2326 veniens
2689 2273 2951 2328 ‘Christus
2991 2278 3270 2344 lim-cepit,
3304 2292 3364 2328 ea
3396 2279 3507 2346 ipse
3557 2295 3615 2333 re
3662 2296 3824 2336 exsc-

2223 2373 2419 2430 quntus
2451 2374 2552 2418 est.
2587 2365 2775 2419 Vidisti
2807 2366 2956 2420 illmn
2997 2366 3257 2422 divitem?
3291 2369 3465 2423 vidisti
3498 2386 3817 2441 pauperem,

2225 2455 2400 2508 vidisti
2449 2457 2583 2510 bene
2612 2457 2901 2519 valentem,
2938 2459 3112 2511 vidisti
3147 2462 3387 2526 :rgrum?
3418 2462 3592 2516 vidisti
3625 2478 3712 2518 res
3743 2465 3818 2517 illi

2225 2564 2322 2617 pro
2352 2558 2473 2602 voto
2500 2551 2884 2605 succedentes?
2903 2551 3080 2604 vidisti
3112 2553 3258 2606 illum
3287 2556 3524 2608 omnium
3546 2556 3818 2624 jacturam

2227 2642 2453 2696 fecisse?
2486 2643 2660 2696 vidisti
2691 2646 2902 2713 qualem
2935 2660 2992 2698 se
3014 2645 3315 2700 exhibuerit
3342 2663 3466 2716 erga
3493 2649 3653 2713 filios,
3687 2665 3818 2722 etgt

2225 2734 2472 2795 famulos,
2504 2751 2630 2805 erga
2658 2735 2849 2805 injuria
2880 2737 3098 2791 alb-mos
3124 2782 3137 2800 .
3165 2755 3290 2810 erga
3315 2741 3579 2810 pupillos?
3608 2741 3670 2796 Si
3699 2760 3818 2796 vero

2224 2825 2456 2879 abiissem
2505 2844 2619 2880 cum
2662 2829 2950 2881 irrisoribus
3042 2833 3212 2903 (Ibid.
3273 2832 3351 2902 5),
3382 2831 3550 2903 inquit
3578 2852 3589 2886 :
3617 2835 3667 2888 id
3708 2845 3815 2899 est.

2223 2917 2407 2989 Neque
2432 2920 2545 2974 Ita-c
2581 2923 2850 2975 consortia
2887 2924 3211 2990 maerebam,
3243 2940 3550 2979 scurrarum
3596 2943 3815 2999 nempe.

2226 3010 2292 3063 Et
2321 3010 2422 3064 hoc
2448 3013 2793 3066 continentia:
2822 3029 2927 3067 non
2963 3031 3181 3082 parvum
3207 3025 3292 3071 est
3321 3019 3551 3085 signum.
3584 3018 3815 3075 Omnem

2226 3103 2421 3172 quippe
2452 3106 2702 3160 virtutem
2748 3115 2984 3160 sectatus
3014 3118 3095 3162 est
3124 3124 3138 3163 :
3173 3118 3227 3163 et
3255 3125 3375 3164 cum
3414 3112 3465 3164 iu
3510 3120 3655 3165 tanta
3683 3128 3820 3183 opu-

2227 3187 2386 3241 lentia
2415 3201 2577 3255 esset,
2611 3193 2914 3246 accuratius
2941 3208 2999 3247 se
3025 3196 3266 3263 gerebat,
3298 3202 3457 3265 quam
3488 3196 3521 3250 ii
3554 3201 3643 3268 qui
3682 3201 3816 3258 nihil

2228 3278 2486 3333 haberent
2515 3297 2528 3333 :
2558 3298 2661 3335 non
2692 3283 2833 3336 enim
2859 3284 2946 3336 ille
2971 3287 3059 3353 qui
3095 3286 3225 3339 nihil
3259 3287 3509 3353 habebat,
3535 3300 3819 3363 tantopere

2226 3385 2254 3422 a
2300 3373 2642 3439 pecuniarum
2691 3389 2877 3428 amore
2917 3376 3127 3430 alienus
3154 3388 3287 3442 erat,
3318 3390 3577 3450 quantum
3613 3383 3702 3438 hic
3727 3387 3816 3453 qui

2229 3473 2302 3517 tot
2335 3475 2586 3536 tantaque
2620 3467 2943 3536 possidebat.
2976 3469 3184 3540 Ubique
3206 3473 3347 3527 enim
3380 3475 3541 3528 animi
3567 3479 3817 3546 proposi-

2230 3565 2338 3609 tum
2383 3569 2464 3611 est
2503 3559 2640 3627 quod
2671 3573 2979 3615 coronatur.
3023 3561 3088 3617 Et
3125 3563 3192 3617 ad
3231 3564 3402 3634 ipsum
3445 3571 3819 3636 temperantiae

2227 3651 2438 3705 Culmen
2474 3652 2564 3706 ille
2595 3655 2934 3718 ascenderat,
2965 3664 3018 3709 et
3047 3657 3296 3711 virtutem
3327 3673 3447 3713 cum
3475 3661 3820 3717 accuratione

2229 3745 2538 3812 congruenti
2569 3757 2892 3815 ex~equutus
2923 3747 3116 3802 fuerat.

2305 3837 2427 3890 lla'c
2453 3837 2730 3899 :t-mulat‘e.
2764 3839 2979 3904 dilecte,
3016 3841 3129 3896 lucc
3161 3841 3405 3905 imitare;
3438 3854 3490 3898 et
3519 3843 3658 3901 hanc
3689 3849 3819 3900 ima-

2230 3931 2405 3998 ginem
2438 3930 2528 3982 tibi
2555 3930 2818 3999 depictam
2849 3948 3151 4001 assumens,
3183 3936 3232 3988 in
3263 3939 3592 3992 conscientia
3626 3950 3714 3994 tua
3737 3942 3818 3995 iu-

2233 4024 2333 4090 lige
2361 4037 2373 4074 :
2403 4032 2455 4074 ct
2481 4024 2522 4075 si
2552 4024 2602 4075 in
2630 4039 2861 4078 mmrore
2890 4026 2982 4086 sis,
3014 4026 3079 4078 ad
3109 4027 3254 4080 illum
3285 4031 3544 4096 confuge;
3587 4032 3631 4085 si
3662 4034 3715 4087 in
3736 4033 3818 4088 di-

2232 4116 2396 4178 vitiis,
2425 4115 2544 4169 binc
2572 4117 2920 4188 pltarmacum
2951 4129 3089 4186 pete,
3125 4120 3192 4172 ita
3222 4131 3275 4174 ut
3305 4139 3476 4192 neque
3503 4137 3824 4195 paupertate

2231 4207 2568 4277 deprimaris,
2591 4227 2762 4281 neque
2780 4214 2829 4268 in
2845 4216 3043 4270 divitiis
3071 4217 3294 4273 inﬂeris.
3322 4219 3376 4273 Si
3396 4221 3531 4274 lilios
3547 4225 3799 4282 amiseris
3815 4262 3829 4285 ν

2234 4301 2794 4360 bim:Consolationem
2829 4308 2992 4362 babes
3019 4328 3031 4365 :
3061 4310 3148 4366 hic
3167 4314 3310 4367 enim
3341 4316 3549 4370 culmen
3580 4319 3824 4378 invenies

2231 4406 2283 4448 et
2315 4397 2673 4452 calamitatum
2703 4408 2756 4452 et
2775 4400 3043 4468 patientia:
3074 4419 3087 4455 :
3117 4405 3160 4458 si
3189 4406 3240 4459 in
3273 4407 3514 4461 morbum
3540 4411 3822 4481 incideris,

2233 4492 2402 4555 cegita
2430 4493 2686 4546 vertnium
2717 4496 3093 4566 sc'aturigines,
3125 4514 3259 4568 quas
3286 4516 3416 4554 caro
3445 4502 3560 4572 ejus
3589 4506 3823 4562 ebullie-

2232 4581 2353 4646 bat;
2381 4595 2433 4637 et
2462 4585 2639 4637 omnia
2669 4587 2935 4653 patienter
2961 4589 3102 4644 feres
3134 4609 3145 4644 :
3176 4593 3218 4644 si
3247 4595 3448 4648 amicus
3477 4596 3567 4650 tibi
3599 4599 3826 4655 insidias

2231 4677 2487 4730 struxerit
2507 4719 2520 4740 ,
2552 4693 2739 4731 rursus
2763 4690 3006 4735 sanetum
3037 4682 3089 4735 in
3122 4685 3356 4739 medium
3379 4687 3577 4752 adduc,
3606 4700 3662 4744 et
3690 4693 3823 4748 iram

2233 4775 2374 4820 tuam
2417 4769 2693 4835 superabis
2728 4789 2741 4824 :
2773 4772 2817 4826 si
2851 4777 2938 4843 qui
2970 4775 3090 4828 vilis
3121 4778 3271 4845 pretii
3303 4789 3354 4832 te
3387 4780 3665 4851 impetant,
3697 4801 3824 4853 pero

2231 4861 2404 4929 pende
2430 4877 2491 4915 ea
2531 4878 2650 4932 qua:
2692 4881 2718 4916 ιι
2753 4865 2963 4921 famulis
2995 4869 3106 4938 ipse
3153 4885 3340 4940 passus
3365 4884 3466 4938 est,
3499 4885 3553 4928 et
3597 4879 3823 4933 multam

2232 4955 2462 5022 accipies
2498 4955 2812 5012 medicinam
2857 4977 2869 5012 :
2908 4961 2952 5015 si
3001 4965 3134 5016 mala
3173 4966 3415 5034 quaedam
3447 4969 3686 5037 suspicio
3740 4975 3820 5026 iu-

2234 5047 2410 5108 vadat,
2441 5049 2611 5118 eOgita
2638 5049 2724 5102 illa
2767 5067 2884 5119 qum
2907 5052 2974 5107 de
2997 5052 3096 5108 hoc
3119 5054 3374 5121 dixerint,
3409 5061 3549 5127 quod
3583 5063 3822 5118 nondum

2235 5142 2464 5206 peccatis
2514 5158 2667 5210 pares
2716 5158 2902 5212 pinnas
2944 5146 3172 5214 dederit,
3204 5160 3258 5205 et
3285 5152 3457 5220 qualia
3500 5155 3596 5220 ipsi
3629 5171 3825 5226 expro-

2233 5229 2481 5297 brarent;
2515 5243 2566 5286 et
2605 5233 2655 5288 id
2700 5250 2912 5305 quoque
2953 5240 3123 5292 morbi
3155 5243 3454 5309 superabis.
3489 5244 3642 5302 Nulla
3677 5251 3822 5306 enim

2231 5337 2338 5384 est.
2367 5335 2422 5380 ut
2452 5327 2600 5380 initio
2627 5327 2759 5392 dixi,
2787 5330 2836 5382 in
2872 5330 3174 5387 hominibus
3216 5335 3494 5393 calamitas
3521 5358 3680 5409 quam
3718 5361 3824 5402 non

2235 5432 2420 5484 passus
2451 5419 2520 5472 sit.
2548 5419 2632 5474 hic
2661 5423 2759 5484 vir,
2790 5421 3075 5477 adamante
3107 5425 3344 5493 firmior;
3376 5429 3569 5485 famem
3605 5449 3820 5506 nempe,

2235 5521 2622 5578 paupertatem,
2640 5513 2906 5579 morhtuu,
2926 5515 3154 5573 filiorum
3183 5523 3549 5589 amissiooem,
3567 5537 3646 5582 tot
3661 5546 3822 5602 opum

2227 5603 2491 5671 jucllttttttt
2517 5608 2672 5662 sintul
2711 5610 2989 5679 excipiens
3017 5622 3071 5667 et.
3114 5615 3372 5671 tolerans.
3418 5618 3482 5674 Et
3513 5634 3628 5688 post
3659 5627 3820 5682 etiam

2233 5708 2440 5764 reputa,
2467 5698 2606 5763 quod
2634 5701 2813 5755 uxoris
2856 5703 3082 5771 insidiis,
3110 5708 3402 5763 amicorum
3434 5714 3700 5776 molestiis
3724 5733 3821 5786 ap-

2233 5800 2444 5857 petitus.
2468 5804 2494 5843 a
2522 5789 2730 5846 famulis
2755 5793 3108 5866 impoguatus,
3135 5803 3422 5868 peremnia
3449 5809 3635 5875 quavis
3666 5821 3812 5879 petra

2233 5885 2430 5938 humor
2471 5893 2719 5940 οδιιέιιδυδ
2758 5900 2870 5955 est;
2903 5901 2952 5945 ct
2984 5889 3096 5948 hxc
3126 5902 3249 5950 ante
3283 5895 3453 5967 legem
3494 5909 3544 5955 et
3567 5904 3817 5971 gratiam.
