4122 6424
174 400 269 453 ηπ

168 526 367 577 i-Iteuim
416 537 486 575 ne
546 520 832 575 minimam
876 516 1099 589 quidem
1145 514 1461 571 habebimus
1503 511 1779 568 defensio-

168 634 299 681 ueni,
324 616 369 670 si
394 623 520 685 post
563 613 745 683 legem
788 621 843 667 et
869 612 1097 682 gratiam
1138 620 1285 664 tanto
1320 606 1559 662 fruentes
1607 603 1773 670 ἀοιιο,

166 710 331 763 minus
362 707 614 764 feramus
646 721 806 778 quam
832 705 923 760 ille
943 704 1033 775 qui
1062 702 1114 757 in
1143 701 1409 773 principio
1433 709 1486 755 ct
1514 698 1647 767 ipsis
1668 697 1776 751 ini-

166 804 246 857 tiis
266 802 387 857 vita:
416 800 687 855 humana:
716 808 918 854 tantam
960 795 1207 852 exhibuit
1250 792 1671 864 pbilosolihiam.
1709 788 1777 845 Ut

164 912 281 964 ergo
332 906 389 950 et
436 893 883 950 consolationem
944 889 1245 944 habeamus
1298 887 1351 985 in
1397 882 1644 985 tristibus
1666 921 1697 985 δ’
1720 888 1777 935 et

165 987 370 1057 Optimae
420 984 798 1058 philosophia:
851 982 1217 1052 disciplinam,
1269 979 1355 1033 his
1406 979 1773 1045 conscriptis.

1064 400 1108 454 Υ
1150 398 1454 465 ilOMilJA,
1502 396 1590 452 DE
1629 393 1878 451 S'fUDlO
1918 394 2580 469 Pit.£SI.NTill.\l,ETC.

3379 410 3482 467 486

1886 512 1959 566 ita
2014 514 2370 578 recedamus,
2424 520 2744 576 aemulemur
2784 522 3043 579 athletam
3104 528 3330 600 ejusque
3370 548 3488 585 cer-

1885 606 2083 661 tamiua
2129 608 2443 666 imitemur:
2477 622 2533 668 ut
2571 625 2621 669 et
2669 613 2847 672 futura
2889 632 3288 693 consequamur
3321 621 3483 693 bona,

1882 699 2052 769 gratia
2081 710 2136 756 et
2166 700 2503 774 benignitate
2533 707 2742 764 Domini
2774 712 2942 766 nostri
2970 712 3100 769 Iesu
3134 716 3361 778 Christi.
3394 736 3493 788 per

1882 804 2044 858 quem
2095 798 2152 847 et
2204 807 2327 847 cum
2378 811 2487 866 quo
2544 798 2685 855 Patri
2724 801 2896 872 gloria
2925 846 2940 868 ,
2988 821 3091 861 una
3136 822 3259 862 cum
3299 822 3492 865 sancto

1882 881 2104 951 Spiritu,
2149 899 2294 941 nunc
2330 898 2386 943 et
2435 906 2675 963 semper,
2706 905 2761 948 ct
2808 896 2859 949 in
2912 899 3107 953 saecula
3135 901 3479 957 saeculorum.

1886 975 2080 1033 Amen.

163 1082 3423 1121 Μ

1577 1135 1923 1199 HOMILIA
1964 1139 2043 1201 V.

167 1278 403 1348 Ejusdem
430 1276 692 1333 humilia.
727 1274 900 1328 habita
930 1272 981 1325 iu
1013 1270 1203 1339 templo
1241 1277 1432 1323 sanctis
1460 1264 1638 1319 [renes
1659 1304 1674 1328 ,
1707 1262 1771 1315 de

227 1372 391 1425 studio
444 1368 786 1439 prtesentium
835 1376 880 1419 et
923 1364 987 1417 de
1030 1361 1236 1432 ignavia
1275 1358 1607 1413 absentium:
1634 1353 1772 1423 quod

227 1463 288 1515 sit
315 1459 677 1529 psallendum,
709 1455 918 1527 etquod
960 1454 1256 1507 mulieribus
1301 1465 1451 1505 sexus
1479 1464 1582 1502 non
1609 1447 1773 1518 impe-

229 1554 453 1607 dimento
484 1553 556 1607 sit
586 1552 659 1604 ad
688 1550 887 1604 virtutis
914 1564 1141 1602 cursum.

234 1649 281 1699 l.
307 1644 480 1712 Quam
504 1642 826 1698 dulcissima
849 1651 935 1696 est
953 1639 1353 1709 Scripturarnm
1376 1634 1536 1691 lectio
1550 1643 1604 1689 et
1624 1630 1772 1688 omni

170 1746 311 1806 prato
342 1738 593 1802 suavior,
628 1747 791 1807 atque
820 1735 1067 1805 pomario
1096 1731 1351 1802 paradiso
1378 1728 1769 1794 delectabilior,

170 1830 390 1884 maxime
422 1844 563 1883 vero
590 1843 715 1883 cum
759 1826 997 1896 cognitio
1021 1825 1243 1882 lectioni
1282 1823 1517 1878 additur.
1550 1822 1771 1877 Pratum

171 1921 334 1989 cnim,
377 1930 434 1975 et
482 1919 685 1975 florum
734 1918 1111 1988 pulchritudo,
1160 1926 1218 1972 et
1270 1916 1525 1972 arborum
1580 1928 1772 1977 comic,

172 2026 309 2077 rosa,
341 2011 571 2076 hedera,
607 2021 837 2083 myrtus,
862 2010 1037 2066 visum
1067 2009 1362 2073 delectant,
1386 2008 1482 2063 sed
1515 2015 1635 2077 post
1658 2007 1776 2061 dies

174 2120 362 2173 paucos
410 2112 813 2158 marcescunt:
846 2101 1250 2171 Scripturarum
1304 2109 1484 2155 autem
1538 2097 1776 2169 cognitio

177 2207 399 2250 mentem
439 2196 644 2260 munit,
684 2193 1072 2249 conscientiam
1120 2200 1331 2263 purgat,
1370 2190 1660 2246 iiiiberales
1697 2190 1777 2242 af-

177 2287 335 2341 fectus
362 2287 579 2349 avellit.
610 2287 867 2340 virtutem
898 2285 1126 2355 plantat,
1168 2283 1511 2339 ratiocinium
1541 2282 1777 2339 sublime

176 2380 337 2445 eilert,
388 2396 496 2436 non
535 2380 807 2453 permittit
853 2388 913 2434 ut
952 2379 1338 2448 inexspectatts
1385 2378 1645 2433 arumnis
1674 2377 1777 2431 im-

179 2488 492 2543 ntcrgamur,
523 2474 817 2529 sublimius
848 2472 1009 2543 erigit
1034 2487 1195 2542 quam
1224 2480 1282 2526 ut
1309 2471 1508 2527 diaboli
1542 2470 1646 2525 tela
1677 2485 1777 2525 nos

180 2566 428 2635 attingere
451 2566 683 2635 possint.
699 2566 956 2635 adipsum
1000 2564 1256 2619 transfert
1298 2564 1516 2630 ciuium,
1545 2563 1779 2620 absolvit

180 2656 399 2711 animam
424 2673 452 2710 a
476 2658 712 2712 vinculis
750 2656 1016 2726 corporis,
1046 2657 1197 2711 leves
1235 2656 1413 2712 reddit
1435 2656 1586 2722 aias;
1614 2656 1777 2726 quid-

183 2748 299 2815 quid
328 2749 453 2804 boni
472 2751 597 2820 quis
621 2750 840 2815 dixerit,
860 2748 913 2803 in
932 2749 1236 2804 auditorum
1262 2759 1500 2805 mentem
1515 2748 1775 2807 immittit.

186 2838 299 2896 ideo
325 2842 444 2897 illos
471 2844 563 2916 qui
593 2844 790 2900 absunt
826 2843 1057 2900 miseros
1086 2843 1383 2913 praedicare
1425 2860 1531 2899 non
1582 2858 1775 2911 cesso,

186 2946 375 3001 vosque
400 2936 490 3005 qui
518 2935 723 2991 adestis
747 2936 936 2991 beatos
960 2934 1235 2991 celebrare
1254 2977 1270 3000 ,
1310 2937 1433 3008 quia
1462 2935 1776 2993 thesaurum

186 3024 418 3095 colligitis
438 3027 531 3096 qui
559 3027 758 3082 insumi
788 3041 893 3082 non
918 3035 1097 3097 potest
1123 3027 1340 3083 divitias
1375 3044 1496 3097 qua:
1538 3029 1776 3099 impendi

186 3130 464 3188 nequeunt,
480 3129 536 3176 et
559 3120 840 3177 facultates
862 3118 1076 3175 invidiae
1098 3134 1204 3175 non
1228 3121 1509 3188 obnoxias,
1534 3130 1593 3176 ut
1612 3123 1776 3179 multa

188 3212 361 3279 repleti
386 3213 601 3281 lmtitia,
648 3214 870 3270 domum
912 3214 1186 3271 receditis.
1226 3213 1367 3270 Nihil
1393 3214 1539 3272 enim
1582 3214 1655 3270 ita
1679 3231 1775 3267 vn-

188 3298 432 3371 iuptatem
477 3321 672 3377 parere
716 3315 916 3376 potest,
963 3313 1023 3362 ut
1066 3306 1394 3363 conscientia
1443 3320 1775 3379 purazpura

187 3406 348 3453 autem
373 3399 606 3457 eflicitur
628 3401 983 3466 conscientia,
1002 3401 1215 3459 etiamsi
1235 3411 1427 3458 onusta
1451 3403 1524 3458 sit
1544 3404 1776 3473 peccatis

185 3486 486 3555 innumeris.
524 3510 649 3551 cum
697 3494 1009 3566 frequenter
1051 3496 1367 3553 concionem
1398 3496 1567 3551 audit.
1591 3496 1775 3569 Neque

188 3580 315 3637 enim
341 3587 609 3654 prioribus
629 3586 843 3643 delictis
867 3602 1001 3642 nova
1026 3587 1204 3654 addit;
1230 3588 1341 3643 imo
1364 3589 1528 3645 etiam
1554 3601 1772 3659 peccata

188 3672 425 3742 absumit,
484 3690 539 3735 et
585 3680 766 3735 minus
808 3694 1133 3752 propensam
1187 3679 1366 3737 reddit
1416 3680 1650 3735 animam
1702 3681 1772 3738 ad

190 3766 388 3823 easdem
429 3788 516 3827 res
545 3774 955 3844 aggrediendas.

252 3857 430 3917 Contra
453 3867 784 3934 pecuniarum
807 3868 1155 3938 cupiditatem.
1177 3867 1377 3924 Judicii
1394 3869 1556 3943 fulvi
1580 3869 1773 3925 descri-

192 3951 303 4015 ptio.
327 3952 636 4013 Auditorum
662 3958 1013 4032 Chrysostomi
1039 3961 1277 4033 gemitur.
1305 3991 1378 4005 --
1406 3961 1612 4018 Idcirco
1638 3978 1771 4034 ιἠϐο

190 4053 405 4102 vestram
429 4050 733 4117 caritatem,
759 4052 874 4109 hazc
903 4051 1216 4126 frequenter
1241 4054 1307 4109 iis
1330 4054 1423 4126 qui
1449 4054 1645 4113 absunt
1670 4059 1768 4114 de-

190 4140 427 4207 canteiis,
460 4144 691 4216 illosque
730 4147 840 4202 cito
878 4145 1149 4202 reducatis
1175 4146 1244 4204 ad
1274 4160 1614 4205 communem
1658 4166 1771 4205 tua.

193 4231 311 4282 trem
332 4272 347 4294 ,
388 4248 449 4287 ac
471 4236 831 4304 spiritualium
869 4237 1148 4293 lucrorum
1169 4248 1452 4295 consortes
1491 4239 1765 4296 reddatis:

194 4332 286 4373 non
312 4324 445 4380 enim
468 4328 902 4394 diminutionem.
933 4330 1029 4387 sed
1054 4342 1401 4402 augmentum
1424 4334 1525 4389 hoc
1544 4349 1770 4392 consor-

193 4411 307 4468 tium
339 4421 486 4485 parit.
518 4422 651 4490 Sed,
683 4438 716 4477 ο
742 4424 1093 4495 pecuniarum
1127 4427 1389 4499 tyrannis,
1421 4444 1542 4499 quas
1568 4431 1768 4487 multos

195 4501 393 4565 fratrum
432 4524 745 4571 nostrorum
775 4516 845 4570 ab
874 4514 1135 4577 hoc,oviii
1178 4520 1427 4575 amovet!
1461 4520 1592 4575 nihil
1619 4524 1765 4580 enim
1844 4538 1847 4542 ·

191 4592 315 4651 aliud
338 4615 427 4657 eos
465 4603 591 4662 hinc
634 4617 868 4675 amovet,
899 4623 1059 4679 quam
1106 4610 1283 4680 gravis
1332 4609 1421 4667 ille
1460 4613 1682 4668 morbus
1711 4624 1767 4670 et

194 4697 454 4758 numquam
499 4701 765 4754 exstincta
796 4700 986 4757 fornax
1016 4718 1030 4755 :
1062 4700 1178 4758 haec
1200 4703 1444 4770 domina,
1482 4706 1763 4779 plusquam

193 4772 391 4835 barbara
412 4826 427 4849 ,
451 4792 640 4859 quavis
668 4791 843 4848 bellua
873 4792 1128 4859 ferocior,
1170 4806 1224 4851 et
1271 4798 1402 4867 ipsis
1428 4797 1764 4858 damonibus

193 4870 364 4939 “erit”.
390 4884 634 4950 captivos
659 4899 787 4940 suos
808 4900 992 4942 secum
1019 4902 1331 4949 assumens:
1351 4890 1473 4947 illos
1499 4909 1643 4950 nunc
1665 4913 1764 4969 per

194 4955 344 5019 furum
387 4972 716 5043 circumfert,
768 4981 953 5050 gravia
1004 4980 1137 5037 dans
1167 4993 1433 5055 pnecepta
1487 5003 1590 5043 nec
1625 4955 1759 5047 sinit

196 5066 276 5109 eos
318 5064 393 5117 vel
446 5072 711 5127 tantillum
780 5075 1053 5145 respirare
1116 5091 1147 5131 a
1194 5077 1509 5145 perniciosis
1558 5081 1761 5138 labori-

194 5142 295 5202 bus.
323 5151 420 5211 Sed
447 5163 573 5230 quid
620 5163 821 5221 facient
842 5142 1008 5230 [cum
1039 5168 1156 5223 dies
1183 5142 1279 5224 ille
1312 5172 1571 5228 terribilis
1595 5174 1764 5232 adve-

196 5236 309 5307 ιιῑει.
330 5244 575 5313 judicium
610 5256 1003 5328 incorruptmn,
1037 5268 1094 5315 et
1122 5255 1292 5317 Judex
1324 5264 1413 5332 qui
1439 5263 1615 5334 decipi
1650 5284 1755 5323 non

196 5340 379 5396 Potest?
402 5359 515 5403 cum
545 5350 665 5409 vela
698 5352 954 5406 caelorum
978 5353 1367 5409 contrahentur
1387 5356 1489 5426 (α),
1515 5368 1570 5413 et
1590 5372 1756 5430 ange-

196 5420 343 5484 lorum
385 5443 606 5510 popnlus
646 5459 771 5500 cum
814 5444 1004 5500 iudice
1048 5446 1382 5503 descendet?
1412 5464 1532 5505 cum
1572 5454 1753 5509 omnia

194 5518 313 5573 mnia
337 5536 385 5580 et
403 5545 579 5600 aperta
608 5539 805 5592 erunt?
827 5553 1001 5608 nequc
1022 5540 1165 5594 enim
1186 5549 1311 5595 tunc
1330 5542 1608 5597 rhetorum
1636 5545 1753 5598 ein-

195 5610 402 5682 ‘lllt‘lllia,
431 5638 531 5683 non
564 5629 647 5684 vis
676 5630 949 5700 pecunias,
984 5646 1159 5703 neque
1187 5632 1333 5688 aliud
1356 5634 1567 5707 quidvis
1590 5636 1750 5706 justi-

246 5763 521 5854 liIleidetur
552 5781 778 5854 alludere
810 5782 1269 5854 Chrysostormisad
1306 5787 1398 5839 teri
1432 5791 1507 5841 sui
1531 5803 1749 5854 morem;

194 5830 285 5872 nam
303 5832 444 5889 velum
468 5830 736 5906 aliis
752 5830 1349 5909 iuaiéa'bii'i'éiiaémiur”.

477 5942 746 6009 Ριτιιοι..
798 5949 913 6010 tia.
975 5953 1193 6017 LXIII.

1881 1282 2009 1338 tiam
2045 1302 2397 1361 corrumpere
2428 1298 2645 1364 p0terit.
2690 1299 2917 1366 Quando
2958 1304 3101 1359 enim
3144 1307 3491 1379 incorruptus

1877 1376 2086 1449 Judcx,
2116 1382 2207 1453 qui
2243 1388 2423 1443 omnia
2463 1390 2608 1445 clare
2649 1394 2831 1457 novit.
2880 1408 3096 1465 peccata
3128 1412 3255 1456 ante
3295 1376 3490 1462 oculos

1886 1481 2086 1531 statuet
2116 1479 2272 1548 quasi
2296 1480 2350 1535 in
2385 1481 2621 1554 imagine
2648 1484 2899 1555 depicta;
2933 1495 3064 1543 tunc
3092 1505 3191 1545 nec
3222 1506 3336 1558 rex,
3368 1507 3469 1547 nec

1886 1566 2053 1623 idiota
2071 1583 2406 1641 comparent,
2425 1591 2531 1629 non
2550 1592 2773 1646 panper,
2788 1593 2894 1633 non
2914 1580 3086 1645 dives,
3105 1598 3209 1635 non
3224 1588 3463 1653 sapiens.

1880 1668 1987 1709 non
2040 1656 2333 1725 indoctus;
2376 1662 2469 1716 sed
2525 1664 2633 1720 illa:
2680 1681 2870 1722 omnes
2928 1668 3091 1725 larvae
3148 1672 3489 1744 auferuntur,

1879 1756 2042 1818 atque
2089 1765 2153 1803 ex
2197 1762 2473 1821 gestorum
2526 1770 2825 1825 conspectu
2864 1778 3055 1817 omnes
3100 1764 3172 1819 ibi
3220 1768 3488 1825 visuntur.

1881 1836 1998 1893 Non
2032 1844 2362 1911 conspicitur
2392 1845 2464 1900 ibi
2508 1848 2757 1906 diadema
2805 1853 3057 1924 cingens,
3098 1874 3203 1911 non
3256 1876 3492 1928 purpura

1880 1930 2131 1999 amictus,
2162 1949 2269 1987 nun
2296 1950 2459 1991 curru
2483 1950 2692 2006 vectus,
2720 1942 2810 2012 qui
2846 1945 2996 2001 mille
3025 1949 3246 2005 lictores
3274 1951 3491 2017 habent,

1883 2019 1937 2075 in
1982 2020 2102 2079 foro
2142 2024 2352 2083 turbam
2392 2041 2683 2088 arcentes:
2717 2034 2812 2090 sed
2859 2036 3009 2093 istaec
3048 2041 3229 2096 omnia
3282 2044 3490 2099 sublata

1882 2124 2043 2181 sunt,
2092 2125 2149 2172 et
2202 2119 2330 2175 nudi
2387 2123 2585 2193 singuli
2638 2127 2997 2196 inducuntur,
3056 2148 3123 2189 ex
3172 2137 3339 2204 gestis
3400 2151 3497 2193 ant

1886 2209 2144 2274 perniciei
2181 2220 2273 2267 aut
2338 2214 2530 2271 salutis
2570 2232 2791 2277 causam
2852 2223 3114 2282 habentes
3166 2245 3179 2281 :
3234 2239 3291 2284 ut
3346 2236 3493 2287 enin.

1884 2301 2092 2371 singula
2123 2313 2275 2373 gesta
2302 2304 2529 2374 iuerint,
2558 2311 2638 2366 sic
2660 2312 2899 2369 calculus
2928 2317 3121 2373 fertur.
3155 2318 3316 2375 Multa
3341 2324 3496 2379 vobis

1883 2394 2025 2451 bona
2066 2396 2193 2454 hinc
2226 2401 2576 2470 proveniant,
2624 2406 2766 2475 quod
2808 2423 2930 2463 cum
2972 2417 3123 2467 tanto
3167 2414 3348 2471 studio
3379 2416 3496 2471 han:

1883 2487 2049 2543 verba
2092 2490 2367 2547 audiatis:
2404 2510 2526 2551 nam
2559 2498 2893 2568 singulorum
2939 2505 3202 2572 gemitus,
3255 2517 3310 2562 et
3349 2512 3493 2578 quod

1883 2580 2092 2637 vultum
2126 2585 2471 2653 percutiatis,
2523 2587 2715 2644 horum
2766 2594 3033 2649 seminum
3083 2596 3215 2653 mihi
3257 2598 3494 2655 fructum

1886 2671 2108 2729 indicat.
2145 2675 2270 2731 Ideo
2299 2678 2531 2734 miseros
2561 2682 2802 2752 prmdico
2831 2684 2958 2741 illus
2988 2688 3079 2758 qui
3111 2691 3341 2756 absunt,
3371 2696 3495 2764 quia

1884 2781 2009 2823 cum
2058 2778 2201 2824 tanta
2248 2781 2471 2841 possent
2518 2773 2621 2831 frui
2673 2792 2827 2846 cura,
2881 2781 3155 2839 ulceribus
3181 2797 3392 2843 scatent
3441 2802 3498 2844 et

1884 2858 2199 2917 vulneribus
2226 2864 2591 2934 quotidianis,
2637 2884 2813 2939 neque
2857 2886 2918 2929 se
2961 2885 3227 2945 mgrntare
3267 2880 3491 2935 sciuut‘:

1885 2949 2116 3018 ideoque
2147 2952 2269 3009 illos
2312 2971 2476 3012 sanos
2508 2957 2623 3014 fieri
2661 2960 2878 3018 difficile
2914 2976 3012 3021 est.
3070 2965 3204 3034 Quis
3229 2971 3373 3026 enim
3400 2988 3498 3027 cos

1884 3040 1969 3097 his
1997 3041 2067 3098 de
2097 3043 2258 3100 rebus
2299 3046 2648 3120 alloquetur?
2678 3068 2746 3108 an
2798 3057 3040 3112 uxores?
3084 3059 3191 3117 Sed
3236 3078 3339 3117 una
3387 3065 3497 3119 illis

1882 3149 2013 3191 cura
2057 3146 2141 3194 est
2189 3156 2205 3194 :
2248 3138 2317 3196 de
2369 3143 2571 3207 aureis,
2624 3145 2695 3201 de
2753 3150 3114 3221 vestimentis,
3170 3155 3239 3210 de
3286 3156 3495 3228 reliqua

1884 3230 2282 3301 magnificentia
2321 3275 2336 3299 ,
2384 3244 2440 3291 et
2492 3234 2562 3294 de
2603 3236 2767 3296 domo
2810 3242 3078 3314 sollicitae,
3117 3261 3215 3305 eos
3250 3250 3343 3321 qui
3385 3251 3495 3308 illic

1884 3320 2145 3390 habitant,
2209 3326 2437 3384 moleste
2488 3338 2744 3387 tractant.
2794 3337 2875 3392 An
2920 3336 3143 3395 famuli?
3184 3320 3493 3415 quomodo,

1881 3429 2002 3470 cum
2043 3417 2244 3474 nullam
2291 3419 2524 3478 habeant
2575 3424 2826 3497 loquendi
2880 3429 3210 3501 libertatem,
3246 3447 3302 3492 et
3330 3453 3493 3493 unam

1882 3507 1982 3578 ipsi
2031 3522 2249 3581 quoque
2296 3525 2485 3570 curam
2522 3514 2758 3574 habeant
2802 3520 3162 3581 ministerium
3197 3541 3355 3586 suum
3393 3532 3493 3587 im-

1881 3602 2101 3675 plendi?
2127 3606 2209 3660 An
2248 3604 2497 3677 iudices?
2526 3611 2621 3667 sed
2650 3612 2781 3669 nihil
2810 3615 2954 3676 aliud
2985 3617 3059 3675 illi
3090 3630 3305 3689 curant,
3330 3641 3493 3695 quam

1881 3709 1969 3750 res
1992 3695 2246 3753 urbanas.
2294 3701 2375 3755 An
2418 3698 2559 3759 forte
2597 3719 2753 3775 reges
2791 3716 2848 3763 et
2894 3708 2929 3764 ii
2979 3710 3073 3782 qui
3117 3711 3366 3773 diadema
3392 3733 3494 3789 ge-

1880 3788 2062 3843 stant?
2111 3805 2299 3846 verum
2356 3792 2573 3851 illorum
2620 3796 2776 3854 labor
2826 3802 3006 3859 omnis
3060 3818 3308 3864 versatur
3349 3788 3493 3867 circa

1880 3878 2203 3950 imperium,
2246 3885 2541 3953 potentiam
2594 3900 2651 3945 et
2710 3894 2990 3963 pecunias.
3023 3896 3108 3953 An
3154 3899 3256 3971 ipsi
3283 3902 3494 3975 seipsos

1876 3972 2266 4031 concitabunt?
2295 3986 2353 4035 at
2381 3979 2651 4048 quomodo
2682 3983 2735 4039 id
2764 3986 2979 4043 valeant
3008 3986 3069 4057 ii,
3099 3991 3190 4061 qui
3218 4008 3288 4050 ne
3314 3972 3489 4070 respi-

1877 4082 1999 4125 rare
2026 4068 2243 4142 quidem
2290 4084 2516 4144 possunt
2542 4077 2614 4133 ob
2653 4080 2991 4150 negotiorum
3033 4084 3277 4156 turbam,
3312 4068 3491 4149 sed-et

1879 4171 2091 4220 noctem
2119 4164 2373 4237 diemque
2400 4183 2464 4225 ea
2497 4168 2547 4224 in
2597 4185 2658 4227 re
2704 4171 3005 4234 insumunt.
3034 4177 3155 4250 Quo
3186 4180 3349 4254 igitur
3381 4200 3491 4240 nou

1876 4256 2300 4317 miserabiliores
2350 4260 2551 4320 fuerint
2604 4265 2716 4331 illi,
2772 4268 2864 4341 qui
2923 4269 3207 4332 innumera
3264 4279 3489 4337 vulnera

1874 4350 2094 4421 quidem
2137 4355 2407 4426 accipiunt
2429 4399 2445 4423 ,
2498 4369 2555 4413 et
2592 4356 2700 4415 huc
2725 4376 2833 4417 non
2865 4364 3151 4431 accedunt.
3185 4370 3277 4426 ubi
3305 4370 3488 4430 disce-

1875 4459 1936 4499 re
1984 4445 2192 4515 possint
2210 4464 2298 4514 se,
2329 4451 2432 4505 etsi
2480 4452 2797 4511 vulneribus
2848 4456 3090 4523 allectos,
3124 4476 3284 4532 posse
3312 4466 3381 4520 ab
3422 4468 3489 4524 iis

1874 4534 2119 4603 liberari,
2150 4549 2203 4595 et
2230 4541 2589 4600 valetudinem
2637 4550 2916 4620 consequi.
2960 4551 3315 4621 Quandonam
3356 4576 3487 4631 ergo

1875 4629 1927 4684 lii
1960 4630 2193 4687 animant
2244 4649 2397 4689 suam
2440 4639 2752 4695 curabunt?
2794 4643 3100 4714 Optandum
3144 4650 3288 4705 enim
3318 4666 3400 4707 est
3421 4629 3488 4709 ut

1874 4726 1928 4786 ii.
1961 4724 2051 4797 qui
2089 4724 2399 4799 frequenter
2444 4730 2496 4785 in
2548 4730 2832 4790 ecclesiam
2874 4741 3239 4810 conveniunt,
3287 4755 3343 4801 et
3386 4746 3485 4802 duo

1871 4820 2043 4875 ctrina
2089 4820 2354 4891 spirituaii
2385 4830 2641 4897 tantaque
2665 4842 2793 4884 cura
2832 4830 3102 4903 fruuntur,
3134 4853 3326 4907 pravas
3353 4856 3485 4897 con.

1869 4913 2229 4982 cupiscentias
2256 4915 2473 4972 vincere
2499 4927 2553 4973 et
2580 4916 2793 4979 frenare
2824 4926 3061 4994 possint,
3090 4938 3250 5002 atque
3274 4933 3343 4988 ad
3370 4936 3484 4990 vir-

1870 5005 1999 5059 tutis
2024 5005 2341 5062 exercitium
2364 5024 2423 5065 se
2448 5021 2791 5071 convertere.

1938 5097 1994 5154 2.
2024 5096 2217 5155 Cautus
2257 5101 2591 5171 psalmorum.
2626 5134 2703 5149 -—
2734 5106 2928 5165 Verum
2972 5128 3041 5169 ne
3070 5114 3324 5177 absentes
3358 5121 3483 5179 illos

1868 5204 2129 5264 perpetuo
2152 5194 2464 5251 incusantes
2489 5212 2519 5252 a
2559 5202 2833 5257 consuetis
2864 5219 2960 5260 vos
2986 5210 3270 5278 privemus
3292 5256 3307 5280 ,
3339 5231 3440 5287 age
3460 5260 3479 5283 ,

1861 5286 2077 5341 solitam
2123 5286 2277 5341 vobis
2318 5303 2560 5343 mensam
2597 5306 2955 5364 apponamus,
2994 5309 3049 5354 et
3098 5301 3166 5357 de
3208 5286 3474 5375 psallendi

1866 5378 2014 5431 lucro
2039 5379 2202 5433 verba
2230 5377 2513 5437 faciamus.
2535 5382 2674 5440 Ecce
2702 5402 2933 5460 namque
2960 5394 3206 5451 incidens
3236 5402 3477 5469 psalmus

1864 5471 2040 5525 varias
2084 5472 2303 5528 miscuit
2330 5488 2509 5539 voces,
2541 5484 2595 5531 et
2650 5494 2813 5534 unum
2864 5486 3075 5541 cunctis
3105 5491 3329 5547 vocibus
3357 5510 3473 5549 mo-

1862 5562 2100 5619 dulatum
2150 5567 2417 5620 canticum
2469 5569 2521 5621 in
2570 5568 2737 5626 altum
2784 5575 3039 5634 excitavit
3087 5599 3101 5635 :
3148 5581 3379 5653 juvenes
3421 5601 3475 5643 ct

1863 5672 2042 5723 senes,
2070 5657 2265 5714 divites
2304 5666 2359 5715 et
2378 5675 2674 5733 pauperes,
2701 5668 2957 5727 mulieres
2987 5683 3044 5729 et
3088 5678 3219 5745 viri,
3250 5682 3392 5737 servi
3417 5696 3472 5739 et

1860 5749 2035 5817 liberi,
2056 5752 2228 5807 melos
2269 5768 2434 5809 unum
2475 5769 2665 5812 omnes
2681 5762 3017 5822 sustulimus.
3045 5767 3100 5825 Si
3121 5772 3269 5826 enim
3298 5773 3470 5829 citha-

1859 5843 2045 5899 rtcdus
2071 5844 2316 5903 diversos
2358 5862 2551 5904 nervus
2588 5864 2703 5910 arte
2759 5862 3089 5928 temperans.
3135 5880 3299 5920 sonus
3331 5870 3473 5924 mul-
3539 5912 3541 5915 .

3054 5969 3133 6032 ἓξ
