4122 6454
687 399 787 453 48?

682 526 765 572 tos
795 532 954 571 unum
982 516 1144 571 efﬁcit
1176 533 1190 571 :
1222 514 1344 585 quid
1367 514 1579 581 mirum,
1604 516 1649 571 si
1676 514 1939 586 psalmiet
1960 509 2250 582 spiritualis

680 608 874 664 cantici
923 610 1002 662 vis
1055 608 1283 678 idipsum
1332 592 1499 663 fecit?
1538 605 1721 678 Neque
1748 606 1891 662 enim
1933 620 2031 660 nos
2072 607 2246 661 solum

678 712 986 770 praisentcs,
1024 702 1115 755 sed
1142 700 1300 756 etiam
1346 708 1613 755 mortuum
1660 715 1775 754 eum
1818 698 1953 752 vivis
1993 697 2248 752 miscuit:

678 794 772 849 llte
826 808 1053 859 innnque
1095 790 1253 846 etiam
1296 792 1570 847 nobiscum
1608 790 1866 862 psallebat
1904 790 2091 844 beatus
2111 782 2245 843 Pro-

676 885 833 954 pheta
866 904 878 936 :
906 898 1221 954 quamquam
1254 884 1306 938 in
1337 884 1496 953 regiis
1522 882 1657 937 aulis
1687 882 1737 937 id
1765 898 1870 937 non
1898 882 2057 938 liceat
2082 900 2094 934 :
2123 896 2242 936 nam

676 979 746 1032 ibi
774 978 922 1033 sedet
963 977 1263 1032 diademate
1303 988 1544 1043 ornatus,
1579 976 1790 1030 adstant
1832 982 2009 1028 autem
2059 987 2246 1028 onmes

672 1085 793 1124 cum
846 1070 1092 1134 silentio,
1135 1070 1257 1125 licet
1295 1070 1345 1124 in
1400 1068 1645 1123 maximis
1689 1067 2083 1137 magistratibus
2138 1066 2246 1121 sint

671 1162 965 1215 Constituti.
997 1161 1094 1217 ilic
1126 1175 1255 1217 vero
1284 1176 1389 1215 non
1411 1162 1523 1225 sic;
1550 1159 1643 1216 sed
1683 1160 1918 1229 loquitur
1948 1158 2236 1229 Propheta,

670 1262 723 1305 et
743 1267 931 1307 omnes
957 1253 1361 1323 respondemus,
1393 1266 1579 1307 omnes
1623 1267 1723 1305 una
1756 1252 2000 1305 canimus
2030 1267 2041 1302 :
2070 1265 2242 1320 neque

670 1346 791 1400 licet
822 1346 907 1400 hic
950 1361 1160 1400 servum
1213 1344 1414 1409 videre,
1462 1360 1563 1399 nec
1586 1345 1830 1405 liberum,
1860 1358 1956 1398 nec
2000 1342 2236 1406 divitetn,

668 1454 768 1493 nec
823 1453 1124 1507 pauperem.
1159 1450 1259 1491 nec
1298 1437 1615 1506 principem,
1667 1450 1764 1489 nec
1802 1436 2101 1503 privatum;
2144 1433 2237 1488 sed

667 1531 881 1600 pellitur
925 1529 1012 1583 illa
1042 1528 1314 1583 smcularis
1369 1526 1720 1597 inaequalitas,
1776 1541 1909 1581 unus
1932 1526 2127 1580 chorus
2169 1542 2237 1581 ex

664 1625 910 1679 omnibus
957 1634 1331 1692 congregatur.
1388 1622 1666 1692 mqualitas
1709 1637 1918 1691 quoque
1969 1622 2129 1675 multa
2183 1626 2234 1676 itt

660 1716 878 1785 vocibus
896 1723 996 1777 est,
1027 1729 1089 1768 ac
1117 1714 1306 1768 callum
1331 1724 1469 1767 terra
1495 1713 1746 1767 imitatur.
1770 1710 1937 1768 Tanta
1958 1711 2237 1768 estEccle—

658 1808 752 1861 site
770 1806 1039 1861 nobilitas.
1060 1805 1239 1875 Neque
1256 1805 1397 1860 enim
1419 1804 1523 1859 dici
1544 1811 1715 1873 potest
1731 1803 2003 1858 dominum
2020 1802 2231 1877 quidem

656 1915 778 1953 cum
808 1900 965 1953 multa
1011 1897 1334 1953 confidentia
1381 1897 1630 1965 psallere,
1664 1909 1874 1948 servum
1920 1903 2096 1949 autem
2147 1910 2234 1950 re-

654 1993 834 2063 primi;
856 2006 1024 2062 neque
1046 2005 1276 2053 rursum,
1290 1989 1505 2043 divitem
1517 1987 1728 2058 quidem
1745 1987 1974 2058 linguam
1989 2001 2228 2055 movere,

657 2083 874 2154 pauperi
906 2098 1080 2137 autem
1109 2080 1377 2136 silentium
1406 2079 1685 2150 imperari;
1712 2095 1883 2149 neque
1913 2080 2123 2143 iterum.
2152 2080 2232 2134 vi-

654 2191 771 2229 rum
790 2172 1002 2245 quidem
1022 2187 1142 2228 cum
1168 2171 1353 2227 fiducia
1370 2185 1585 2237 canere,
1606 2170 1882 2226 mulierem
1904 2186 2032 2227 vero
2054 2182 2231 2228 tacere

652 2277 705 2325 et
738 2267 855 2321 sine
878 2278 1010 2320 voce
1028 2273 1172 2320 stare
1199 2281 1213 2319 :
1242 2262 1336 2319 sed
1380 2278 1568 2318 omnes
1605 2263 1717 2332 pari
1760 2265 1964 2320 honore
1992 2263 2230 2343 fruentes

651 2373 935 2412 comntune
964 2356 1239 2411 oﬂ‘erimus
1264 2356 1602 2419 sacriﬁcium,
1628 2371 1963 2412 communem
1997 2358 2228 2413 oblatio-

651 2466 772 2506 nem
800 2469 814 2506 :
839 2467 1010 2520 neque
1052 2451 1172 2522 plus
1196 2450 1355 2504 habet
1384 2449 1469 2504 hic
1506 2465 1663 2520 quant
1694 2450 1801 2515 ille,
1828 2466 1925 2505 nec
1954 2452 2039 2506 ille
2067 2467 2227 2521 quam

650 2545 739 2599 hic
756 2561 772 2610 ;
797 2544 889 2601 sed
914 2559 1101 2599 omnes
1120 2545 1171 2598 in
1189 2543 1375 2599 eodem
1395 2543 1618 2609 honore,
1638 2556 1686 2598 et
1711 2559 1811 2598 una
1825 2560 1928 2599 vox
1950 2559 1979 2598 a
1997 2544 2226 2601 diversis

650 2638 844 2709 linguis
864 2638 929 2693 ad
956 2637 1102 2694 orbis
1115 2639 1428 2698 Creatorem
1474 2638 1753 2691 emittitur.
1785 2636 2094 2693 Dilferentia
2124 2653 2223 2693 au-

650 2743 757 2786 tem
787 2741 889 2796 est,
923 2747 1027 2785 non
1056 2731 1109 2785 in
1138 2744 1295 2785 servo
1317 2738 1372 2784 et
1399 2729 1450 2783 in
1480 2729 1669 2793 libero,
1704 2745 1808 2783 non
1833 2730 1884 2784 in
1909 2729 2077 2784 divite
2097 2739 2149 2784 ct
2171 2731 2221 2785 in

646 2838 905 2895 paupere,
931 2840 1036 2878 non
1065 2822 1117 2877 in
1144 2822 1369 2878 muliere
1397 2832 1453 2877 et
1478 2821 1530 2876 in
1554 2822 1690 2889 viro,
1718 2820 1811 2876 sed
1839 2821 1891 2875 in
1932 2821 2132 2886 animo,
2172 2823 2222 2876 in

645 2932 773 2973 cura
798 2925 852 2971 et
870 2916 921 2970 in
947 2914 1175 2987 ignavia,
1198 2915 1249 2969 iu
1272 2914 1465 2969 vitioet
1482 2914 1698 2969 virtute.
1718 2913 1791 2967 Ita
1812 2912 1954 2968 enim
1975 2926 2076 2983 ego
2092 2912 2225 2967 adeo

645 3008 863 3064 divitem
887 3022 1196 3080 pauperem,
1232 3015 1287 3063 et
1313 3021 1597 3076 pauperem
1626 3004 1853 3061 divitem
1879 3018 2076 3061 vocare
2102 3021 2227 3076 pos-

646 3116 787 3167 sum,
816 3108 871 3156 et
888 3100 1164 3155 mulierem
1182 3098 1373 3165 virum,
1392 3098 1674 3169 virumque
1690 3097 1995 3168 mulierem,
2014 3104 2071 3155 et
2098 3097 2228 3154 idio-

647 3204 753 3247 tant
792 3192 1107 3263 sapientem,
1150 3190 1553 3262 sapientemque
1597 3190 1814 3246 idiotam
1842 3208 1855 3244 :
1880 3207 1986 3247 non
2041 3208 2221 3249 rerum

647 3296 891 3341 naturam
913 3284 1374 3354 confundens,scd
1398 3287 1653 3357 optimam
1678 3285 1912 3357 regulam
1940 3286 2221 3354 inducens,

643 3395 763 3449 quze
803 3380 981 3434 omnia
1028 3378 1279 3449 corrigat.
1310 3377 1376 3433 Et
1414 3376 1700 3446 quomodo,
1731 3376 1959 3447 inquies,
1994 3378 2074 3433 vir
2099 3394 2223 3433 mu-

644 3472 763 3537 lier,
794 3481 848 3526 et
892 3470 1083 3525 mulier
1112 3471 1192 3525 vir
1223 3470 1336 3525 fieri
1367 3468 1572 3542 possit?
1612 3468 1725 3524 Non
1765 3480 1963 3524 mutata
2009 3479 2216 3537 natura,

642 3565 738 3620 sed
761 3565 880 3619 vice
906 3564 1167 3619 instituto.
1194 3561 1328 3618 Cum
1356 3562 1499 3619 enim
1532 3562 1690 3617 video
1739 3562 2007 3617 hominem
2030 3578 2219 3617 aurum

641 3666 957 3728 gestantem,
984 3657 1301 3729 elegantem,
1318 3671 1470 3713 coma
1497 3667 1766 3722 ornatum,
1794 3656 2081 3727 unguentis
2108 3654 2219 3711 fra-

643 3759 908 3822 grantem,
938 3764 1059 3805 cum
1089 3749 1241 3805 molli
1261 3750 1483 3805 vestium
1509 3750 1729 3817 amictu,
1754 3748 1985 3805 femineo
2006 3762 2215 3820 gressu,

642 3842 849 3899 deliciis
864 3856 1082 3912 operam
1101 3841 1316 3897 dantem
1333 3859 1345 3895 :
1360 3841 1626 3912 quomodo
1642 3843 1840 3912 possim
1866 3843 2012 3899 illum
2029 3856 2221 3897 vocare

642 3938 838 4000 virum,
867 3935 954 4006 qui
976 3942 1179 3989 natura:
1196 3924 1526 3991 nobilitatem
1553 3934 1921 4005 prodiditetin
1939 3934 2217 3990 mulierem

641 4044 933 4085 conversus
979 4029 1095 4084 est?
1129 4028 1335 4084 Etenim
1380 4043 1447 4084 ne
1496 4028 1777 4084 mulierem
1808 4029 2027 4100 quidem
2057 4027 2107 4082 id
2143 4028 2220 4083 fa-

640 4124 869 4178 cientem
926 4122 1066 4177 inter
1095 4122 1334 4177 viventes
1385 4121 1581 4178 Paulus
1625 4137 1910 4178 numerare
1938 4123 2215 4194 dignatur,

640 4213 735 4270 sed
758 4212 900 4269 illam
922 4213 1151 4268 secrevit
1172 4213 1239 4269 de
1265 4214 1505 4268 vivorum
1530 4213 1719 4278 choro,
1742 4224 1795 4268 et
1818 4214 1955 4268 inter
1980 4222 2219 4267 mortuos

638 4305 935 4371 constituit,
978 4305 1163 4360 dicens
1194 4322 1208 4358 :
1245 4306 1371 4373 ρυω
1411 4316 1577 4360 autem
1616 4306 1670 4359 in
1698 4305 1891 4359 deliciis
1918 4314 2011 4371 eat,
2054 4305 2218 4359 vivens

638 4406 839 4451 mortua
864 4396 970 4470 εει(
1000 4399 1048 4452 l.
1072 4397 1201 4452 Tim.
1220 4400 1275 4454 5.
1294 4398 1327 4454 6
1350 4399 1370 4471 )
1398 4416 1413 4453 :
1437 4398 1705 4469 quomodo
1733 4414 1859 4471 ergo
1885 4399 1966 4453 vir
2003 4400 2118 4454 hzec
2143 4399 2219 4454 fa-

637 4491 788 4545 ciens
813 4489 865 4545 in
890 4491 1123 4545 virorum
1146 4491 1334 4547 ordine
1354 4499 1683 4558 numeretur,
1705 4508 1824 4562 qua:
1842 4492 1889 4548 si
1910 4491 2070 4547 faciat
2091 4508 2179 4547 mit
2194 4521 2213 4533 ο

636 4586 756 4651 lier,
779 4584 913 4641 adeo
934 4584 1093 4640 vitam
1121 4584 1389 4656 perdidit?
1413 4585 1491 4641 Ne
1516 4584 1642 4643 mihi
1671 4586 1812 4641 enim
1834 4586 2006 4641 virum
2034 4596 2217 4642 osten-

636 4676 733 4732 das
770 4675 838 4732 ab
877 4678 1093 4743 amictu,
1129 4691 1158 4730 a
1198 4692 1351 4740 zona,
1383 4677 1470 4731 vel
1504 4691 1570 4731 ex
1617 4690 1684 4731 eo
1736 4676 1877 4746 quod
1905 4676 2048 4732 domi
2094 4691 2215 4733 sese

635 4768 826 4822 eﬂ‘erat
850 4781 913 4822 ac
940 4765 1291 4823 formidabilis
1334 4772 1405 4823 sit
1442 4782 1507 4823 ac
1547 4767 1721 4823 minas
1751 4767 2000 4835 intentet,
2026 4768 2119 4823 sed
2148 4768 2216 4822 ab

637 4859 801 4913 animi
845 4858 1181 4930 philosophia
1212 4874 1372 4922 :cum
1403 4859 1531 4915 vitia
1558 4859 1883 4931 comprimit,
1914 4868 1969 4914 et
1998 4859 2213 4915 morbos

637 4954 831 5007 animae
858 4961 1097 5022 superat,
1144 4966 1264 5008 cum
1310 4952 1488 5007 domui
1517 4967 1631 5007 suae
1675 4950 1915 5007 interiori
1966 4951 2212 5021 imperat,

636 5046 704 5100 de
730 5048 905 5107 anima
942 5046 1155 5116 loquor,
1183 5060 1357 5116 neque
1391 5060 1421 5100 a
1447 5046 1857 5117 cogitationibus
1900 5044 2216 5101 inordinatis

638 5139 869 5195 trahitur
898 5157 912 5195 :
937 5139 1044 5195 hoc
1086 5138 1320 5195 maxime
1361 5139 1463 5194 viri
1507 5149 1608 5195 est.
1653 5140 1711 5197 Si
1753 5150 1932 5196 autem
1970 5140 2213 5196 ebrietati

637 5241 695 5287 et
713 5232 943 5302 crapulm
976 5230 1077 5288 'det
1125 5246 1367 5301 operam.
1409 5247 1473 5287 ac
1497 5232 1637 5287 diem
1673 5235 1930 5306 transigat
1980 5242 2037 5290 et
2083 5250 2215 5290 cun-

634 5334 813 5381 sumat
857 5324 909 5379 in
963 5323 1443 5380 comessationibus
1468 5332 1523 5380 et
1574 5324 1850 5392 ebrietate,
1898 5341 2020 5383 cera
2070 5328 2215 5383 omni

636 5414 850 5471 mollior
873 5430 903 5469 a
933 5415 1059 5470 vitio
1083 5414 1273 5483 factus,
1309 5416 1581 5488 quomodo
1611 5427 1800 5488 potero
1846 5418 2009 5474 talem
2039 5420 2213 5475 virum

638 5521 852 5570 vocare,
872 5505 1143 5576 captivum
1159 5524 1372 5580 nempe,
1390 5523 1609 5564 servum
1631 5509 1950 5579 emptitium,
1965 5510 2216 5567 omnibus

636 5615 756 5655 sese
775 5600 913 5657 vitiis
926 5600 1235 5669 dedentem,
1254 5601 1500 5669 fraetum,
1515 5602 2212 5674 emollitum,.deliciantem,

637 5693 705 5747 ah
727 5692 973 5748 omnibus
1014 5692 1315 5764 depulsum,
1346 5695 1434 5766 qui
1462 5709 1530 5750 ne
1551 5704 1697 5751 stare
1739 5695 1955 5767 quidem
2008 5697 2060 5752 in
2101 5698 2215 5753 acie

638 5787 844 5856 possit?
875 5790 954 5842 An
994 5786 1212 5842 nescitis
1241 5785 1393 5843 nobis
1425 5804 1529 5844 non
1568 5803 1689 5845 esse
1720 5788 1916 5845 bellum
1948 5799 2003 5847 et
2041 5791 2213 5848 aciem

640 5878 927 5946 parandam
957 5880 1214 5937 adversus
1248 5879 1493 5937 homines
1522 5896 1868 5952 eongencrcs,
1902 5882 1993 5939 sed
2022 5882 2210 5940 adver-

1392 399 1451 456 8.
1492 396 1769 455 JOANNIS
1810 394 2291 453 CHRYSOSTOMI
2332 396 2649 454 AllClilEP.
2691 401 3229 463 CONSTANTINGP.

3836 405 3939 461 183

2357 523 2447 565 sus
2476 513 2765 572 invisibiles
2806 518 3134 585 Potestatcs,
3167 523 3423 577 adversus
3463 521 3755 578 daemonum
3796 526 3948 595 pita-

2354 603 2574 673 langas,
2618 612 2908 666 secundum
2955 613 3169 669 beatum
3220 616 3485 671 Paulum:
3519 616 3639 670 Non
3677 627 3746 671 ea!
3791 619 3947 673 nobis

2354 694 2490 749 lucta
2509 698 2747 756 adversus
2768 704 3064 773 sanguinem
3100 716 3148 758 ct
3172 723 3395 772 carnem,
3422 708 3511 761 sed
3537 709 3767 762 adversm
3791 712 3949 779 prin-

2353 788 2486 855 cipes
2511 800 2557 844 et
2577 790 2852 849 Patestates
2878 795 3090 869 (Ep/tes.
3122 797 3175 853 6.
3205 799 3314 868 12).

2421 880 2473 936 3.
2508 882 2619 937 lloc
2644 886 2786 940 enim
2820 890 3052 942 maxime
3074 891 3170 944 viri
3196 904 3296 946 est.
3324 891 3424 960 Qui
3452 909 3585 965 ergo
3610 893 3790 949 forma:
3813 906 3945 950 stu»

2350 970 2475 1038 det,
2524 990 2622 1029 nec
2670 990 2791 1032 sese
2839 979 3043 1034 virilem
3098 969 3348 1051 pra-stat;
3394 986 3482 1055 qui
3537 996 3788 1049 ornatur,
3831 1003 3948 1044 nec

2350 1061 2596 1118 virtutem
2654 1067 2751 1119 viri
2809 1068 3047 1135 exhibet,
3103 1073 3372 1141 quomodo
3423 1084 3536 1129 stet
3589 1076 3639 1130 in
3672 1078 3815 1131 acie?
3850 1082 3942 1132 vel

2349 1158 2729 1226 rpmnmdogvir
2758 1173 2998 1227 vocetur,
3029 1179 3149 1217 cum
3174 1167 3241 1218 sit
3266 1167 3412 1220 omni
3437 1170 3661 1224 muliere
3690 1172 3945 1225 mollior?

2350 1248 2548 1303 Eodem
2579 1240 2755 1306 autem
2789 1254 2970 1319 modo,
3018 1257 3154 1311 sicut
3185 1258 3326 1311 [tunc
3367 1276 3470 1313 non
3504 1262 3678 1315 virum
3708 1279 3943 1317 vocave-

2345 1338 2465 1405 rim,
2495 1339 2589 1394 sed
2619 1342 2843 1398 muliere
2867 1344 3198 1408 molliorem;
3232 1349 3299 1401 ita
3325 1358 3380 1403 et
3402 1350 3681 1406 mulierem
3709 1354 3943 1408 viriliter

2342 1438 2620 1496 agentem,
2655 1435 2800 1487 omni
2847 1436 2963 1489 viro
2996 1438 3268 1493 fortiorem
3301 1438 3565 1504 dixerim,
3612 1444 3658 1497 si
3705 1448 3941 1514 arreptis

2342 1520 2503 1573 armis
2526 1524 2919 1605 spiritualibus,
2941 1527 3158 1582 thoraCe
3181 1529 3400 1598 justitim
3434 1533 3638 1597 induta,
3669 1538 3813 1605 galea
3837 1554 3899 1588 sa
3916 1566 3937 1577 ο

2341 1612 2495 1667 lntari
2544 1629 2852 1687 assumpta,
2901 1604 3091 1691 clypeo
3132 1623 3254 1677 iidei
3304 1634 3478 1690 tecta,
3528 1642 3662 1681 zona
3696 1634 3938 1683 veritatis

2338 1706 2642 1773 succincta,
2691 1720 2745 1763 et
2773 1710 2950 1780 gladio
2998 1713 3217 1782 spiritus
3262 1729 3507 1786 accepto,
3552 1729 3659 1773 stet
3700 1722 3751 1774 in
3782 1724 3932 1783 acie,

2339 1795 2545 1867 fulgens
2575 1801 2773 1865 armis,
2808 1802 2937 1871 ipsis
2981 1804 3127 1858 caelis
3168 1806 3434 1861 excelsior
3477 1809 3615 1861 facta
3660 1825 3725 1864 ex
3767 1814 3930 1866 animi

2335 1904 2496 1942 sensu
2517 1930 2531 1954 ,
2563 1888 2869 1945 diemonum
2912 1891 3204 1965 phalangas
3243 1895 3544 1951 dissolvens
3565 1941 3578 1962 ,
3613 1899 3810 1955 diaboli
3838 1911 3925 1971 ις-

2335 1981 2611 2036 rannidem
2640 1984 2855 2051 tollens,
2905 1987 3030 2041 vitia
3071 2002 3438 2060 compungens
3459 2032 3474 2055 ,
3506 1991 3931 2065 densioremquc

2334 2071 2421 2125 illa
2443 2088 2561 2141 qua:
2589 2074 2639 2126 iit
2660 2074 2800 2130 bello
2822 2077 2879 2130 lit
2898 2088 3133 2148 stragem
3155 2080 3340 2146 edens,
3375 2098 3481 2135 non
3506 2082 3805 2147 hominum,
3830 2087 3929 2141 scil

2332 2163 2686 2221 absurdarum
2739 2169 3117 2239 cupiditatum.
3147 2171 3338 2227 Mulier
3378 2189 3614 2245 namque
3657 2186 3715 2231 et
3762 2178 3845 2230 vir
3870 2179 3927 2232 in

2332 2260 2699 2327 corporalibus
2730 2260 2885 2316 divisi
2917 2272 3079 2328 sunt;
3114 2274 3170 2320 et
3199 2266 3273 2320 illi
3302 2267 3518 2337 quidem
3566 2270 3669 2323 tela
3692 2310 3708 2336 ,
3738 2272 3882 2325 colus
3905 2312 3926 2337 ,

2330 2350 2673 2417 calathiscus,
2694 2353 2885 2408 domus
2911 2355 3152 2411 custodia
3171 2358 3495 2428 assignatur,
3519 2372 3575 2415 ut
3606 2361 3657 2415 in
3692 2362 3927 2416 thalanm

2329 2454 2540 2497 tuaneat
2565 2455 2619 2498 et
2646 2445 2782 2499 filios
2808 2448 3045 2511 nutriat;
3081 2449 3194 2503 viro
3233 2461 3411 2505 autent
3442 2453 3763 2519 tribunalia,
3797 2472 3925 2508 Cull-

2328 2534 2475 2602 silia,
2518 2535 2721 2603 forum,
2755 2538 2914 2602 bella,
2949 2556 3175 2610 pugna,
3208 2543 3352 2597 acies
3386 2562 3399 2595 :
3437 2546 3490 2600 in
3518 2545 3712 2616 pugnis
3741 2556 3922 2600 autem

2328 2627 2432 2682 illis
2452 2643 2572 2698 qum
2608 2630 2862 2698 pietatem
2913 2641 3182 2701 spectant,
3215 2648 3502 2689 commune
3543 2616 3787 2691 studium
3816 2647 3924 2702 est,

2326 2723 2627 2777 connuunia
2680 2726 2974 2780 certamina
3006 2744 3019 2779 :
3049 2728 3403 2797 similiterque
3440 2729 3696 2785 mulieres
3741 2745 3801 2785 se
3854 2730 3923 2784 ad

2325 2830 2554 2885 pugnam
2596 2818 2914 2887 accingunt,
2951 2833 3048 2873 nec
3091 2819 3374 2888 ejiciuntur
3400 2835 3430 2875 a
3472 2823 3792 2885 certamine.
3826 2824 3925 2878 sed

2324 2917 2379 2960 et
2414 2908 2465 2960 in
2512 2907 2629 2961 acie
2660 2918 2895 2978 pugnant
2950 2922 3282 2966 coronantur
3325 2922 3379 2966 et
3433 2913 3682 2969 victrices
3719 2930 3925 2970 renun-

2327 3000 2524 3055 tiantur
2559 3009 2615 3057 et
2640 3004 2971 3058 strenuitatis
2993 3006 3209 3074 praemia
3240 3015 3522 3076 reportant
3548 3017 3712 3079 atque
3733 3008 3925 3065 bravia

2326 3103 2382 3151 et
2418 3109 2645 3151 coronas
2675 3114 2687 3150 :
2722 3106 3029 3167 tropaeatu
3054 3097 3196 3170 apud
3226 3098 3345 3153 illas
3376 3100 3657 3170 splendida
3687 3111 3838 3166 sunt,
3868 3114 3926 3158 et

2324 3186 2562 3242 victoria:
2591 3186 2916 3257 frequentes.

2397 3277 2800 3334 Maccabazornm
2837 3289 2997 3335 mater
3019 3290 3207 3351 quanta
3240 3298 3410 3352 passa.
3429 3312 3501 3323 --
3528 3286 3600 3337 Ac
3627 3299 3695 3339 ne
3719 3286 3924 3353 putetis

2324 3373 2439 3428 haec
2478 3372 2671 3429 fastum
2719 3390 2911 3445 sapere
2939 3387 2994 3432 et
3039 3378 3325 3433 verborum
3370 3381 3627 3444 sonitum,
3668 3390 3725 3435 et
3770 3381 3925 3437 clare

2322 3468 2500 3522 sciatis
2526 3469 2777 3523 mulieres
2804 3469 3063 3539 quasdam
3091 3485 3197 3524 non
3228 3470 3327 3525 viri
3375 3470 3537 3524 modo
3581 3473 3923 3528 strenuiores

2322 3559 2507 3625 fuisse,
2536 3561 2629 3617 sed
2651 3563 2835 3629 etiam,
2868 3572 2924 3616 ut
2952 3564 3023 3617 ita
3053 3563 3255 3627 dicam,
3285 3564 3350 3619 ad
3374 3565 3689 3633 angelorum
3718 3569 3926 3636 impas-

2321 3656 2648 3721 sibilitatem,
2675 3667 2930 3727 quantum
2960 3658 3071 3713 ﬁeri
3103 3668 3330 3728 poterat,
3352 3663 3693 3729 pervenisse:
3716 3661 3767 3715 in
3803 3676 3924 3716 tne-

2321 3748 2466 3802 dium
2493 3748 2786 3803 adducatur
2812 3749 2924 3816 illa,
2958 3759 3145 3804 natura
3170 3750 3386 3821 quidem
3418 3751 3632 3815 mulier,
3666 3752 3757 3808 sed
3790 3768 3924 3823 qua:

2321 3856 2387 3894 ex
2410 3840 2759 3911 philosOphite
2788 3844 2840 3896 vi
2866 3843 3028 3899 cmlos
3049 3845 3244 3915 attigit,
3269 3845 3687 3901 Maccabaierum
3711 3855 3920 3911 mater.

2320 3948 2440 4003 qua:
2487 3934 2571 3989 bis
2630 3945 2834 4006 septem
2892 3950 3119 3992 coronas
3188 3938 3408 4004 nexuit;
3481 3950 3535 3995 et
3592 3956 3751 4011 quem
3814 3956 3922 3996 vo-

2322 4024 2486 4080 lueris
2512 4027 2735 4082 militem
2780 4026 3286 4096 bellicosissimum,
3328 4028 3678 4087 fortissimum
3715 4040 3771 4088 et
3799 4050 3921 4088 ma-

2320 4118 2665 4186 gnanimitatc
2692 4119 3019 4190 praecipuum
3051 4120 3217 4176 verbo
3248 4121 3429 4191 profer
3457 4122 3509 4176 in
3555 4123 3790 4180 medium
3812 4166 3830 4192 ,
3863 4138 3922 4180 ct

2323 4217 2471 4263 tanto
2496 4209 2863 4265 sublimiorem
2909 4211 3114 4267 videbis
3166 4213 3445 4269 mulierem
3480 4215 3657 4282 illam,
3706 4232 3917 4288 quamu

2319 4300 2569 4354 canorum
2611 4299 2842 4358 fornices
2870 4302 3070 4357 distant
3096 4318 3127 4359 a
3175 4316 3338 4360 terra.
3376 4304 3508 4361 Nam
3542 4308 3621 4362 vir
3660 4308 3817 4363 fortis
3860 4322 3918 4364 et

2321 4403 2581 4463 pugnator
2613 4394 2695 4449 vel
2723 4411 2879 4451 unam
2923 4398 3075 4452 timet
3118 4399 3366 4471 plagam,
3399 4409 3454 4456 et
3514 4416 3579 4455 ex
3621 4401 3710 4456 illa
3758 4418 3911 4456 mor-

2321 4496 2426 4543 tem
2473 4487 2617 4542 brevi
2663 4500 3009 4558 sequuturam
3042 4508 3057 4545 :
3087 4490 3203 4546 haec
3240 4506 3369 4546 vero
3398 4493 3571 4547 stabat
3613 4507 3713 4548 ceu
3751 4510 3915 4550 mons

2320 4576 2558 4649 perfossa
2586 4581 2888 4647 tumentis,
2924 4580 2975 4636 in
3005 4581 3233 4652 singulis
3259 4582 3486 4637 filiorum
3518 4585 3788 4654 graviores
3817 4600 3915 4640 suo

2318 4673 2525 4727 stinens
2553 4672 2734 4727 animo
2766 4673 2984 4744 plagas,
3013 4690 3171 4745 quam
3201 4675 3275 4730 illi
3308 4677 3359 4729 in
3392 4676 3649 4731 lateribus
3683 4677 3912 4745 excipe-

2317 4774 2437 4819 rent
2463 4765 2734 4820 cruciatus
2758 4783 2771 4819 :
2806 4777 2977 4821 mater
3000 4767 3144 4822 enim
3168 4777 3316 4835 erat,
3346 4777 3401 4824 et
3430 4768 3584 4823 vidua
3606 4810 3620 4835 ,
3651 4778 3813 4840 atque
3839 4772 3909 4825 ad

2318 4871 2611 4915 extremam
2639 4870 2972 4917 senectutem
2999 4861 3323 4918 devenerat:
3354 4862 3500 4918 scitis
3521 4872 3723 4930 autem,
3748 4874 3914 4934 quot-

2318 4962 2447 5023 quot
2476 4961 2653 5023 patres
2682 4953 2817 5008 estis
2835 4995 2849 5017 ,
2882 4963 2938 5009 et
2978 4969 3331 5025 quaecumque
3360 4952 3781 5025 partns'dolores
3808 4971 3905 5013 ex-

2319 5054 2483 5115 perta
2524 5046 2675 5112 estis,
2704 5046 2923 5115 spiculis
2961 5048 3212 5102 omnibus
3261 5045 3379 5103 hare
3437 5062 3559 5103 esse
3601 5046 3905 5105 acerbiora.

2318 5139 2397 5194 Ac
2442 5137 2647 5193 nullum
2699 5137 2860 5193 telum
2904 5148 3116 5194 acutum
3163 5148 3266 5193 tam
3316 5153 3534 5209 gravem
3579 5139 3741 5195 infert
3781 5139 3906 5196 vul-

2318 5232 2518 5289 neratis
2568 5231 2842 5297 dolorem,
2876 5240 2936 5287 ut
2986 5231 3177 5287 harum
3216 5247 3399 5289 rerum
3454 5248 3787 5305 unaquaeque
3839 5234 3909 5290 il-

2318 5325 2421 5381 lius
2438 5324 2745 5397 pungebant
2765 5325 3024 5381 animum.
3055 5324 3243 5396 Cogita
3267 5326 3411 5380 enim
3431 5336 3690 5398 quantum
3712 5336 3831 5383 erat
3856 5328 3916 5382 in

2316 5419 2536 5491 singulis
2554 5419 2674 5475 (iliis
2694 5420 2880 5476 videre
2894 5433 3091 5490 corpus
3107 5435 3269 5474 unum
3288 5418 3394 5490 igni
3412 5429 3467 5475 et
3486 5418 3631 5475 ferro
3646 5419 3908 5493 disrumpi

2318 5509 2644 5583 longumque
2709 5511 2958 5583 protendi
3003 5519 3311 5577 certamen;
3356 5510 3628 5583 quomodo
3669 5512 3917 5579 videbat,

2317 5605 2587 5676 quomodo
2645 5604 2929 5671 audiebat,
2968 5603 3239 5676 quomodo
3263 5605 3567 5673 excipiebat
3591 5604 3816 5661 odorem
3843 5620 3908 5662 ex

2318 5694 2637 5768 corporibus
2682 5697 2819 5763 illis,
2861 5696 3010 5752 mille
3054 5705 3259 5752 mortes
3297 5695 3525 5767 singulis
3570 5696 3696 5753 ﬁliis
3725 5696 3911 5754 inferri

2319 5789 2523 5846 videns.
2555 5787 2663 5845 Sed
2707 5789 2793 5844 illa
2836 5788 3050 5858 quidem
3080 5787 3256 5843 stabat
3293 5796 3353 5843 ut
3396 5797 3549 5859 petra
3579 5788 3909 5857 immobilia.

2319 5901 2426 5942 non
2456 5883 2649 5954 agitata
2681 5881 2949 5947 (luctibus,
2980 5882 3075 5939 sed
3106 5880 3297 5937 ﬂuctus
3323 5883 3375 5937 in
3408 5896 3654 5955 spumam
3680 5898 3912 5942 conver-
