  <div class='ocr_page' id='page_1' title='image "/cluster/home/n/w/nwhite01/storage/ocr_20150623/63/uva.x030486929/384.png"; bbox 0 0 4082 6444; ppageno 0'>
   <div class='ocr_carea' id='block_1_1' title="bbox 189 461 289 514">
    <p class='ocr_par' dir='ltr' id='par_1_1' title="bbox 189 461 289 514">
     <span class='ocr_line' id='line_1_1' title="bbox 189 461 289 514; baseline 0.09 -9"><span class='ocrx_word' id='word_1_1' title='bbox 189 461 289 514; x_wconf 62' lang='grc' dir='ltr'>,ξίιῖ</span> 
     </span>
    </p>
   </div>
   <div class='ocr_carea' id='block_1_2' title="bbox 197 561 1878 642">
    <p class='ocr_par' dir='ltr' id='par_1_2' title="bbox 197 561 1878 642">
     <span class='ocr_line' id='line_1_2' title="bbox 197 561 1878 642; baseline -0.007 -13"><span class='ocrx_word' id='word_1_2' title='bbox 197 579 287 631; x_wconf 70' lang='grc' dir='ltr'>καὶ</span> <span class='ocrx_word' id='word_1_3' title='bbox 312 578 403 629; x_wconf 74' lang='lat' dir='ltr'>16v</span> <span class='ocrx_word' id='word_1_4' title='bbox 428 574 829 642; x_wconf 80' lang='grc' dir='ltr'>τελευτήσαντα</span> <span class='ocrx_word' id='word_1_5' title='bbox 852 568 961 630; x_wconf 87' lang='grc' dir='ltr'>τοῖς</span> <span class='ocrx_word' id='word_1_6' title='bbox 990 565 1156 630; x_wconf 74' lang='grc' dir='ltr'>ζῶσιν</span> <span class='ocrx_word' id='word_1_7' title='bbox 1186 564 1411 636; x_wconf 81' lang='grc' dir='ltr'>ἀνέμιξε</span> <span class='ocrx_word' id='word_1_8' title='bbox 1433 578 1447 593; x_wconf 76' lang='grc'><strong><em>⁸</em></strong></span> <span class='ocrx_word' id='word_1_9' title='bbox 1476 568 1569 618; x_wconf 74' lang='grc' dir='ltr'>καὶ</span> <span class='ocrx_word' id='word_1_10' title='bbox 1601 565 1709 636; x_wconf 91' lang='grc' dir='ltr'>γάρ</span> <span class='ocrx_word' id='word_1_11' title='bbox 1737 561 1878 637; x_wconf 71' lang='grc' dir='ltr'>[καὶ]</span> 
     </span>
    </p>
   </div>
   <div class='ocr_carea' id='block_1_3' title="bbox 194 645 1876 734">
    <p class='ocr_par' dir='ltr' id='par_1_3' title="bbox 194 645 1876 734">
     <span class='ocr_line' id='line_1_3' title="bbox 194 645 1876 734; baseline -0.015 -15"><span class='ocrx_word' id='word_1_12' title='bbox 194 668 399 729; x_wconf 79' lang='grc' dir='ltr'>ἐκεῖνος</span> <span class='ocrx_word' id='word_1_13' title='bbox 433 662 551 734; x_wconf 76' lang='grc' dir='ltr'>μεθ’</span> <span class='ocrx_word' id='word_1_14' title='bbox 580 660 735 731; x_wconf 80' lang='grc' dir='ltr'>ἡμῶν</span> <span class='ocrx_word' id='word_1_15' title='bbox 770 656 998 726; x_wconf 68' lang='grc' dir='ltr'>ἔψαλλεν</span> <span class='ocrx_word' id='word_1_16' title='bbox 1018 657 1047 707; x_wconf 90' lang='lat'>6</span> <span class='ocrx_word' id='word_1_17' title='bbox 1070 655 1338 725; x_wconf 86' lang='grc' dir='ltr'>μακάριος</span> <span class='ocrx_word' id='word_1_18' title='bbox 1367 645 1522 721; x_wconf 72' lang='grc' dir='ltr'>οὗτος</span> <span class='ocrx_word' id='word_1_19' title='bbox 1557 654 1845 723; x_wconf 72' lang='grc' dir='ltr'>προφήτης</span> <span class='ocrx_word' id='word_1_20' title='bbox 1863 670 1876 682; x_wconf 78' lang='grc' dir='ltr'><strong><em>ο</em></strong></span> 
     </span>
    </p>
   </div>
   <div class='ocr_carea' id='block_1_4' title="bbox 190 740 1881 820">
    <p class='ocr_par' dir='ltr' id='par_1_4' title="bbox 190 740 1881 820">
     <span class='ocr_line' id='line_1_4' title="bbox 190 740 1881 820; baseline -0.008 -13"><span class='ocrx_word' id='word_1_21' title='bbox 190 754 370 807; x_wconf 69' lang='grc' dir='ltr'>καίτοι</span> <span class='ocrx_word' id='word_1_22' title='bbox 401 770 467 820; x_wconf 89' lang='grc' dir='ltr'>γε</span> <span class='ocrx_word' id='word_1_23' title='bbox 489 753 546 805; x_wconf 79' lang='grc' dir='ltr'>ἐν</span> <span class='ocrx_word' id='word_1_24' title='bbox 578 747 882 819; x_wconf 78' lang='grc' dir='ltr'>βασιλικαῖς</span> <span class='ocrx_word' id='word_1_25' title='bbox 905 743 1094 805; x_wconf 79' lang='grc' dir='ltr'>αὐλαῖς</span> <span class='ocrx_word' id='word_1_26' title='bbox 1122 742 1222 795; x_wconf 91' lang='grc' dir='ltr'>οὐκ</span> <span class='ocrx_word' id='word_1_27' title='bbox 1257 741 1338 796; x_wconf 80' lang='grc' dir='ltr'>ἕνι</span> <span class='ocrx_word' id='word_1_28' title='bbox 1365 740 1542 805; x_wconf 87' lang='grc' dir='ltr'>τοῦτο,</span> <span class='ocrx_word' id='word_1_29' title='bbox 1568 740 1705 794; x_wconf 88' lang='grc' dir='ltr'>ἀλλά</span> <span class='ocrx_word' id='word_1_30' title='bbox 1741 740 1881 794; x_wconf 87' lang='grc' dir='ltr'>κάθ-</span> 
     </span>
    </p>
   </div>
   <div class='ocr_carea' id='block_1_5' title="bbox 194 827 1882 912">
    <p class='ocr_par' dir='ltr' id='par_1_5' title="bbox 194 827 1882 912">
     <span class='ocr_line' id='line_1_5' title="bbox 194 827 1882 912; baseline -0.008 -18"><span class='ocrx_word' id='word_1_31' title='bbox 194 859 319 912; x_wconf 85' lang='grc' dir='ltr'>ηται</span> <span class='ocrx_word' id='word_1_32' title='bbox 363 840 462 909; x_wconf 72' lang='grc' dir='ltr'>μὲν</span> <span class='ocrx_word' id='word_1_33' title='bbox 507 840 535 890; x_wconf 90' lang='lat'>6</span> <span class='ocrx_word' id='word_1_34' title='bbox 577 837 638 889; x_wconf 87' lang='lat'>16</span> <span class='ocrx_word' id='word_1_35' title='bbox 669 834 905 904; x_wconf 80' lang='grc' dir='ltr'>διάδημα</span> <span class='ocrx_word' id='word_1_36' title='bbox 951 830 1352 900; x_wconf 84' lang='grc' dir='ltr'>περικείμενος,</span> <span class='ocrx_word' id='word_1_37' title='bbox 1406 828 1788 900; x_wconf 75' lang='grc' dir='ltr'>παρεστήκασι</span> <span class='ocrx_word' id='word_1_38' title='bbox 1826 827 1882 881; x_wconf 79' lang='grc' dir='ltr'>δὲ</span> 
     </span>
    </p>
   </div>
   <div class='ocr_carea' id='block_1_6' title="bbox 192 918 1877 997">
    <p class='ocr_par' dir='ltr' id='par_1_6' title="bbox 192 918 1877 997">
     <span class='ocr_line' id='line_1_6' title="bbox 192 918 1877 997; baseline -0.009 -13"><span class='ocrx_word' id='word_1_39' title='bbox 192 932 395 993; x_wconf 85' lang='grc' dir='ltr'>πάντες</span> <span class='ocrx_word' id='word_1_40' title='bbox 443 930 589 997; x_wconf 81' lang='grc' dir='ltr'>σιγῇ,</span> <span class='ocrx_word' id='word_1_41' title='bbox 642 922 948 977; x_wconf 74' lang='grc' dir='ltr'>καὶταῦτα</span> <span class='ocrx_word' id='word_1_42' title='bbox 1005 922 1061 972; x_wconf 89' lang='grc' dir='ltr'>ἐν</span> <span class='ocrx_word' id='word_1_43' title='bbox 1116 919 1403 989; x_wconf 78' lang='grc' dir='ltr'><strong>μεγίσταις</strong></span> <span class='ocrx_word' id='word_1_44' title='bbox 1457 918 1610 980; x_wconf 78' lang='grc' dir='ltr'>ὄντες</span> <span class='ocrx_word' id='word_1_45' title='bbox 1663 918 1877 988; x_wconf 82' lang='grc' dir='ltr'>ἀρχαῖς.</span> 
     </span>
    </p>
   </div>
   <div class='ocr_carea' id='block_1_7' title="bbox 203 1005 1878 1081">
    <p class='ocr_par' dir='ltr' id='par_1_7' title="bbox 203 1005 1878 1081">
     <span class='ocr_line' id='line_1_7' title="bbox 203 1005 1878 1081; baseline -0.008 -11"><span class='ocrx_word' id='word_1_46' title='bbox 203 1015 474 1071; x_wconf 82' lang='grc' dir='ltr'>Ἐνταῦθα</span> <span class='ocrx_word' id='word_1_47' title='bbox 512 1015 568 1067; x_wconf 86' lang='grc' dir='ltr'>δὲ</span> <span class='ocrx_word' id='word_1_48' title='bbox 600 1012 698 1081; x_wconf 88' lang='grc' dir='ltr'>οὐχ</span> <span class='ocrx_word' id='word_1_49' title='bbox 742 1008 934 1072; x_wconf 73' lang='grc' dir='ltr'>οὓτως,</span> <span class='ocrx_word' id='word_1_50' title='bbox 990 1006 1125 1060; x_wconf 85' lang='grc' dir='ltr'>ἀλλά</span> <span class='ocrx_word' id='word_1_51' title='bbox 1162 1005 1457 1075; x_wconf 70' lang='grc' dir='ltr'>φθέγγεται</span> <span class='ocrx_word' id='word_1_52' title='bbox 1499 1006 1527 1058; x_wconf 91' lang='lat'>6</span> <span class='ocrx_word' id='word_1_53' title='bbox 1571 1007 1878 1075; x_wconf 72' lang='grc' dir='ltr'>προφήτης,</span> 
     </span>
    </p>
   </div>
   <div class='ocr_carea' id='block_1_8' title="bbox 193 1092 1875 1168">
    <p class='ocr_par' dir='ltr' id='par_1_8' title="bbox 193 1092 1875 1168">
     <span class='ocr_line' id='line_1_8' title="bbox 193 1092 1875 1168; baseline -0.008 -11"><span class='ocrx_word' id='word_1_54' title='bbox 193 1105 289 1157; x_wconf 73' lang='grc' dir='ltr'>καὶ</span> <span class='ocrx_word' id='word_1_55' title='bbox 322 1103 523 1164; x_wconf 80' lang='grc' dir='ltr'>πάντες</span> <span class='ocrx_word' id='word_1_56' title='bbox 557 1097 983 1168; x_wconf 84' lang='grc' dir='ltr'>ἀποκρινόμεθα,</span> <span class='ocrx_word' id='word_1_57' title='bbox 1038 1094 1132 1148; x_wconf 73' lang='grc' dir='ltr'>καὶ</span> <span class='ocrx_word' id='word_1_58' title='bbox 1178 1094 1376 1157; x_wconf 82' lang='grc' dir='ltr'>πάντες</span> <span class='ocrx_word' id='word_1_59' title='bbox 1425 1092 1875 1163; x_wconf 69' lang='grc' dir='ltr'>συνεπηχοῦμενσ</span> 
     </span>
    </p>
   </div>
   <div class='ocr_carea' id='block_1_9' title="bbox 189 1180 1879 1250">
    <p class='ocr_par' dir='ltr' id='par_1_9' title="bbox 189 1180 1879 1250">
     <span class='ocr_line' id='line_1_9' title="bbox 189 1180 1879 1250; baseline -0.006 -6"><span class='ocrx_word' id='word_1_60' title='bbox 189 1193 289 1244; x_wconf 72' lang='grc' dir='ltr'>καὶ</span> <span class='ocrx_word' id='word_1_61' title='bbox 322 1192 423 1243; x_wconf 78' lang='grc' dir='ltr'>οὐκ</span> <span class='ocrx_word' id='word_1_62' title='bbox 457 1190 571 1241; x_wconf 73' lang='grc' dir='ltr'>ἔστι</span> <span class='ocrx_word' id='word_1_63' title='bbox 617 1186 803 1240; x_wconf 87' lang='grc' dir='ltr'>δοῦλον</span> <span class='ocrx_word' id='word_1_64' title='bbox 835 1183 1067 1237; x_wconf 78' lang='grc' dir='ltr'>ἐνταῦθα</span> <span class='ocrx_word' id='word_1_65' title='bbox 1111 1183 1261 1245; x_wconf 85' lang='grc' dir='ltr'>ἰδεῖν,</span> <span class='ocrx_word' id='word_1_66' title='bbox 1283 1181 1401 1234; x_wconf 83' lang='grc' dir='ltr'>οὐδὲ</span> <span class='ocrx_word' id='word_1_67' title='bbox 1427 1180 1728 1250; x_wconf 77' lang='grc' dir='ltr'>ἐλεύθερον,</span> <span class='ocrx_word' id='word_1_68' title='bbox 1760 1180 1879 1234; x_wconf 74' lang='grc' dir='ltr'>οὐδὶ</span> 
     </span>
    </p>
   </div>
   <div class='ocr_carea' id='block_1_10' title="bbox 192 1268 1878 1342">
    <p class='ocr_par' dir='ltr' id='par_1_10' title="bbox 192 1268 1878 1342">
     <span class='ocr_line' id='line_1_10' title="bbox 192 1268 1878 1342; baseline -0.005 -11"><span class='ocrx_word' id='word_1_69' title='bbox 192 1278 450 1333; x_wconf 84' lang='grc' dir='ltr'>πλούσιον</span> <span class='ocrx_word' id='word_1_70' title='bbox 487 1274 580 1328; x_wconf 71' lang='grc' dir='ltr'>καὶ</span> <span class='ocrx_word' id='word_1_71' title='bbox 618 1274 849 1342; x_wconf 85' lang='grc' dir='ltr'>πένητα,</span> <span class='ocrx_word' id='word_1_72' title='bbox 895 1271 1016 1323; x_wconf 64' lang='grc' dir='ltr'>οὐδὲ</span> <span class='ocrx_word' id='word_1_73' title='bbox 1067 1270 1303 1341; x_wconf 84' lang='grc' dir='ltr'>ἄρχοντα</span> <span class='ocrx_word' id='word_1_74' title='bbox 1346 1270 1439 1322; x_wconf 73' lang='grc' dir='ltr'>καὶ</span> <span class='ocrx_word' id='word_1_75' title='bbox 1472 1268 1720 1340; x_wconf 80' lang='grc' dir='ltr'>ἰδιώτην·</span> <span class='ocrx_word' id='word_1_76' title='bbox 1762 1269 1878 1323; x_wconf 83' lang='grc' dir='ltr'>ἀλλ’</span> 
     </span>
    </p>
   </div>
   <div class='ocr_carea' id='block_1_11' title="bbox 190 1357 1875 1429">
    <p class='ocr_par' dir='ltr' id='par_1_11' title="bbox 190 1357 1875 1429">
     <span class='ocr_line' id='line_1_11' title="bbox 190 1357 1875 1429; baseline -0.005 -10"><span class='ocrx_word' id='word_1_77' title='bbox 190 1364 439 1419; x_wconf 82' lang='grc' dir='ltr'>ἐκποδὼν</span> <span class='ocrx_word' id='word_1_78' title='bbox 468 1364 653 1417; x_wconf 83' lang='grc' dir='ltr'>ἆπασα</span> <span class='ocrx_word' id='word_1_79' title='bbox 676 1359 814 1429; x_wconf 79' lang='grc' dir='ltr'>αὕτη</span> <span class='ocrx_word' id='word_1_80' title='bbox 846 1361 879 1429; x_wconf 88' lang='grc' dir='ltr'>ή</span> <span class='ocrx_word' id='word_1_81' title='bbox 915 1358 1008 1412; x_wconf 86' lang='grc' dir='ltr'>τοῦ</span> <span class='ocrx_word' id='word_1_82' title='bbox 1048 1357 1163 1428; x_wconf 84' lang='grc' dir='ltr'>βίου</span> <span class='ocrx_word' id='word_1_83' title='bbox 1198 1357 1485 1428; x_wconf 76' lang='grc' dir='ltr'>ἀνωμαλία</span> <span class='ocrx_word' id='word_1_84' title='bbox 1517 1357 1875 1428; x_wconf 82' lang='grc' dir='ltr'>ἀπελήλαται,</span> 
     </span>
    </p>
   </div>
   <div class='ocr_carea' id='block_1_12' title="bbox 190 1443 1878 1522">
    <p class='ocr_par' dir='ltr' id='par_1_12' title="bbox 190 1443 1878 1522">
     <span class='ocr_line' id='line_1_12' title="bbox 190 1443 1878 1522; baseline -0.005 -16"><span class='ocrx_word' id='word_1_85' title='bbox 190 1455 286 1506; x_wconf 73' lang='grc' dir='ltr'>καὶ</span> <span class='ocrx_word' id='word_1_86' title='bbox 317 1447 398 1516; x_wconf 75' lang='grc' dir='ltr'>εἷς</span> <span class='ocrx_word' id='word_1_87' title='bbox 424 1451 582 1522; x_wconf 75' lang='grc' dir='ltr'>χορὸς</span> <span class='ocrx_word' id='word_1_88' title='bbox 608 1449 668 1514; x_wconf 79' lang='grc' dir='ltr'>ἐξ</span> <span class='ocrx_word' id='word_1_89' title='bbox 699 1447 955 1503; x_wconf 86' lang='grc' dir='ltr'>ἀπάντων</span> <span class='ocrx_word' id='word_1_90' title='bbox 988 1446 1447 1517; x_wconf 84' lang='grc' dir='ltr'>συγκεκρότηται,</span> <span class='ocrx_word' id='word_1_91' title='bbox 1488 1444 1583 1498; x_wconf 69' lang='grc' dir='ltr'>καὶ</span> <span class='ocrx_word' id='word_1_92' title='bbox 1628 1443 1878 1517; x_wconf 76' lang='grc' dir='ltr'>ἰσηγορία</span> 
     </span>
    </p>
   </div>
   <div class='ocr_carea' id='block_1_13' title="bbox 191 1532 1876 1612">
    <p class='ocr_par' dir='ltr' id='par_1_13' title="bbox 191 1532 1876 1612">
     <span class='ocr_line' id='line_1_13' title="bbox 191 1532 1876 1612; baseline -0.005 -19"><span class='ocrx_word' id='word_1_93' title='bbox 191 1542 385 1612; x_wconf 81' lang='grc' dir='ltr'>πολλὴ,</span> <span class='ocrx_word' id='word_1_94' title='bbox 416 1540 508 1592; x_wconf 73' lang='grc' dir='ltr'>καί</span> <span class='ocrx_word' id='word_1_95' title='bbox 551 1536 641 1589; x_wconf 76' lang='grc' dir='ltr'>τὸν</span> <span class='ocrx_word' id='word_1_96' title='bbox 692 1534 919 1604; x_wconf 72' lang='grc' dir='ltr'>οὐρανὸν</span> <span class='ocrx_word' id='word_1_97' title='bbox 964 1536 997 1603; x_wconf 75' lang='grc' dir='ltr'>ἡ</span> <span class='ocrx_word' id='word_1_98' title='bbox 1047 1533 1119 1602; x_wconf 83' lang='grc' dir='ltr'>γῆ</span> <span class='ocrx_word' id='word_1_99' title='bbox 1173 1535 1438 1602; x_wconf 78' lang='grc' dir='ltr'><strong>μιμεῖται.</strong></span> <span class='ocrx_word' id='word_1_100' title='bbox 1489 1532 1736 1602; x_wconf 79' lang='grc' dir='ltr'>Τοσαύτη</span> <span class='ocrx_word' id='word_1_101' title='bbox 1775 1532 1876 1603; x_wconf 80' lang='grc' dir='ltr'>τῆς</span> 
     </span>
    </p>
   </div>
   <div class='ocr_carea' id='block_1_14' title="bbox 189 1621 1875 1698">
    <p class='ocr_par' dir='ltr' id='par_1_14' title="bbox 189 1621 1875 1698">
     <span class='ocr_line' id='line_1_14' title="bbox 189 1621 1875 1698; baseline -0.005 -16"><span class='ocrx_word' id='word_1_102' title='bbox 189 1628 486 1698; x_wconf 79' lang='grc' dir='ltr'>ἐκκλησίας</span> <span class='ocrx_word' id='word_1_103' title='bbox 516 1630 549 1697; x_wconf 81' lang='grc' dir='ltr'>ἡ</span> <span class='ocrx_word' id='word_1_104' title='bbox 584 1625 851 1693; x_wconf 86' lang='grc' dir='ltr'>εὐγένεια.</span> <span class='ocrx_word' id='word_1_105' title='bbox 893 1622 1027 1675; x_wconf 81' lang='grc' dir='ltr'>Οὐδέ</span> <span class='ocrx_word' id='word_1_106' title='bbox 1050 1621 1157 1690; x_wconf 87' lang='grc' dir='ltr'>γάρ</span> <span class='ocrx_word' id='word_1_107' title='bbox 1194 1621 1342 1673; x_wconf 78' lang='grc' dir='ltr'>ἐστιν</span> <span class='ocrx_word' id='word_1_108' title='bbox 1375 1622 1569 1684; x_wconf 77' lang='grc' dir='ltr'>εἰπεῖν,</span> <span class='ocrx_word' id='word_1_109' title='bbox 1603 1621 1684 1674; x_wconf 83' lang='grc' dir='ltr'>ὅτι</span> <span class='ocrx_word' id='word_1_110' title='bbox 1716 1624 1745 1674; x_wconf 97' lang='lat'>6</span> <span class='ocrx_word' id='word_1_111' title='bbox 1775 1621 1875 1692; x_wconf 81' lang='grc' dir='ltr'>μὲν</span> 
     </span>
    </p>
   </div>
   <div class='ocr_carea' id='block_1_15' title="bbox 187 1708 1874 1786">
    <p class='ocr_par' dir='ltr' id='par_1_15' title="bbox 187 1708 1874 1786">
     <span class='ocr_line' id='line_1_15' title="bbox 187 1708 1874 1786; baseline -0.004 -17"><span class='ocrx_word' id='word_1_112' title='bbox 187 1718 460 1786; x_wconf 75' lang='grc' dir='ltr'>δεσπότης</span> <span class='ocrx_word' id='word_1_113' title='bbox 508 1713 646 1784; x_wconf 85' lang='grc' dir='ltr'>μετά</span> <span class='ocrx_word' id='word_1_114' title='bbox 678 1711 877 1781; x_wconf 73' lang='grc' dir='ltr'>πολλῆς</span> <span class='ocrx_word' id='word_1_115' title='bbox 917 1708 1111 1778; x_wconf 66' lang='grc' dir='ltr'>ψάλλει</span> <span class='ocrx_word' id='word_1_116' title='bbox 1152 1712 1250 1779; x_wconf 80' lang='grc' dir='ltr'>τῆς</span> <span class='ocrx_word' id='word_1_117' title='bbox 1296 1709 1627 1780; x_wconf 67' lang='grc' dir='ltr'>παρρησίας,</span> <span class='ocrx_word' id='word_1_118' title='bbox 1661 1712 1874 1763; x_wconf 68' lang='lat'>6111616-</span> 
     </span>
    </p>
   </div>
   <div class='ocr_carea' id='block_1_16' title="bbox 190 1793 1919 1875">
    <p class='ocr_par' dir='ltr' id='par_1_16' title="bbox 190 1793 1919 1875">
     <span class='ocr_line' id='line_1_16' title="bbox 190 1793 1919 1875; baseline -0.003 -19"><span class='ocrx_word' id='word_1_119' title='bbox 190 1804 408 1875; x_wconf 72' lang='grc' dir='ltr'>μίςεται</span> <span class='ocrx_word' id='word_1_120' title='bbox 436 1804 492 1856; x_wconf 78' lang='grc' dir='ltr'>δὲ</span> <span class='ocrx_word' id='word_1_121' title='bbox 523 1805 552 1855; x_wconf 88' lang='lat'>6</span> <span class='ocrx_word' id='word_1_122' title='bbox 582 1800 832 1870; x_wconf 73' lang='grc' dir='ltr'>οἰκέτηςο</span> <span class='ocrx_word' id='word_1_123' title='bbox 872 1798 977 1851; x_wconf 79' lang='grc' dir='ltr'>οὐδ’</span> <span class='ocrx_word' id='word_1_124' title='bbox 1024 1793 1090 1851; x_wconf 85' lang='grc' dir='ltr'>αῦ</span> <span class='ocrx_word' id='word_1_125' title='bbox 1126 1798 1153 1849; x_wconf 89' lang='grc' dir='ltr'>ὁ</span> <span class='ocrx_word' id='word_1_126' title='bbox 1188 1796 1441 1861; x_wconf 84' lang='grc' dir='ltr'>πλούσιος</span> <span class='ocrx_word' id='word_1_127' title='bbox 1484 1799 1581 1866; x_wconf 86' lang='grc' dir='ltr'>μὲν</span> <span class='ocrx_word' id='word_1_128' title='bbox 1607 1800 1747 1851; x_wconf 89' lang='grc' dir='ltr'>κινεῖ</span> <span class='ocrx_word' id='word_1_129' title='bbox 1776 1798 1875 1869; x_wconf 73' lang='grc' dir='ltr'>τὴν</span> <span class='ocrx_word' id='word_1_130' title='bbox 1916 1824 1919 1831; x_wconf 66' lang='grc' dir='ltr'><strong>ε</strong></span> 
     </span>
    </p>
   </div>
   <div class='ocr_carea' id='block_1_17' title="bbox 182 1881 1874 1961">
    <p class='ocr_par' dir='ltr' id='par_1_17' title="bbox 182 1881 1874 1961">
     <span class='ocr_line' id='line_1_17' title="bbox 182 1881 1874 1961; baseline -0.003 -17"><span class='ocrx_word' id='word_1_131' title='bbox 182 1892 455 1961; x_wconf 82' lang='grc' dir='ltr'>γλῶτταν,</span> <span class='ocrx_word' id='word_1_132' title='bbox 478 1888 693 1961; x_wconf 76' lang='grc' dir='ltr'>ἀφωνία</span> <span class='ocrx_word' id='word_1_133' title='bbox 708 1888 764 1941; x_wconf 81' lang='grc' dir='ltr'>δὲ</span> <span class='ocrx_word' id='word_1_134' title='bbox 785 1889 812 1941; x_wconf 98' lang='lat'>6</span> <span class='ocrx_word' id='word_1_135' title='bbox 834 1888 1004 1957; x_wconf 84' lang='grc' dir='ltr'>πένης</span> <span class='ocrx_word' id='word_1_136' title='bbox 1029 1884 1450 1947; x_wconf 76' lang='grc' dir='ltr'>καταδικάζεται</span> <span class='ocrx_word' id='word_1_137' title='bbox 1465 1900 1481 1915; x_wconf 74' lang='grc' dir='ltr'><strong><em>ο</em></strong></span> <span class='ocrx_word' id='word_1_138' title='bbox 1512 1885 1619 1938; x_wconf 81' lang='grc' dir='ltr'>οὐδ’</span> <span class='ocrx_word' id='word_1_139' title='bbox 1643 1881 1709 1939; x_wconf 82' lang='grc' dir='ltr'>αὖ</span> <span class='ocrx_word' id='word_1_140' title='bbox 1736 1886 1874 1959; x_wconf 75' lang='grc' dir='ltr'>ἀνὴρ</span> 
     </span>
    </p>
   </div>
   <div class='ocr_carea' id='block_1_18' title="bbox 191 1973 1873 2050">
    <p class='ocr_par' dir='ltr' id='par_1_18' title="bbox 191 1973 1873 2050">
     <span class='ocr_line' id='line_1_18' title="bbox 191 1973 1873 2050; baseline -0.002 -19"><span class='ocrx_word' id='word_1_141' title='bbox 191 1980 291 2049; x_wconf 83' lang='grc' dir='ltr'>μὲν</span> <span class='ocrx_word' id='word_1_142' title='bbox 318 1977 776 2050; x_wconf 75' lang='grc' dir='ltr'>παρρησιάζεται,</span> <span class='ocrx_word' id='word_1_143' title='bbox 816 1974 955 2045; x_wconf 83' lang='grc' dir='ltr'>γυνὴ</span> <span class='ocrx_word' id='word_1_144' title='bbox 988 1974 1044 2027; x_wconf 85' lang='grc' dir='ltr'>δὲ</span> <span class='ocrx_word' id='word_1_145' title='bbox 1087 1976 1213 2044; x_wconf 82' lang='grc' dir='ltr'>σιγᾷ</span> <span class='ocrx_word' id='word_1_146' title='bbox 1241 1974 1335 2026; x_wconf 83' lang='grc' dir='ltr'>καὶ</span> <span class='ocrx_word' id='word_1_147' title='bbox 1359 1973 1574 2041; x_wconf 77' lang='grc' dir='ltr'>ἄφωνος</span> <span class='ocrx_word' id='word_1_148' title='bbox 1604 1975 1834 2044; x_wconf 75' lang='grc' dir='ltr'>ἕστηκεν</span> <span class='ocrx_word' id='word_1_149' title='bbox 1856 1992 1873 2009; x_wconf 77' lang='grc' dir='ltr'><strong>ο</strong></span> 
     </span>
    </p>
   </div>
   <div class='ocr_carea' id='block_1_19' title="bbox 181 2050 1874 2133">
    <p class='ocr_par' dir='ltr' id='par_1_19' title="bbox 181 2050 1874 2133">
     <span class='ocr_line' id='line_1_19' title="bbox 181 2050 1874 2133; baseline -0.004 -13"><span class='ocrx_word' id='word_1_150' title='bbox 181 2067 325 2120; x_wconf 77' lang='grc' dir='ltr'>ἀλλά</span> <span class='ocrx_word' id='word_1_151' title='bbox 358 2068 561 2128; x_wconf 84' lang='grc' dir='ltr'>πάντες</span> <span class='ocrx_word' id='word_1_152' title='bbox 598 2064 697 2132; x_wconf 76' lang='grc' dir='ltr'>τῆς</span> <span class='ocrx_word' id='word_1_153' title='bbox 736 2062 906 2133; x_wconf 79' lang='grc' dir='ltr'>αὐτῆς</span> <span class='ocrx_word' id='word_1_154' title='bbox 960 2062 1229 2131; x_wconf 85' lang='grc' dir='ltr'>ἰσοτιμίας</span> <span class='ocrx_word' id='word_1_155' title='bbox 1270 2050 1655 2125; x_wconf 68' lang='grc' dir='ltr'>ἀπολαύοντες,</span> <span class='ocrx_word' id='word_1_156' title='bbox 1689 2060 1874 2132; x_wconf 75' lang='grc' dir='ltr'>κοινὴν</span> 
     </span>
    </p>
   </div>
   <div class='ocr_carea' id='block_1_20' title="bbox 184 2149 1874 2225">
    <p class='ocr_par' dir='ltr' id='par_1_20' title="bbox 184 2149 1874 2225">
     <span class='ocr_line' id='line_1_20' title="bbox 184 2149 1874 2225; baseline -0.002 -17"><span class='ocrx_word' id='word_1_157' title='bbox 184 2154 541 2225; x_wconf 84' lang='grc' dir='ltr'>ἀναφέρομεν</span> <span class='ocrx_word' id='word_1_158' title='bbox 579 2152 676 2222; x_wconf 75' lang='grc' dir='ltr'>τὴν</span> <span class='ocrx_word' id='word_1_159' title='bbox 719 2150 931 2211; x_wconf 83' lang='grc' dir='ltr'>θυσίαν,</span> <span class='ocrx_word' id='word_1_160' title='bbox 983 2149 1169 2219; x_wconf 83' lang='grc' dir='ltr'>κοινὴν</span> <span class='ocrx_word' id='word_1_161' title='bbox 1213 2149 1311 2221; x_wconf 79' lang='grc' dir='ltr'>τήν</span> <span class='ocrx_word' id='word_1_162' title='bbox 1360 2150 1710 2221; x_wconf 76' lang='grc' dir='ltr'>προσφοράν’</span> <span class='ocrx_word' id='word_1_163' title='bbox 1762 2150 1874 2205; x_wconf 82' lang='grc' dir='ltr'>οὐδ’</span> 
     </span>
    </p>
   </div>
   <div class='ocr_carea' id='block_1_21' title="bbox 184 2232 1875 2313">
    <p class='ocr_par' dir='ltr' id='par_1_21' title="bbox 184 2232 1875 2313">
     <span class='ocr_line' id='line_1_21' title="bbox 184 2232 1875 2313; baseline -0.002 -17"><span class='ocrx_word' id='word_1_164' title='bbox 184 2244 303 2313; x_wconf 72' lang='grc' dir='ltr'>ἔχει</span> <span class='ocrx_word' id='word_1_165' title='bbox 339 2260 391 2295; x_wconf 91' lang='grc' dir='ltr'>τι</span> <span class='ocrx_word' id='word_1_166' title='bbox 424 2240 585 2294; x_wconf 86' lang='grc' dir='ltr'>πλέον</span> <span class='ocrx_word' id='word_1_167' title='bbox 612 2232 766 2302; x_wconf 71' lang='grc' dir='ltr'>οὗτος</span> <span class='ocrx_word' id='word_1_168' title='bbox 802 2237 1033 2301; x_wconf 78' lang='grc' dir='ltr'>ἐκείνου,</span> <span class='ocrx_word' id='word_1_169' title='bbox 1069 2237 1191 2290; x_wconf 81' lang='grc' dir='ltr'>οὐδὲ</span> <span class='ocrx_word' id='word_1_170' title='bbox 1236 2238 1444 2301; x_wconf 83' lang='grc' dir='ltr'>ἐκεῖνος</span> <span class='ocrx_word' id='word_1_171' title='bbox 1486 2238 1701 2303; x_wconf 86' lang='grc' dir='ltr'>τούτου,</span> <span class='ocrx_word' id='word_1_172' title='bbox 1736 2238 1875 2293; x_wconf 90' lang='grc' dir='ltr'>ἀλλά</span> 
     </span>
    </p>
   </div>
   <div class='ocr_carea' id='block_1_22' title="bbox 190 2329 1874 2403">
    <p class='ocr_par' dir='ltr' id='par_1_22' title="bbox 190 2329 1874 2403">
     <span class='ocr_line' id='line_1_22' title="bbox 190 2329 1874 2403; baseline -0.002 -15"><span class='ocrx_word' id='word_1_173' title='bbox 190 2334 395 2397; x_wconf 85' lang='grc' dir='ltr'>πάντες</span> <span class='ocrx_word' id='word_1_174' title='bbox 434 2334 495 2385; x_wconf 82' lang='grc' dir='ltr'>ἐν</span> <span class='ocrx_word' id='word_1_175' title='bbox 530 2334 596 2403; x_wconf 76' lang='grc' dir='ltr'>τῇ</span> <span class='ocrx_word' id='word_1_176' title='bbox 639 2331 778 2402; x_wconf 79' lang='grc' dir='ltr'>αὐτῇ</span> <span class='ocrx_word' id='word_1_177' title='bbox 821 2332 980 2401; x_wconf 77' lang='grc' dir='ltr'>τιμῇ,</span> <span class='ocrx_word' id='word_1_178' title='bbox 1014 2330 1107 2383; x_wconf 85' lang='grc' dir='ltr'>καὶ</span> <span class='ocrx_word' id='word_1_179' title='bbox 1151 2329 1302 2401; x_wconf 84' lang='grc' dir='ltr'>φωνὴ</span> <span class='ocrx_word' id='word_1_180' title='bbox 1357 2331 1457 2402; x_wconf 91' lang='grc' dir='ltr'>μία</span> <span class='ocrx_word' id='word_1_181' title='bbox 1497 2332 1561 2384; x_wconf 85' lang='grc' dir='ltr'>ὲκ</span> <span class='ocrx_word' id='word_1_182' title='bbox 1600 2330 1874 2403; x_wconf 81' lang='grc' dir='ltr'>διαφόρων</span> 
     </span>
    </p>
   </div>
   <div class='ocr_carea' id='block_1_23' title="bbox 179 2418 1868 2493">
    <p class='ocr_par' dir='ltr' id='par_1_23' title="bbox 179 2418 1868 2493">
     <span class='ocr_line' id='line_1_23' title="bbox 179 2418 1868 2493; baseline 0.001 -18"><span class='ocrx_word' id='word_1_183' title='bbox 179 2422 443 2492; x_wconf 85' lang='grc' dir='ltr'>γλωττῶν</span> <span class='ocrx_word' id='word_1_184' title='bbox 484 2420 623 2493; x_wconf 81' lang='grc' dir='ltr'>πρὸς</span> <span class='ocrx_word' id='word_1_185' title='bbox 650 2419 743 2473; x_wconf 79' lang='lat' dir='ltr'>16v</span> <span class='ocrx_word' id='word_1_186' title='bbox 791 2418 891 2489; x_wconf 79' lang='grc' dir='ltr'>τῆς</span> <span class='ocrx_word' id='word_1_187' title='bbox 919 2419 1247 2491; x_wconf 75' lang='grc' dir='ltr'>οἰκουμένης</span> <span class='ocrx_word' id='word_1_188' title='bbox 1296 2418 1685 2491; x_wconf 81' lang='grc' dir='ltr'>ἀναπέμπεται</span> <span class='ocrx_word' id='word_1_189' title='bbox 1718 2419 1868 2493; x_wconf 73' lang='grc'><strong>[550]</strong></span> 
     </span>
    </p>
   </div>
   <div class='ocr_carea' id='block_1_24' title="bbox 161 2506 1873 2581">
    <p class='ocr_par' dir='ltr' id='par_1_24' title="bbox 161 2506 1873 2581">
     <span class='ocr_line' id='line_1_24' title="bbox 161 2506 1873 2581; baseline -0.001 -18"><span class='ocrx_word' id='word_1_190' title='bbox 161 2509 540 2581; x_wconf 82' lang='grc' dir='ltr'>Δημιουργόν.</span> <span class='ocrx_word' id='word_1_191' title='bbox 589 2507 654 2560; x_wconf 84' lang='grc' dir='ltr'><strong>Ἦ</strong></span> <span class='ocrx_word' id='word_1_192' title='bbox 693 2506 929 2579; x_wconf 83' lang='grc' dir='ltr'>διαφορά</span> <span class='ocrx_word' id='word_1_193' title='bbox 957 2507 1014 2560; x_wconf 81' lang='grc' dir='ltr'>δὲ</span> <span class='ocrx_word' id='word_1_194' title='bbox 1044 2507 1145 2560; x_wconf 82' lang='grc' dir='ltr'>οὐκ</span> <span class='ocrx_word' id='word_1_195' title='bbox 1179 2508 1237 2559; x_wconf 84' lang='grc' dir='ltr'>ὲν</span> <span class='ocrx_word' id='word_1_196' title='bbox 1263 2506 1342 2576; x_wconf 82' lang='grc' dir='ltr'>τῷ</span> <span class='ocrx_word' id='word_1_197' title='bbox 1370 2506 1541 2577; x_wconf 80' lang='grc' dir='ltr'>δούλῳ</span> <span class='ocrx_word' id='word_1_198' title='bbox 1584 2509 1679 2561; x_wconf 80' lang='grc' dir='ltr'>καὶ</span> <span class='ocrx_word' id='word_1_199' title='bbox 1707 2509 1766 2561; x_wconf 85' lang='grc' dir='ltr'>ἐν</span> <span class='ocrx_word' id='word_1_200' title='bbox 1794 2507 1873 2579; x_wconf 82' lang='grc' dir='ltr'>τῷ</span> 
     </span>
    </p>
   </div>
   <div class='ocr_carea' id='block_1_25' title="bbox 178 2594 1872 2667">
    <p class='ocr_par' dir='ltr' id='par_1_25' title="bbox 178 2594 1872 2667">
     <span class='ocr_line' id='line_1_25' title="bbox 178 2594 1872 2667; baseline -0.001 -16"><span class='ocrx_word' id='word_1_201' title='bbox 178 2597 477 2667; x_wconf 84' lang='grc' dir='ltr'>ἐλευθέρῳ,</span> <span class='ocrx_word' id='word_1_202' title='bbox 511 2596 611 2649; x_wconf 84' lang='grc' dir='ltr'>οὐκ</span> <span class='ocrx_word' id='word_1_203' title='bbox 648 2596 705 2648; x_wconf 84' lang='grc' dir='ltr'>ἐν</span> <span class='ocrx_word' id='word_1_204' title='bbox 736 2595 812 2665; x_wconf 83' lang='grc' dir='ltr'>τῷ</span> <span class='ocrx_word' id='word_1_205' title='bbox 845 2594 1086 2666; x_wconf 79' lang='grc' dir='ltr'>πλουσίῳ</span> <span class='ocrx_word' id='word_1_206' title='bbox 1115 2596 1208 2648; x_wconf 71' lang='grc' dir='ltr'>καὶ</span> <span class='ocrx_word' id='word_1_207' title='bbox 1236 2596 1293 2649; x_wconf 89' lang='grc' dir='ltr'>ἐν</span> <span class='ocrx_word' id='word_1_208' title='bbox 1324 2594 1400 2665; x_wconf 83' lang='grc' dir='ltr'>τῷ</span> <span class='ocrx_word' id='word_1_209' title='bbox 1427 2596 1643 2667; x_wconf 85' lang='grc' dir='ltr'>πένητι,</span> <span class='ocrx_word' id='word_1_210' title='bbox 1676 2596 1777 2649; x_wconf 88' lang='grc' dir='ltr'>οὐκ</span> <span class='ocrx_word' id='word_1_211' title='bbox 1813 2598 1872 2650; x_wconf 79' lang='grc' dir='ltr'>ἐν</span> 
     </span>
    </p>
   </div>
   <div class='ocr_carea' id='block_1_26' title="bbox 174 2683 1869 2758">
    <p class='ocr_par' dir='ltr' id='par_1_26' title="bbox 174 2683 1869 2758">
     <span class='ocr_line' id='line_1_26' title="bbox 174 2683 1869 2758; baseline -0.002 -17"><span class='ocrx_word' id='word_1_212' title='bbox 174 2690 250 2758; x_wconf 77' lang='grc' dir='ltr'>τῇ</span> <span class='ocrx_word' id='word_1_213' title='bbox 282 2685 505 2755; x_wconf 82' lang='grc' dir='ltr'>γυναικὶ</span> <span class='ocrx_word' id='word_1_214' title='bbox 548 2685 643 2739; x_wconf 72' lang='grc' dir='ltr'>καὶ</span> <span class='ocrx_word' id='word_1_215' title='bbox 689 2686 747 2737; x_wconf 85' lang='grc' dir='ltr'>ὲν</span> <span class='ocrx_word' id='word_1_216' title='bbox 775 2683 854 2754; x_wconf 82' lang='grc' dir='ltr'>τῷ</span> <span class='ocrx_word' id='word_1_217' title='bbox 884 2684 1061 2754; x_wconf 67' lang='grc' dir='ltr'>ἀνδρὶ,</span> <span class='ocrx_word' id='word_1_218' title='bbox 1097 2683 1213 2737; x_wconf 85' lang='grc' dir='ltr'>ἀλλ’</span> <span class='ocrx_word' id='word_1_219' title='bbox 1256 2687 1314 2738; x_wconf 84' lang='grc' dir='ltr'>ὲν</span> <span class='ocrx_word' id='word_1_220' title='bbox 1344 2687 1408 2757; x_wconf 79' lang='grc' dir='ltr'>τῇ</span> <span class='ocrx_word' id='word_1_221' title='bbox 1446 2684 1665 2756; x_wconf 83' lang='grc' dir='ltr'>γνώμῃ,</span> <span class='ocrx_word' id='word_1_222' title='bbox 1717 2686 1775 2737; x_wconf 85' lang='grc' dir='ltr'>ἐν</span> <span class='ocrx_word' id='word_1_223' title='bbox 1803 2688 1869 2757; x_wconf 78' lang='grc' dir='ltr'>τῇ</span> 
     </span>
    </p>
   </div>
   <div class='ocr_carea' id='block_1_27' title="bbox 178 2773 1872 2846">
    <p class='ocr_par' dir='ltr' id='par_1_27' title="bbox 178 2773 1872 2846">
     <span class='ocr_line' id='line_1_27' title="bbox 178 2773 1872 2846; baseline -0.002 -16"><span class='ocrx_word' id='word_1_224' title='bbox 178 2776 394 2846; x_wconf 75' lang='grc' dir='ltr'>σπουδῇ</span> <span class='ocrx_word' id='word_1_225' title='bbox 421 2775 515 2827; x_wconf 74' lang='grc' dir='ltr'>καὶ</span> <span class='ocrx_word' id='word_1_226' title='bbox 536 2776 601 2844; x_wconf 77' lang='grc' dir='ltr'>τῇ</span> <span class='ocrx_word' id='word_1_227' title='bbox 633 2773 895 2845; x_wconf 67' lang='grc' dir='ltr'>ῥᾳθυμίᾳ,</span> <span class='ocrx_word' id='word_1_228' title='bbox 920 2774 978 2825; x_wconf 87' lang='grc' dir='ltr'>ἐν</span> <span class='ocrx_word' id='word_1_229' title='bbox 1000 2774 1064 2844; x_wconf 78' lang='grc' dir='ltr'>τῇ</span> <span class='ocrx_word' id='word_1_230' title='bbox 1092 2774 1263 2845; x_wconf 83' lang='grc' dir='ltr'>κακίᾳ</span> <span class='ocrx_word' id='word_1_231' title='bbox 1287 2775 1381 2827; x_wconf 68' lang='grc' dir='ltr'>καὶ</span> <span class='ocrx_word' id='word_1_232' title='bbox 1403 2778 1468 2846; x_wconf 78' lang='grc' dir='ltr'>τῇ</span> <span class='ocrx_word' id='word_1_233' title='bbox 1498 2775 1688 2845; x_wconf 74' lang='grc' dir='ltr'>ἀρετῇ.</span> <span class='ocrx_word' id='word_1_234' title='bbox 1715 2773 1872 2827; x_wconf 74' lang='grc' dir='ltr'>Οὕτω</span> 
     </span>
    </p>
   </div>
   <div class='ocr_carea' id='block_1_28' title="bbox 180 2860 1871 2937">
    <p class='ocr_par' dir='ltr' id='par_1_28' title="bbox 180 2860 1871 2937">
     <span class='ocr_line' id='line_1_28' title="bbox 180 2860 1871 2937; baseline -0.003 -19"><span class='ocrx_word' id='word_1_235' title='bbox 180 2865 296 2937; x_wconf 74' lang='grc' dir='ltr'>γάρ</span> <span class='ocrx_word' id='word_1_236' title='bbox 327 2864 425 2917; x_wconf 75' lang='grc' dir='ltr'>καὶ</span> <span class='ocrx_word' id='word_1_237' title='bbox 473 2861 724 2916; x_wconf 87' lang='grc' dir='ltr'>πλούσιον</span> <span class='ocrx_word' id='word_1_238' title='bbox 749 2860 861 2931; x_wconf 86' lang='grc' dir='ltr'>ἐγὼ</span> <span class='ocrx_word' id='word_1_239' title='bbox 903 2860 994 2915; x_wconf 80' lang='grc' dir='ltr'>τὸν</span> <span class='ocrx_word' id='word_1_240' title='bbox 1022 2860 1232 2932; x_wconf 83' lang='grc' dir='ltr'>πένητα</span> <span class='ocrx_word' id='word_1_241' title='bbox 1278 2860 1511 2932; x_wconf 87' lang='grc' dir='ltr'>δύναμαι</span> <span class='ocrx_word' id='word_1_242' title='bbox 1540 2862 1743 2923; x_wconf 85' lang='grc' dir='ltr'>καλεῖν,</span> <span class='ocrx_word' id='word_1_243' title='bbox 1776 2861 1871 2914; x_wconf 65' lang='grc' dir='ltr'>καὶ⁵</span> 
     </span>
    </p>
   </div>
   <div class='ocr_carea' id='block_1_29' title="bbox 184 2949 1871 3023">
    <p class='ocr_par' dir='ltr' id='par_1_29' title="bbox 184 2949 1871 3023">
     <span class='ocr_line' id='line_1_29' title="bbox 184 2949 1871 3023; baseline -0.004 -15"><span class='ocrx_word' id='word_1_244' title='bbox 184 2954 401 3023; x_wconf 84' lang='grc' dir='ltr'>πένητα</span> <span class='ocrx_word' id='word_1_245' title='bbox 427 2952 519 3006; x_wconf 78' lang='grc' dir='ltr'>τὸν</span> <span class='ocrx_word' id='word_1_246' title='bbox 546 2950 818 3014; x_wconf 86' lang='grc' dir='ltr'>πλούσιον,</span> <span class='ocrx_word' id='word_1_247' title='bbox 860 2951 956 3003; x_wconf 61' lang='grc' dir='ltr'>κατ⁹</span> <span class='ocrx_word' id='word_1_248' title='bbox 980 2953 1214 3017; x_wconf 85' lang='grc' dir='ltr'>γυναῖκα</span> <span class='ocrx_word' id='word_1_249' title='bbox 1242 2949 1334 3003; x_wconf 75' lang='lat' dir='ltr'>16v</span> <span class='ocrx_word' id='word_1_250' title='bbox 1355 2950 1543 3022; x_wconf 80' lang='grc' dir='ltr'>ἄνδρα,</span> <span class='ocrx_word' id='word_1_251' title='bbox 1575 2950 1669 3003; x_wconf 72' lang='grc' dir='ltr'>καὶ</span> <span class='ocrx_word' id='word_1_252' title='bbox 1703 2949 1871 3021; x_wconf 77' lang='grc' dir='ltr'>ἄνδρα</span> 
     </span>
    </p>
   </div>
   <div class='ocr_carea' id='block_1_30' title="bbox 183 3036 1875 3113">
    <p class='ocr_par' dir='ltr' id='par_1_30' title="bbox 183 3036 1875 3113">
     <span class='ocr_line' id='line_1_30' title="bbox 183 3036 1875 3113; baseline -0.004 -18"><span class='ocrx_word' id='word_1_253' title='bbox 183 3044 287 3113; x_wconf 79' lang='grc' dir='ltr'>τὴν</span> <span class='ocrx_word' id='word_1_254' title='bbox 311 3042 564 3111; x_wconf 88' lang='grc' dir='ltr'>γυναῖκα,</span> <span class='ocrx_word' id='word_1_255' title='bbox 598 3038 691 3092; x_wconf 63' lang='grc' dir='ltr'>καί⁵</span> <span class='ocrx_word' id='word_1_256' title='bbox 717 3037 932 3109; x_wconf 77' lang='grc' dir='ltr'>ἰδιώτην</span> <span class='ocrx_word' id='word_1_257' title='bbox 958 3038 1049 3091; x_wconf 84' lang='lat' dir='ltr'>16v</span> <span class='ocrx_word' id='word_1_258' title='bbox 1075 3037 1257 3107; x_wconf 72' lang='grc' dir='ltr'>σοφὸν,</span> <span class='ocrx_word' id='word_1_259' title='bbox 1280 3038 1375 3091; x_wconf 77' lang='grc' dir='ltr'>καὶ</span> <span class='ocrx_word' id='word_1_260' title='bbox 1418 3038 1581 3107; x_wconf 82' lang='grc' dir='ltr'>σοφὸν</span> <span class='ocrx_word' id='word_1_261' title='bbox 1605 3038 1696 3091; x_wconf 78' lang='lat' dir='ltr'>16v</span> <span class='ocrx_word' id='word_1_262' title='bbox 1736 3036 1875 3090; x_wconf 85' lang='grc' dir='ltr'>ίδιώ-</span> 
     </span>
    </p>
   </div>
   <div class='ocr_carea' id='block_1_31' title="bbox 182 3124 1871 3199">
    <p class='ocr_par' dir='ltr' id='par_1_31' title="bbox 182 3124 1871 3199">
     <span class='ocr_line' id='line_1_31' title="bbox 182 3124 1871 3199; baseline -0.002 -16"><span class='ocrx_word' id='word_1_263' title='bbox 182 3148 307 3199; x_wconf 87' lang='grc' dir='ltr'>την,</span> <span class='ocrx_word' id='word_1_264' title='bbox 345 3130 406 3182; x_wconf 88' lang='grc' dir='ltr'>οὐ</span> <span class='ocrx_word' id='word_1_265' title='bbox 450 3127 695 3198; x_wconf 78' lang='grc' dir='ltr'>συγχέων</span> <span class='ocrx_word' id='word_1_266' title='bbox 722 3126 829 3179; x_wconf 87' lang='grc' dir='ltr'>τῶν</span> <span class='ocrx_word' id='word_1_267' title='bbox 860 3126 1204 3197; x_wconf 79' lang='grc' dir='ltr'>πραγμάτων</span> <span class='ocrx_word' id='word_1_268' title='bbox 1246 3125 1345 3197; x_wconf 81' lang='grc' dir='ltr'>τὴν</span> <span class='ocrx_word' id='word_1_269' title='bbox 1384 3124 1567 3195; x_wconf 89' lang='grc' dir='ltr'>φύσιν.</span> <span class='ocrx_word' id='word_1_270' title='bbox 1602 3126 1738 3179; x_wconf 83' lang='grc' dir='ltr'>ἀλλά</span> <span class='ocrx_word' id='word_1_271' title='bbox 1779 3125 1871 3179; x_wconf 81' lang='grc' dir='ltr'>τὸν</span> 
     </span>
    </p>
   </div>
   <div class='ocr_carea' id='block_1_32' title="bbox 173 3213 1871 3290">
    <p class='ocr_par' dir='ltr' id='par_1_32' title="bbox 173 3213 1871 3290">
     <span class='ocr_line' id='line_1_32' title="bbox 173 3213 1871 3290; baseline -0.004 -16"><span class='ocrx_word' id='word_1_272' title='bbox 173 3221 405 3290; x_wconf 75' lang='grc' dir='ltr'>ἄριστον</span> <span class='ocrx_word' id='word_1_273' title='bbox 431 3216 639 3271; x_wconf 86' lang='grc' dir='ltr'>κανόνα</span> <span class='ocrx_word' id='word_1_274' title='bbox 680 3216 915 3283; x_wconf 83' lang='grc' dir='ltr'>είσάγων</span> <span class='ocrx_word' id='word_1_275' title='bbox 954 3214 1046 3267; x_wconf 86' lang='grc' dir='ltr'>τὸν</span> <span class='ocrx_word' id='word_1_276' title='bbox 1084 3214 1262 3267; x_wconf 84' lang='grc' dir='ltr'>πάντα</span> <span class='ocrx_word' id='word_1_277' title='bbox 1308 3213 1709 3286; x_wconf 86' lang='grc' dir='ltr'>διορθούμενον.</span> <span class='ocrx_word' id='word_1_278' title='bbox 1760 3215 1871 3268; x_wconf 77' lang='grc' dir='ltr'>Καὶ</span> 
     </span>
    </p>
   </div>
   <div class='ocr_carea' id='block_1_33' title="bbox 176 3299 1868 3373">
    <p class='ocr_par' dir='ltr' id='par_1_33' title="bbox 176 3299 1868 3373">
     <span class='ocr_line' id='line_1_33' title="bbox 176 3299 1868 3373; baseline -0.004 -11"><span class='ocrx_word' id='word_1_279' title='bbox 176 3308 304 3370; x_wconf 82' lang='grc' dir='ltr'>πῶς</span> <span class='ocrx_word' id='word_1_280' title='bbox 354 3308 422 3361; x_wconf 82' lang='grc' dir='ltr'>ἀν</span> <span class='ocrx_word' id='word_1_281' title='bbox 451 3307 681 3372; x_wconf 84' lang='grc' dir='ltr'>γένοιτο,</span> <span class='ocrx_word' id='word_1_282' title='bbox 732 3303 918 3373; x_wconf 79' lang='grc' dir='ltr'>φησὶν,</span> <span class='ocrx_word' id='word_1_283' title='bbox 950 3303 981 3355; x_wconf 86' lang='lat'>6</span> <span class='ocrx_word' id='word_1_284' title='bbox 1014 3301 1154 3373; x_wconf 77' lang='grc' dir='ltr'>ἀνὴρ</span> <span class='ocrx_word' id='word_1_285' title='bbox 1198 3302 1355 3372; x_wconf 82' lang='grc' dir='ltr'>γυνὴ.</span> <span class='ocrx_word' id='word_1_286' title='bbox 1388 3299 1508 3365; x_wconf 84' lang='grc' dir='ltr'>πῶς</span> <span class='ocrx_word' id='word_1_287' title='bbox 1547 3303 1603 3356; x_wconf 83' lang='grc' dir='ltr'>δὲ</span> <span class='ocrx_word' id='word_1_288' title='bbox 1649 3302 1683 3373; x_wconf 82' lang='grc' dir='ltr'>ή</span> <span class='ocrx_word' id='word_1_289' title='bbox 1732 3303 1868 3373; x_wconf 76' lang='grc' dir='ltr'>γυνὴ</span> 
     </span>
    </p>
   </div>
   <div class='ocr_carea' id='block_1_34' title="bbox 178 3389 1867 3466">
    <p class='ocr_par' dir='ltr' id='par_1_34' title="bbox 178 3389 1867 3466">
     <span class='ocr_line' id='line_1_34' title="bbox 178 3389 1867 3466; baseline -0.004 -16"><span class='ocrx_word' id='word_1_290' title='bbox 178 3398 355 3466; x_wconf 80' lang='grc' dir='ltr'>ἀνήρ;</span> <span class='ocrx_word' id='word_1_291' title='bbox 383 3396 459 3449; x_wconf 81' lang='grc' dir='ltr'>Οὐ</span> <span class='ocrx_word' id='word_1_292' title='bbox 498 3394 597 3465; x_wconf 84' lang='grc' dir='ltr'>τῆς</span> <span class='ocrx_word' id='word_1_293' title='bbox 626 3392 843 3463; x_wconf 88' lang='grc' dir='ltr'>φύσεως</span> <span class='ocrx_word' id='word_1_294' title='bbox 878 3389 1376 3462; x_wconf 86' lang='grc' dir='ltr'>μεταϐαλλομένης,</span> <span class='ocrx_word' id='word_1_295' title='bbox 1425 3390 1561 3445; x_wconf 91' lang='grc' dir='ltr'>ἀλλά</span> <span class='ocrx_word' id='word_1_296' title='bbox 1595 3390 1697 3460; x_wconf 76' lang='grc' dir='ltr'>τῆς</span> <span class='ocrx_word' id='word_1_297' title='bbox 1730 3407 1867 3462; x_wconf 76' lang='grc' dir='ltr'>προ⁸</span> 
     </span>
    </p>
   </div>
   <div class='ocr_carea' id='block_1_35' title="bbox 172 3478 1867 3555">
    <p class='ocr_par' dir='ltr' id='par_1_35' title="bbox 172 3478 1867 3555">
     <span class='ocr_line' id='line_1_35' title="bbox 172 3478 1867 3555; baseline -0.004 -17"><span class='ocrx_word' id='word_1_298' title='bbox 172 3484 468 3555; x_wconf 78' lang='grc' dir='ltr'>αιρέσεως.</span> <span class='ocrx_word' id='word_1_299' title='bbox 492 3482 661 3536; x_wconf 86' lang='grc' dir='ltr'>Ὅταν</span> <span class='ocrx_word' id='word_1_300' title='bbox 684 3482 794 3550; x_wconf 72' lang='grc' dir='ltr'>γὰρ</span> <span class='ocrx_word' id='word_1_301' title='bbox 822 3479 916 3533; x_wconf 79' lang='grc' dir='ltr'>ἴδω</span> <span class='ocrx_word' id='word_1_302' title='bbox 954 3478 1125 3550; x_wconf 80' lang='grc' dir='ltr'>ἀνδρα</span> <span class='ocrx_word' id='word_1_303' title='bbox 1155 3478 1620 3552; x_wconf 87' lang='grc' dir='ltr'>χρυσοφοροῦντα,</span> <span class='ocrx_word' id='word_1_304' title='bbox 1655 3478 1867 3533; x_wconf 86' lang='grc' dir='ltr'>καλλω-</span> 
     </span>
    </p>
   </div>
   <div class='ocr_carea' id='block_1_36' title="bbox 176 3567 1864 3642">
    <p class='ocr_par' dir='ltr' id='par_1_36' title="bbox 176 3567 1864 3642">
     <span class='ocr_line' id='line_1_36' title="bbox 176 3567 1864 3642; baseline -0.003 -16"><span class='ocrx_word' id='word_1_305' title='bbox 176 3570 515 3642; x_wconf 79' lang='grc' dir='ltr'>πιζόμενον,</span> <span class='ocrx_word' id='word_1_306' title='bbox 566 3568 666 3633; x_wconf 88' lang='grc' dir='ltr'>τάς</span> <span class='ocrx_word' id='word_1_307' title='bbox 716 3569 892 3639; x_wconf 81' lang='grc' dir='ltr'>κόμας</span> <span class='ocrx_word' id='word_1_308' title='bbox 952 3567 1298 3633; x_wconf 78' lang='grc' dir='ltr'>διατιθέντα,</span> <span class='ocrx_word' id='word_1_309' title='bbox 1355 3568 1544 3639; x_wconf 86' lang='grc' dir='ltr'>μύρων</span> <span class='ocrx_word' id='word_1_310' title='bbox 1590 3568 1819 3622; x_wconf 78' lang='grc' dir='ltr'>πνέοντα</span> <span class='ocrx_word' id='word_1_311' title='bbox 1850 3608 1864 3631; x_wconf 93' lang='grc'>,</span> 
     </span>
    </p>
   </div>
   <div class='ocr_carea' id='block_1_37' title="bbox 122 3648 1865 3732">
    <p class='ocr_par' dir='ltr' id='par_1_37' title="bbox 122 3648 1865 3732">
     <span class='ocr_line' id='line_1_37' title="bbox 122 3648 1865 3732; baseline -0.002 -20"><span class='ocrx_word' id='word_1_312' title='bbox 122 3648 129 3652; x_wconf 53' lang='grc'><em>’</em></span> <span class='ocrx_word' id='word_1_313' title='bbox 182 3661 406 3732; x_wconf 80' lang='grc' dir='ltr'>μαλακῇ</span> <span class='ocrx_word' id='word_1_314' title='bbox 463 3657 694 3730; x_wconf 88' lang='grc' dir='ltr'>ίματίων</span> <span class='ocrx_word' id='word_1_315' title='bbox 746 3656 1007 3729; x_wconf 83' lang='grc' dir='ltr'>περιϐολῇ</span> <span class='ocrx_word' id='word_1_316' title='bbox 1072 3657 1166 3710; x_wconf 75' lang='grc' dir='ltr'>καὶ</span> <span class='ocrx_word' id='word_1_317' title='bbox 1228 3655 1436 3727; x_wconf 78' lang='grc' dir='ltr'>βαδίσει</span> <span class='ocrx_word' id='word_1_318' title='bbox 1483 3656 1865 3727; x_wconf 86' lang='grc' dir='ltr'>θηλυνόμενον,</span> 
     </span>
    </p>
   </div>
   <div class='ocr_carea' id='block_1_38' title="bbox 178 3743 1871 3822">
    <p class='ocr_par' dir='ltr' id='par_1_38' title="bbox 178 3743 1871 3822">
     <span class='ocr_line' id='line_1_38' title="bbox 178 3743 1871 3822; baseline -0.001 -20"><span class='ocrx_word' id='word_1_319' title='bbox 178 3750 363 3822; x_wconf 76' lang='grc' dir='ltr'>τρυφῇ</span> <span class='ocrx_word' id='word_1_320' title='bbox 398 3747 757 3818; x_wconf 83' lang='grc' dir='ltr'>προσέχοντα,</span> <span class='ocrx_word' id='word_1_321' title='bbox 789 3744 907 3808; x_wconf 88' lang='grc' dir='ltr'>πῶς</span> <span class='ocrx_word' id='word_1_322' title='bbox 927 3743 993 3798; x_wconf 79' lang='grc' dir='ltr'>ἀν</span> <span class='ocrx_word' id='word_1_323' title='bbox 1018 3744 1282 3815; x_wconf 82' lang='grc' dir='ltr'>δυναίμην</span> <span class='ocrx_word' id='word_1_324' title='bbox 1300 3744 1469 3817; x_wconf 80' lang='grc' dir='ltr'>ἄνδρα</span> <span class='ocrx_word' id='word_1_325' title='bbox 1498 3745 1723 3799; x_wconf 82' lang='grc' dir='ltr'>καλέσαι</span> <span class='ocrx_word' id='word_1_326' title='bbox 1754 3748 1871 3801; x_wconf 79' lang='grc' dir='ltr'>τοῦ-</span> 
     </span>
    </p>
   </div>
   <div class='ocr_carea' id='block_1_39' title="bbox 176 3831 1869 3907">
    <p class='ocr_par' dir='ltr' id='par_1_39' title="bbox 176 3831 1869 3907">
     <span class='ocr_line' id='line_1_39' title="bbox 176 3831 1869 3907; baseline -0.002 -16"><span class='ocrx_word' id='word_1_327' title='bbox 176 3855 271 3891; x_wconf 83' lang='grc' dir='ltr'>τον</span> <span class='ocrx_word' id='word_1_328' title='bbox 289 3837 381 3891; x_wconf 82' lang='grc' dir='ltr'>τὸν</span> <span class='ocrx_word' id='word_1_329' title='bbox 403 3835 501 3906; x_wconf 75' lang='grc' dir='ltr'>τὴν</span> <span class='ocrx_word' id='word_1_330' title='bbox 523 3834 801 3903; x_wconf 87' lang='grc' dir='ltr'>εὐγένειαν</span> <span class='ocrx_word' id='word_1_331' title='bbox 816 3832 917 3901; x_wconf 78' lang='grc' dir='ltr'>τῆς</span> <span class='ocrx_word' id='word_1_332' title='bbox 942 3831 1157 3901; x_wconf 83' lang='grc' dir='ltr'>φύσεως</span> <span class='ocrx_word' id='word_1_333' title='bbox 1179 3833 1575 3903; x_wconf 81' lang='grc' dir='ltr'>προδεδωκότα,</span> <span class='ocrx_word' id='word_1_334' title='bbox 1608 3835 1701 3887; x_wconf 73' lang='grc' dir='ltr'>καὶ</span> <span class='ocrx_word' id='word_1_335' title='bbox 1732 3836 1869 3907; x_wconf 81' lang='grc' dir='ltr'>πρὸς</span> 
     </span>
    </p>
   </div>
   <div class='ocr_carea' id='block_1_40' title="bbox 178 3919 1868 3994">
    <p class='ocr_par' dir='ltr' id='par_1_40' title="bbox 178 3919 1868 3994">
     <span class='ocr_line' id='line_1_40' title="bbox 178 3919 1868 3994; baseline -0.001 -16"><span class='ocrx_word' id='word_1_336' title='bbox 178 3925 243 3978; x_wconf 82' lang='lat'>16</span> <span class='ocrx_word' id='word_1_337' title='bbox 276 3922 410 3993; x_wconf 83' lang='grc' dir='ltr'>θῆλυ</span> <span class='ocrx_word' id='word_1_338' title='bbox 445 3920 960 3994; x_wconf 80' lang='grc' dir='ltr'>μεθαρμοζόμενον;</span> <span class='ocrx_word' id='word_1_339' title='bbox 1012 3920 1074 3973; x_wconf 76' lang='grc' dir='ltr'>ΕΞ</span> <span class='ocrx_word' id='word_1_340' title='bbox 1105 3919 1215 3991; x_wconf 82' lang='grc' dir='ltr'>γὰρ</span> <span class='ocrx_word' id='word_1_341' title='bbox 1244 3920 1367 3973; x_wconf 83' lang='grc' dir='ltr'>οὐδὲ</span> <span class='ocrx_word' id='word_1_342' title='bbox 1416 3925 1649 3989; x_wconf 89' lang='grc' dir='ltr'>γυναῖκα</span> <span class='ocrx_word' id='word_1_343' title='bbox 1698 3922 1868 3976; x_wconf 86' lang='grc' dir='ltr'>ταῦτα</span> 
     </span>
    </p>
   </div>
   <div class='ocr_carea' id='block_1_41' title="bbox 176 4008 1864 4081">
    <p class='ocr_par' dir='ltr' id='par_1_41' title="bbox 176 4008 1864 4081">
     <span class='ocr_line' id='line_1_41' title="bbox 176 4008 1864 4081; baseline -0.001 -14"><span class='ocrx_word' id='word_1_344' title='bbox 176 4013 445 4067; x_wconf 75' lang='grc' dir='ltr'>ποιοῦσαν</span> <span class='ocrx_word' id='word_1_345' title='bbox 490 4013 549 4064; x_wconf 91' lang='grc' dir='ltr'>ἐν</span> <span class='ocrx_word' id='word_1_346' title='bbox 579 4013 691 4075; x_wconf 86' lang='grc' dir='ltr'>τοῖς</span> <span class='ocrx_word' id='word_1_347' title='bbox 726 4010 893 4075; x_wconf 74' lang='grc' dir='ltr'>ζῶσιν</span> <span class='ocrx_word' id='word_1_348' title='bbox 936 4011 965 4063; x_wconf 91' lang='lat'>6</span> <span class='ocrx_word' id='word_1_349' title='bbox 998 4008 1215 4073; x_wconf 81' lang='grc' dir='ltr'>Παῦλος</span> <span class='ocrx_word' id='word_1_350' title='bbox 1259 4010 1513 4081; x_wconf 79' lang='grc' dir='ltr'>ἀριθμεῖν</span> <span class='ocrx_word' id='word_1_351' title='bbox 1556 4012 1658 4065; x_wconf 89' lang='grc' dir='ltr'>οὐκ</span> <span class='ocrx_word' id='word_1_352' title='bbox 1703 4013 1864 4080; x_wconf 76' lang='grc' dir='ltr'>ἀξιοῖ,</span> 
     </span>
    </p>
   </div>
   <div class='ocr_carea' id='block_1_42' title="bbox 176 4096 1868 4171">
    <p class='ocr_par' dir='ltr' id='par_1_42' title="bbox 176 4096 1868 4171">
     <span class='ocr_line' id='line_1_42' title="bbox 176 4096 1868 4171; baseline -0.001 -17"><span class='ocrx_word' id='word_1_353' title='bbox 176 4102 297 4155; x_wconf 79' lang='grc' dir='ltr'>ἀλλ’</span> <span class='ocrx_word' id='word_1_354' title='bbox 332 4099 565 4171; x_wconf 78' lang='grc' dir='ltr'>ἐξορίζει</span> <span class='ocrx_word' id='word_1_355' title='bbox 598 4097 693 4152; x_wconf 89' lang='grc' dir='ltr'>τοῦ</span> <span class='ocrx_word' id='word_1_356' title='bbox 724 4096 833 4150; x_wconf 90' lang='grc' dir='ltr'>τῶν</span> <span class='ocrx_word' id='word_1_357' title='bbox 857 4098 1205 4167; x_wconf 76' lang='grc' dir='ltr'>ἐμπνεόντων</span> <span class='ocrx_word' id='word_1_358' title='bbox 1240 4099 1423 4169; x_wconf 89' lang='grc' dir='ltr'>χοροῦ,</span> <span class='ocrx_word' id='word_1_359' title='bbox 1457 4100 1551 4152; x_wconf 76' lang='grc' dir='ltr'>καὶ</span> <span class='ocrx_word' id='word_1_360' title='bbox 1590 4098 1731 4169; x_wconf 85' lang='grc' dir='ltr'>μετά</span> <span class='ocrx_word' id='word_1_361' title='bbox 1757 4100 1868 4153; x_wconf 87' lang='grc' dir='ltr'>τῶν</span> 
     </span>
    </p>
   </div>
   <div class='ocr_carea' id='block_1_43' title="bbox 177 4182 1863 4256">
    <p class='ocr_par' dir='ltr' id='par_1_43' title="bbox 177 4182 1863 4256">
     <span class='ocr_line' id='line_1_43' title="bbox 177 4182 1863 4256; baseline -0.002 -17"><span class='ocrx_word' id='word_1_362' title='bbox 177 4184 494 4239; x_wconf 79' lang='grc' dir='ltr'>τεθνεώτων</span> <span class='ocrx_word' id='word_1_363' title='bbox 515 4186 717 4256; x_wconf 86' lang='grc' dir='ltr'>ῖστησι,</span> <span class='ocrx_word' id='word_1_364' title='bbox 739 4184 912 4253; x_wconf 83' lang='grc' dir='ltr'>λέγων</span> <span class='ocrx_word' id='word_1_365' title='bbox 932 4200 944 4213; x_wconf 90' lang='grc'><strong>·</strong></span> <span class='ocrx_word' id='word_1_366' title='bbox 965 4183 1036 4239; x_wconf 84' lang='grc' dir='ltr'><em>Ἠ</em></span> <span class='ocrx_word' id='word_1_367' title='bbox 1063 4182 1132 4237; x_wconf 81' lang='grc' dir='ltr'>δὲ</span> <span class='ocrx_word' id='word_1_368' title='bbox 1159 4182 1535 4239; x_wconf 66' lang='grc' dir='ltr'>σπαταλῶσα</span> <span class='ocrx_word' id='word_1_369' title='bbox 1558 4182 1715 4247; x_wconf 77' lang='grc' dir='ltr'>ζὶὖσα</span> <span class='ocrx_word' id='word_1_370' title='bbox 1769 4183 1863 4235; x_wconf 82' lang='grc' dir='ltr'>τέ-</span> 
     </span>
    </p>
   </div>
   <div class='ocr_carea' id='block_1_44' title="bbox 181 4271 1864 4347">
    <p class='ocr_par' dir='ltr' id='par_1_44' title="bbox 181 4271 1864 4347">
     <span class='ocr_line' id='line_1_44' title="bbox 181 4271 1864 4347; baseline 0.003 -26"><span class='ocrx_word' id='word_1_371' title='bbox 181 4273 428 4339; x_wconf 66' lang='grc' dir='ltr'>θνηκεν’</span> <span class='ocrx_word' id='word_1_372' title='bbox 446 4274 562 4341; x_wconf 85' lang='grc' dir='ltr'>πῶς</span> <span class='ocrx_word' id='word_1_373' title='bbox 584 4272 649 4326; x_wconf 84' lang='grc' dir='ltr'>ἀν</span> <span class='ocrx_word' id='word_1_374' title='bbox 682 4273 711 4325; x_wconf 87' lang='lat'>6</span> <span class='ocrx_word' id='word_1_375' title='bbox 744 4272 882 4341; x_wconf 74' lang='grc' dir='ltr'>ἀνὴρ</span> <span class='ocrx_word' id='word_1_376' title='bbox 909 4273 989 4336; x_wconf 83' lang='grc' dir='ltr'>είς</span> <span class='ocrx_word' id='word_1_377' title='bbox 1033 4271 1133 4341; x_wconf 81' lang='grc' dir='ltr'>τὴν</span> <span class='ocrx_word' id='word_1_378' title='bbox 1165 4271 1275 4324; x_wconf 87' lang='grc' dir='ltr'>τῶν</span> <span class='ocrx_word' id='word_1_379' title='bbox 1309 4271 1513 4343; x_wconf 86' lang='grc' dir='ltr'>ἀνδρῶν</span> <span class='ocrx_word' id='word_1_380' title='bbox 1559 4273 1864 4347; x_wconf 75' lang='grc' dir='ltr'>καταλεχθῇ</span> 
     </span>
    </p>
   </div>
   <div class='ocr_carea' id='block_1_45' title="bbox 172 4358 1868 4433">
    <p class='ocr_par' dir='ltr' id='par_1_45' title="bbox 172 4358 1868 4433">
     <span class='ocr_line' id='line_1_45' title="bbox 172 4358 1868 4433; baseline 0.002 -19"><span class='ocrx_word' id='word_1_381' title='bbox 172 4362 334 4426; x_wconf 81' lang='grc' dir='ltr'>τάξιν</span> <span class='ocrx_word' id='word_1_382' title='bbox 362 4359 537 4415; x_wconf 90' lang='grc' dir='ltr'>ταῦτα</span> <span class='ocrx_word' id='word_1_383' title='bbox 581 4360 771 4419; x_wconf 86' lang='grc' dir='ltr'>ποιῶν.</span> <span class='ocrx_word' id='word_1_384' title='bbox 821 4360 963 4430; x_wconf 76' lang='grc' dir='ltr'>άπερ</span> <span class='ocrx_word' id='word_1_385' title='bbox 1000 4358 1135 4429; x_wconf 77' lang='grc' dir='ltr'>γυνή</span> <span class='ocrx_word' id='word_1_386' title='bbox 1176 4361 1490 4430; x_wconf 68' lang='grc' dir='ltr'>πράττουσα</span> <span class='ocrx_word' id='word_1_387' title='bbox 1530 4361 1626 4414; x_wconf 73' lang='grc' dir='ltr'>καί</span> <span class='ocrx_word' id='word_1_388' title='bbox 1671 4361 1733 4414; x_wconf 97' lang='lat'>16</span> <span class='ocrx_word' id='word_1_389' title='bbox 1768 4360 1868 4433; x_wconf 77' lang='grc' dir='ltr'>ζῇν</span> 
     </span>
    </p>
   </div>
   <div class='ocr_carea' id='block_1_46' title="bbox 176 4447 1868 4519">
    <p class='ocr_par' dir='ltr' id='par_1_46' title="bbox 176 4447 1868 4519">
     <span class='ocr_line' id='line_1_46' title="bbox 176 4447 1868 4519; baseline -0.001 -14"><span class='ocrx_word' id='word_1_390' title='bbox 176 4449 537 4515; x_wconf 72' lang='grc' dir='ltr'>ἀπολώλεκες</span> <span class='ocrx_word' id='word_1_391' title='bbox 569 4450 673 4503; x_wconf 83' lang='grc' dir='ltr'>Τὸν</span> <span class='ocrx_word' id='word_1_392' title='bbox 721 4449 830 4519; x_wconf 76' lang='grc' dir='ltr'>γάρ</span> <span class='ocrx_word' id='word_1_393' title='bbox 857 4448 1026 4519; x_wconf 81' lang='grc' dir='ltr'>ἄνδρα</span> <span class='ocrx_word' id='word_1_394' title='bbox 1070 4447 1145 4518; x_wconf 86' lang='grc' dir='ltr'>μή</span> <span class='ocrx_word' id='word_1_395' title='bbox 1200 4464 1289 4516; x_wconf 85' lang='grc' dir='ltr'>μοι</span> <span class='ocrx_word' id='word_1_396' title='bbox 1330 4450 1440 4501; x_wconf 87' lang='lat'>6116</span> <span class='ocrx_word' id='word_1_397' title='bbox 1470 4448 1571 4519; x_wconf 84' lang='grc' dir='ltr'>τῆς</span> <span class='ocrx_word' id='word_1_398' title='bbox 1622 4449 1868 4519; x_wconf 79' lang='grc' dir='ltr'>χλανίδος</span> 
     </span>
    </p>
   </div>
   <div class='ocr_carea' id='block_1_47' title="bbox 168 4534 1867 4611">
    <p class='ocr_par' dir='ltr' id='par_1_47' title="bbox 168 4534 1867 4611">
     <span class='ocr_line' id='line_1_47' title="bbox 168 4534 1867 4611; baseline -0.001 -17"><span class='ocrx_word' id='word_1_399' title='bbox 168 4539 382 4611; x_wconf 79' lang='grc' dir='ltr'>δείξῃς,</span> <span class='ocrx_word' id='word_1_400' title='bbox 420 4537 569 4609; x_wconf 82' lang='grc' dir='ltr'>μηδὲ·</span> <span class='ocrx_word' id='word_1_401' title='bbox 589 4537 701 4591; x_wconf 79' lang='grc' dir='ltr'>ἀπὸ</span> <span class='ocrx_word' id='word_1_402' title='bbox 731 4540 830 4608; x_wconf 80' lang='grc' dir='ltr'>τῆς</span> <span class='ocrx_word' id='word_1_403' title='bbox 863 4534 1062 4606; x_wconf 82' lang='grc' dir='ltr'>ζώνης,</span> <span class='ocrx_word' id='word_1_404' title='bbox 1096 4535 1229 4607; x_wconf 82' lang='grc' dir='ltr'>μηδὲ</span> <span class='ocrx_word' id='word_1_405' title='bbox 1262 4536 1371 4591; x_wconf 78' lang='grc' dir='ltr'>ἀπὸ</span> <span class='ocrx_word' id='word_1_406' title='bbox 1392 4536 1485 4589; x_wconf 86' lang='grc' dir='ltr'>τοῦ</span> <span class='ocrx_word' id='word_1_407' title='bbox 1524 4537 1700 4591; x_wconf 81' lang='grc' dir='ltr'>σοϐεῖν</span> <span class='ocrx_word' id='word_1_408' title='bbox 1726 4539 1867 4593; x_wconf 90' lang='grc' dir='ltr'>κατά</span> 
     </span>
    </p>
   </div>
   <div class='ocr_carea' id='block_1_48' title="bbox 173 4617 1866 4697">
    <p class='ocr_par' dir='ltr' id='par_1_48' title="bbox 173 4617 1866 4697">
     <span class='ocr_line' id='line_1_48' title="bbox 173 4617 1866 4697; baseline 0.002 -18"><span class='ocrx_word' id='word_1_409' title='bbox 173 4629 279 4697; x_wconf 73' lang='grc' dir='ltr'>τὴν</span> <span class='ocrx_word' id='word_1_410' title='bbox 304 4626 482 4680; x_wconf 85' lang='grc' dir='ltr'>οίκίαν</span> <span class='ocrx_word' id='word_1_411' title='bbox 508 4624 605 4680; x_wconf 76' lang='grc' dir='ltr'>καὶ</span> <span class='ocrx_word' id='word_1_412' title='bbox 628 4624 858 4695; x_wconf 75' lang='grc' dir='ltr'>φοϐερὸν</span> <span class='ocrx_word' id='word_1_413' title='bbox 880 4618 1020 4677; x_wconf 75' lang='grc' dir='ltr'>εἶναι</span> <span class='ocrx_word' id='word_1_414' title='bbox 1052 4624 1147 4677; x_wconf 79' lang='grc' dir='ltr'>καὶ</span> <span class='ocrx_word' id='word_1_415' title='bbox 1182 4617 1445 4689; x_wconf 81' lang='grc' dir='ltr'>ἀπειλεῖν,</span> <span class='ocrx_word' id='word_1_416' title='bbox 1477 4625 1593 4679; x_wconf 81' lang='grc' dir='ltr'>ἀλλ’</span> <span class='ocrx_word' id='word_1_417' title='bbox 1626 4628 1735 4681; x_wconf 84' lang='lat'>6116</span> <span class='ocrx_word' id='word_1_418' title='bbox 1765 4628 1866 4697; x_wconf 82' lang='grc' dir='ltr'>τῆς</span> 
     </span>
    </p>
   </div>
   <div class='ocr_carea' id='block_1_49' title="bbox 173 4711 1866 4788">
    <p class='ocr_par' dir='ltr' id='par_1_49' title="bbox 173 4711 1866 4788">
     <span class='ocr_line' id='line_1_49' title="bbox 173 4711 1866 4788; baseline 0.001 -20"><span class='ocrx_word' id='word_1_419' title='bbox 173 4714 323 4769; x_wconf 79' lang='grc' dir='ltr'>κατά</span> <span class='ocrx_word' id='word_1_420' title='bbox 355 4713 594 4768; x_wconf 83' lang='grc' dir='ltr'>διάνοιαν</span> <span class='ocrx_word' id='word_1_421' title='bbox 615 4711 953 4782; x_wconf 77' lang='grc' dir='ltr'>φιλοσοφίας,</span> <span class='ocrx_word' id='word_1_422' title='bbox 975 4712 1106 4766; x_wconf 81' lang='grc' dir='ltr'>ὅταν</span> <span class='ocrx_word' id='word_1_423' title='bbox 1131 4712 1243 4765; x_wconf 84' lang='grc' dir='ltr'>τῶν</span> <span class='ocrx_word' id='word_1_424' title='bbox 1271 4712 1459 4766; x_wconf 76' lang='grc' dir='ltr'>παθῶν</span> <span class='ocrx_word' id='word_1_425' title='bbox 1480 4714 1706 4788; x_wconf 75' lang='grc' dir='ltr'>κατέχῃ,</span> <span class='ocrx_word' id='word_1_426' title='bbox 1737 4716 1866 4769; x_wconf 85' lang='grc' dir='ltr'>ὃταν</span> 
     </span>
    </p>
   </div>
   <div class='ocr_carea' id='block_1_50' title="bbox 174 4784 1865 4878">
    <p class='ocr_par' dir='ltr' id='par_1_50' title="bbox 174 4784 1865 4878">
     <span class='ocr_line' id='line_1_50' title="bbox 174 4784 1865 4878; baseline 0.011 -37"><span class='ocrx_word' id='word_1_427' title='bbox 174 4804 287 4856; x_wconf 73' lang='grc' dir='ltr'>τῶν</span> <span class='ocrx_word' id='word_1_428' title='bbox 314 4800 641 4873; x_wconf 80' lang='grc' dir='ltr'>νοσημάτων</span> <span class='ocrx_word' id='word_1_429' title='bbox 674 4801 775 4871; x_wconf 81' lang='grc' dir='ltr'>τῆς</span> <span class='ocrx_word' id='word_1_430' title='bbox 805 4798 987 4870; x_wconf 75' lang='grc' dir='ltr'>ψυχῆς</span> <span class='ocrx_word' id='word_1_431' title='bbox 1024 4800 1395 4872; x_wconf 87' lang='grc' dir='ltr'>περιγίνηται,</span> <span class='ocrx_word' id='word_1_432' title='bbox 1424 4784 1554 4856; x_wconf 54' lang='grc' dir='ltr'>δταῖρ</span> <span class='ocrx_word' id='word_1_433' title='bbox 1765 4805 1865 4875; x_wconf 78' lang='grc' dir='ltr'>τῆς</span> 
     </span>
    </p>
   </div>
   <div class='ocr_carea' id='block_1_51' title="bbox 169 4888 1863 4965">
    <p class='ocr_par' dir='ltr' id='par_1_51' title="bbox 169 4888 1863 4965">
     <span class='ocr_line' id='line_1_51' title="bbox 169 4888 1863 4965; baseline 0.002 -19"><span class='ocrx_word' id='word_1_434' title='bbox 169 4893 359 4955; x_wconf 88' lang='grc' dir='ltr'>οίκίας</span> <span class='ocrx_word' id='word_1_435' title='bbox 396 4888 563 4945; x_wconf 85' lang='grc' dir='ltr'>αὐτοῦ</span> <span class='ocrx_word' id='word_1_436' title='bbox 592 4888 693 4960; x_wconf 81' lang='grc' dir='ltr'>τῆς</span> <span class='ocrx_word' id='word_1_437' title='bbox 724 4889 894 4953; x_wconf 69' lang='grc' dir='ltr'>ἔνδον,</span> <span class='ocrx_word' id='word_1_438' title='bbox 923 4891 1025 4960; x_wconf 80' lang='grc' dir='ltr'>τῆς</span> <span class='ocrx_word' id='word_1_439' title='bbox 1062 4889 1209 4944; x_wconf 81' lang='grc' dir='ltr'>κατά</span> <span class='ocrx_word' id='word_1_440' title='bbox 1246 4890 1424 4963; x_wconf 79' lang='grc' dir='ltr'>ψυχὴν</span> <span class='ocrx_word' id='word_1_441' title='bbox 1463 4889 1628 4965; x_wconf 84' lang='grc' dir='ltr'>λέγω,</span> <span class='ocrx_word' id='word_1_442' title='bbox 1660 4893 1755 4946; x_wconf 70' lang='grc' dir='ltr'>καὶ</span> <span class='ocrx_word' id='word_1_443' title='bbox 1789 4895 1863 4963; x_wconf 83' lang='grc' dir='ltr'>μὴ</span> 
     </span>
    </p>
   </div>
   <div class='ocr_carea' id='block_1_52' title="bbox 176 4976 1865 5051">
    <p class='ocr_par' dir='ltr' id='par_1_52' title="bbox 176 4976 1865 5051">
     <span class='ocr_line' id='line_1_52' title="bbox 176 4976 1865 5051; baseline -0.001 -15"><span class='ocrx_word' id='word_1_444' title='bbox 176 4982 285 5036; x_wconf 76' lang='lat'>6116</span> <span class='ocrx_word' id='word_1_445' title='bbox 321 4979 432 5033; x_wconf 74' lang='grc' dir='ltr'>τῶν</span> <span class='ocrx_word' id='word_1_446' title='bbox 458 4979 677 5033; x_wconf 78' lang='grc' dir='ltr'>ἀτόπων</span> <span class='ocrx_word' id='word_1_447' title='bbox 699 4976 976 5050; x_wconf 84' lang='grc' dir='ltr'>λογισμῶν</span> <span class='ocrx_word' id='word_1_448' title='bbox 1004 4978 1392 5051; x_wconf 87' lang='grc' dir='ltr'>παρασύρηται</span> <span class='ocrx_word' id='word_1_449' title='bbox 1412 4996 1427 5011; x_wconf 89' lang='grc'><strong>·</strong></span> <span class='ocrx_word' id='word_1_450' title='bbox 1452 4980 1612 5035; x_wconf 88' lang='grc' dir='ltr'>τοῦτο</span> <span class='ocrx_word' id='word_1_451' title='bbox 1634 4982 1865 5051; x_wconf 87' lang='grc' dir='ltr'>μάλιστα</span> 
     </span>
    </p>
   </div>
   <div class='ocr_carea' id='block_1_53' title="bbox 174 5064 1865 5141">
    <p class='ocr_par' dir='ltr' id='par_1_53' title="bbox 174 5064 1865 5141">
     <span class='ocr_line' id='line_1_53' title="bbox 174 5064 1865 5141; baseline -0.007 -18"><span class='ocrx_word' id='word_1_452' title='bbox 174 5067 342 5139; x_wconf 69' lang='grc' dir='ltr'>ἀνὴρ.</span> <span class='ocrx_word' id='word_1_453' title='bbox 366 5068 465 5121; x_wconf 75' lang='grc' dir='ltr'>’Δν</span> <span class='ocrx_word' id='word_1_454' title='bbox 492 5065 550 5121; x_wconf 70' lang='lat'>66</span> <span class='ocrx_word' id='word_1_455' title='bbox 579 5064 719 5137; x_wconf 77' lang='grc' dir='ltr'>μέθῃ</span> <span class='ocrx_word' id='word_1_456' title='bbox 745 5066 841 5119; x_wconf 66' lang='grc' dir='ltr'>καί⁵</span> <span class='ocrx_word' id='word_1_457' title='bbox 866 5066 1150 5140; x_wconf 74' lang='grc' dir='ltr'>κραιπάλῃ</span> <span class='ocrx_word' id='word_1_458' title='bbox 1179 5066 1446 5139; x_wconf 78' lang='grc' dir='ltr'>προσέχῃ,</span> <span class='ocrx_word' id='word_1_459' title='bbox 1473 5067 1569 5122; x_wconf 80' lang='grc' dir='ltr'>καὶ</span> <span class='ocrx_word' id='word_1_460' title='bbox 1600 5066 1703 5140; x_wconf 76' lang='grc' dir='ltr'>τὴν</span> <span class='ocrx_word' id='word_1_461' title='bbox 1728 5070 1865 5141; x_wconf 62' lang='grc' dir='ltr'>ἠμί-</span> 
     </span>
    </p>
   </div>
   <div class='ocr_carea' id='block_1_54' title="bbox 174 5153 1861 5229">
    <p class='ocr_par' dir='ltr' id='par_1_54' title="bbox 174 5153 1861 5229">
     <span class='ocr_line' id='line_1_54' title="bbox 174 5153 1861 5229; baseline 0.001 -20"><span class='ocrx_word' id='word_1_462' title='bbox 174 5173 285 5229; x_wconf 78' lang='grc' dir='ltr'>ραν</span> <span class='ocrx_word' id='word_1_463' title='bbox 329 5156 545 5226; x_wconf 77' lang='grc' dir='ltr'>δαπανᾷ</span> <span class='ocrx_word' id='word_1_464' title='bbox 600 5155 695 5209; x_wconf 80' lang='grc' dir='ltr'>καὶ</span> <span class='ocrx_word' id='word_1_465' title='bbox 730 5153 996 5225; x_wconf 80' lang='grc' dir='ltr'>ἀναλίσκῃ</span> <span class='ocrx_word' id='word_1_466' title='bbox 1042 5155 1124 5219; x_wconf 83' lang='grc' dir='ltr'>είς</span> <span class='ocrx_word' id='word_1_467' title='bbox 1162 5154 1383 5226; x_wconf 84' lang='grc' dir='ltr'>κώμους</span> <span class='ocrx_word' id='word_1_468' title='bbox 1418 5156 1511 5210; x_wconf 73' lang='grc' dir='ltr'>καὶ</span> <span class='ocrx_word' id='word_1_469' title='bbox 1554 5157 1861 5227; x_wconf 87' lang='grc' dir='ltr'>παροινίας.</span> 
     </span>
    </p>
   </div>
   <div class='ocr_carea' id='block_1_55' title="bbox 175 5242 1864 5317">
    <p class='ocr_par' dir='ltr' id='par_1_55' title="bbox 175 5242 1864 5317">
     <span class='ocr_line' id='line_1_55' title="bbox 175 5242 1864 5317; baseline 0 -17"><span class='ocrx_word' id='word_1_470' title='bbox 175 5242 356 5317; x_wconf 79' lang='grc' dir='ltr'>κηροῦ</span> <span class='ocrx_word' id='word_1_471' title='bbox 396 5243 599 5307; x_wconf 78' lang='grc' dir='ltr'>παντὸς</span> <span class='ocrx_word' id='word_1_472' title='bbox 643 5242 1034 5314; x_wconf 86' lang='grc' dir='ltr'>μαλακώτερος</span> <span class='ocrx_word' id='word_1_473' title='bbox 1066 5244 1172 5299; x_wconf 75' lang='grc' dir='ltr'>ὑπὸ</span> <span class='ocrx_word' id='word_1_474' title='bbox 1204 5242 1299 5298; x_wconf 88' lang='grc' dir='ltr'>τοῦ</span> <span class='ocrx_word' id='word_1_475' title='bbox 1325 5243 1531 5311; x_wconf 71' lang='grc' dir='ltr'>πάθους</span> <span class='ocrx_word' id='word_1_476' title='bbox 1558 5247 1864 5317; x_wconf 81' lang='grc' dir='ltr'>γινόμενος,</span> 
     </span>
    </p>
   </div>
   <div class='ocr_carea' id='block_1_56' title="bbox 177 5329 1867 5405">
    <p class='ocr_par' dir='ltr' id='par_1_56' title="bbox 177 5329 1867 5405">
     <span class='ocr_line' id='line_1_56' title="bbox 177 5329 1867 5405; baseline 0.003 -20"><span class='ocrx_word' id='word_1_477' title='bbox 177 5333 301 5397; x_wconf 78' lang='grc' dir='ltr'>πῶς</span> <span class='ocrx_word' id='word_1_478' title='bbox 328 5332 630 5403; x_wconf 85' lang='grc' dir='ltr'>δυνήσομαι</span> <span class='ocrx_word' id='word_1_479' title='bbox 652 5332 744 5385; x_wconf 80' lang='lat' dir='ltr'>16v</span> <span class='ocrx_word' id='word_1_480' title='bbox 771 5329 1014 5386; x_wconf 91' lang='grc' dir='ltr'>τοιοῦτον</span> <span class='ocrx_word' id='word_1_481' title='bbox 1036 5332 1206 5403; x_wconf 68' lang='grc' dir='ltr'>ἄνδρα</span> <span class='ocrx_word' id='word_1_482' title='bbox 1230 5330 1435 5396; x_wconf 79' lang='grc' dir='ltr'>καλεῖν,</span> <span class='ocrx_word' id='word_1_483' title='bbox 1465 5333 1559 5387; x_wconf 84' lang='lat' dir='ltr'>16v</span> <span class='ocrx_word' id='word_1_484' title='bbox 1586 5336 1867 5405; x_wconf 87' lang='grc' dir='ltr'>αἰχμάλω-</span> 
     </span>
    </p>
   </div>
   <div class='ocr_carea' id='block_1_57' title="bbox 177 5418 1867 5493">
    <p class='ocr_par' dir='ltr' id='par_1_57' title="bbox 177 5418 1867 5493">
     <span class='ocr_line' id='line_1_57' title="bbox 177 5418 1867 5493; baseline 0.002 -17"><span class='ocrx_word' id='word_1_485' title='bbox 177 5439 293 5486; x_wconf 90' lang='grc' dir='ltr'>τον,</span> <span class='ocrx_word' id='word_1_486' title='bbox 323 5422 415 5475; x_wconf 82' lang='grc' dir='ltr'>τὸν</span> <span class='ocrx_word' id='word_1_487' title='bbox 452 5418 637 5475; x_wconf 86' lang='grc' dir='ltr'>δοῦλον</span> <span class='ocrx_word' id='word_1_488' title='bbox 675 5418 768 5473; x_wconf 85' lang='lat' dir='ltr'>16v</span> <span class='ocrx_word' id='word_1_489' title='bbox 808 5418 1217 5493; x_wconf 81' lang='grc' dir='ltr'>ἀργυρώνητον,</span> <span class='ocrx_word' id='word_1_490' title='bbox 1252 5421 1344 5475; x_wconf 85' lang='lat' dir='ltr'>16v</span> <span class='ocrx_word' id='word_1_491' title='bbox 1380 5424 1546 5475; x_wconf 74' lang='grc' dir='ltr'>πᾶσιν</span> <span class='ocrx_word' id='word_1_492' title='bbox 1597 5422 1867 5479; x_wconf 70' lang='grc' dir='ltr'>ἐνδιδόντα</span> 
     </span>
    </p>
   </div>
   <div class='ocr_carea' id='block_1_58' title="bbox 176 5507 1867 5582">
    <p class='ocr_par' dir='ltr' id='par_1_58' title="bbox 176 5507 1867 5582">
     <span class='ocr_line' id='line_1_58' title="bbox 176 5507 1867 5582; baseline -0.001 -18"><span class='ocrx_word' id='word_1_493' title='bbox 176 5513 294 5574; x_wconf 89' lang='grc' dir='ltr'>τοῖς</span> <span class='ocrx_word' id='word_1_494' title='bbox 323 5509 545 5573; x_wconf 84' lang='grc' dir='ltr'>πάθεσι,</span> <span class='ocrx_word' id='word_1_495' title='bbox 570 5508 661 5561; x_wconf 83' lang='lat' dir='ltr'>16v</span> <span class='ocrx_word' id='word_1_496' title='bbox 690 5507 1134 5579; x_wconf 85' lang='grc' dir='ltr'>κατακλώμενον,</span> <span class='ocrx_word' id='word_1_497' title='bbox 1162 5510 1256 5563; x_wconf 85' lang='grc' dir='ltr'>τὸν</span> <span class='ocrx_word' id='word_1_498' title='bbox 1287 5509 1744 5582; x_wconf 81' lang='grc' dir='ltr'>μαλακιζόμενον,</span> <span class='ocrx_word' id='word_1_499' title='bbox 1775 5511 1867 5565; x_wconf 83' lang='grc' dir='ltr'>τὸν</span> 
     </span>
    </p>
   </div>
   <div class='ocr_carea' id='block_1_59' title="bbox 175 5596 1867 5669">
    <p class='ocr_par' dir='ltr' id='par_1_59' title="bbox 175 5596 1867 5669">
     <span class='ocr_line' id='line_1_59' title="bbox 175 5596 1867 5669; baseline 0.001 -18"><span class='ocrx_word' id='word_1_500' title='bbox 175 5597 575 5669; x_wconf 82' lang='grc' dir='ltr'>θρυπτόμενον,</span> <span class='ocrx_word' id='word_1_501' title='bbox 611 5596 703 5650; x_wconf 86' lang='lat' dir='ltr'>16v</span> <span class='ocrx_word' id='word_1_502' title='bbox 734 5596 841 5650; x_wconf 78' lang='grc' dir='ltr'>ὐπὸ</span> <span class='ocrx_word' id='word_1_503' title='bbox 863 5596 1080 5651; x_wconf 85' lang='grc' dir='ltr'>πάντων</span> <span class='ocrx_word' id='word_1_504' title='bbox 1105 5597 1601 5667; x_wconf 81' lang='grc' dir='ltr'>καταϐαλλόμενον,</span> <span class='ocrx_word' id='word_1_505' title='bbox 1622 5600 1713 5652; x_wconf 80' lang='grc' dir='ltr'>τὸν</span> <span class='ocrx_word' id='word_1_506' title='bbox 1744 5598 1867 5653; x_wconf 83' lang='grc' dir='ltr'>οὐδέ</span> 
     </span>
    </p>
   </div>
   <div class='ocr_carea' id='block_1_60' title="bbox 178 5684 1862 5759">
    <p class='ocr_par' dir='ltr' id='par_1_60' title="bbox 178 5684 1862 5759">
     <span class='ocr_line' id='line_1_60' title="bbox 178 5684 1862 5759; baseline 0.003 -19"><span class='ocrx_word' id='word_1_507' title='bbox 178 5688 373 5759; x_wconf 80' lang='grc' dir='ltr'>στῆναι</span> <span class='ocrx_word' id='word_1_508' title='bbox 394 5687 487 5739; x_wconf 69' lang='grc' dir='ltr'>επὶ</span> <span class='ocrx_word' id='word_1_509' title='bbox 516 5685 614 5755; x_wconf 83' lang='grc' dir='ltr'>τῆς</span> <span class='ocrx_word' id='word_1_510' title='bbox 643 5684 1003 5757; x_wconf 80' lang='grc' dir='ltr'>παρατάξεως</span> <span class='ocrx_word' id='word_1_511' title='bbox 1040 5685 1373 5756; x_wconf 78' lang='grc' dir='ltr'>δυνάμενονς</span> <span class='ocrx_word' id='word_1_512' title='bbox 1410 5688 1481 5741; x_wconf 84' lang='grc' dir='ltr'><strong>Ἢ</strong></span> <span class='ocrx_word' id='word_1_513' title='bbox 1507 5688 1609 5741; x_wconf 87' lang='grc' dir='ltr'>οὐκ</span> <span class='ocrx_word' id='word_1_514' title='bbox 1640 5688 1752 5743; x_wconf 86' lang='grc' dir='ltr'>ῐστε</span> <span class='ocrx_word' id='word_1_515' title='bbox 1782 5690 1862 5745; x_wconf 79' lang='grc' dir='ltr'>ὅτι</span> 
     </span>
    </p>
   </div>
   <div class='ocr_carea' id='block_1_61' title="bbox 176 5766 1869 5848">
    <p class='ocr_par' dir='ltr' id='par_1_61' title="bbox 176 5766 1869 5848">
     <span class='ocr_line' id='line_1_61' title="bbox 176 5766 1869 5848; baseline 0.002 -18"><span class='ocrx_word' id='word_1_516' title='bbox 176 5777 241 5831; x_wconf 85' lang='grc' dir='ltr'>οὐ</span> <span class='ocrx_word' id='word_1_517' title='bbox 286 5776 423 5846; x_wconf 79' lang='grc' dir='ltr'>πρὸς</span> <span class='ocrx_word' id='word_1_518' title='bbox 454 5772 777 5845; x_wconf 72' lang='grc' dir='ltr'>ἀνθρώπους</span> <span class='ocrx_word' id='word_1_519' title='bbox 810 5773 943 5845; x_wconf 76' lang='grc' dir='ltr'>ἡμῖν</span> <span class='ocrx_word' id='word_1_520' title='bbox 969 5776 1251 5845; x_wconf 80' lang='grc' dir='ltr'>ὁμογενεῖς</span> <span class='ocrx_word' id='word_1_521' title='bbox 1283 5776 1434 5828; x_wconf 73' lang='grc' dir='ltr'>ἐστιν</span> <span class='ocrx_word' id='word_1_522' title='bbox 1455 5778 1485 5829; x_wconf 89' lang='lat'>6</span> <span class='ocrx_word' id='word_1_523' title='bbox 1510 5777 1745 5848; x_wconf 88' lang='grc' dir='ltr'>πόλεμος</span> <span class='ocrx_word' id='word_1_524' title='bbox 1770 5766 1869 5833; x_wconf 68' lang='grc' dir='ltr'>καί</span> 
     </span>
    </p>
   </div>
   <div class='ocr_carea' id='block_1_62' title="bbox 175 5862 1867 5937">
    <p class='ocr_par' dir='ltr' id='par_1_62' title="bbox 175 5862 1867 5937">
     <span class='ocr_line' id='line_1_62' title="bbox 175 5862 1867 5937; baseline 0 -18"><span class='ocrx_word' id='word_1_525' title='bbox 175 5872 213 5937; x_wconf 76' lang='grc' dir='ltr'>ἠ</span> <span class='ocrx_word' id='word_1_526' title='bbox 248 5863 577 5936; x_wconf 79' lang='grc' dir='ltr'>παράταξις,</span> <span class='ocrx_word' id='word_1_527' title='bbox 604 5863 742 5919; x_wconf 84' lang='grc' dir='ltr'>ἀλλά</span> <span class='ocrx_word' id='word_1_528' title='bbox 770 5864 907 5935; x_wconf 82' lang='grc' dir='ltr'>πρὸς</span> <span class='ocrx_word' id='word_1_529' title='bbox 948 5862 1048 5928; x_wconf 88' lang='grc' dir='ltr'>τάς</span> <span class='ocrx_word' id='word_1_530' title='bbox 1087 5864 1358 5937; x_wconf 83' lang='grc' dir='ltr'>ἀοράτους</span> <span class='ocrx_word' id='word_1_531' title='bbox 1402 5864 1687 5934; x_wconf 85' lang='grc' dir='ltr'>δυνάμεις,</span> <span class='ocrx_word' id='word_1_532' title='bbox 1731 5866 1867 5937; x_wconf 82' lang='grc' dir='ltr'>πρὸς</span> 
     </span>
    </p>
   </div>
   <div class='ocr_carea' id='block_1_63' title="bbox 176 5952 1863 6026">
    <p class='ocr_par' dir='ltr' id='par_1_63' title="bbox 176 5952 1863 6026">
     <span class='ocr_line' id='line_1_63' title="bbox 176 5952 1863 6026; baseline 0 -17"><span class='ocrx_word' id='word_1_533' title='bbox 176 5956 281 6018; x_wconf 80' lang='grc' dir='ltr'>τάς</span> <span class='ocrx_word' id='word_1_534' title='bbox 316 5953 425 6008; x_wconf 88' lang='grc' dir='ltr'>τῶν</span> <span class='ocrx_word' id='word_1_535' title='bbox 457 5953 727 6024; x_wconf 87' lang='grc' dir='ltr'>δαιμόνων</span> <span class='ocrx_word' id='word_1_536' title='bbox 754 5952 1059 6023; x_wconf 82' lang='grc' dir='ltr'>φάλαγγας,</span> <span class='ocrx_word' id='word_1_537' title='bbox 1100 5952 1244 6008; x_wconf 82' lang='grc' dir='ltr'>κατὰ</span> <span class='ocrx_word' id='word_1_538' title='bbox 1283 5953 1378 6007; x_wconf 81' lang='grc' dir='ltr'>τὸν</span> <span class='ocrx_word' id='word_1_539' title='bbox 1406 5954 1678 6026; x_wconf 82' lang='grc' dir='ltr'>μακάριον</span> <span class='ocrx_word' id='word_1_540' title='bbox 1713 5954 1863 6009; x_wconf 85' lang='grc' dir='ltr'>Παῦ-</span> 
     </span>
    </p>
   </div>
   <div class='ocr_carea' id='block_1_64' title="bbox 178 6038 1860 6113">
    <p class='ocr_par' dir='ltr' id='par_1_64' title="bbox 178 6038 1860 6113">
     <span class='ocr_line' id='line_1_64' title="bbox 178 6038 1860 6113; baseline 0.001 -15"><span class='ocrx_word' id='word_1_541' title='bbox 178 6047 272 6098; x_wconf 80' lang='grc' dir='ltr'>λον</span> <span class='ocrx_word' id='word_1_542' title='bbox 296 6060 311 6074; x_wconf 79' lang='grc' dir='ltr'><strong>ο</strong></span> <span class='ocrx_word' id='word_1_543' title='bbox 350 6044 474 6096; x_wconf 81' lang='grc' dir='ltr'>Οὐκ</span> <span class='ocrx_word' id='word_1_544' title='bbox 511 6043 686 6097; x_wconf 73' lang='grc' dir='ltr'>ἐστιν</span> <span class='ocrx_word' id='word_1_545' title='bbox 712 6040 859 6111; x_wconf 77' lang='grc' dir='ltr'>ἡμῖν</span> <span class='ocrx_word' id='word_1_546' title='bbox 886 6043 925 6111; x_wconf 75' lang='grc' dir='ltr'><strong><em>ἠ</em></strong></span> <span class='ocrx_word' id='word_1_547' title='bbox 963 6040 1127 6108; x_wconf 75' lang='grc' dir='ltr'>πάλη</span> <span class='ocrx_word' id='word_1_548' title='bbox 1163 6042 1313 6110; x_wconf 71' lang='grc' dir='ltr'>πρὸς</span> <span class='ocrx_word' id='word_1_549' title='bbox 1339 6038 1486 6112; x_wconf 76' lang='grc' dir='ltr'>αἷμα</span> <span class='ocrx_word' id='word_1_550' title='bbox 1509 6043 1609 6097; x_wconf 76' lang='grc' dir='ltr'>καί</span> <span class='ocrx_word' id='word_1_551' title='bbox 1644 6042 1860 6113; x_wconf 80' lang='grc' dir='ltr'>σάρκα,</span> 
     </span>
    </p>
   </div>
   <div class='ocr_carea' id='block_1_65' title="bbox 179 6128 1545 6201">
    <p class='ocr_par' dir='ltr' id='par_1_65' title="bbox 179 6128 1545 6201">
     <span class='ocr_line' id='line_1_65' title="bbox 179 6128 1545 6201; baseline -0.019 6"><span class='ocrx_word' id='word_1_552' title='bbox 179 6133 343 6189; x_wconf 63' lang='grc' dir='ltr'>ἀλλά</span> <span class='ocrx_word' id='word_1_553' title='bbox 368 6130 519 6201; x_wconf 71' lang='grc' dir='ltr'>πρὸς</span> <span class='ocrx_word' id='word_1_554' title='bbox 539 6130 645 6197; x_wconf 69' lang='grc' dir='ltr'><em>τὰς</em></span> <span class='ocrx_word' id='word_1_555' title='bbox 672 6128 883 6199; x_wconf 71' lang='grc' dir='ltr'>ἀρχὰς,</span> <span class='ocrx_word' id='word_1_556' title='bbox 915 6130 1079 6199; x_wconf 71' lang='grc' dir='ltr'>πρὸς.</span> <span class='ocrx_word' id='word_1_557' title='bbox 1097 6130 1204 6197; x_wconf 79' lang='grc' dir='ltr'>τὰς</span> <span class='ocrx_word' id='word_1_558' title='bbox 1231 6130 1545 6199; x_wconf 55' lang='grc' dir='ltr'>ἐξουσίας</span> 
     </span>
    </p>
   </div>
   <div class='ocr_carea' id='block_1_66' title="bbox 1115 446 2652 527">
    <p class='ocr_par' dir='ltr' id='par_1_66' title="bbox 1115 446 2652 527">
     <span class='ocr_line' id='line_1_66' title="bbox 1115 446 2652 527; baseline 0.002 -24"><span class='ocrx_word' id='word_1_559' title='bbox 1115 449 1158 503; x_wconf 70' lang='lat' dir='ltr'>V</span> <span class='ocrx_word' id='word_1_560' title='bbox 1195 447 1499 527; x_wconf 76' lang='grc' dir='ltr'>ΙΙΟΜΙμΑ,</span> <span class='ocrx_word' id='word_1_561' title='bbox 1535 450 1625 508; x_wconf 78' lang='lat' dir='ltr'><strong>DE</strong></span> <span class='ocrx_word' id='word_1_562' title='bbox 1667 448 1921 509; x_wconf 78' lang='lat' dir='ltr'>STUDIO</span> <span class='ocrx_word' id='word_1_563' title='bbox 1962 446 2453 514; x_wconf 64' lang='lat' dir='ltr'>PRESENTIUM,</span> <span class='ocrx_word' id='word_1_564' title='bbox 2497 448 2652 506; x_wconf 80' lang='lat' dir='ltr'>ETC.</span> 
     </span>
    </p>
   </div>
   <div class='ocr_carea' id='block_1_67' title="bbox 3574 448 3676 506">
    <p class='ocr_par' dir='ltr' id='par_1_67' title="bbox 3574 448 3676 506">
     <span class='ocr_line' id='line_1_67' title="bbox 3574 448 3676 506; baseline 0 -2"><span class='ocrx_word' id='word_1_565' title='bbox 3574 448 3676 506; x_wconf 73' lang='lat'>688</span> 
     </span>
    </p>
   </div>
   <div class='ocr_carea' id='block_1_68' title="bbox 2062 564 3673 641">
    <p class='ocr_par' dir='ltr' id='par_1_68' title="bbox 2062 564 3673 641">
     <span class='ocr_line' id='line_1_68' title="bbox 2062 564 3673 641; baseline 0.004 -23"><span class='ocrx_word' id='word_1_566' title='bbox 2062 571 2132 630; x_wconf 86' lang='grc' dir='ltr'>γ’.</span> <span class='ocrx_word' id='word_1_567' title='bbox 2160 564 2331 619; x_wconf 86' lang='grc' dir='ltr'>Τοῦτο</span> <span class='ocrx_word' id='word_1_568' title='bbox 2355 566 2463 636; x_wconf 84' lang='grc' dir='ltr'>γάρ</span> <span class='ocrx_word' id='word_1_569' title='bbox 2485 566 2719 637; x_wconf 83' lang='grc' dir='ltr'>μάλιστα</span> <span class='ocrx_word' id='word_1_570' title='bbox 2746 565 2955 635; x_wconf 84' lang='grc' dir='ltr'>ἀνδρός.</span> <span class='ocrx_word' id='word_1_571' title='bbox 2982 564 3046 619; x_wconf 83' lang='grc' dir='ltr'>Ὀ</span> <span class='ocrx_word' id='word_1_572' title='bbox 3080 565 3257 620; x_wconf 80' lang='grc' dir='ltr'>τοίνυν</span> <span class='ocrx_word' id='word_1_573' title='bbox 3278 566 3673 641; x_wconf 71' lang='grc' dir='ltr'>ὼραῖξόμενος.</span> 
     </span>
    </p>
   </div>
   <div class='ocr_carea' id='block_1_69' title="bbox 1984 651 3676 726">
    <p class='ocr_par' dir='ltr' id='par_1_69' title="bbox 1984 651 3676 726">
     <span class='ocr_line' id='line_1_69' title="bbox 1984 651 3676 726; baseline 0.002 -20"><span class='ocrx_word' id='word_1_574' title='bbox 1984 651 2099 706; x_wconf 81' lang='grc' dir='ltr'>ἀλλ’</span> <span class='ocrx_word' id='word_1_575' title='bbox 2124 654 2183 706; x_wconf 81' lang='grc' dir='ltr'>οὐ</span> <span class='ocrx_word' id='word_1_576' title='bbox 2216 655 2644 726; x_wconf 83' lang='grc' dir='ltr'>νεανιευόμενος,</span> <span class='ocrx_word' id='word_1_577' title='bbox 2681 656 2709 707; x_wconf 88' lang='grc' dir='ltr'>ό</span> <span class='ocrx_word' id='word_1_578' title='bbox 2756 651 3256 725; x_wconf 76' lang='grc' dir='ltr'>καλλωπιζόμενος,</span> <span class='ocrx_word' id='word_1_579' title='bbox 3289 655 3403 709; x_wconf 84' lang='grc' dir='ltr'>ἀλλ’</span> <span class='ocrx_word' id='word_1_580' title='bbox 3437 657 3541 711; x_wconf 84' lang='grc' dir='ltr'>οὐκ</span> <span class='ocrx_word' id='word_1_581' title='bbox 3580 661 3676 712; x_wconf 78' lang='grc' dir='ltr'>άνο</span> 
     </span>
    </p>
   </div>
   <div class='ocr_carea' id='block_1_70' title="bbox 1982 738 3677 814">
    <p class='ocr_par' dir='ltr' id='par_1_70' title="bbox 1982 738 3677 814">
     <span class='ocr_line' id='line_1_70' title="bbox 1982 738 3677 814; baseline 0.004 -22"><span class='ocrx_word' id='word_1_582' title='bbox 1982 738 2319 811; x_wconf 74' lang='grc' dir='ltr'>δριζόμενος,</span> <span class='ocrx_word' id='word_1_583' title='bbox 2346 741 2465 805; x_wconf 86' lang='grc' dir='ltr'>πῶς</span> <span class='ocrx_word' id='word_1_584' title='bbox 2504 742 2570 795; x_wconf 87' lang='grc' dir='ltr'>ἀν</span> <span class='ocrx_word' id='word_1_585' title='bbox 2594 742 2687 793; x_wconf 68' lang='grc' dir='ltr'>ἐπὶ</span> <span class='ocrx_word' id='word_1_586' title='bbox 2715 742 2814 811; x_wconf 77' lang='grc' dir='ltr'>τῆς</span> <span class='ocrx_word' id='word_1_587' title='bbox 2839 741 3202 813; x_wconf 80' lang='grc' dir='ltr'>παρατάξεως</span> <span class='ocrx_word' id='word_1_588' title='bbox 3236 745 3368 814; x_wconf 75' lang='grc' dir='ltr'>στῇς</span> <span class='ocrx_word' id='word_1_589' title='bbox 3398 743 3432 814; x_wconf 75' lang='grc' dir='ltr'><strong>ἦ</strong></span> <span class='ocrx_word' id='word_1_590' title='bbox 3469 744 3587 809; x_wconf 88' lang='grc' dir='ltr'>πῶς</span> <span class='ocrx_word' id='word_1_591' title='bbox 3609 747 3677 799; x_wconf 85' lang='grc' dir='ltr'>ἂν</span> 
     </span>
    </p>
   </div>
   <div class='ocr_carea' id='block_1_71' title="bbox 1982 828 3674 903">
    <p class='ocr_par' dir='ltr' id='par_1_71' title="bbox 1982 828 3674 903">
     <span class='ocr_line' id='line_1_71' title="bbox 1982 828 3674 903; baseline 0.004 -23"><span class='ocrx_word' id='word_1_592' title='bbox 1982 828 2124 900; x_wconf 80' lang='grc' dir='ltr'>ἀνὴρ</span> <span class='ocrx_word' id='word_1_593' title='bbox 2160 828 2411 899; x_wconf 82' lang='grc' dir='ltr'>κληθείη.</span> <span class='ocrx_word' id='word_1_594' title='bbox 2440 829 2700 899; x_wconf 77' lang='grc' dir='ltr'>γυναικὸς</span> <span class='ocrx_word' id='word_1_595' title='bbox 2740 832 2922 900; x_wconf 86' lang='grc' dir='ltr'>πάσης</span> <span class='ocrx_word' id='word_1_596' title='bbox 2965 829 3357 902; x_wconf 86' lang='grc' dir='ltr'>μαλακώτερον</span> <span class='ocrx_word' id='word_1_597' title='bbox 3392 832 3674 903; x_wconf 84' lang='grc' dir='ltr'>διακείμε-</span> 
     </span>
    </p>
   </div>
   <div class='ocr_carea' id='block_1_72' title="bbox 1981 915 3673 989">
    <p class='ocr_par' dir='ltr' id='par_1_72' title="bbox 1981 915 3673 989">
     <span class='ocr_line' id='line_1_72' title="bbox 1981 915 3673 989; baseline 0.002 -21"><span class='ocrx_word' id='word_1_598' title='bbox 1981 932 2101 980; x_wconf 87' lang='grc' dir='ltr'>νος;</span> <span class='ocrx_word' id='word_1_599' title='bbox 2152 916 2309 970; x_wconf 82' lang='grc' dir='ltr'>Κατὰ</span> <span class='ocrx_word' id='word_1_600' title='bbox 2341 915 2405 986; x_wconf 85' lang='grc' dir='ltr'>δὴ</span> <span class='ocrx_word' id='word_1_601' title='bbox 2444 917 2539 969; x_wconf 81' lang='grc' dir='ltr'>τὸν</span> <span class='ocrx_word' id='word_1_602' title='bbox 2578 916 2741 970; x_wconf 69' lang='grc' dir='ltr'>αὐτὸν</span> <span class='ocrx_word' id='word_1_603' title='bbox 2768 917 2991 989; x_wconf 83' lang='grc' dir='ltr'>τρόπον,</span> <span class='ocrx_word' id='word_1_604' title='bbox 3037 915 3228 988; x_wconf 80' lang='grc' dir='ltr'>ὥσπερ</span> <span class='ocrx_word' id='word_1_605' title='bbox 3264 917 3454 972; x_wconf 86' lang='grc' dir='ltr'>τοῦτον</span> <span class='ocrx_word' id='word_1_606' title='bbox 3480 920 3581 973; x_wconf 86' lang='grc' dir='ltr'>οὐκ</span> <span class='ocrx_word' id='word_1_607' title='bbox 3607 919 3673 972; x_wconf 79' lang='grc' dir='ltr'>ἀν</span> 
     </span>
    </p>
   </div>
   <div class='ocr_carea' id='block_1_73' title="bbox 1982 1004 3677 1076">
    <p class='ocr_par' dir='ltr' id='par_1_73' title="bbox 1982 1004 3677 1076">
     <span class='ocr_line' id='line_1_73' title="bbox 1982 1004 3677 1076; baseline 0.004 -21"><span class='ocrx_word' id='word_1_608' title='bbox 1982 1004 2275 1075; x_wconf 85' lang='grc' dir='ltr'>καλέσαιμι</span> <span class='ocrx_word' id='word_1_609' title='bbox 2307 1004 2497 1075; x_wconf 82' lang='grc' dir='ltr'>ἀνδρα,</span> <span class='ocrx_word' id='word_1_610' title='bbox 2525 1004 2660 1058; x_wconf 85' lang='grc' dir='ltr'>ἀλλά</span> <span class='ocrx_word' id='word_1_611' title='bbox 2688 1006 2949 1072; x_wconf 78' lang='grc' dir='ltr'>γυναικὸς</span> <span class='ocrx_word' id='word_1_612' title='bbox 2979 1004 3389 1076; x_wconf 87' lang='grc' dir='ltr'>μαλακώτερον,</span> <span class='ocrx_word' id='word_1_613' title='bbox 3412 1006 3555 1061; x_wconf 77' lang='grc' dir='ltr'>οὕτω</span> <span class='ocrx_word' id='word_1_614' title='bbox 3581 1006 3677 1060; x_wconf 74' lang='grc' dir='ltr'>καὶ¹</span> 
     </span>
    </p>
   </div>
   <div class='ocr_carea' id='block_1_74' title="bbox 1979 1091 3673 1165">
    <p class='ocr_par' dir='ltr' id='par_1_74' title="bbox 1979 1091 3673 1165">
     <span class='ocr_line' id='line_1_74' title="bbox 1979 1091 3673 1165; baseline 0.002 -22"><span class='ocrx_word' id='word_1_615' title='bbox 1979 1107 2079 1162; x_wconf 88' lang='grc' dir='ltr'>την</span> <span class='ocrx_word' id='word_1_616' title='bbox 2113 1094 2347 1159; x_wconf 89' lang='grc' dir='ltr'>γυναῖκα</span> <span class='ocrx_word' id='word_1_617' title='bbox 2373 1093 2473 1163; x_wconf 76' lang='grc' dir='ltr'>τὴν</span> <span class='ocrx_word' id='word_1_618' title='bbox 2503 1092 2898 1163; x_wconf 76' lang='grc' dir='ltr'>ἀνδριζομὲνην</span> <span class='ocrx_word' id='word_1_619' title='bbox 2932 1091 3127 1164; x_wconf 80' lang='grc' dir='ltr'>ἀνδρὸς</span> <span class='ocrx_word' id='word_1_620' title='bbox 3154 1092 3353 1156; x_wconf 71' lang='grc' dir='ltr'>παντὸς</span> <span class='ocrx_word' id='word_1_621' title='bbox 3383 1094 3673 1165; x_wconf 69' lang='grc' dir='ltr'>στερροτέ-</span> 
     </span>
    </p>
   </div>
   <div class='ocr_carea' id='block_1_75' title="bbox 1983 1179 3672 1253">
    <p class='ocr_par' dir='ltr' id='par_1_75' title="bbox 1983 1179 3672 1253">
     <span class='ocr_line' id='line_1_75' title="bbox 1983 1179 3672 1253; baseline 0.002 -22"><span class='ocrx_word' id='word_1_622' title='bbox 1983 1196 2104 1251; x_wconf 84' lang='grc' dir='ltr'>ραν,</span> <span class='ocrx_word' id='word_1_623' title='bbox 2140 1179 2207 1233; x_wconf 86' lang='grc' dir='ltr'>ἂν</span> <span class='ocrx_word' id='word_1_624' title='bbox 2234 1181 2301 1233; x_wconf 82' lang='grc' dir='ltr'>τά</span> <span class='ocrx_word' id='word_1_625' title='bbox 2324 1181 2465 1235; x_wconf 85' lang='grc' dir='ltr'>ὅπλα</span> <span class='ocrx_word' id='word_1_626' title='bbox 2495 1182 2792 1253; x_wconf 81' lang='grc' dir='ltr'>ἁρπάσασα</span> <span class='ocrx_word' id='word_1_627' title='bbox 2822 1181 2889 1234; x_wconf 82' lang='grc' dir='ltr'>τά</span> <span class='ocrx_word' id='word_1_628' title='bbox 2920 1182 3288 1251; x_wconf 86' lang='grc' dir='ltr'>πνευματικά,</span> <span class='ocrx_word' id='word_1_629' title='bbox 3320 1180 3416 1234; x_wconf 73' lang='grc' dir='ltr'>καὶ</span> <span class='ocrx_word' id='word_1_630' title='bbox 3443 1182 3535 1235; x_wconf 78' lang='grc' dir='ltr'>τὸν</span> <span class='ocrx_word' id='word_1_631' title='bbox 3566 1180 3672 1235; x_wconf 87' lang='grc' dir='ltr'>θώ-</span> 
     </span>
    </p>
   </div>
   <div class='ocr_carea' id='block_1_76' title="bbox 1983 1268 3674 1343">
    <p class='ocr_par' dir='ltr' id='par_1_76' title="bbox 1983 1268 3674 1343">
     <span class='ocr_line' id='line_1_76' title="bbox 1983 1268 3674 1343; baseline 0.002 -22"><span class='ocrx_word' id='word_1_632' title='bbox 1983 1285 2125 1339; x_wconf 85' lang='grc' dir='ltr'>ρακα</span> <span class='ocrx_word' id='word_1_633' title='bbox 2152 1270 2490 1341; x_wconf 82' lang='grc' dir='ltr'>ὲνδυσαμένη</span> <span class='ocrx_word' id='word_1_634' title='bbox 2515 1270 2617 1340; x_wconf 80' lang='grc' dir='ltr'>τῆς</span> <span class='ocrx_word' id='word_1_635' title='bbox 2641 1268 3007 1339; x_wconf 79' lang='grc' dir='ltr'>δικαιοσύνης,</span> <span class='ocrx_word' id='word_1_636' title='bbox 3053 1270 3147 1323; x_wconf 59' lang='grc' dir='ltr'>καί⁵</span> <span class='ocrx_word' id='word_1_637' title='bbox 3178 1269 3239 1323; x_wconf 89' lang='lat'>16</span> <span class='ocrx_word' id='word_1_638' title='bbox 3274 1270 3477 1343; x_wconf 80' lang='grc' dir='ltr'>κράνος</span> <span class='ocrx_word' id='word_1_639' title='bbox 3520 1287 3674 1342; x_wconf 86' lang='grc' dir='ltr'>περι-</span> 
     </span>
    </p>
   </div>
   <div class='ocr_carea' id='block_1_77' title="bbox 1980 1354 3675 1430">
    <p class='ocr_par' dir='ltr' id='par_1_77' title="bbox 1980 1354 3675 1430">
     <span class='ocr_line' id='line_1_77' title="bbox 1980 1354 3675 1430; baseline 0.004 -23"><span class='ocrx_word' id='word_1_640' title='bbox 1980 1354 2183 1427; x_wconf 87' lang='grc' dir='ltr'>θεμένη</span> <span class='ocrx_word' id='word_1_641' title='bbox 2229 1358 2324 1411; x_wconf 84' lang='grc' dir='ltr'>τοῦ</span> <span class='ocrx_word' id='word_1_642' title='bbox 2386 1358 2679 1429; x_wconf 79' lang='grc' dir='ltr'>σωτηρίου,</span> <span class='ocrx_word' id='word_1_643' title='bbox 2735 1358 2827 1411; x_wconf 75' lang='grc' dir='ltr'>καὶ</span> <span class='ocrx_word' id='word_1_644' title='bbox 2872 1357 2970 1428; x_wconf 77' lang='grc' dir='ltr'>τὴν</span> <span class='ocrx_word' id='word_1_645' title='bbox 3002 1356 3205 1411; x_wconf 85' lang='grc' dir='ltr'>ἀσπίδα</span> <span class='ocrx_word' id='word_1_646' title='bbox 3254 1356 3675 1430; x_wconf 67' lang='grc' dir='ltr'>προϐαλλομένη</span> 
     </span>
    </p>
   </div>
   <div class='ocr_carea' id='block_1_78' title="bbox 1977 1445 3672 1518">
    <p class='ocr_par' dir='ltr' id='par_1_78' title="bbox 1977 1445 3672 1518">
     <span class='ocr_line' id='line_1_78' title="bbox 1977 1445 3672 1518; baseline 0.002 -21"><span class='ocrx_word' id='word_1_647' title='bbox 1977 1446 2077 1517; x_wconf 79' lang='grc' dir='ltr'>τῆς</span> <span class='ocrx_word' id='word_1_648' title='bbox 2120 1447 2375 1511; x_wconf 88' lang='grc' dir='ltr'>πίστεως,</span> <span class='ocrx_word' id='word_1_649' title='bbox 2424 1449 2519 1500; x_wconf 71' lang='grc' dir='ltr'>καὶ</span> <span class='ocrx_word' id='word_1_650' title='bbox 2566 1446 2666 1518; x_wconf 76' lang='grc' dir='ltr'>τὴν</span> <span class='ocrx_word' id='word_1_651' title='bbox 2707 1445 2883 1515; x_wconf 83' lang='grc' dir='ltr'>ζώνην</span> <span class='ocrx_word' id='word_1_652' title='bbox 2917 1446 3211 1517; x_wconf 77' lang='grc' dir='ltr'>ζωσαμένη</span> <span class='ocrx_word' id='word_1_653' title='bbox 3249 1445 3353 1516; x_wconf 83' lang='grc' dir='ltr'>τῆς</span> <span class='ocrx_word' id='word_1_654' title='bbox 3390 1446 3672 1518; x_wconf 86' lang='grc' dir='ltr'>ἀληθείας,</span> 
     </span>
    </p>
   </div>
   <div class='ocr_carea' id='block_1_79' title="bbox 1978 1533 3673 1606">
    <p class='ocr_par' dir='ltr' id='par_1_79' title="bbox 1978 1533 3673 1606">
     <span class='ocr_line' id='line_1_79' title="bbox 1978 1533 3673 1606; baseline -0.001 -18"><span class='ocrx_word' id='word_1_655' title='bbox 1978 1536 2074 1588; x_wconf 77' lang='grc' dir='ltr'>καὶ</span> <span class='ocrx_word' id='word_1_656' title='bbox 2100 1533 2200 1606; x_wconf 80' lang='grc' dir='ltr'>τὴν</span> <span class='ocrx_word' id='word_1_657' title='bbox 2234 1535 2513 1605; x_wconf 86' lang='grc' dir='ltr'>μάχαιραν</span> <span class='ocrx_word' id='word_1_658' title='bbox 2540 1533 2897 1605; x_wconf 75' lang='grc' dir='ltr'>λαμϐάνουσα</span> <span class='ocrx_word' id='word_1_659' title='bbox 2942 1534 3037 1587; x_wconf 88' lang='grc' dir='ltr'>τοῦ</span> <span class='ocrx_word' id='word_1_660' title='bbox 3070 1534 3404 1604; x_wconf 89' lang='grc' dir='ltr'>πνεύματος,</span> <span class='ocrx_word' id='word_1_661' title='bbox 3448 1536 3543 1589; x_wconf 75' lang='grc' dir='ltr'>ἐπὶ</span> <span class='ocrx_word' id='word_1_662' title='bbox 3574 1536 3673 1606; x_wconf 75' lang='grc' dir='ltr'>τῆς</span> 
     </span>
    </p>
   </div>
   <div class='ocr_carea' id='block_1_80' title="bbox 1979 1621 3675 1695">
    <p class='ocr_par' dir='ltr' id='par_1_80' title="bbox 1979 1621 3675 1695">
     <span class='ocr_line' id='line_1_80' title="bbox 1979 1621 3675 1695; baseline 0 -19"><span class='ocrx_word' id='word_1_663' title='bbox 1979 1623 2343 1693; x_wconf 80' lang='grc' dir='ltr'>παρατάξεως</span> <span class='ocrx_word' id='word_1_664' title='bbox 2371 1626 2469 1693; x_wconf 76' lang='grc' dir='ltr'>στῇ</span> <span class='ocrx_word' id='word_1_665' title='bbox 2511 1622 2807 1692; x_wconf 85' lang='grc' dir='ltr'>λάμπουσα</span> <span class='ocrx_word' id='word_1_666' title='bbox 2840 1621 2949 1675; x_wconf 82' lang='lat'>61:6</span> <span class='ocrx_word' id='word_1_667' title='bbox 2983 1621 3092 1674; x_wconf 88' lang='grc' dir='ltr'>τῶν</span> <span class='ocrx_word' id='word_1_668' title='bbox 3128 1622 3328 1689; x_wconf 85' lang='grc' dir='ltr'>ὃπλων,</span> <span class='ocrx_word' id='word_1_669' title='bbox 3364 1622 3675 1695; x_wconf 72' lang='grc' dir='ltr'>ὑψηλοτέρα</span> 
     </span>
    </p>
   </div>
   <div class='ocr_carea' id='block_1_81' title="bbox 1977 1709 3674 1782">
    <p class='ocr_par' dir='ltr' id='par_1_81' title="bbox 1977 1709 3674 1782">
     <span class='ocr_line' id='line_1_81' title="bbox 1977 1709 3674 1782; baseline 0 -18"><span class='ocrx_word' id='word_1_670' title='bbox 1977 1711 2085 1764; x_wconf 89' lang='grc' dir='ltr'>τῶν</span> <span class='ocrx_word' id='word_1_671' title='bbox 2112 1710 2360 1782; x_wconf 75' lang='grc' dir='ltr'>οὐρανῶν</span> <span class='ocrx_word' id='word_1_672' title='bbox 2394 1710 2502 1763; x_wconf 74' lang='grc' dir='ltr'>ἀπὸ</span> <span class='ocrx_word' id='word_1_673' title='bbox 2531 1710 2626 1763; x_wconf 79' lang='grc' dir='ltr'>τοῦ</span> <span class='ocrx_word' id='word_1_674' title='bbox 2667 1710 3017 1780; x_wconf 85' lang='grc' dir='ltr'>φρονήματος</span> <span class='ocrx_word' id='word_1_675' title='bbox 3055 1709 3340 1779; x_wconf 81' lang='grc' dir='ltr'>γινομένη,</span> <span class='ocrx_word' id='word_1_676' title='bbox 3378 1709 3674 1764; x_wconf 61' lang='grc' dir='ltr'>διαλύοδσα</span> 
     </span>
    </p>
   </div>
   <div class='ocr_carea' id='block_1_82' title="bbox 1974 1796 3671 1870">
    <p class='ocr_par' dir='ltr' id='par_1_82' title="bbox 1974 1796 3671 1870">
     <span class='ocr_line' id='line_1_82' title="bbox 1974 1796 3671 1870; baseline -0.001 -17"><span class='ocrx_word' id='word_1_677' title='bbox 1974 1799 2084 1853; x_wconf 86' lang='grc' dir='ltr'>τῶν</span> <span class='ocrx_word' id='word_1_678' title='bbox 2121 1800 2393 1870; x_wconf 87' lang='grc' dir='ltr'>δαιμόνων</span> <span class='ocrx_word' id='word_1_679' title='bbox 2424 1798 2524 1862; x_wconf 85' lang='grc' dir='ltr'>τὰς</span> <span class='ocrx_word' id='word_1_680' title='bbox 2570 1797 2882 1868; x_wconf 82' lang='grc' dir='ltr'>φάλαγγας,</span> <span class='ocrx_word' id='word_1_681' title='bbox 2924 1796 3266 1869; x_wconf 86' lang='grc' dir='ltr'>καθαιροῦσα</span> <span class='ocrx_word' id='word_1_682' title='bbox 3295 1799 3390 1852; x_wconf 87' lang='grc' dir='ltr'>τοῦ</span> <span class='ocrx_word' id='word_1_683' title='bbox 3422 1798 3671 1853; x_wconf 83' lang='grc' dir='ltr'>διαϐόλου</span> 
     </span>
    </p>
   </div>
   <div class='ocr_carea' id='block_1_83' title="bbox 1974 1885 3675 1959">
    <p class='ocr_par' dir='ltr' id='par_1_83' title="bbox 1974 1885 3675 1959">
     <span class='ocr_line' id='line_1_83' title="bbox 1974 1885 3675 1959; baseline 0.001 -19"><span class='ocrx_word' id='word_1_684' title='bbox 1974 1888 2074 1958; x_wconf 78' lang='grc' dir='ltr'>τὴν</span> <span class='ocrx_word' id='word_1_685' title='bbox 2113 1886 2427 1959; x_wconf 69' lang='grc' dir='ltr'>τυραννίδα,</span> <span class='ocrx_word' id='word_1_686' title='bbox 2458 1885 2871 1940; x_wconf 88' lang='grc' dir='ltr'>κατακεντοῦσα</span> <span class='ocrx_word' id='word_1_687' title='bbox 2899 1886 2968 1940; x_wconf 88' lang='grc' dir='ltr'>τά</span> <span class='ocrx_word' id='word_1_688' title='bbox 2993 1885 3165 1956; x_wconf 88' lang='grc' dir='ltr'>πάθη,</span> <span class='ocrx_word' id='word_1_689' title='bbox 3208 1885 3479 1955; x_wconf 77' lang='grc' dir='ltr'>πτώματα</span> <span class='ocrx_word' id='word_1_690' title='bbox 3506 1889 3675 1959; x_wconf 63' lang='grc' dir='ltr'>ἐργατ</span> 
     </span>
    </p>
   </div>
   <div class='ocr_carea' id='block_1_84' title="bbox 1976 1974 3673 2046">
    <p class='ocr_par' dir='ltr' id='par_1_84' title="bbox 1976 1974 3673 2046">
     <span class='ocr_line' id='line_1_84' title="bbox 1976 1974 3673 2046; baseline -0.001 -17"><span class='ocrx_word' id='word_1_691' title='bbox 1976 1974 2178 2046; x_wconf 77' lang='grc' dir='ltr'>ζομένη</span> <span class='ocrx_word' id='word_1_692' title='bbox 2213 1974 2322 2029; x_wconf 89' lang='grc' dir='ltr'>τῶν</span> <span class='ocrx_word' id='word_1_693' title='bbox 2365 1978 2423 2029; x_wconf 84' lang='grc' dir='ltr'>ἐν</span> <span class='ocrx_word' id='word_1_694' title='bbox 2459 1978 2575 2038; x_wconf 87' lang='grc' dir='ltr'>τοῖς</span> <span class='ocrx_word' id='word_1_695' title='bbox 2614 1974 2874 2046; x_wconf 83' lang='grc' dir='ltr'>πολέμοις</span> <span class='ocrx_word' id='word_1_696' title='bbox 2931 1975 3266 2045; x_wconf 88' lang='grc' dir='ltr'>πυκνότερα,</span> <span class='ocrx_word' id='word_1_697' title='bbox 3314 1976 3416 2028; x_wconf 84' lang='grc' dir='ltr'>οὐκ</span> <span class='ocrx_word' id='word_1_698' title='bbox 3462 1974 3673 2045; x_wconf 77' lang='grc' dir='ltr'>ἀνθρώ-</span> 
     </span>
    </p>
   </div>
   <div class='ocr_carea' id='block_1_85' title="bbox 1975 2060 3670 2133">
    <p class='ocr_par' dir='ltr' id='par_1_85' title="bbox 1975 2060 3670 2133">
     <span class='ocr_line' id='line_1_85' title="bbox 1975 2060 3670 2133; baseline -0.002 -17"><span class='ocrx_word' id='word_1_699' title='bbox 1975 2080 2115 2129; x_wconf 91' lang='grc' dir='ltr'>πων,</span> <span class='ocrx_word' id='word_1_700' title='bbox 2136 2062 2275 2117; x_wconf 88' lang='grc' dir='ltr'>ἀλλά</span> <span class='ocrx_word' id='word_1_701' title='bbox 2300 2061 2577 2132; x_wconf 84' lang='grc' dir='ltr'>λογισμῶν</span> <span class='ocrx_word' id='word_1_702' title='bbox 2601 2062 2840 2115; x_wconf 82' lang='grc' dir='ltr'>ἀτόπων.</span> <span class='ocrx_word' id='word_1_703' title='bbox 2873 2060 3015 2133; x_wconf 83' lang='grc' dir='ltr'>Γυνὴ</span> <span class='ocrx_word' id='word_1_704' title='bbox 3049 2060 3159 2133; x_wconf 86' lang='grc' dir='ltr'>γὰρ</span> <span class='ocrx_word' id='word_1_705' title='bbox 3192 2060 3285 2115; x_wconf 75' lang='grc' dir='ltr'>καὶ</span> <span class='ocrx_word' id='word_1_706' title='bbox 3308 2060 3450 2132; x_wconf 74' lang='grc' dir='ltr'>ἀνὴρ</span> <span class='ocrx_word' id='word_1_707' title='bbox 3478 2063 3536 2117; x_wconf 79' lang='grc' dir='ltr'>ὲν</span> <span class='ocrx_word' id='word_1_708' title='bbox 3570 2061 3670 2129; x_wconf 81' lang='grc' dir='ltr'>μὲν</span> 
     </span>
    </p>
   </div>
   <div class='ocr_carea' id='block_1_86' title="bbox 1975 2148 3670 2222">
    <p class='ocr_par' dir='ltr' id='par_1_86' title="bbox 1975 2148 3670 2222">
     <span class='ocr_line' id='line_1_86' title="bbox 1975 2148 3670 2222; baseline -0.002 -18"><span class='ocrx_word' id='word_1_709' title='bbox 1975 2154 2088 2215; x_wconf 87' lang='grc' dir='ltr'>τοῖς</span> <span class='ocrx_word' id='word_1_710' title='bbox 2122 2151 2455 2222; x_wconf 84' lang='grc' dir='ltr'>σωματικοῖς</span> <span class='ocrx_word' id='word_1_711' title='bbox 2489 2151 2594 2203; x_wconf 84' lang='grc' dir='ltr'>είσι</span> <span class='ocrx_word' id='word_1_712' title='bbox 2630 2148 2971 2221; x_wconf 81' lang='grc' dir='ltr'>διηρῃμένοι,</span> <span class='ocrx_word' id='word_1_713' title='bbox 3009 2148 3104 2202; x_wconf 69' lang='grc' dir='ltr'>καὶ</span> <span class='ocrx_word' id='word_1_714' title='bbox 3134 2152 3200 2221; x_wconf 74' lang='grc' dir='ltr'>τῇ</span> <span class='ocrx_word' id='word_1_715' title='bbox 3240 2149 3339 2220; x_wconf 83' lang='grc' dir='ltr'>μέν</span> <span class='ocrx_word' id='word_1_716' title='bbox 3377 2149 3526 2211; x_wconf 83' lang='grc' dir='ltr'>ίστδς</span> <span class='ocrx_word' id='word_1_717' title='bbox 3574 2150 3670 2201; x_wconf 72' lang='grc' dir='ltr'>καὶ</span> 
     </span>
    </p>
   </div>
   <div class='ocr_carea' id='block_1_87' title="bbox 1974 2235 3673 2310">
    <p class='ocr_par' dir='ltr' id='par_1_87' title="bbox 1974 2235 3673 2310">
     <span class='ocr_line' id='line_1_87' title="bbox 1974 2235 3673 2310; baseline 0 -19"><span class='ocrx_word' id='word_1_718' title='bbox 1974 2239 2225 2310; x_wconf 73' lang='grc' dir='ltr'>ἠλακάτη</span> <span class='ocrx_word' id='word_1_719' title='bbox 2260 2238 2355 2293; x_wconf 72' lang='grc' dir='ltr'>καὶ</span> <span class='ocrx_word' id='word_1_720' title='bbox 2392 2237 2723 2301; x_wconf 85' lang='grc' dir='ltr'>καλαθίσκος</span> <span class='ocrx_word' id='word_1_721' title='bbox 2747 2239 2842 2292; x_wconf 75' lang='grc' dir='ltr'>καὶ</span> <span class='ocrx_word' id='word_1_722' title='bbox 2881 2237 2941 2292; x_wconf 88' lang='lat'>16</span> <span class='ocrx_word' id='word_1_723' title='bbox 2968 2239 3241 2309; x_wconf 78' lang='grc' dir='ltr'>οἰκουρεῖν</span> <span class='ocrx_word' id='word_1_724' title='bbox 3274 2235 3427 2310; x_wconf 82' lang='grc'>[551]</span> <span class='ocrx_word' id='word_1_725' title='bbox 3462 2236 3673 2292; x_wconf 70' lang='lat' dir='ltr'>x6106-</span> 
     </span>
    </p>
   </div>
   <div class='ocr_carea' id='block_1_88' title="bbox 1973 2324 3679 2399">
    <p class='ocr_par' dir='ltr' id='par_1_88' title="bbox 1973 2324 3679 2399">
     <span class='ocr_line' id='line_1_88' title="bbox 1973 2324 3679 2399; baseline 0.001 -18"><span class='ocrx_word' id='word_1_726' title='bbox 1973 2327 2309 2397; x_wconf 87' lang='grc' dir='ltr'>λαμεύεσθαι</span> <span class='ocrx_word' id='word_1_727' title='bbox 2339 2327 2433 2381; x_wconf 73' lang='grc' dir='ltr'>καὶ</span> <span class='ocrx_word' id='word_1_728' title='bbox 2459 2325 2843 2397; x_wconf 70' lang='grc' dir='ltr'>παιδοτροφεῖν</span> <span class='ocrx_word' id='word_1_729' title='bbox 2879 2324 3214 2399; x_wconf 79' lang='grc' dir='ltr'>ἀφώρισται,</span> <span class='ocrx_word' id='word_1_730' title='bbox 3250 2326 3407 2399; x_wconf 80' lang='grc' dir='ltr'>ἀνδρὶ</span> <span class='ocrx_word' id='word_1_731' title='bbox 3436 2325 3493 2380; x_wconf 83' lang='grc' dir='ltr'>δὲ</span> <span class='ocrx_word' id='word_1_732' title='bbox 3519 2324 3679 2382; x_wconf 77' lang='grc' dir='ltr'>δικα-</span> 
     </span>
    </p>
   </div>
   <div class='ocr_carea' id='block_1_89' title="bbox 1975 2413 3670 2489">
    <p class='ocr_par' dir='ltr' id='par_1_89' title="bbox 1975 2413 3670 2489">
     <span class='ocr_line' id='line_1_89' title="bbox 1975 2413 3670 2489; baseline -0.001 -18"><span class='ocrx_word' id='word_1_733' title='bbox 1975 2418 2174 2488; x_wconf 87' lang='grc' dir='ltr'>στήρια</span> <span class='ocrx_word' id='word_1_734' title='bbox 2225 2417 2319 2471; x_wconf 75' lang='grc' dir='ltr'>καὶ</span> <span class='ocrx_word' id='word_1_735' title='bbox 2371 2414 2735 2489; x_wconf 85' lang='grc' dir='ltr'>βουλευτήρια</span> <span class='ocrx_word' id='word_1_736' title='bbox 2781 2415 2874 2468; x_wconf 75' lang='grc' dir='ltr'>καὶ</span> <span class='ocrx_word' id='word_1_737' title='bbox 2922 2414 3121 2487; x_wconf 79' lang='grc' dir='ltr'>ἀγορά,</span> <span class='ocrx_word' id='word_1_738' title='bbox 3158 2414 3253 2468; x_wconf 59' lang='grc' dir='ltr'>καὶ¹</span> <span class='ocrx_word' id='word_1_739' title='bbox 3296 2413 3526 2486; x_wconf 80' lang='grc' dir='ltr'>πόλεμοι</span> <span class='ocrx_word' id='word_1_740' title='bbox 3574 2416 3670 2469; x_wconf 76' lang='grc' dir='ltr'>καὶ</span> 
     </span>
    </p>
   </div>
   <div class='ocr_carea' id='block_1_90' title="bbox 1976 2502 3668 2577">
    <p class='ocr_par' dir='ltr' id='par_1_90' title="bbox 1976 2502 3668 2577">
     <span class='ocr_line' id='line_1_90' title="bbox 1976 2502 3668 2577; baseline -0.008 -13"><span class='ocrx_word' id='word_1_741' title='bbox 1976 2506 2147 2577; x_wconf 80' lang='grc' dir='ltr'>μάχαι</span> <span class='ocrx_word' id='word_1_742' title='bbox 2180 2505 2274 2560; x_wconf 78' lang='grc' dir='ltr'>καὶ</span> <span class='ocrx_word' id='word_1_743' title='bbox 2321 2504 2657 2575; x_wconf 75' lang='grc' dir='ltr'>παρατάξεις</span> <span class='ocrx_word' id='word_1_744' title='bbox 2681 2521 2694 2535; x_wconf 90' lang='grc'>·</span> <span class='ocrx_word' id='word_1_745' title='bbox 2738 2503 2833 2556; x_wconf 72' lang='grc' dir='ltr'>ἐπὶ</span> <span class='ocrx_word' id='word_1_746' title='bbox 2878 2502 2939 2557; x_wconf 84' lang='grc' dir='ltr'>δέ</span> <span class='ocrx_word' id='word_1_747' title='bbox 2984 2503 3093 2557; x_wconf 78' lang='grc' dir='ltr'>τῶν</span> <span class='ocrx_word' id='word_1_748' title='bbox 3131 2503 3529 2575; x_wconf 85' lang='grc' dir='ltr'>παλαισμάτων</span> <span class='ocrx_word' id='word_1_749' title='bbox 3568 2504 3668 2574; x_wconf 76' lang='grc' dir='ltr'>τῆς</span> 
     </span>
    </p>
   </div>
   <div class='ocr_carea' id='block_1_91' title="bbox 1973 2591 3667 2664">
    <p class='ocr_par' dir='ltr' id='par_1_91' title="bbox 1973 2591 3667 2664">
     <span class='ocr_line' id='line_1_91' title="bbox 1973 2591 3667 2664; baseline -0.002 -16"><span class='ocrx_word' id='word_1_750' title='bbox 1973 2592 2254 2655; x_wconf 81' lang='grc' dir='ltr'>εὐσεϐείας</span> <span class='ocrx_word' id='word_1_751' title='bbox 2304 2592 2481 2646; x_wconf 81' lang='grc' dir='ltr'>κοινὸν</span> <span class='ocrx_word' id='word_1_752' title='bbox 2532 2592 2595 2646; x_wconf 88' lang='lat'>16</span> <span class='ocrx_word' id='word_1_753' title='bbox 2647 2591 2882 2656; x_wconf 88' lang='grc' dir='ltr'>στάδιον,</span> <span class='ocrx_word' id='word_1_754' title='bbox 2945 2592 3100 2646; x_wconf 87' lang='grc' dir='ltr'>κοινά</span> <span class='ocrx_word' id='word_1_755' title='bbox 3150 2594 3221 2646; x_wconf 88' lang='grc' dir='ltr'>τά</span> <span class='ocrx_word' id='word_1_756' title='bbox 3273 2591 3667 2664; x_wconf 55' lang='lat'>11616616616-</span> 
     </span>
    </p>
   </div>
   <div class='ocr_carea' id='block_1_92' title="bbox 1972 2678 3670 2752">
    <p class='ocr_par' dir='ltr' id='par_1_92' title="bbox 1972 2678 3670 2752">
     <span class='ocr_line' id='line_1_92' title="bbox 1972 2678 3670 2752; baseline -0.001 -17"><span class='ocrx_word' id='word_1_757' title='bbox 1972 2682 2174 2752; x_wconf 76' lang='grc' dir='ltr'>ὁμοίως</span> <span class='ocrx_word' id='word_1_758' title='bbox 2220 2682 2316 2735; x_wconf 71' lang='grc' dir='ltr'>καὶ</span> <span class='ocrx_word' id='word_1_759' title='bbox 2367 2682 2629 2748; x_wconf 85' lang='grc' dir='ltr'>γυναῖκες</span> <span class='ocrx_word' id='word_1_760' title='bbox 2660 2678 3011 2745; x_wconf 85' lang='grc' dir='ltr'>ἁποδύονται,</span> <span class='ocrx_word' id='word_1_761' title='bbox 3044 2681 3138 2734; x_wconf 74' lang='grc' dir='ltr'>καὶ</span> <span class='ocrx_word' id='word_1_762' title='bbox 3182 2682 3283 2735; x_wconf 88' lang='grc' dir='ltr'>οὐκ</span> <span class='ocrx_word' id='word_1_763' title='bbox 3312 2681 3670 2737; x_wconf 85' lang='grc' dir='ltr'>ὲκϐάλλονται</span> 
     </span>
    </p>
   </div>
   <div class='ocr_carea' id='block_1_93' title="bbox 1970 2755 3669 2838">
    <p class='ocr_par' dir='ltr' id='par_1_93' title="bbox 1970 2755 3669 2838">
     <span class='ocr_line' id='line_1_93' title="bbox 1970 2755 3669 2838; baseline 0.001 -18"><span class='ocrx_word' id='word_1_764' title='bbox 1970 2768 2067 2822; x_wconf 89' lang='grc' dir='ltr'>τοῦ</span> <span class='ocrx_word' id='word_1_765' title='bbox 2094 2755 2327 2837; x_wconf 83' lang='grc' dir='ltr'>ἀγῶνος,</span> <span class='ocrx_word' id='word_1_766' title='bbox 2359 2766 2495 2821; x_wconf 90' lang='grc' dir='ltr'>ἀλλά</span> <span class='ocrx_word' id='word_1_767' title='bbox 2530 2767 2629 2821; x_wconf 78' lang='grc' dir='ltr'>καὶ</span> <span class='ocrx_word' id='word_1_768' title='bbox 2658 2767 3106 2837; x_wconf 87' lang='grc' dir='ltr'>παρατάσσονται</span> <span class='ocrx_word' id='word_1_769' title='bbox 3147 2768 3242 2821; x_wconf 75' lang='grc' dir='ltr'>καὶ</span> <span class='ocrx_word' id='word_1_770' title='bbox 3273 2766 3669 2838; x_wconf 87' lang='grc' dir='ltr'>στεφανοῦνται</span> 
     </span>
    </p>
   </div>
   <div class='ocr_carea' id='block_1_94' title="bbox 1973 2855 3669 2929">
    <p class='ocr_par' dir='ltr' id='par_1_94' title="bbox 1973 2855 3669 2929">
     <span class='ocr_line' id='line_1_94' title="bbox 1973 2855 3669 2929; baseline -0.001 -18"><span class='ocrx_word' id='word_1_771' title='bbox 1973 2858 2066 2911; x_wconf 77' lang='grc' dir='ltr'>καὶ</span> <span class='ocrx_word' id='word_1_772' title='bbox 2095 2856 2540 2929; x_wconf 88' lang='grc' dir='ltr'>ἀναγορεύονται.</span> <span class='ocrx_word' id='word_1_773' title='bbox 2583 2856 2679 2909; x_wconf 74' lang='grc' dir='ltr'>καὶ</span> <span class='ocrx_word' id='word_1_774' title='bbox 2713 2855 2997 2926; x_wconf 79' lang='grc' dir='ltr'>ἀριστείας</span> <span class='ocrx_word' id='word_1_775' title='bbox 3043 2856 3265 2927; x_wconf 88' lang='grc' dir='ltr'>ἐχουσιν</span> <span class='ocrx_word' id='word_1_776' title='bbox 3316 2856 3530 2912; x_wconf 75' lang='grc' dir='ltr'>ἔπαθλα</span> <span class='ocrx_word' id='word_1_777' title='bbox 3574 2858 3669 2910; x_wconf 75' lang='grc' dir='ltr'>καὶ</span> 
     </span>
    </p>
   </div>
   <div class='ocr_carea' id='block_1_95' title="bbox 1973 2943 3669 3017">
    <p class='ocr_par' dir='ltr' id='par_1_95' title="bbox 1973 2943 3669 3017">
     <span class='ocr_line' id='line_1_95' title="bbox 1973 2943 3669 3017; baseline -0.001 -18"><span class='ocrx_word' id='word_1_778' title='bbox 1973 2945 2203 3017; x_wconf 77' lang='grc' dir='ltr'>βραδεῖα</span> <span class='ocrx_word' id='word_1_779' title='bbox 2246 2945 2341 2998; x_wconf 76' lang='grc' dir='ltr'>καὶ</span> <span class='ocrx_word' id='word_1_780' title='bbox 2396 2945 2716 3013; x_wconf 82' lang='grc' dir='ltr'>στεφάνους,</span> <span class='ocrx_word' id='word_1_781' title='bbox 2762 2943 2855 2998; x_wconf 70' lang='grc' dir='ltr'>καὶ</span> <span class='ocrx_word' id='word_1_782' title='bbox 2883 2944 3124 3016; x_wconf 86' lang='grc' dir='ltr'>τρόπαια</span> <span class='ocrx_word' id='word_1_783' title='bbox 3163 2944 3219 2999; x_wconf 71' lang='grc' dir='ltr'>δὶ</span> <span class='ocrx_word' id='word_1_784' title='bbox 3256 2946 3389 3017; x_wconf 76' lang='grc' dir='ltr'>παρ’</span> <span class='ocrx_word' id='word_1_785' title='bbox 3430 2945 3669 3009; x_wconf 85' lang='grc' dir='ltr'>ἐκείνα.ς</span> 
     </span>
    </p>
   </div>
   <div class='ocr_carea' id='block_1_96' title="bbox 1971 3029 3269 3101">
    <p class='ocr_par' dir='ltr' id='par_1_96' title="bbox 1971 3029 3269 3101">
     <span class='ocr_line' id='line_1_96' title="bbox 1971 3029 3269 3101; baseline -0.002 -18"><span class='ocrx_word' id='word_1_786' title='bbox 1971 3030 2221 3101; x_wconf 83' lang='grc' dir='ltr'>λαμπρά,</span> <span class='ocrx_word' id='word_1_787' title='bbox 2255 3031 2348 3083; x_wconf 69' lang='grc' dir='ltr'>καὶ</span> <span class='ocrx_word' id='word_1_788' title='bbox 2378 3031 2523 3082; x_wconf 88' lang='grc' dir='ltr'>νῖκαι</span> <span class='ocrx_word' id='word_1_789' title='bbox 2556 3032 2798 3100; x_wconf 81' lang='grc' dir='ltr'>συνεχεῖς</span> <span class='ocrx_word' id='word_1_790' title='bbox 2828 3031 2923 3084; x_wconf 72' lang='grc' dir='ltr'>καὶ</span> <span class='ocrx_word' id='word_1_791' title='bbox 2953 3029 3269 3100; x_wconf 78' lang='grc' dir='ltr'>ἐπάλληλοι.</span> 
     </span>
    </p>
   </div>
   <div class='ocr_carea' id='block_1_97' title="bbox 2043 3113 3670 3192">
    <p class='ocr_par' dir='ltr' id='par_1_97' title="bbox 2043 3113 3670 3192">
     <span class='ocr_line' id='line_1_97' title="bbox 2043 3113 3670 3192; baseline 0 -19"><span class='ocrx_word' id='word_1_792' title='bbox 2043 3120 2155 3174; x_wconf 75' lang='grc' dir='ltr'>Καὶ</span> <span class='ocrx_word' id='word_1_793' title='bbox 2182 3120 2269 3172; x_wconf 80' lang='grc' dir='ltr'>ἵνα</span> <span class='ocrx_word' id='word_1_794' title='bbox 2307 3117 2382 3189; x_wconf 75' lang='grc' dir='ltr'>μὴ</span> <span class='ocrx_word' id='word_1_795' title='bbox 2422 3119 2637 3189; x_wconf 86' lang='grc' dir='ltr'>κόμπον</span> <span class='ocrx_word' id='word_1_796' title='bbox 2678 3117 2939 3187; x_wconf 82' lang='grc' dir='ltr'>νομίσητε</span> <span class='ocrx_word' id='word_1_797' title='bbox 2977 3113 3117 3171; x_wconf 85' lang='grc' dir='ltr'>εἶναι</span> <span class='ocrx_word' id='word_1_798' title='bbox 3158 3118 3319 3172; x_wconf 70' lang='grc' dir='ltr'>ταυτὶ</span> <span class='ocrx_word' id='word_1_799' title='bbox 3350 3119 3670 3192; x_wconf 74' lang='grc' dir='ltr'>τάῥήματα</span> 
     </span>
    </p>
   </div>
   <div class='ocr_carea' id='block_1_98' title="bbox 1974 3205 3670 3280">
    <p class='ocr_par' dir='ltr' id='par_1_98' title="bbox 1974 3205 3670 3280">
     <span class='ocr_line' id='line_1_98' title="bbox 1974 3205 3670 3280; baseline -0.001 -17"><span class='ocrx_word' id='word_1_800' title='bbox 1974 3210 2111 3279; x_wconf 79' lang='grc' dir='ltr'>μηδὲ</span> <span class='ocrx_word' id='word_1_801' title='bbox 2135 3208 2308 3279; x_wconf 71' lang='grc' dir='ltr'>ψόφον</span> <span class='ocrx_word' id='word_1_802' title='bbox 2333 3208 2616 3280; x_wconf 74' lang='grc' dir='ltr'>ῥημάτων,</span> <span class='ocrx_word' id='word_1_803' title='bbox 2642 3205 2760 3260; x_wconf 78' lang='grc' dir='ltr'>ἀλλ’</span> <span class='ocrx_word' id='word_1_804' title='bbox 2788 3205 2969 3278; x_wconf 82' lang='grc' dir='ltr'>εἰδῆτε</span> <span class='ocrx_word' id='word_1_805' title='bbox 2993 3205 3183 3277; x_wconf 81' lang='grc' dir='ltr'>σαφῶς</span> <span class='ocrx_word' id='word_1_806' title='bbox 3217 3209 3302 3262; x_wconf 84' lang='grc' dir='ltr'>δτι</span> <span class='ocrx_word' id='word_1_807' title='bbox 3329 3208 3431 3263; x_wconf 85' lang='grc' dir='ltr'>οὐκ</span> <span class='ocrx_word' id='word_1_808' title='bbox 3457 3208 3670 3280; x_wconf 85' lang='grc' dir='ltr'>ἀνδρῶν</span> 
     </span>
    </p>
   </div>
   <div class='ocr_carea' id='block_1_99' title="bbox 1975 3294 3666 3369">
    <p class='ocr_par' dir='ltr' id='par_1_99' title="bbox 1975 3294 3666 3369">
     <span class='ocr_line' id='line_1_99' title="bbox 1975 3294 3666 3369; baseline 0 -18"><span class='ocrx_word' id='word_1_809' title='bbox 1975 3299 2135 3368; x_wconf 87' lang='grc' dir='ltr'>μόνον</span> <span class='ocrx_word' id='word_1_810' title='bbox 2164 3297 2301 3352; x_wconf 73' lang='grc' dir='ltr'>εἰσιν</span> <span class='ocrx_word' id='word_1_811' title='bbox 2326 3296 2695 3369; x_wconf 78' lang='grc' dir='ltr'>ἀνδρειότεραι</span> <span class='ocrx_word' id='word_1_812' title='bbox 2717 3298 2999 3365; x_wconf 81' lang='grc' dir='ltr'>γυναῖκες,</span> <span class='ocrx_word' id='word_1_813' title='bbox 3024 3294 3159 3350; x_wconf 88' lang='grc' dir='ltr'>ἀλλά</span> <span class='ocrx_word' id='word_1_814' title='bbox 3176 3296 3273 3351; x_wconf 73' lang='grc' dir='ltr'>καὶ</span> <span class='ocrx_word' id='word_1_815' title='bbox 3301 3297 3442 3369; x_wconf 81' lang='grc' dir='ltr'>πρὸς</span> <span class='ocrx_word' id='word_1_816' title='bbox 3473 3297 3666 3368; x_wconf 79' lang='grc' dir='ltr'>αὐτὴν,</span> 
     </span>
    </p>
   </div>
   <div class='ocr_carea' id='block_1_100' title="bbox 1970 3383 3670 3459">
    <p class='ocr_par' dir='ltr' id='par_1_100' title="bbox 1970 3383 3670 3459">
     <span class='ocr_line' id='line_1_100' title="bbox 1970 3383 3670 3459; baseline 0.001 -20"><span class='ocrx_word' id='word_1_817' title='bbox 1970 3387 2047 3451; x_wconf 83' lang='grc' dir='ltr'>ὼς</span> <span class='ocrx_word' id='word_1_818' title='bbox 2080 3388 2275 3451; x_wconf 88' lang='grc' dir='ltr'>είπεῖν,</span> <span class='ocrx_word' id='word_1_819' title='bbox 2296 3386 2406 3439; x_wconf 87' lang='grc' dir='ltr'>τῶν</span> <span class='ocrx_word' id='word_1_820' title='bbox 2434 3383 2682 3453; x_wconf 79' lang='grc' dir='ltr'>ἀγγέλων</span> <span class='ocrx_word' id='word_1_821' title='bbox 2703 3384 2803 3457; x_wconf 77' lang='grc' dir='ltr'>τὴν</span> <span class='ocrx_word' id='word_1_822' title='bbox 2824 3384 3096 3439; x_wconf 85' lang='grc' dir='ltr'>ἀπάθειαν</span> <span class='ocrx_word' id='word_1_823' title='bbox 3122 3384 3266 3440; x_wconf 89' lang='grc' dir='ltr'>κατά</span> <span class='ocrx_word' id='word_1_824' title='bbox 3299 3385 3362 3440; x_wconf 81' lang='grc' dir='ltr'>τὸ</span> <span class='ocrx_word' id='word_1_825' title='bbox 3387 3385 3670 3459; x_wconf 81' lang='grc' dir='ltr'>ἐγχωροῦν</span> 
     </span>
    </p>
   </div>
   <div class='ocr_carea' id='block_1_101' title="bbox 1974 3472 3665 3547">
    <p class='ocr_par' dir='ltr' id='par_1_101' title="bbox 1974 3472 3665 3547">
     <span class='ocr_line' id='line_1_101' title="bbox 1974 3472 3665 3547; baseline -0.001 -18"><span class='ocrx_word' id='word_1_826' title='bbox 1974 3474 2417 3546; x_wconf 77' lang='grc' dir='ltr'>μεθορμίζονται,</span> <span class='ocrx_word' id='word_1_827' title='bbox 2450 3472 2670 3542; x_wconf 81' lang='grc' dir='ltr'>ἀγέσθω</span> <span class='ocrx_word' id='word_1_828' title='bbox 2702 3474 2784 3537; x_wconf 82' lang='grc' dir='ltr'>είς</span> <span class='ocrx_word' id='word_1_829' title='bbox 2811 3473 2979 3545; x_wconf 87' lang='grc' dir='ltr'>μέσον</span> <span class='ocrx_word' id='word_1_830' title='bbox 3000 3476 3035 3544; x_wconf 86' lang='grc' dir='ltr'>ή</span> <span class='ocrx_word' id='word_1_831' title='bbox 3064 3474 3202 3545; x_wconf 82' lang='grc' dir='ltr'>γυνὴ</span> <span class='ocrx_word' id='word_1_832' title='bbox 3236 3475 3338 3547; x_wconf 79' lang='grc' dir='ltr'>μὲν</span> <span class='ocrx_word' id='word_1_833' title='bbox 3358 3475 3458 3546; x_wconf 81' lang='grc' dir='ltr'>τὴν</span> <span class='ocrx_word' id='word_1_834' title='bbox 3481 3474 3665 3545; x_wconf 90' lang='grc' dir='ltr'>φύσιν,</span> 
     </span>
    </p>
   </div>
   <div class='ocr_carea' id='block_1_102' title="bbox 1969 3561 3667 3637">
    <p class='ocr_par' dir='ltr' id='par_1_102' title="bbox 1969 3561 3667 3637">
     <span class='ocr_line' id='line_1_102' title="bbox 1969 3561 3667 3637; baseline 0.002 -21"><span class='ocrx_word' id='word_1_835' title='bbox 1969 3562 2079 3617; x_wconf 87' lang='grc' dir='ltr'>τῶν</span> <span class='ocrx_word' id='word_1_836' title='bbox 2116 3562 2361 3634; x_wconf 82' lang='grc' dir='ltr'>οὐρανῶν</span> <span class='ocrx_word' id='word_1_837' title='bbox 2405 3562 2463 3616; x_wconf 84' lang='grc' dir='ltr'>δέ</span> <span class='ocrx_word' id='word_1_838' title='bbox 2502 3561 2758 3633; x_wconf 77' lang='grc' dir='ltr'>ἁψαμένη</span> <span class='ocrx_word' id='word_1_839' title='bbox 2792 3562 2872 3633; x_wconf 80' lang='grc' dir='ltr'>τῷ</span> <span class='ocrx_word' id='word_1_840' title='bbox 2919 3563 3062 3635; x_wconf 81' lang='grc' dir='ltr'>τόνῳ</span> <span class='ocrx_word' id='word_1_841' title='bbox 3101 3563 3202 3635; x_wconf 86' lang='grc' dir='ltr'>τῆς</span> <span class='ocrx_word' id='word_1_842' title='bbox 3252 3563 3595 3635; x_wconf 83' lang='grc' dir='ltr'>φιλοσοφίας,</span> <span class='ocrx_word' id='word_1_843' title='bbox 3631 3567 3667 3637; x_wconf 80' lang='grc' dir='ltr'>ή</span> 
     </span>
    </p>
   </div>
   <div class='ocr_carea' id='block_1_103' title="bbox 1969 3648 3669 3724">
    <p class='ocr_par' dir='ltr' id='par_1_103' title="bbox 1969 3648 3669 3724">
     <span class='ocr_line' id='line_1_103' title="bbox 1969 3648 3669 3724; baseline 0.002 -21"><span class='ocrx_word' id='word_1_844' title='bbox 1969 3649 2080 3704; x_wconf 88' lang='grc' dir='ltr'>τῶν</span> <span class='ocrx_word' id='word_1_845' title='bbox 2110 3648 2491 3705; x_wconf 80' lang='grc' dir='ltr'>Μακκαϐαίων</span> <span class='ocrx_word' id='word_1_846' title='bbox 2533 3650 2740 3721; x_wconf 87' lang='grc' dir='ltr'>μήτηρ,</span> <span class='ocrx_word' id='word_1_847' title='bbox 2767 3651 2801 3722; x_wconf 85' lang='grc' dir='ltr'>ή</span> <span class='ocrx_word' id='word_1_848' title='bbox 2837 3650 2919 3715; x_wconf 87' lang='grc' dir='ltr'>δίς</span> <span class='ocrx_word' id='word_1_849' title='bbox 2959 3650 3102 3706; x_wconf 85' lang='grc' dir='ltr'>ἐπτά</span> <span class='ocrx_word' id='word_1_850' title='bbox 3125 3650 3518 3724; x_wconf 80' lang='grc' dir='ltr'>ἀναδησαμένη</span> <span class='ocrx_word' id='word_1_851' title='bbox 3546 3669 3669 3706; x_wconf 86' lang='grc' dir='ltr'>στε-</span> 
     </span>
    </p>
   </div>
   <div class='ocr_carea' id='block_1_104' title="bbox 1975 3736 3671 3812">
    <p class='ocr_par' dir='ltr' id='par_1_104' title="bbox 1975 3736 3671 3812">
     <span class='ocr_line' id='line_1_104' title="bbox 1975 3736 3671 3812; baseline 0.001 -19"><span class='ocrx_word' id='word_1_852' title='bbox 1975 3739 2200 3808; x_wconf 85' lang='grc' dir='ltr'>φάνους,</span> <span class='ocrx_word' id='word_1_853' title='bbox 2227 3738 2325 3793; x_wconf 78' lang='grc' dir='ltr'>καὶ</span> <span class='ocrx_word' id='word_1_854' title='bbox 2366 3737 2427 3791; x_wconf 85' lang='grc' dir='ltr'>δν</span> <span class='ocrx_word' id='word_1_855' title='bbox 2474 3736 2653 3807; x_wconf 83' lang='grc' dir='ltr'>βούλει</span> <span class='ocrx_word' id='word_1_856' title='bbox 2696 3736 3038 3812; x_wconf 86' lang='grc' dir='ltr'>στρατιώτην</span> <span class='ocrx_word' id='word_1_857' title='bbox 3066 3738 3319 3812; x_wconf 84' lang='grc' dir='ltr'>ἀριστέα,</span> <span class='ocrx_word' id='word_1_858' title='bbox 3358 3739 3671 3811; x_wconf 68' lang='grc' dir='ltr'>πολεμικῶς-</span> 
     </span>
    </p>
   </div>
   <div class='ocr_carea' id='block_1_105' title="bbox 1970 3825 3670 3900">
    <p class='ocr_par' dir='ltr' id='par_1_105' title="bbox 1970 3825 3670 3900">
     <span class='ocr_line' id='line_1_105' title="bbox 1970 3825 3670 3900; baseline 0.002 -21"><span class='ocrx_word' id='word_1_859' title='bbox 1970 3843 2153 3893; x_wconf 87' lang='grc' dir='ltr'>τατον,</span> <span class='ocrx_word' id='word_1_860' title='bbox 2176 3825 2577 3899; x_wconf 86' lang='grc' dir='ltr'>ἀνδρειότατον,</span> <span class='ocrx_word' id='word_1_861' title='bbox 2604 3826 3137 3899; x_wconf 78' lang='grc' dir='ltr'>μεγαλοψυχότατον,</span> <span class='ocrx_word' id='word_1_862' title='bbox 3156 3829 3257 3896; x_wconf 80' lang='grc' dir='ltr'>ἄγε</span> <span class='ocrx_word' id='word_1_863' title='bbox 3284 3830 3365 3892; x_wconf 86' lang='grc' dir='ltr'>είς</span> <span class='ocrx_word' id='word_1_864' title='bbox 3400 3829 3568 3900; x_wconf 90' lang='grc' dir='ltr'>μέσον</span> <span class='ocrx_word' id='word_1_865' title='bbox 3589 3828 3670 3900; x_wconf 83' lang='grc' dir='ltr'>τῷ</span> 
     </span>
    </p>
   </div>
   <div class='ocr_carea' id='block_1_106' title="bbox 1970 3914 3668 3990">
    <p class='ocr_par' dir='ltr' id='par_1_106' title="bbox 1970 3914 3668 3990">
     <span class='ocr_line' id='line_1_106' title="bbox 1970 3914 3668 3990; baseline 0.001 -21"><span class='ocrx_word' id='word_1_866' title='bbox 1970 3915 2135 3987; x_wconf 83' lang='grc' dir='ltr'>λόγῳ,</span> <span class='ocrx_word' id='word_1_867' title='bbox 2185 3917 2279 3971; x_wconf 73' lang='grc' dir='ltr'>καὶ</span> <span class='ocrx_word' id='word_1_868' title='bbox 2311 3916 2566 3970; x_wconf 88' lang='grc' dir='ltr'>τοσοῦτον</span> <span class='ocrx_word' id='word_1_869' title='bbox 2594 3914 2715 3986; x_wconf 74' lang='grc' dir='ltr'>ὄψει</span> <span class='ocrx_word' id='word_1_870' title='bbox 2746 3918 2845 3988; x_wconf 78' lang='grc' dir='ltr'>τὴν</span> <span class='ocrx_word' id='word_1_871' title='bbox 2870 3919 3109 3987; x_wconf 86' lang='grc' dir='ltr'>γυναῖκα</span> <span class='ocrx_word' id='word_1_872' title='bbox 3148 3916 3512 3990; x_wconf 77' lang='grc' dir='ltr'>ὑψηλοτέραν,</span> <span class='ocrx_word' id='word_1_873' title='bbox 3542 3920 3668 3973; x_wconf 78' lang='grc' dir='ltr'>ὅσον</span> 
     </span>
    </p>
   </div>
   <div class='ocr_carea' id='block_1_107' title="bbox 1969 4004 3667 4077">
    <p class='ocr_par' dir='ltr' id='par_1_107' title="bbox 1969 4004 3667 4077">
     <span class='ocr_line' id='line_1_107' title="bbox 1969 4004 3667 4077; baseline 0.002 -20"><span class='ocrx_word' id='word_1_874' title='bbox 1969 4007 2069 4077; x_wconf 79' lang='grc' dir='ltr'>τῆς</span> <span class='ocrx_word' id='word_1_875' title='bbox 2099 4005 2204 4075; x_wconf 79' lang='grc' dir='ltr'>γῆς</span> <span class='ocrx_word' id='word_1_876' title='bbox 2248 4004 2625 4075; x_wconf 83' lang='grc' dir='ltr'>ἀφεστήκασιν</span> <span class='ocrx_word' id='word_1_877' title='bbox 2665 4006 2722 4059; x_wconf 86' lang='grc' dir='ltr'>αί</span> <span class='ocrx_word' id='word_1_878' title='bbox 2768 4005 2880 4058; x_wconf 87' lang='grc' dir='ltr'>τῶν</span> <span class='ocrx_word' id='word_1_879' title='bbox 2915 4005 3165 4077; x_wconf 86' lang='grc' dir='ltr'>οὐρανῶν</span> <span class='ocrx_word' id='word_1_880' title='bbox 3218 4005 3428 4075; x_wconf 74' lang='grc' dir='ltr'>ἀψῖδες.</span> <span class='ocrx_word' id='word_1_881' title='bbox 3461 4007 3519 4061; x_wconf 82' lang='lat'>&#39;0</span> <span class='ocrx_word' id='word_1_882' title='bbox 3566 4008 3667 4077; x_wconf 84' lang='grc' dir='ltr'>μὲν</span> 
     </span>
    </p>
   </div>
   <div class='ocr_carea' id='block_1_108' title="bbox 1969 4092 3668 4168">
    <p class='ocr_par' dir='ltr' id='par_1_108' title="bbox 1969 4092 3668 4168">
     <span class='ocr_line' id='line_1_108' title="bbox 1969 4092 3668 4168; baseline 0.002 -20"><span class='ocrx_word' id='word_1_883' title='bbox 1969 4095 2080 4167; x_wconf 81' lang='grc' dir='ltr'>γὰρ</span> <span class='ocrx_word' id='word_1_884' title='bbox 2103 4092 2445 4167; x_wconf 85' lang='grc' dir='ltr'>στρατιώτης</span> <span class='ocrx_word' id='word_1_885' title='bbox 2472 4094 2569 4148; x_wconf 81' lang='grc' dir='ltr'>καὶ</span> <span class='ocrx_word' id='word_1_886' title='bbox 2590 4094 2850 4167; x_wconf 79' lang='grc' dir='ltr'>ἀριστεὺς</span> <span class='ocrx_word' id='word_1_887' title='bbox 2892 4096 3026 4164; x_wconf 89' lang='grc' dir='ltr'>μίαν</span> <span class='ocrx_word' id='word_1_888' title='bbox 3063 4094 3267 4151; x_wconf 83' lang='grc' dir='ltr'>δέδοικε</span> <span class='ocrx_word' id='word_1_889' title='bbox 3303 4096 3541 4168; x_wconf 74' lang='grc' dir='ltr'>πληγὴν,</span> <span class='ocrx_word' id='word_1_890' title='bbox 3573 4100 3668 4157; x_wconf 69' lang='grc' dir='ltr'>καὶ</span> 
     </span>
    </p>
   </div>
   <div class='ocr_carea' id='block_1_109' title="bbox 1970 4182 3666 4259">
    <p class='ocr_par' dir='ltr' id='par_1_109' title="bbox 1970 4182 3666 4259">
     <span class='ocr_line' id='line_1_109' title="bbox 1970 4182 3666 4259; baseline 0.004 -24"><span class='ocrx_word' id='word_1_891' title='bbox 1970 4184 2066 4255; x_wconf 78' lang='grc' dir='ltr'>τὴν</span> <span class='ocrx_word' id='word_1_892' title='bbox 2104 4183 2366 4252; x_wconf 85' lang='grc' dir='ltr'>σύντομον</span> <span class='ocrx_word' id='word_1_893' title='bbox 2396 4182 2455 4250; x_wconf 75' lang='grc' dir='ltr'>ἐξ</span> <span class='ocrx_word' id='word_1_894' title='bbox 2481 4183 2653 4252; x_wconf 85' lang='grc' dir='ltr'>αὐτῆς</span> <span class='ocrx_word' id='word_1_895' title='bbox 2681 4182 2941 4255; x_wconf 68' lang='grc' dir='ltr'>τελευτὴν</span> <span class='ocrx_word' id='word_1_896' title='bbox 2966 4184 3126 4255; x_wconf 84' lang='grc' dir='ltr'>μόνον</span> <span class='ocrx_word' id='word_1_897' title='bbox 3148 4202 3161 4216; x_wconf 89' lang='grc'><strong>·</strong></span> <span class='ocrx_word' id='word_1_898' title='bbox 3193 4186 3332 4259; x_wconf 79' lang='grc' dir='ltr'>αῦτη</span> <span class='ocrx_word' id='word_1_899' title='bbox 3356 4186 3412 4240; x_wconf 80' lang='grc' dir='ltr'>δὲ</span> <span class='ocrx_word' id='word_1_900' title='bbox 3441 4188 3666 4258; x_wconf 77' lang='grc' dir='ltr'>ἑστήκει</span> 
     </span>
    </p>
   </div>
   <div class='ocr_carea' id='block_1_110' title="bbox 1970 4270 3667 4347">
    <p class='ocr_par' dir='ltr' id='par_1_110' title="bbox 1970 4270 3667 4347">
     <span class='ocr_line' id='line_1_110' title="bbox 1970 4270 3667 4347; baseline 0.002 -21"><span class='ocrx_word' id='word_1_901' title='bbox 1970 4272 2222 4343; x_wconf 86' lang='grc' dir='ltr'>καθάπερ</span> <span class='ocrx_word' id='word_1_902' title='bbox 2246 4270 2371 4344; x_wconf 75' lang='grc' dir='ltr'>ὅρος</span> <span class='ocrx_word' id='word_1_903' title='bbox 2408 4270 2871 4344; x_wconf 85' lang='grc' dir='ltr'>μεταλλευομένη,</span> <span class='ocrx_word' id='word_1_904' title='bbox 2906 4272 3027 4327; x_wconf 80' lang='grc' dir='ltr'>καθ’</span> <span class='ocrx_word' id='word_1_905' title='bbox 3058 4274 3290 4328; x_wconf 66' lang='grc' dir='ltr'>ἕκαστον</span> <span class='ocrx_word' id='word_1_906' title='bbox 3326 4274 3539 4329; x_wconf 86' lang='grc' dir='ltr'>παιδίον</span> <span class='ocrx_word' id='word_1_907' title='bbox 3568 4293 3667 4347; x_wconf 81' lang='grc' dir='ltr'>χα-</span> 
     </span>
    </p>
   </div>
   <div class='ocr_carea' id='block_1_111' title="bbox 1969 4359 3665 4434">
    <p class='ocr_par' dir='ltr' id='par_1_111' title="bbox 1969 4359 3665 4434">
     <span class='ocr_line' id='line_1_111' title="bbox 1969 4359 3665 4434; baseline 0.001 -21"><span class='ocrx_word' id='word_1_908' title='bbox 1969 4360 2284 4433; x_wconf 78' lang='grc' dir='ltr'>λεπωτέρας</span> <span class='ocrx_word' id='word_1_909' title='bbox 2318 4360 2665 4431; x_wconf 81' lang='grc' dir='ltr'>ὑπομένουσα</span> <span class='ocrx_word' id='word_1_910' title='bbox 2691 4359 2888 4424; x_wconf 79' lang='grc' dir='ltr'>ὀδύνας</span> <span class='ocrx_word' id='word_1_911' title='bbox 2909 4362 2967 4415; x_wconf 80' lang='grc' dir='ltr'>ὲν</span> <span class='ocrx_word' id='word_1_912' title='bbox 2997 4364 3063 4433; x_wconf 75' lang='grc' dir='ltr'>τῇ</span> <span class='ocrx_word' id='word_1_913' title='bbox 3098 4361 3245 4433; x_wconf 80' lang='grc' dir='ltr'>ψυχῇ</span> <span class='ocrx_word' id='word_1_914' title='bbox 3276 4361 3388 4415; x_wconf 88' lang='grc' dir='ltr'>τῶν</span> <span class='ocrx_word' id='word_1_915' title='bbox 3412 4363 3665 4434; x_wconf 87' lang='grc' dir='ltr'>βασάνων</span> 
     </span>
    </p>
   </div>
   <div class='ocr_carea' id='block_1_112' title="bbox 1968 4442 3664 4523">
    <p class='ocr_par' dir='ltr' id='par_1_112' title="bbox 1968 4442 3664 4523">
     <span class='ocr_line' id='line_1_112' title="bbox 1968 4442 3664 4523; baseline 0.002 -22"><span class='ocrx_word' id='word_1_916' title='bbox 1968 4442 2042 4501; x_wconf 85' lang='grc' dir='ltr'>ὦν</span> <span class='ocrx_word' id='word_1_917' title='bbox 2070 4450 2269 4502; x_wconf 81' lang='grc' dir='ltr'>ἐκεῖνοι</span> <span class='ocrx_word' id='word_1_918' title='bbox 2297 4450 2419 4513; x_wconf 82' lang='grc' dir='ltr'>ταῖς</span> <span class='ocrx_word' id='word_1_919' title='bbox 2458 4448 2719 4521; x_wconf 83' lang='grc' dir='ltr'>πλευραῖς</span> <span class='ocrx_word' id='word_1_920' title='bbox 2752 4448 3029 4519; x_wconf 75' lang='grc' dir='ltr'>ἐδέχοντο·</span> <span class='ocrx_word' id='word_1_921' title='bbox 3069 4450 3163 4503; x_wconf 84' lang='grc' dir='ltr'>καί</span> <span class='ocrx_word' id='word_1_922' title='bbox 3194 4450 3307 4523; x_wconf 89' lang='grc' dir='ltr'>γάρ</span> <span class='ocrx_word' id='word_1_923' title='bbox 3356 4454 3541 4523; x_wconf 86' lang='grc' dir='ltr'>μήτηρ</span> <span class='ocrx_word' id='word_1_924' title='bbox 3573 4447 3664 4523; x_wconf 73' lang='grc' dir='ltr'>ἦν,</span> 
     </span>
    </p>
   </div>
   <div class='ocr_carea' id='block_1_113' title="bbox 1969 4536 3667 4615">
    <p class='ocr_par' dir='ltr' id='par_1_113' title="bbox 1969 4536 3667 4615">
     <span class='ocr_line' id='line_1_113' title="bbox 1969 4536 3667 4615; baseline 0.003 -24"><span class='ocrx_word' id='word_1_925' title='bbox 1969 4536 2067 4591; x_wconf 71' lang='grc' dir='ltr'>καὶ</span> <span class='ocrx_word' id='word_1_926' title='bbox 2102 4536 2270 4607; x_wconf 76' lang='grc' dir='ltr'>χήρα,</span> <span class='ocrx_word' id='word_1_927' title='bbox 2314 4536 2409 4591; x_wconf 72' lang='grc' dir='ltr'>καὶ</span> <span class='ocrx_word' id='word_1_928' title='bbox 2455 4537 2536 4599; x_wconf 85' lang='grc' dir='ltr'>είς</span> <span class='ocrx_word' id='word_1_929' title='bbox 2577 4536 2806 4608; x_wconf 78' lang='grc' dir='ltr'>ἐσχατον</span> <span class='ocrx_word' id='word_1_930' title='bbox 2844 4536 3144 4608; x_wconf 77' lang='grc' dir='ltr'>ἐληλακυῖα</span> <span class='ocrx_word' id='word_1_931' title='bbox 3178 4539 3417 4615; x_wconf 24' lang='grc' dir='ltr'>γῆρας’,</span> <span class='ocrx_word' id='word_1_932' title='bbox 3440 4539 3554 4595; x_wconf 84' lang='grc' dir='ltr'>ίστε</span> <span class='ocrx_word' id='word_1_933' title='bbox 3608 4541 3667 4596; x_wconf 69' lang='grc' dir='ltr'>δὲ</span> 
     </span>
    </p>
   </div>
   <div class='ocr_carea' id='block_1_114' title="bbox 1968 4623 3667 4695">
    <p class='ocr_par' dir='ltr' id='par_1_114' title="bbox 1968 4623 3667 4695">
     <span class='ocr_line' id='line_1_114' title="bbox 1968 4623 3667 4695; baseline 0.003 -17"><span class='ocrx_word' id='word_1_934' title='bbox 1968 4623 2144 4678; x_wconf 86' lang='grc' dir='ltr'>ταῦτα</span> <span class='ocrx_word' id='word_1_935' title='bbox 2175 4626 2292 4676; x_wconf 82' lang='lat'>6661</span> <span class='ocrx_word' id='word_1_936' title='bbox 2341 4624 2578 4695; x_wconf 86' lang='grc' dir='ltr'>πατέρες</span> <span class='ocrx_word' id='word_1_937' title='bbox 2608 4624 2881 4694; x_wconf 85' lang='grc' dir='ltr'>ἐγένεσθε,</span> <span class='ocrx_word' id='word_1_938' title='bbox 2923 4625 3017 4678; x_wconf 73' lang='grc' dir='ltr'>καὶ</span> <span class='ocrx_word' id='word_1_939' title='bbox 3063 4625 3185 4680; x_wconf 82' lang='grc' dir='ltr'>ὅσαι</span> <span class='ocrx_word' id='word_1_940' title='bbox 3226 4628 3436 4683; x_wconf 83' lang='grc' dir='ltr'>παίδων</span> <span class='ocrx_word' id='word_1_941' title='bbox 3471 4627 3667 4693; x_wconf 83' lang='grc' dir='ltr'>ὠδῖνας</span> 
     </span>
    </p>
   </div>
   <div class='ocr_carea' id='block_1_115' title="bbox 1970 4710 3666 4788">
    <p class='ocr_par' dir='ltr' id='par_1_115' title="bbox 1970 4710 3666 4788">
     <span class='ocr_line' id='line_1_115' title="bbox 1970 4710 3666 4788; baseline 0.003 -22"><span class='ocrx_word' id='word_1_942' title='bbox 1970 4712 2224 4775; x_wconf 76' lang='grc' dir='ltr'>ἐλύσατε,</span> <span class='ocrx_word' id='word_1_943' title='bbox 2288 4710 2406 4776; x_wconf 86' lang='grc' dir='ltr'>πῶς</span> <span class='ocrx_word' id='word_1_944' title='bbox 2442 4713 2673 4785; x_wconf 85' lang='grc' dir='ltr'>κέντρου</span> <span class='ocrx_word' id='word_1_945' title='bbox 2720 4713 2925 4778; x_wconf 89' lang='grc' dir='ltr'>παντός</span> <span class='ocrx_word' id='word_1_946' title='bbox 2959 4716 3078 4767; x_wconf 81' lang='grc' dir='ltr'>ἐστι</span> <span class='ocrx_word' id='word_1_947' title='bbox 3129 4715 3510 4788; x_wconf 85' lang='grc' dir='ltr'>χαλεπώτερα.</span> <span class='ocrx_word' id='word_1_948' title='bbox 3553 4717 3666 4772; x_wconf 77' lang='grc' dir='ltr'>Καὶ</span> 
     </span>
    </p>
   </div>
   <div class='ocr_carea' id='block_1_116' title="bbox 1968 4790 3669 4878">
    <p class='ocr_par' dir='ltr' id='par_1_116' title="bbox 1968 4790 3669 4878">
     <span class='ocr_line' id='line_1_116' title="bbox 1968 4790 3669 4878; baseline 0.002 -21"><span class='ocrx_word' id='word_1_949' title='bbox 1968 4802 2120 4857; x_wconf 82' lang='grc' dir='ltr'>οὐδὲν</span> <span class='ocrx_word' id='word_1_950' title='bbox 2147 4800 2479 4871; x_wconf 41' lang='grc' dir='ltr'>οὕτωλβέλος</span> <span class='ocrx_word' id='word_1_951' title='bbox 2507 4800 2601 4865; x_wconf 78' lang='grc' dir='ltr'>ὀξὺ</span> <span class='ocrx_word' id='word_1_952' title='bbox 2630 4801 2885 4875; x_wconf 85' lang='grc' dir='ltr'>δριμεῖαν</span> <span class='ocrx_word' id='word_1_953' title='bbox 2928 4805 3124 4872; x_wconf 84' lang='grc' dir='ltr'>ἐπάγει</span> <span class='ocrx_word' id='word_1_954' title='bbox 3151 4808 3266 4870; x_wconf 87' lang='grc' dir='ltr'>τοῖς</span> <span class='ocrx_word' id='word_1_955' title='bbox 3293 4790 3669 4878; x_wconf 72' lang='grc' dir='ltr'>τραυματιζοο</span> 
     </span>
    </p>
   </div>
   <div class='ocr_carea' id='block_1_117' title="bbox 1974 4888 3666 4964">
    <p class='ocr_par' dir='ltr' id='par_1_117' title="bbox 1974 4888 3666 4964">
     <span class='ocr_line' id='line_1_117' title="bbox 1974 4888 3666 4964; baseline 0.002 -19"><span class='ocrx_word' id='word_1_956' title='bbox 1974 4891 2159 4962; x_wconf 85' lang='grc' dir='ltr'>μένοις</span> <span class='ocrx_word' id='word_1_957' title='bbox 2182 4888 2397 4959; x_wconf 86' lang='grc' dir='ltr'>ὀδύνην,</span> <span class='ocrx_word' id='word_1_958' title='bbox 2427 4888 2505 4953; x_wconf 85' lang='grc' dir='ltr'>ώς</span> <span class='ocrx_word' id='word_1_959' title='bbox 2536 4889 2743 4943; x_wconf 87' lang='grc' dir='ltr'>τούτων</span> <span class='ocrx_word' id='word_1_960' title='bbox 2770 4892 3005 4946; x_wconf 68' lang='grc' dir='ltr'>ἕκαστον</span> <span class='ocrx_word' id='word_1_961' title='bbox 3037 4892 3137 4964; x_wconf 79' lang='grc' dir='ltr'>τὴν</span> <span class='ocrx_word' id='word_1_962' title='bbox 3160 4894 3377 4963; x_wconf 75' lang='grc' dir='ltr'>ἐκείνης</span> <span class='ocrx_word' id='word_1_963' title='bbox 3404 4896 3666 4951; x_wconf 79' lang='grc' dir='ltr'>κατεκέν-</span> 
     </span>
    </p>
   </div>
   <div class='ocr_carea' id='block_1_118' title="bbox 1970 4976 3664 5053">
    <p class='ocr_par' dir='ltr' id='par_1_118' title="bbox 1970 4976 3664 5053">
     <span class='ocr_line' id='line_1_118' title="bbox 1970 4976 3664 5053; baseline 0.002 -19"><span class='ocrx_word' id='word_1_964' title='bbox 1970 4998 2052 5035; x_wconf 87' lang='grc' dir='ltr'>τει</span> <span class='ocrx_word' id='word_1_965' title='bbox 2092 4978 2291 5051; x_wconf 77' lang='grc' dir='ltr'>ψυχήν.</span> <span class='ocrx_word' id='word_1_966' title='bbox 2340 4978 2625 5049; x_wconf 81' lang='grc' dir='ltr'>Ἐννόησον</span> <span class='ocrx_word' id='word_1_967' title='bbox 2670 4981 2778 5051; x_wconf 89' lang='grc' dir='ltr'>γάρ</span> <span class='ocrx_word' id='word_1_968' title='bbox 2807 4980 2997 5051; x_wconf 75' lang='grc' dir='ltr'>ἡλίκον</span> <span class='ocrx_word' id='word_1_969' title='bbox 3032 4976 3101 5053; x_wconf 76' lang='grc' dir='ltr'>ἧν</span> <span class='ocrx_word' id='word_1_970' title='bbox 3127 4981 3251 5036; x_wconf 85' lang='grc' dir='ltr'>καθ’</span> <span class='ocrx_word' id='word_1_971' title='bbox 3297 4982 3530 5039; x_wconf 82' lang='grc' dir='ltr'>ἐκαστον</span> <span class='ocrx_word' id='word_1_972' title='bbox 3554 4985 3664 5038; x_wconf 85' lang='grc' dir='ltr'>τῶν</span> 
     </span>
    </p>
   </div>
   <div class='ocr_carea' id='block_1_119' title="bbox 1973 5066 3665 5142">
    <p class='ocr_par' dir='ltr' id='par_1_119' title="bbox 1973 5066 3665 5142">
     <span class='ocr_line' id='line_1_119' title="bbox 1973 5066 3665 5142; baseline 0.002 -20"><span class='ocrx_word' id='word_1_973' title='bbox 1973 5068 2177 5123; x_wconf 79' lang='grc' dir='ltr'>παίδων</span> <span class='ocrx_word' id='word_1_974' title='bbox 2198 5067 2332 5139; x_wconf 68' lang='grc' dir='ltr'>όρᾷν</span> <span class='ocrx_word' id='word_1_975' title='bbox 2356 5066 2561 5138; x_wconf 77' lang='grc' dir='ltr'>σιδήρῳ</span> <span class='ocrx_word' id='word_1_976' title='bbox 2588 5066 2683 5121; x_wconf 74' lang='grc' dir='ltr'>καὶ</span> <span class='ocrx_word' id='word_1_977' title='bbox 2717 5068 2852 5141; x_wconf 78' lang='grc' dir='ltr'>πυρὶ</span> <span class='ocrx_word' id='word_1_978' title='bbox 2877 5068 3040 5139; x_wconf 88' lang='grc' dir='ltr'>σῶμα</span> <span class='ocrx_word' id='word_1_979' title='bbox 3072 5070 3434 5142; x_wconf 79' lang='grc' dir='ltr'>μεριζόμενον</span> <span class='ocrx_word' id='word_1_980' title='bbox 3456 5072 3535 5138; x_wconf 79' lang='grc' dir='ltr'>ἐν,</span> <span class='ocrx_word' id='word_1_981' title='bbox 3568 5073 3665 5127; x_wconf 71' lang='grc' dir='ltr'>καὶ</span> 
     </span>
    </p>
   </div>
   <div class='ocr_carea' id='block_1_120' title="bbox 1974 5154 3666 5233">
    <p class='ocr_par' dir='ltr' id='par_1_120' title="bbox 1974 5154 3666 5233">
     <span class='ocr_line' id='line_1_120' title="bbox 1974 5154 3666 5233; baseline 0.005 -24"><span class='ocrx_word' id='word_1_982' title='bbox 1974 5155 2221 5228; x_wconf 77' lang='grc' dir='ltr'>μακροὺς</span> <span class='ocrx_word' id='word_1_983' title='bbox 2276 5154 2595 5225; x_wconf 87' lang='grc' dir='ltr'>τιθεμένους</span> <span class='ocrx_word' id='word_1_984' title='bbox 2652 5156 2781 5221; x_wconf 85' lang='grc' dir='ltr'>τοὺς</span> <span class='ocrx_word' id='word_1_985' title='bbox 2830 5156 3115 5222; x_wconf 80' lang='grc' dir='ltr'>διαύλους’</span> <span class='ocrx_word' id='word_1_986' title='bbox 3173 5159 3291 5225; x_wconf 81' lang='grc' dir='ltr'>πῶς</span> <span class='ocrx_word' id='word_1_987' title='bbox 3329 5161 3498 5233; x_wconf 82' lang='grc' dir='ltr'>ἐώρα,</span> <span class='ocrx_word' id='word_1_988' title='bbox 3548 5163 3666 5226; x_wconf 83' lang='grc' dir='ltr'>πῶς</span> 
     </span>
    </p>
   </div>
   <div class='ocr_carea' id='block_1_121' title="bbox 1968 5244 3664 5323">
    <p class='ocr_par' dir='ltr' id='par_1_121' title="bbox 1968 5244 3664 5323">
     <span class='ocr_line' id='line_1_121' title="bbox 1968 5244 3664 5323; baseline 0.002 -24"><span class='ocrx_word' id='word_1_989' title='bbox 1968 5248 2155 5317; x_wconf 61' lang='grc' dir='ltr'>ἤκουε,</span> <span class='ocrx_word' id='word_1_990' title='bbox 2194 5244 2316 5309; x_wconf 88' lang='grc' dir='ltr'>πῶς</span> <span class='ocrx_word' id='word_1_991' title='bbox 2346 5245 2561 5315; x_wconf 83' lang='grc' dir='ltr'>ἐδέχετο</span> <span class='ocrx_word' id='word_1_992' title='bbox 2586 5244 2685 5317; x_wconf 74' lang='grc' dir='ltr'>τήν</span> <span class='ocrx_word' id='word_1_993' title='bbox 2710 5248 2939 5300; x_wconf 88' lang='grc' dir='ltr'>κνῖσσαν</span> <span class='ocrx_word' id='word_1_994' title='bbox 2968 5249 3069 5319; x_wconf 81' lang='grc' dir='ltr'>τὴν</span> <span class='ocrx_word' id='word_1_995' title='bbox 3108 5249 3217 5303; x_wconf 87' lang='lat'>6116</span> <span class='ocrx_word' id='word_1_996' title='bbox 3247 5249 3360 5303; x_wconf 87' lang='grc' dir='ltr'>τῶν</span> <span class='ocrx_word' id='word_1_997' title='bbox 3393 5252 3664 5323; x_wconf 86' lang='grc' dir='ltr'>σωμάτων</span> 
     </span>
    </p>
   </div>
   <div class='ocr_carea' id='block_1_122' title="bbox 1971 5332 3666 5410">
    <p class='ocr_par' dir='ltr' id='par_1_122' title="bbox 1971 5332 3666 5410">
     <span class='ocr_line' id='line_1_122' title="bbox 1971 5332 3666 5410; baseline 0.002 -19"><span class='ocrx_word' id='word_1_998' title='bbox 1971 5337 2219 5399; x_wconf 71' lang='grc' dir='ltr'>ἐκείνων,</span> <span class='ocrx_word' id='word_1_999' title='bbox 2264 5334 2495 5407; x_wconf 89' lang='grc' dir='ltr'>μυρίους</span> <span class='ocrx_word' id='word_1_1000' title='bbox 2529 5332 2793 5399; x_wconf 86' lang='grc' dir='ltr'>θανάτους</span> <span class='ocrx_word' id='word_1_1001' title='bbox 2838 5335 3057 5408; x_wconf 83' lang='grc' dir='ltr'>ἐκάστῳ</span> <span class='ocrx_word' id='word_1_1002' title='bbox 3085 5336 3196 5391; x_wconf 88' lang='grc' dir='ltr'>τῶν</span> <span class='ocrx_word' id='word_1_1003' title='bbox 3225 5338 3437 5394; x_wconf 88' lang='grc' dir='ltr'>παίδων</span> <span class='ocrx_word' id='word_1_1004' title='bbox 3459 5342 3666 5410; x_wconf 81' lang='grc' dir='ltr'>ἐπαγο-</span> 
     </span>
    </p>
   </div>
   <div class='ocr_carea' id='block_1_123' title="bbox 1973 5422 3667 5502">
    <p class='ocr_par' dir='ltr' id='par_1_123' title="bbox 1973 5422 3667 5502">
     <span class='ocr_line' id='line_1_123' title="bbox 1973 5422 3667 5502; baseline 0.002 -23"><span class='ocrx_word' id='word_1_1005' title='bbox 1973 5426 2169 5497; x_wconf 83' lang='grc' dir='ltr'>μένους</span> <span class='ocrx_word' id='word_1_1006' title='bbox 2198 5422 2493 5495; x_wconf 79' lang='grc' dir='ltr'>βλέπουσα.</span> <span class='ocrx_word' id='word_1_1007' title='bbox 2540 5422 2682 5476; x_wconf 75' lang='lat' dir='ltr'>‘A11‘</span> <span class='ocrx_word' id='word_1_1008' title='bbox 2715 5425 2748 5494; x_wconf 85' lang='grc' dir='ltr'>ή</span> <span class='ocrx_word' id='word_1_1009' title='bbox 2787 5424 2886 5493; x_wconf 86' lang='grc' dir='ltr'>μέν</span> <span class='ocrx_word' id='word_1_1010' title='bbox 2913 5425 3157 5496; x_wconf 85' lang='grc' dir='ltr'>εἱστήκει</span> <span class='ocrx_word' id='word_1_1011' title='bbox 3208 5427 3463 5499; x_wconf 80' lang='grc' dir='ltr'>καθάπερ</span> <span class='ocrx_word' id='word_1_1012' title='bbox 3490 5430 3667 5502; x_wconf 87' lang='grc' dir='ltr'>πέτρα</span> 
     </span>
    </p>
   </div>
   <div class='ocr_carea' id='block_1_124' title="bbox 1971 5510 3668 5586">
    <p class='ocr_par' dir='ltr' id='par_1_124' title="bbox 1971 5510 3668 5586">
     <span class='ocr_line' id='line_1_124' title="bbox 1971 5510 3668 5586; baseline 0.003 -19"><span class='ocrx_word' id='word_1_1013' title='bbox 1971 5513 2252 5584; x_wconf 85' lang='grc' dir='ltr'>ἀκίνητος,</span> <span class='ocrx_word' id='word_1_1014' title='bbox 2289 5512 2352 5567; x_wconf 86' lang='grc' dir='ltr'>οὐ</span> <span class='ocrx_word' id='word_1_1015' title='bbox 2394 5510 2730 5583; x_wconf 80' lang='grc' dir='ltr'>σαλευομένη</span> <span class='ocrx_word' id='word_1_1016' title='bbox 2778 5512 2886 5567; x_wconf 79' lang='grc' dir='ltr'>ὑπὸ</span> <span class='ocrx_word' id='word_1_1017' title='bbox 2929 5513 3039 5567; x_wconf 89' lang='grc' dir='ltr'>τῶν</span> <span class='ocrx_word' id='word_1_1018' title='bbox 3087 5513 3371 5586; x_wconf 80' lang='grc' dir='ltr'>κυμάτων,</span> <span class='ocrx_word' id='word_1_1019' title='bbox 3419 5516 3557 5571; x_wconf 87' lang='grc' dir='ltr'>ἀλλά</span> <span class='ocrx_word' id='word_1_1020' title='bbox 3598 5520 3668 5572; x_wconf 72' lang='grc' dir='ltr'>τά</span> 
     </span>
    </p>
   </div>
   <div class='ocr_carea' id='block_1_125' title="bbox 1978 5598 3664 5677">
    <p class='ocr_par' dir='ltr' id='par_1_125' title="bbox 1978 5598 3664 5677">
     <span class='ocr_line' id='line_1_125' title="bbox 1978 5598 3664 5677; baseline 0.005 -23"><span class='ocrx_word' id='word_1_1021' title='bbox 1978 5602 2195 5672; x_wconf 66' lang='grc' dir='ltr'>κύματα</span> <span class='ocrx_word' id='word_1_1022' title='bbox 2231 5600 2313 5664; x_wconf 86' lang='grc' dir='ltr'>είς</span> <span class='ocrx_word' id='word_1_1023' title='bbox 2348 5598 2525 5671; x_wconf 80' lang='grc' dir='ltr'>ἀφρὸν</span> <span class='ocrx_word' id='word_1_1024' title='bbox 2552 5598 2869 5665; x_wconf 90' lang='grc' dir='ltr'>διαλύουσα,</span> <span class='ocrx_word' id='word_1_1025' title='bbox 2898 5600 2976 5666; x_wconf 84' lang='grc' dir='ltr'>ὡς</span> <span class='ocrx_word' id='word_1_1026' title='bbox 3016 5601 3255 5675; x_wconf 84' lang='grc' dir='ltr'>σίδηρος,</span> <span class='ocrx_word' id='word_1_1027' title='bbox 3294 5606 3375 5670; x_wconf 77' lang='grc' dir='ltr'>ὡς</span> <span class='ocrx_word' id='word_1_1028' title='bbox 3408 5606 3623 5677; x_wconf 82' lang='grc' dir='ltr'>ἀδάμας</span> <span class='ocrx_word' id='word_1_1029' title='bbox 3648 5624 3664 5639; x_wconf 72' lang='grc'><strong><em>⁸</em></strong></span> 
     </span>
    </p>
   </div>
   <div class='ocr_carea' id='block_1_126' title="bbox 1974 5687 3668 5767">
    <p class='ocr_par' dir='ltr' id='par_1_126' title="bbox 1974 5687 3668 5767">
     <span class='ocr_line' id='line_1_126' title="bbox 1974 5687 3668 5767; baseline 0.001 -23"><span class='ocrx_word' id='word_1_1030' title='bbox 1974 5690 2177 5764; x_wconf 75' lang='grc' dir='ltr'>μᾶλλον</span> <span class='ocrx_word' id='word_1_1031' title='bbox 2196 5690 2277 5751; x_wconf 80' lang='grc' dir='ltr'>δέ,</span> <span class='ocrx_word' id='word_1_1032' title='bbox 2297 5689 2438 5760; x_wconf 85' lang='grc' dir='ltr'>ὅπερ</span> <span class='ocrx_word' id='word_1_1033' title='bbox 2468 5687 2534 5743; x_wconf 86' lang='grc' dir='ltr'>ἀν</span> <span class='ocrx_word' id='word_1_1034' title='bbox 2564 5689 2725 5753; x_wconf 78' lang='grc' dir='ltr'>εἴπω,</span> <span class='ocrx_word' id='word_1_1035' title='bbox 2760 5690 2862 5744; x_wconf 83' lang='grc' dir='ltr'>οὐκ</span> <span class='ocrx_word' id='word_1_1036' title='bbox 2883 5690 2993 5762; x_wconf 73' lang='grc' dir='ltr'>ἔχω</span> <span class='ocrx_word' id='word_1_1037' title='bbox 3032 5694 3098 5764; x_wconf 80' lang='grc' dir='ltr'>τῇ</span> <span class='ocrx_word' id='word_1_1038' title='bbox 3142 5694 3413 5767; x_wconf 81' lang='grc' dir='ltr'>καρτερίᾳ</span> <span class='ocrx_word' id='word_1_1039' title='bbox 3448 5696 3547 5766; x_wconf 84' lang='grc' dir='ltr'>τῆς</span> <span class='ocrx_word' id='word_1_1040' title='bbox 3569 5713 3668 5766; x_wconf 78' lang='grc' dir='ltr'>γυ-</span> 
     </span>
    </p>
   </div>
   <div class='ocr_carea' id='block_1_127' title="bbox 1970 5774 3670 5855">
    <p class='ocr_par' dir='ltr' id='par_1_127' title="bbox 1970 5774 3670 5855">
     <span class='ocr_line' id='line_1_127' title="bbox 1970 5774 3670 5855; baseline 0.005 -24"><span class='ocrx_word' id='word_1_1041' title='bbox 1970 5778 2160 5842; x_wconf 69' lang='grc' dir='ltr'>ναικὸς</span> <span class='ocrx_word' id='word_1_1042' title='bbox 2188 5778 2348 5844; x_wconf 80' lang='grc' dir='ltr'>ἀξίαν</span> <span class='ocrx_word' id='word_1_1043' title='bbox 2369 5774 2638 5831; x_wconf 87' lang='grc' dir='ltr'>ἐπιθεῖναι</span> <span class='ocrx_word' id='word_1_1044' title='bbox 2660 5778 3054 5851; x_wconf 86' lang='grc' dir='ltr'>προσηγορίαν.</span> <span class='ocrx_word' id='word_1_1045' title='bbox 3078 5780 3299 5855; x_wconf 84' lang='grc' dir='ltr'>Ταύτην</span> <span class='ocrx_word' id='word_1_1046' title='bbox 3318 5780 3414 5839; x_wconf 79' lang='grc' dir='ltr'>οὖν</span> <span class='ocrx_word' id='word_1_1047' title='bbox 3435 5787 3670 5855; x_wconf 86' lang='grc' dir='ltr'>γυναῖκα</span> 
     </span>
    </p>
   </div>
   <div class='ocr_carea' id='block_1_128' title="bbox 1971 5863 3670 5944">
    <p class='ocr_par' dir='ltr' id='par_1_128' title="bbox 1971 5863 3670 5944">
     <span class='ocr_line' id='line_1_128' title="bbox 1971 5863 3670 5944; baseline 0.003 -23"><span class='ocrx_word' id='word_1_1048' title='bbox 1971 5866 2206 5939; x_wconf 87' lang='grc' dir='ltr'>ἐροῦμεν</span> <span class='ocrx_word' id='word_1_1049' title='bbox 2242 5863 2321 5939; x_wconf 77' lang='grc' dir='ltr'>[ἢ]</span> <span class='ocrx_word' id='word_1_1050' title='bbox 2351 5864 2520 5935; x_wconf 76' lang='grc' dir='ltr'>ἄνδρα</span> <span class='ocrx_word' id='word_1_1051' title='bbox 2544 5864 2601 5918; x_wconf 82' lang='grc' dir='ltr'>δὲ</span> <span class='ocrx_word' id='word_1_1052' title='bbox 2631 5865 2789 5930; x_wconf 84' lang='grc' dir='ltr'>ὅλως,</span> <span class='ocrx_word' id='word_1_1053' title='bbox 2824 5866 2941 5919; x_wconf 79' lang='grc' dir='ltr'>ἀλλ’</span> <span class='ocrx_word' id='word_1_1054' title='bbox 2972 5868 3094 5939; x_wconf 73' lang='grc' dir='ltr'>οὐχὶ</span> <span class='ocrx_word' id='word_1_1055' title='bbox 3120 5872 3215 5925; x_wconf 76' lang='grc' dir='ltr'>καὶ</span> <span class='ocrx_word' id='word_1_1056' title='bbox 3246 5872 3460 5944; x_wconf 86' lang='grc' dir='ltr'>ἀνδρῶν</span> <span class='ocrx_word' id='word_1_1057' title='bbox 3486 5874 3670 5928; x_wconf 82' lang='grc' dir='ltr'>αὐτῶν</span> 
     </span>
    </p>
   </div>
   <div class='ocr_carea' id='block_1_129' title="bbox 1972 5952 3667 6035">
    <p class='ocr_par' dir='ltr' id='par_1_129' title="bbox 1972 5952 3667 6035">
     <span class='ocr_line' id='line_1_129' title="bbox 1972 5952 3667 6035; baseline -0.006 -8"><span class='ocrx_word' id='word_1_1058' title='bbox 1972 5954 2315 6027; x_wconf 72' lang='grc' dir='ltr'>ὑψηλοτέραν</span> <span class='ocrx_word' id='word_1_1059' title='bbox 2352 5954 2419 6007; x_wconf 70' lang='grc' dir='ltr'>ὲκ</span> <span class='ocrx_word' id='word_1_1060' title='bbox 2451 5952 2653 6024; x_wconf 71' lang='grc' dir='ltr'>πολλῆς</span> <span class='ocrx_word' id='word_1_1061' title='bbox 2683 5954 2783 6024; x_wconf 82' lang='grc' dir='ltr'>τῆς</span> <span class='ocrx_word' id='word_1_1062' title='bbox 2810 5960 3159 6035; x_wconf 50' lang='grc' dir='ltr'>περιουσίας</span> <span class='ocrx_word' id='word_1_1063' title='bbox 3195 5960 3262 6013; x_wconf 92' lang='grc' dir='ltr'>Τί</span> <span class='ocrx_word' id='word_1_1064' title='bbox 3282 5960 3362 6027; x_wconf 70' lang='grc' dir='ltr'>δε,</span> <span class='ocrx_word' id='word_1_1065' title='bbox 3393 5963 3526 6017; x_wconf 83' lang='grc' dir='ltr'>ὅταν</span> <span class='ocrx_word' id='word_1_1066' title='bbox 3552 5963 3667 6035; x_wconf 66' lang='lat' dir='ltr'>ten,-</span> 
     </span>
    </p>
   </div>
   <div class='ocr_carea' id='block_1_130' title="bbox 1973 6034 3668 6120">
    <p class='ocr_par' dir='ltr' id='par_1_130' title="bbox 1973 6034 3668 6120">
     <span class='ocr_line' id='line_1_130' title="bbox 1973 6034 3668 6120; baseline 0.005 -23"><span class='ocrx_word' id='word_1_1067' title='bbox 1973 6043 2168 6115; x_wconf 75' lang='grc' dir='ltr'>ἑτέραν</span> <span class='ocrx_word' id='word_1_1068' title='bbox 2214 6046 2276 6097; x_wconf 80' lang='grc' dir='ltr'>ἐκ</span> <span class='ocrx_word' id='word_1_1069' title='bbox 2330 6042 2553 6113; x_wconf 84' lang='grc' dir='ltr'>πρώτης</span> <span class='ocrx_word' id='word_1_1070' title='bbox 2607 6034 2930 6113; x_wconf 74' lang='grc' dir='ltr'>ή).ικίας’ἐν</span> <span class='ocrx_word' id='word_1_1071' title='bbox 2969 6046 3165 6120; x_wconf 81' lang='grc' dir='ltr'>ἁπαλῷ</span> <span class='ocrx_word' id='word_1_1072' title='bbox 3207 6048 3424 6120; x_wconf 87' lang='grc' dir='ltr'>σώματι</span> <span class='ocrx_word' id='word_1_1073' title='bbox 3465 6034 3668 6114; x_wconf 72' lang='grc' dir='ltr'>νύκτας</span> 
     </span>
    </p>
   </div>
   <div class='ocr_carea' id='block_1_131' title="bbox 1975 6131 3659 6211">
    <p class='ocr_par' dir='ltr' id='par_1_131' title="bbox 1975 6131 3659 6211">
     <span class='ocr_line' id='line_1_131' title="bbox 1975 6131 3659 6211; baseline 0.008 -24"><span class='ocrx_word' id='word_1_1074' title='bbox 1975 6134 2217 6197; x_wconf 76' lang='grc' dir='ltr'>ἀΰπνους</span> <span class='ocrx_word' id='word_1_1075' title='bbox 2243 6131 2557 6201; x_wconf 78' lang='grc' dir='ltr'>διάγουσαν,</span> <span class='ocrx_word' id='word_1_1076' title='bbox 2588 6132 2799 6211; x_wconf 71' lang='grc' dir='ltr'>ἡμέρας</span> <span class='ocrx_word' id='word_1_1077' title='bbox 2822 6134 3061 6203; x_wconf 75' lang='grc' dir='ltr'>ἀσίτους,</span> <span class='ocrx_word' id='word_1_1078' title='bbox 3098 6135 3339 6211; x_wconf 66' lang='grc' dir='ltr'>γαστρδς</span> <span class='ocrx_word' id='word_1_1079' title='bbox 3359 6139 3659 6211; x_wconf 65' lang='grc' dir='ltr'>ἐπιθυμίαν</span> 
     </span>
    </p>
   </div>
  </div>
