4068 6418
110 409 217 464 si?

111 537 256 587 trus.
292 532 356 578 ut
389 522 650 591 ferrum,
684 530 741 577 ttt
773 519 992 575 adamas
1021 535 1035 571 :
1066 516 1177 571 imo
1216 528 1379 577 vero,
1404 508 1661 583 quidquid
1687 506 1770 563 di-

110 634 234 675 cam
259 659 276 683 .
325 632 449 673 non
487 624 722 689 possunt
753 612 997 671 mulieris
1020 612 1203 667 virtuti
1234 610 1455 677 dignum
1488 606 1771 674 imponere

113 727 350 768 nomen.
399 710 579 767 lianc
614 709 777 781 igitur
805 708 1086 764 mulierem
1109 748 1125 771 ,
1164 720 1232 758 an
1264 700 1487 758 omnino
1530 698 1774 754 dicemus

114 820 240 860 esse
270 802 474 858 virum
500 844 519 869 ,
572 817 637 857 ac
666 816 773 856 non
810 801 989 870 potius
1020 798 1151 869 ipsis
1180 797 1312 851 viris
1342 796 1502 865 longe
1527 788 1778 862 superio-

115 912 261 953 rem.
298 894 457 963 Quid
495 909 663 959 vero,
699 893 744 948 si
783 890 987 948 videris
1020 889 1181 946 aliam
1229 890 1283 943 in
1316 886 1571 956 primaeva
1616 890 1775 938 :ctate

118 993 169 1045 in
204 1002 417 1047 tenero
450 1004 702 1060 corpore
724 989 1005 1044 insomnes
1031 994 1220 1041 noctes
1246 988 1518 1054 agentem,
1549 977 1775 1043 diesque

118 1087 241 1141 sine
264 1083 433 1148 cibo,
470 1080 697 1138 ventris
724 1079 1074 1151 cupiditatem
1100 1076 1576 1147 comprimentetn,
1609 1084 1777 1143 pecu-

120 1178 349 1231 niarum
376 1188 651 1231 amorem
688 1172 877 1246 procul
908 1171 1253 1241 abjicieutem
1275 1210 1289 1232 ,
1318 1180 1520 1236 corpus
1548 1161 1777 1217 mortifi-

122 1279 375 1334 cantem,
413 1283 659 1323 carnem
689 1265 1095 1337 crucifigeutem
1115 1306 1131 1330 ,
1161 1275 1260 1331 pro
1290 1258 1465 1316 nihilo
1490 1253 1775 1328 prtcsentia

126 1363 438 1417 habentem
465 1402 487 1429 ,
542 1360 696 1416 humi
722 1359 1059 1430 gradientem
1085 1398 1100 1423 ,
1140 1364 1198 1411 et
1223 1355 1371 1425 ipsos
1397 1350 1516 1407 excli
1543 1348 1780 1407 fornices

126 1464 492 1526 tangentem,
522 1453 827 1524 potentiam
850 1451 1170 1513 calcantem,
1188 1446 1415 1520 gloriam
1438 1441 1776 1503 irridentem.

125 1548 536 1603 celebritatem
593 1553 978 1616 respuentem,
1021 1557 1121 1612 pro
1144 1539 1328 1595 subtili
1371 1544 1521 1591 veste
1560 1547 1777 1589 saccum

130 1642 493 1704 induentem,
528 1650 725 1693 catena
750 1638 1008 1701 cinctam,
1033 1634 1272 1689 cinerem
1301 1630 1403 1685 sibi
1428 1627 1781 1683 substernen-

131 1743 265 1799 tem,
301 1748 411 1804 pro
449 1734 611 1789 lecto
637 1732 813 1787 solum
842 1730 1157 1791 habentem,
1184 1736 1238 1781 ct
1268 1724 1402 1780 nihil
1431 1719 1667 1793 amplius
1689 1733 1783 1789 pe-

136 1837 344 1883 tentem
365 1869 385 1894 ,
419 1826 478 1881 in
511 1834 748 1896 angusta
774 1821 1116 1879 domuncula
1148 1818 1413 1874 inclusam
1434 1858 1455 1883 ,
1493 1828 1616 1868 cum
1648 1825 1781 1882 pro-

136 1920 316 1988 phetis
342 1919 703 1990 loquentem,
720 1917 881 1971 vitam
909 1922 1157 1985 agentem
1182 1911 1235 1966 in
1261 1906 1613 1965 meditatione
1635 1918 1783 1960 mor—

142 2013 227 2069 tis.
258 2020 396 2066 ante
430 2010 656 2065 obitum
687 2018 983 2072 mortuam,
1010 2005 1172 2067 fame,
1205 2002 1405 2074 vigiliis
1429 2008 1485 2055 et
1528 1995 1784 2069 squalore

141 2102 512 2169 tabefactant,
567 2116 632 2157 ac
668 2100 951 2171 prtesentis
996 2099 1121 2153 vitae
1160 2095 1357 2151 fastum
1404 2091 1577 2163 magis
1620 2104 1781 2160 quam

144 2196 285 2249 sicca
314 2193 451 2248 folia
478 2194 876 2262 despicientem
908 2210 925 2248 :
956 2190 1238 2256 hanccine,
1264 2200 1471 2259 qttteso,
1500 2182 1783 2239 mulierem

144 2286 343 2341 ilices?
388 2301 591 2341 annon
640 2285 783 2339 illam
825 2301 891 2340 ex
918 2284 1158 2338 virorum
1187 2281 1350 2337 etiam
1378 2278 1570 2333 ordine
1596 2273 1784 2332 subla-

150 2387 255 2432 tam
288 2377 345 2432 in
376 2378 717 2451 angelorum
741 2376 914 2432 choro
932 2375 1158 2442 locabis,
1184 2388 1308 2443 qua:
1329 2371 1386 2428 in
1413 2367 1663 2427 muliebri
1694 2381 1788 2422 ua-

151 2479 269 2523 tura
300 2478 525 2524 tantam
559 2469 781 2525 exhibet
812 2466 1250 2540 philosophiam?

224 2561 281 2616 ι.
325 2561 547 2630 Ecquis
598 2560 683 2617 his
733 2558 1114 2616 contradicet?
1164 2557 1368 2616 nullus.
1419 2554 1559 2611 Audi
1598 2553 1789 2625 quales

156 2655 548 2723 apostolorum
582 2663 829 2725 tempore
870 2654 1130 2709 mulieres
1168 2660 1363 2709 erant:
1396 2649 1519 2705 audi
1560 2647 1787 2702 Paulum

160 2746 429 2802 Romanis
462 2749 802 2804 scribentem
845 2764 908 2805 ac
936 2748 1208 2803 dicentem
1240 2762 1255 2800 :
1298 2742 1612 2801 Commendo
1653 2742 1791 2797 vobis

164 2838 393 2894 Pharbrn
424 2858 667 2896 sororem
710 2853 932 2896 nostram
954 2872 985 2907 ,ν
1012 2841 1300 2896 ministram
1330 2836 1578 2893 Ecclesia!
1599 2852 1713 2907 qum
1737 2836 1791 2889 in

165 2932 442 2990 tlenrltreis
471 2948 575 2997 est.
592 2953 722 3007 ’φίας
744 2938 979 3008 adjutria:
1006 2936 1285 2990 multarunt
1303 2933 1405 3006 fuit
1432 2942 1479 2987 et
1508 2932 1608 2986 mei
1632 2930 1792 3001 ipsius

169 3023 347 3089 (Rom.
391 3028 480 3084 l6.
518 3029 596 3100 l).
628 3028 767 3097 Quid
795 3029 966 3090 tlicis.
998 3044 1032 3082 ο
1082 3027 1284 3082 Paule?
1329 3026 1528 3081 mulier
1557 3022 1790 3093 adiutrix

169 3125 257 3171 tua
287 3116 428 3181 fuit,
464 3136 573 3176 nec
603 3128 653 3176 te
698 3120 861 3190 pudet
888 3134 1064 3188 neque
1088 3118 1523 3205 erubescithmc
1562 3111 1794 3169 dicens?

172 3208 282 3262 Non
318 3228 408 3266 me
459 3213 667 3284 pudet.
700 3213 910 3285 inquit,
945 3213 1054 3267 imo
1098 3212 1259 3267 etiam
1303 3210 1550 3282 glorior:
1590 3205 1791 3262 etenim

174 3286 725 3379 Domittttttuquoque
756 3322 936 3362 meum
970 3324 1077 3361 non
1114 3304 1302 3375 puduit
1331 3315 1560 3358 matrem
1592 3300 1795 3355 habere

175 3400 462 3455 mulierem
496 3418 509 3455 ε
548 3400 785 3470 adjutrix
813 3408 993 3454 autem
1022 3398 1109 3452 illa
1139 3396 1271 3452 mihi
1295 3395 1392 3451 fuit
1413 3436 1427 3460 ,
1460 3409 1567 3449 non
1596 3390 1795 3475 simpli-

175 3490 307 3545 citer
332 3493 461 3561 quia
496 3492 697 3548 mulier
727 3501 843 3547 erat
862 3533 877 3555 ,
905 3489 1000 3545 sed
1028 3490 1153 3559 quia
1184 3486 1540 3559 philosophize
1569 3484 1747 3539 dedita
1776 3523 1791 3545 ,

174 3584 375 3649 pietate
402 3586 657 3641 florebat.
696 3585 761 3638 lit
784 3583 1057 3653 quomodo
1086 3580 1322 3649 adiutrix
1356 3578 1501 3634 Pauli
1528 3576 1663 3632 fuit?
1690 3591 1793 3646 qua

179 3676 316 3727 enim
349 3692 410 3731 re
447 3677 653 3747 egebat
679 3676 911 3738 Paulus,
944 3674 1033 3745 qui
1070 3673 1258 3727 orbem
1308 3668 1792 3733 circumcurrebat,

184 3768 269 3834 qui
295 3783 529 3837 corpore
562 3768 762 3823 frustra
809 3765 1270 3829 circutndahatur,
1318 3761 1796 3832 qui'nccessitales

182 3869 382 3915 natura:
412 3862 801 3925 conculcabat,
830 3860 920 3931 qui
944 3860 1221 3913 (brittanas
1254 3857 1507 3926 pellebat,
1532 3855 1621 3925 qui
1651 3871 1797 3910 mor-

187 3948 279 4003 bos
304 3968 399 4022 per
433 3956 762 4009 vestimenta
791 3953 1035 4017 curabat,
1070 3951 1224 4021 cujus
1246 3965 1432 4005 vocent
1463 3958 1517 4004 et
1546 3948 1792 4003 umbram

190 4044 448 4099 tretuebat
474 4045 749 4109 diabolus,
780 4044 868 4113 qui
900 4053 956 4097 ut
978 4044 1204 4112 angelus
1234 4041 1374 4113 apud
1407 4040 1594 4095 ﬁdeles
1626 4040 1797 4093 Itono-

193 4130 423 4195 rabatur,
456 4154 621 4205 quem
653 4137 1046 4190 reverebantur
1075 4134 1237 4188 etiam
1270 4132 1419 4198 ferte,
1456 4148 1614 4202 quem
1644 4147 1797 4187 rere-

190 4221 401 4277 rabatur
428 4245 611 4291 mare,
647 4237 697 4283 et
726 4244 847 4282 cum
899 4238 1057 4283 nocte
1086 4237 1139 4281 et
1175 4226 1263 4281 die
1294 4226 1440 4279 illam
1468 4226 1794 4295 excepisset,

194 4324 294 4365 non
322 4316 607 4373 sull‘oatvit
641 4330 853 4383 tament;
886 4320 975 4389 qui
1006 4317 1240 4389 paradisi
1269 4318 1402 4373 civis
1445 4316 1575 4383 fuit,
1622 4319 1709 4387 qui
1742 4318 1795 4373 in

193 4405 400 4460 tertium
426 4411 623 4465 (mlum
658 4422 839 4479 raptus
871 4420 989 4473 est,
1033 4410 1122 4480 qui
1151 4410 1220 4465 de
1260 4411 1472 4465 arcanis
1517 4425 1641 4465 cum
1686 4410 1797 4466 Deo

198 4502 645 4566 communicauit,
700 4502 790 4572 qui
840 4503 959 4572 plus
997 4518 1159 4572 quam
1204 4516 1395 4556 omnes
1441 4504 1669 4572 apostoli
1717 4504 1795 4558 la-

198 4583 436 4648 boravit:
472 4613 573 4650 vas
597 4595 915 4663 electionis,
960 4596 1238 4665 pronubas
1284 4594 1573 4658 Ecclesia}.
1618 4612 1797 4664 prch

201 4684 423 4747 gentium
446 4728 462 4753 ,
504 4690 598 4759 qui
632 4673 826 4743 terram
853 4698 909 4743 et
933 4704 1082 4742 mare
1106 4688 1540 4742 circumcurrens
1579 4687 1797 4743 fortitu-

202 4770 332 4826 diuis
362 4792 471 4833 sua:
498 4780 701 4849 ubique
732 4792 929 4851 tropaea
959 4782 1151 4845 erexit,
1187 4782 1275 4851 qui
1303 4796 1427 4837 cum
1458 4782 1599 4836 fatue
1626 4796 1674 4837 et
1710 4783 1796 4837 siti

205 4866 407 4927 οεδίὐυι
429 4874 721 4944 pugnabat,
751 4874 979 4943 quicum
1006 4873 1245 4927 nuditate
1268 4882 1322 4928 et
1340 4874 1540 4943 frigore
1559 4874 1796 4930 luctaba-

207 4962 301 5018 tur,
330 4970 379 5013 et
404 4962 641 5029 dicebat,
674 4964 721 5021 U
724 4964 906 5036 squein
923 4967 1053 5019 hanc
1069 4967 1249 5019 ltorant
1276 4975 1321 5019 et
1350 4967 1603 5021 esurimus
1627 4978 1671 5021 et
1687 4970 1797 5021 siti-

208 5059 308 5099 mus
329 5060 371 5103 et
392 5059 513 5109 nudi
534 5074 715 5135 sumus
740 5059 790 5126 (l
807 5097 820 5110 .
840 5058 960 5111 Cor.
990 5058 1042 5112 ι.
1070 5057 1157 5127 Η)
1178 5075 1194 5122 ;
1213 5058 1302 5128 qui
1328 5058 1530 5112 mundo
1553 5069 1797 5115 mortuus

209 5147 345 5207 em.
372 5148 762 5219 thirmortunm
809 5150 1068 5203 mumlum
1097 5164 1217 5204 esse
1246 5150 1500 5219 putabat,
1541 5151 1795 5207 caelorum

210 5227 354 5296 civis,
384 5218 815 5297 ferientissituus
848 5241 1050 5297 Christi
1080 5254 1311 5307 amator,
1343 5244 1469 5314 igne
1496 5244 1792 5311 ardentior,

216 5318 341 5377 ferro
370 5329 591 5401 firmior,
625 5336 911 5392 adamante
949 5338 1217 5392 solidior:
1267 5338 1353 5393 hic
1384 5355 1487 5392 non
1528 5340 1798 5396 erubescit

214 5409 274 5465 de
289 5421 501 5481 muliere
518 5418 724 5493 dicere,
747 5428 989 5496 Adjutria:
1006 5428 1283 5482 multorum
1304 5430 1401 5500 fuit
1423 5439 1468 5482 et
1490 5431 1588 5483 mei
1606 5432 1797 5502 ipsius?

218 5515 376 5574 "ell'le
404 5514 530 5575 dicit
563 5529 793 5585 tantum,
826 5522 921 5575 sed
962 5522 1122 5575 etiam
1155 5522 1372 5586 scribit;
1408 5538 1582 5593 neque
1611 5524 1797 5579 scribit

218 5596 528 5679 timplieiter,
558 5612 654 5667 sed
678 5612 1042 5668 Romanorum
1073 5614 1271 5684 populo
1298 5626 1464 5681 tanto,
1497 5618 1719 5671 tumenti
1742 5627 1796 5671 et

222 5685 369 5746 altum
396 5704 613 5769 sapienti
657 5713 879 5776 propter
908 5719 1167 5761 cXtcrnos
1199 5708 1433 5763 ltonorcs
1454 5750 1467 5773 ,
1513 5711 1649 5763 hanc
1676 5711 1793 5777 epi-

222 5780 393 5839 stolam
424 5797 559 5851 misit
588 5816 601 5851 :
638 5813 745 5852 non
776 5798 884 5853 illis
924 5811 1129 5857 tantum
1160 5800 1462 5868 mandavit,
1493 5800 1589 5857 sed
1631 5802 1790 5857 etiam

226 5872 408 5937 “ﬂebat
437 5897 485 5942 ut
508 5891 949 5963 generationibus
984 5898 1221 5954 \enturis
1250 5896 1363 5953 ha'c
1388 5898 1561 5967 palam
1586 5908 1788 5954 essent.

1031 402 1076 461 τ
1114 398 1429 464 ιιοιιιιιιλ,
1485 396 1574 454 DE
1613 394 1864 453 STUDIO
1905 394 2392 465 PRAESENTIL'M,
2437 396 2595 454 ETC.

3378 392 3486 450 ιω

1884 508 1996 564 Nisi
2037 510 2182 566 enim
2214 510 2319 567 ltoc
2344 510 2603 568 voluisset
2625 550 2641 578 ,
2672 510 2727 566 in
2768 508 2997 581 epistola
3024 522 3134 564 non
3165 507 3476 580 posuisset:

1874 603 1987 674 jam
2039 618 2171 661 vero
2224 606 2413 662 volens
2471 614 2530 661 nt
2577 618 2668 661 res
2719 602 2774 660 in
2820 617 3117 675 perennem
3165 601 3490 658 memoriam

1882 695 2159 763 transiret,
2190 705 2246 752 et
2272 697 2556 756 mulierem
2582 694 2848 768 appellat,
2877 708 3175 766 omnesque
3201 693 3405 751 excitat
3430 697 3495 748 ut

1882 788 1956 844 illi
1985 790 2412 861 patrocinentur,
2436 797 2599 862 atque
2621 788 2941 860 adjutricem
2962 802 3116 843 suam
3137 784 3286 844 illam
3306 794 3489 853 vocat.

1880 897 1982 937 nec
2007 897 2132 937 eum
2160 882 2325 952 pudet
2348 898 2525 954 neque
2565 881 2857 939 erubescit.
2886 880 3059 936 Tanta
3088 894 3181 937 res
3208 888 3293 936 est
3320 879 3488 937 etiam

1882 970 1935 1026 in
1964 972 2213 1030 muliebri
2244 983 2476 1047 corpore
2507 973 2862 1045 philosophus
2886 972 3120 1029 animus.
3152 972 3279 1031 llaec
3305 980 3492 1030 autem

1880 1063 2004 1120 dico
2026 1107 2042 1131 ,
2074 1074 2133 1121 ut
2160 1082 2230 1124 ne
2258 1065 2523 1123 obtendat
2550 1065 2745 1123 mulier
2768 1066 2978 1133 dicens,
3017 1065 3096 1122 Eo
3121 1067 3265 1138 quod
3296 1063 3497 1121 mulier

1881 1158 2015 1226 sim,
2064 1160 2133 1216 ad
2164 1160 2377 1232 plenam
2406 1162 2625 1217 virtutis
2671 1176 2979 1217 mensuram
3024 1176 3133 1216 non
3161 1160 3306 1215 veni.
3353 1157 3496 1215 Ecce

1884 1268 2117 1324 namque
2148 1253 2264 1309 btcc
2294 1255 2489 1311 mulier
2514 1262 2653 1322 erat,
2693 1264 2750 1311 et
2774 1268 2941 1310 sexus
2968 1252 3359 1324 impedimento
3384 1265 3497 1307 non

1876 1344 2001 1412 fuit,
2032 1346 2367 1419 seddiguata
2394 1356 2555 1404 esmt
2574 1347 2722 1404 Pauli
2744 1357 2888 1405 esset
2905 1345 3164 1418 adjutrix,
3192 1357 3356 1418 atque
3377 1346 3501 1400 ubi-

1882 1453 1990 1509 que
2012 1454 2109 1510 per
2134 1440 2322 1497 orbem
2356 1440 2705 1512 praedicatur.
2734 1439 3021 1509 Quomodo
3044 1450 3226 1495 autem
3257 1438 3375 1510 ejus
3403 1437 3503 1491 atl-

1878 1529 2052 1601 jutrix
2083 1532 2217 1588 fuit?
2244 1548 2274 1587 a
2302 1534 2560 1604 periculis
2581 1532 2814 1590 fortasse
2838 1533 3015 1605 ipsum
3041 1532 3281 1604 eripuit?
3306 1531 3503 1586 \‘incto

1884 1623 2106 1691 aderat,
2136 1624 2191 1681 in
2221 1635 2413 1682 catena
2448 1627 2623 1696 ipsum
2651 1626 3069 1693 consolabatur,
3088 1641 3270 1681 rerum
3302 1637 3501 1679 neces-

1886 1718 2152 1775 sariarum
2179 1721 2444 1779 solatium.
2474 1721 2574 1793 ipsi
2602 1721 3020 1795 suppeditabat,
3050 1734 3145 1775 eos
3167 1719 3260 1791 qui
3283 1720 3383 1791 ipsi
3414 1720 3502 1775 iu-

1887 1807 2223 1866 sidlabantur
2248 1811 2511 1879 cohibuit,
2538 1813 2606 1869 ad
2645 1822 2875 1870 mortem
2917 1827 2987 1870 se
3019 1814 3189 1884 ipsam
3221 1813 3500 1884 exposuit,

1888 1912 1946 1958 ut
1974 1903 2266 1964 abductum
2301 1906 2449 1962 illum
2473 1909 2711 1979 eriperet
2735 1923 2767 1963 a
2796 1906 3219 1963 calamitatibus.

1961 1996 2167 2056 Laudes
2198 2001 2474 2057 Priscilla.
2511 2031 2581 2044 -
2611 2000 2738 2057 Ideo
2758 2002 2921 2058 aliam
2949 2016 3165 2072 quoque
3196 2008 3317 2071 post
3349 1998 3497 2054 illam

1890 2091 2140 2149 laudibus
2169 2094 2445 2161 celebrat,
2491 2096 2577 2152 sie
2600 2096 2785 2151 dicens
2818 2113 2831 2150 :
2862 2092 3101 2151 Salutate
3130 2092 3423 2148 Priscillam
3454 2101 3506 2147 et

1890 2182 2353 2258 Aquilamfliam.
2392 2186 2482 2253 ιϐ,
2531 2187 2613 2257 5).
2658 2186 2755 2243 llic
2800 2201 3013 2259 qunque
3050 2185 3171 2239 vide
3217 2183 3501 2239 mulierem

1890 2278 2180 2349 splendore
2208 2278 2499 2351 fulgentem
2532 2298 2545 2337 :
2572 2280 2785 2336 etiamsi
2832 2280 2976 2336 enim
2999 2278 3161 2333 ambo
3193 2292 3503 2332 memoren-

1894 2382 2002 2440 tur,
2024 2374 2218 2429 mulier
2245 2382 2424 2430 tamen
2453 2374 2571 2429 viro
2611 2374 2946 2446 prmpouitur
2976 2392 2989 2428 :
3022 2388 3128 2429 non
3171 2372 3316 2429 enim
3339 2371 3503 2438 dixit,

1894 2468 2143 2539 Aquilam
2188 2477 2243 2524 et
2288 2468 2609 2534 Priscillam,
2647 2468 2766 2537 sed,
2810 2466 3109 2523 Priscillam
3150 2477 3197 2523 et
3243 2466 3503 2538 Aquilam.

1894 2561 2127 2628 Quinam
2159 2570 2339 2619 autem
2374 2564 2426 2617 hi
2468 2563 2665 2617 erant?
2694 2560 3075 2618 Tentoriorum
3130 2560 3366 2617 artifices
3389 2602 3404 2625 ,
3450 2561 3505 2616 iu

1894 2652 2112 2708 officina
2140 2664 2366 2711 stantes.
2396 2655 2504 2711 Sed
2535 2670 2708 2727 neque
2746 2671 2858 2720 ars,
2888 2670 3062 2725 neque
3094 2662 3381 2727 paupertas
3408 2653 3511 2708 itit-

1898 2746 2209 2815 pedimcnto
2237 2744 2372 2811 fuit,
2405 2747 2533 2818 quin
2568 2746 2757 2803 beatus
2805 2748 2912 2814 hic,
2968 2758 3075 2802 tota
3115 2747 3250 2803 urbe
3284 2746 3509 2817 postlla-

1896 2838 2029 2905 bita,
2063 2840 2114 2893 in
2137 2839 2472 2895 domicilium
2502 2840 2643 2896 istud
2673 2840 3064 2897 dirersaretur.
3090 2840 3201 2896 Cur
3229 2850 3284 2895 et
3312 2855 3417 2912 qua
3441 2839 3511 2896 ilo

1896 2930 2100 2985 causa?
2131 2930 2246 2985 Non
2269 2932 2393 3002 quia
2422 2932 2706 2988 columnas
2730 2932 2985 2993 habebat.
3010 2948 3119 2987 non
3144 2932 3268 3002 quia
3298 2932 3513 2987 tabulas

1897 3034 1953 3079 et
1982 3023 2160 3079 solum
2199 3024 2399 3097 lapillis
2445 3035 2695 3083 ornatum
2717 3070 2741 3093 ,
2764 3041 2866 3083 nec
2890 3028 3013 3099 quia
3044 3028 3509 3098 contignationem

1897 3132 2139 3179 auream.
2174 3133 2275 3174 nec
2302 3120 2426 3190 quia
2454 3136 2733 3176 servorum
2760 3136 2953 3192 greges
2974 3163 2988 3188 ,
3018 3123 3107 3177 vel
3134 3121 3508 3176 cunuchorum

1898 3209 2282 3277 ministerium,
2328 3212 2421 3267 s'eil
2468 3215 2701 3269 maxime
2738 3214 2859 3286 quia
2903 3214 3144 3285 ipsorum
3173 3212 3510 3270 domicilium

1900 3317 2091 3373 purum
2110 3314 2249 3363 erat.
2269 3304 2336 3359 ab
2354 3305 2438 3360 his
2452 3305 2703 3360 omnibus
2724 3322 2739 3361 :
2757 3308 2879 3375 quia
2897 3305 3159 3360 mulier-ct
3184 3306 3515 3376 riresjustis

1902 3394 2177 3451 laboribus
2203 3396 2402 3451 victum
2419 3397 2758 3468 colligentes,
2782 3397 3007 3453 domum
3038 3414 3189 3454 suam
3221 3399 3509 3454 ecclesiam

1899 3484 2177 3553 fecerant;
2210 3502 2317 3541 non
2346 3488 2640 3559 rapientes,
2666 3504 2765 3546 nec
2791 3490 3031 3547 avaritia:
3079 3488 3380 3555 studentes,
3415 3491 3513 3547 sed

1900 3581 2145 3649 Corporis
2163 3596 2327 3651 opera
2352 3582 2415 3636 ad
2458 3582 2823 3641 necessarium
2862 3593 2918 3638 et
2945 3581 3302 3640 sufficientem
3329 3585 3511 3640 cibum

1904 3680 2138 3727 utentes.
2166 3673 2289 3728 Ideo
2319 3675 2552 3729 maxime
2594 3674 2791 3731 Paulus
2822 3675 2961 3730 hanc
2998 3675 3217 3734 domum
3242 3686 3509 3749 opportu-

1902 3779 2025 3817 nam
2046 3779 2169 3821 esse
2199 3767 2403 3835 putavit
2426 3766 2492 3821 ad
2523 3766 2928 3829 dirersandum.
2962 3768 3031 3824 Et
3072 3779 3131 3824 ut
3160 3769 3338 3826 discas
3368 3773 3514 3841 quod

1902 3853 2023 3909 illos
2054 3872 2119 3911 ex
2147 3857 2342 3912 anima:
2386 3857 2581 3913 virtute
2609 3861 2915 3930 approhans
2948 3861 3018 3917 ibi
3072 3862 3359 3925 manserit,
3384 3863 3515 3916 audi

1902 3950 2182 4018 sequentia
2208 3968 2219 4001 :
2244 3950 2343 4018 Qui
2368 3970 2461 4023 pro
2478 3954 3001 4026 aninzamea,inquit,
3026 3972 3145 4011 suas
3158 3956 3514 4022 cervicessup-

1902 4054 2178 4112 posuerunt
2202 4059 2221 4097 :
2247 4044 2429 4115 quibus
2446 4062 2547 4099 non
2570 4045 2709 4100 solus
2724 4064 2813 4119 ego
2832 4048 3028 4120 gratias
3048 4066 3175 4121 ago,
3203 4050 3291 4104 sed
3316 4060 3361 4105 et
3381 4067 3513 4105 cun-

1902 4150 1997 4191 cta:
2021 4136 2264 4193 Ecclesia:
2282 4141 2524 4211 gentium.
2550 4139 2845 4199 Vitleu‘uec
2872 4142 3161 4200 femineum
3181 4159 3393 4211 sexum,
3415 4162 3514 4201 nec

1902 4242 2113 4297 artem,
2153 4248 2255 4287 nec
2304 4244 2673 4303 paupertatem
2720 4236 3065 4306 impedivisse
3128 4238 3339 4291 virtutis
3392 4252 3515 4291 cur-

1903 4326 2066 4379 sum?
2092 4327 2265 4381 riden‘
2301 4328 2618 4398 hospitalem
2663 4328 2945 4393 mulierem
2977 4342 3031 4386 et
3061 4334 3254 4394 virum,
3286 4334 3373 4403 qui
3404 4350 3509 4387 non

1903 4433 2087 4472 mensa
2135 4428 2363 4484 tantum,
2405 4421 2499 4475 sed
2531 4422 2693 4475 etiam
2723 4424 2983 4493 sanguine
3005 4422 3327 4494 Apostolum
3347 4441 3511 4479 exeo-

1906 4508 2136 4577 pcrunt?
2176 4510 2312 4579 Quid
2354 4511 2497 4565 enim
2541 4513 2605 4565 si.
2632 4530 2737 4566 non
2767 4515 2927 4568 etiam
2962 4515 3125 4569 occisi
3148 4526 3271 4569 sunt
3294 4516 3317 4569 ἲ
3341 4526 3397 4569 at
3432 4516 3508 4570 illi

1902 4618 2023 4671 qua:
2053 4619 2147 4658 sua
2181 4612 2335 4657 erant
2385 4606 2765 4675 impleverunt,
2812 4622 2874 4661 ac
2922 4606 3163 4663 viventes
3208 4619 3473 4682 martyres

1905 4694 2079 4761 fuere,
2100 4711 2163 4750 ac
2185 4711 2329 4765 saepe
2353 4708 2636 4769 martyres,
2679 4699 2767 4769 qui
2802 4714 3020 4767 semper
3050 4701 3219 4771 parati
3248 4712 3400 4757 erant
3442 4703 3509 4757 ad

1904 4787 2108 4841 eadem
2138 4788 2513 4843 StlSlillClldﬂm
2545 4806 2642 4860 pro
2685 4791 2873 4848 Paulo.
2906 4791 3020 4846 Non
3050 4794 3192 4847 enim
3220 4793 3376 4860 dixit,
3405 4794 3508 4862 Qui

1907 4880 2161 4947 pecunias
2193 4879 2593 4949 impenderunt,
2640 4884 2730 4954 qui
2760 4882 2981 4939 domum
3009 4896 3381 4954 aperuerunt;
3416 4890 3511 4941 sed

1904 4969 2045 5040 quod
2076 4971 2325 5025 omnibus
2355 4971 2529 5041 majus
2556 4984 2691 5037 erat,
2728 4974 2933 5029 caedem
2962 4987 3011 5030 et
3032 4976 3421 5047 jugulatioucm
3450 4977 3505 5032 in

1905 5063 2141 5118 medium
2168 5064 2401 5130 adducit,
2430 5076 2484 5120 ιιι
2506 5067 2733 5134 diceret,
2763 5068 2967 5124 cuidem
2999 5086 3094 5140 pro
3123 5087 3209 5125 tne
3226 5072 3505 5129 sustinen-

1904 5156 2027 5209 dam
2056 5157 2396 5225 delegerunt.
2429 5161 2665 5215 Audiant
2697 5176 2842 5215 nunc
2872 5162 3070 5218 divites
3096 5204 3108 5225 ν
3136 5164 3223 5232 qui
3257 5165 3341 5217 vix
3371 5163 3508 5218 ulto-

1907 5250 2015 5304 lutu
2050 5252 2245 5307 sanctis
2274 5263 2505 5322 erogant
2541 5270 2553 5305 :
2589 5252 2663 5306 illi
2695 5262 2748 5307 et
2777 5253 3096 5323 sanguinem
3129 5253 3429 5317 dederunt,
3460 5265 3515 5310 et

1906 5342 2068 5396 vitam
2098 5344 2263 5413 ipsam
2288 5345 2645 5412 deportabant,
2671 5355 2983 5400 utsanctum
3003 5348 3512 5418 servarentipsique

1907 5438 2275 5493 ministrarent
2309 5442 2431 5507 :qui
2462 5448 2641 5493 autem
2667 5450 2961 5509 prmsentes
2986 5450 3110 5496 sunt
3132 5457 3198 5495 ne
3226 5442 3508 5497 minimam

1904 5532 2120 5601 quidem
2144 5532 2456 5587 facultatum
2489 5546 2693 5602 partem
2718 5537 2903 5605 egenis
2934 5535 3089 5591 facile
3116 5549 3362 5607 erogcnt,
3382 5553 3507 5591 eum

1905 5625 2145 5680 Prle‘lliu
2182 5635 2236 5680 et
2271 5628 2462 5695 Aquila
2495 5636 2549 5681 et
2576 5629 2833 5697 pecunias
2882 5639 2935 5683 et
2977 5645 3206 5698 corpora
3240 5641 3294 5685 et
3343 5632 3506 5686 vitam

1905 5717 2076 5787 ipsam
2131 5715 2345 5771 darent.
2378 5716 2569 5772 Viden’
2604 5729 2804 5789 quanta
2848 5720 2919 5775 sit
2968 5721 3161 5777 mulier
3200 5720 3508 5793 philosophi

1904 5808 2109 5863 animi?
2140 5818 2375 5879 quantus
2407 5810 2474 5864 sit
2503 5811 2582 5865 vir
2612 5811 2703 5882 qui
2736 5812 2786 5865 itt
2834 5824 3151 5883 paupertate
3178 5824 3232 5870 et
3268 5825 3382 5871 arte
3410 5828 3508 5871 sua

1903 5901 2073 5957 vivit?
2122 5902 2229 5958 llos
2278 5912 2454 5959 autem
2487 5903 2793 5974 imitemur,
2842 5917 2894 5962 ct
2923 5909 3209 5980 praesentia
3242 5922 3503 5981 spernen-
