4068 6410
3784 340 3896 394 θυι

2282 466 2402 506 eum
2444 465 2628 509 sancto
2658 455 2895 526 Spiritu,
2926 477 3066 517 mine
3093 472 3148 518 et
3175 476 3390 535 scalpe"
3420 505 3437 529 ,
3486 473 3540 519 et
3582 465 3630 518 in
3669 464 3893 519 3::sz

2281 545 2621 600 accolarum.
2664 550 2856 603 Amen.

603 350 700 409 .wi
1324 339 1378 398 S.
1420 339 1696 398 ιοικΝιε
1729 334 2170 394 CIIRYSOSTOM

2271 335 2554 396 iRClliEP.
2597 337 3132 397 CONSTANTINOP.

605 474 685 516 tes
712 503 727 523 ,
771 461 945 514 otnnia
973 458 1039 514 ad
1069 457 1160 513 Dei
1191 456 1444 527 placitum
1475 456 1839 526 expendamus
1868 470 1882 507 :
1915 461 1971 507 ut
2003 448 2177 506 futura

602 568 996 622 consequamur
1023 551 1181 609 lunia.
1202 550 1379 619 gratia
1409 559 1460 603 et
1487 548 1810 617 benignitate
1835 545 2043 601 Domini
2075 559 2176 598 no-

604 646 699 699 stri
729 642 856 701 Jesu
880 642 1100 704 Christi,
1137 656 1237 712 per
1259 639 1420 709 'quem
1446 649 1498 694 et
1521 653 1644 692 cum
1672 651 1779 706 quo
1823 635 1965 692 Patri
2005 635 2169 704 gloria

600 766 2623 790 ___________________________________________

1981 838 2326 904 HOMHJA
2373 843 2482 903 νι.
3560 799 3616 812 ς.

599 993 830 1050 Homtfia
870 993 1115 1049 habitant
1137 991 1344 1045 ecclesia
1383 989 1743 1057 Apostot'oruut
1763 1027 1777 1050 ,
1889 986 1970 1039 die
1996 982 2170 1040 Theo-

668 1086 802 1140 dosii
861 1083 1227 1155 Imperatoris,
1278 1082 1518 1136 adversus
1569 1095 1656 1134 eos
1690 1078 1776 1148 qui
1819 1094 1873 1132 se
1922 1075 2172 1131 Catharos

669 1175 996 1249 appellabant
1018 1172 1096 1244 (a)
1119 1210 1139 1241 ,
1163 1181 1429 1244 postquam
1471 1171 1573 1224 duo
1595 1170 1688 1224 alii
1728 1169 1951 1240 episcopi
1979 1167 2172 1239 (aquati

669 1273 894 1341 fuerant.

666 1361 719 1415 1.
744 1358 982 1430 Ερὶιεορὶ
1003 1357 1105 1412 duo
1123 1367 1238 1412 ante
1254 1354 1980 1427 Cltrgsostomttntcontionati.
2005 1350 2171 1407 Theo-

595 1453 728 1507 dosii
755 1453 926 1523 magni
957 1451 1155 1507 laudet.
1180 1480 1251 1492 —
1277 1447 1450 1516 Quam
1476 1447 1745 1518 egregium
1791 1455 1872 1501 est
1903 1460 1998 1514 par
2042 1443 2174 1498 illud

595 1557 779 1598 ciarum
811 1543 900 1613 qui
924 1542 1125 1614 loqnuti
1151 1549 1296 1603 sunt,
1323 1555 1550 1609 quorum
1581 1539 1718 1593 alius
1741 1537 1897 1591 boum
1930 1534 2174 1591 ministeo

594 1635 677 1687 riu
714 1649 894 1689 arcam
941 1632 1138 1693 trahit,
1169 1631 1307 1686 alius
1347 1631 1609 1701 primitias
1653 1644 1962 1686 sermonum
1992 1627 2171 1684 ol'l'ert.

592 1726 706 1782 Etsi
736 1727 879 1782 enim
909 1726 1118 1781 illorum
1153 1736 1284 1783 atas
1327 1724 1539 1780 diversa
1576 1731 1678 1786 est,
1711 1732 1766 1776 at
1792 1737 1897 1777 una
1917 1729 2003 1776 est
2033 1720 2176 1791 agri-

593 1819 820 1874 cultura:
845 1819 979 1873 ratio
1008 1835 1021 1871 :
1054 1817 1164 1872 imo
1193 1832 1322 1872 vero
1345 1833 1456 1872 non
1479 1817 1689 1872 diversa
1731 1825 1862 1871 retas
1889 1825 1973 1870 est
2001 1833 2015 1868 :
2051 1829 2172 1868 nam

589 1911 775 1979 iunior
803 1906 1038 1966 senioris.
1057 1911 1371 1982 gravitatem
1413 1909 1608 1974 habet,
1650 1919 1707 1966 et
1731 1909 1910 1964 senior
1945 1907 2176 1978 junioris

593 2003 772 2072 vigore
796 2001 1028 2073 ﬂoreqtte
1060 2005 1350 2058 instructus
1377 2011 1479 2057 est.
1508 2001 1844 2071 Quapropter
1872 1998 2174 2053 nuu'aber-

529 2123 531 2126 -
595 2095 808 2155 raverit,
852 2095 940 2163 qui
971 2094 1158 2148 ambos
1189 2105 1242 2148 et
1267 2109 1424 2148 senes
1454 2103 1507 2148 et
1532 2094 1759 2162 juvenes
1786 2107 1909 2148 esse
1936 2106 2173 2161 pronun-

593 2186 824 2251 tiaverit,
844 2201 951 2240 non
975 2187 1148 2242 aetatis
1170 2187 1395 2253 ratione,
1415 2187 1506 2242 sed
1538 2187 1700 2241 animi
1722 2185 2047 2242 conditione.
2064 2187 2174 2256 Age

591 2280 840 2351 ergojam
868 2291 922 2336 et
939 2296 1034 2336 nos
1059 2296 1273 2351 quoque
1291 2281 1502 2337 demum
1529 2291 1707 2335 nostra
1725 2279 2030 2334 aderamus.
2069 2278 2175 2334 Vos

591 2375 733 2426 enim
765 2373 1015 2428 audiendi
1045 2373 1225 2428 studio
1257 2373 1584 2427 insatiabiles
1611 2388 1730 2428 esse
1775 2372 1934 2427 video
1954 2413 1966 2435 ,
1999 2387 2174 2442 neque

595 2481 759 2532 parvo
786 2480 911 2536 erga
941 2465 1153 2520 beatum
1181 2463 1540 2519 Theodosium
1584 2462 1765 2518 cilicio
1791 2462 2037 2518 obstricti
2081 2477 2174 2517 su-

593 2571 735 2622 mus,
761 2573 865 2611 non
893 2555 1012 2627 quia
1045 2556 1353 2627 Imperator,
1377 2557 1470 2611 sed
1495 2557 1619 2626 quia
1647 2558 1761 2626 pius
1787 2556 1874 2612 ille
1895 2567 2040 2619 erat;
2067 2571 2170 2611 non

594 2645 716 2716 quia
743 2662 972 2718 purpura
1003 2648 1253 2714 amictus,
1280 2648 1372 2703 sed
1405 2649 1525 2717 quia
1549 2646 1760 2702 Christo
1788 2648 2005 2703 indutus
2033 2660 2171 2713 erat,

595 2742 734 2810 quod
783 2743 1158 2796 vestimentum
1211 2758 1500 2811 numquam
1550 2743 1852 2806 veterascit,
1903 2752 1959 2796 et
2009 2743 2171 2797 lorica

590 2834 808 2900 iustitia:
836 2833 1152 2888 induebatur
1171 2875 1186 2898 ,
1214 2844 1373 2902 atque
1396 2836 1756 2888 Calceamenta
1789 2833 1991 2888 habens
2013 2848 2176 2887 evan-

593 2925 715 2992 gelii
745 2925 910 2993 pacis,
943 2934 994 2978 et
1041 2923 1273 2994 gladium
1297 2924 1532 2990 Spiritus,
1562 2926 1917 2995 clypeumquc
1949 2922 2092 2988 fidei,
2121 2932 2175 2979 et

594 3017 798 3086 galeam
826 3016 1072 3069 salutaris
1095 3014 1308 3085 (Eplm.
1338 3017 1391 3068 6.
1423 3015 1679 3086 it).Ctun
1705 3015 1784 3069 bis
1802 3017 1965 3069 armis
1994 3025 2174 3086 tyran-

597 3122 694 3162 nos
719 3110 929 3165 evertit.
979 3108 1208 3177 priorem
1235 3107 1307 3180 (b)
1338 3122 1401 3162 ac
1448 3110 1798 3177 posteriorem
1838 3126 1850 3160 :
1884 3109 2030 3163 illum
2058 3109 2177 3178 qni-

592 3203 713 3256 item
741 3202 856 3255 sine
880 3201 1064 3256 labore
1083 3211 1136 3255 et
1156 3203 1413 3272 sanguine
1429 3203 1593 3272 cepit,
1616 3217 1678 3256 ac
1701 3212 1954 3271 tropasum
1977 3202 2172 3266 erexit,

599 3295 716 3345 sine
736 3293 1004 3346 exercitus
1033 3292 1115 3348 sui
1142 3291 1286 3347 czede
1313 3293 1391 3345 vel
1414 3293 1662 3346 minima:
1687 3292 1825 3347 hunc
1850 3302 2026 3347 autem
2045 3309 2176 3346 con-

601 3402 786 3454 gressu
821 3385 978 3452 facto,
1004 3386 1150 3439 solus
1179 3386 1291 3455 ipse
1312 3385 1379 3440 de
1405 3387 1581 3441 medio
1611 3387 1842 3440 sustulit.
1867 3387 2000 3441 Cum
2029 3387 2172 3442 enim

593 3480 861 3533 exercitus
878 3480 1038 3533 ambo
1057 3479 1320 3548 utrimque
1345 3480 1398 3533 in
1421 3480 1536 3534 acie
1558 3481 1928 3550 confligerent,
1953 3497 2015 3536 ac
2040 3483 2175 3536 telo-

592 3585 706 3623 rum
737 3569 928 3622 emissa
979 3568 1156 3634 nube,
1207 3569 1525 3624 instantibus
1570 3570 1853 3625 admodum
1918 3571 2171 3636 inimicis,

586 3661 695 3727 jam
749 3662 828 3714 sui
883 3661 934 3714 in
981 3659 1158 3730 fugam
1208 3670 1649 3716 converterentur
1692 3681 1704 3716 ε
1750 3679 1812 3717 ex
1871 3679 2010 3734 equo
2080 3664 2173 3719 ille

591 3752 861 3814 exsilieus,
891 3753 1081 3824 clypeo
1109 3753 1253 3806 humi
1285 3753 1531 3822 deposito
1557 3795 1574 3819 ,
1598 3755 1823 3824 genibus
1852 3755 2004 3810 flexis
2025 3797 2038 3820 ,
2063 3772 2174 3810 ca:-

592 3843 761 3896 lorutn
784 3843 1036 3897 auxilium
1060 3828 1382 3913 postuiabat,
1398 3855 1557 3915 atque
1580 3848 1713 3901 aciei
1737 3863 1981 3917 campum
2007 3849 2175 3904 eet-le-

589 3935 681 3989 sia!
708 3933 936 3988 faciebat
962 3936 1154 4002 locum,
1187 3952 1290 3990 non
1315 3936 1617 3992 arcubuset
1650 3939 1787 4002 telis,
1819 3955 1923 3993 non
1949 3941 2168 4007 laureis,

589 4027 683 4082 sed
714 4027 962 4098 lacrymis
1004 4037 1058 4081 et
1091 4027 1334 4096 precibus
1367 4045 1606 4100 pugnans
1637 4049 1648 4083 :
1677 4033 1861 4100 sicque
1887 4044 2169 4088 ventorum

591 4120 787 4189 impetu
817 4121 993 4174 statim
1022 4119 1342 4176 adveniente
1367 4163 1382 4187 ,
1411 4123 1642 4178 hostium
1679 4125 1780 4178 tela
1809 4136 1992 4178 contra
2028 4127 2171 4195 ipsos

591 4212 772 4267 hostes
808 4213 1149 4278 ferebantur;
1200 4215 1247 4267 hi
1297 4231 1425 4269 vero
1477 4217 1708 4272 furorem
1760 4228 1920 4288 atque
1968 4220 2168 4274 ea-dem

2277 999 2447 1053 neque
2476 986 2620 1041 enim
2653 988 2754 1044 hoc
2779 988 3015 1046 dixerim
3048 1008 3170 1050 esse
3193 1006 3422 1051 mortem
3449 1039 3464 1061 ,
3497 998 3590 1053 sed
3620 1016 3900 1054 somnum

2277 1076 2558 1146 quemdam
2583 1089 2635 1135 et
2657 1082 3158 1151 peregrinationem.
3182 1086 3248 1142 Ut
3263 1089 3408 1143 enim
3430 1090 3719 1145 viventium
3736 1093 3896 1145 mul-

2279 1168 2321 1224 ti
2357 1178 2502 1237 sunt,
2529 1173 2618 1242 qui
2644 1175 2797 1244 quasi
2831 1174 2884 1230 in
2927 1179 3177 1246 sepulcro
3216 1195 3336 1236 cum
3379 1198 3607 1252 corpore
3636 1188 3898 1239 animam

2280 1261 2645 1332 deposuerunt
2677 1265 2794 1321 :sic
2822 1281 2888 1322 ex
2934 1274 3163 1324 mortuis
3211 1272 3365 1328 multi
3410 1275 3617 1341 vivunt,
3663 1278 3902 1345 justiti:

2283 1355 2547 1427 fulgentes
2575 1375 2590 1412 :
2619 1359 2757 1414 sicut
2783 1370 2836 1416 ct
2858 1361 2944 1417 hic
2972 1364 3180 1421 beatus.
3211 1366 3355 1422 Mors
3381 1370 3528 1424 enim
3559 1380 3642 1425 est
3662 1373 3896 1442 gravis-

2278 1451 2436 1513 sima.
2470 1462 2525 1506 et
2554 1468 2681 1508 vere
2709 1469 2875 1514 mors.
2900 1471 2962 1512 ea
2995 1473 3116 1527 qum
3145 1475 3210 1515 ex
3241 1473 3464 1530 peccato
3493 1465 3695 1532 paritur
3718 1506 3734 1527 ,
3766 1483 3894 1534 qua

2280 1559 2572 1613 numquam
2603 1547 2739 1600 mori
2764 1547 2892 1602 dicit
2919 1549 3011 1605 ille
3037 1566 3132 1605 eos
3158 1553 3247 1620 qui
3290 1554 3342 1607 in
3365 1569 3426 1608 se
3454 1555 3703 1610 credunt.
3735 1557 3893 1611 Nam

2279 1634 2388 1708 Qui
2405 1637 2520 1690 civit
2541 1649 2588 1691 et
2611 1641 2769 1693 credit
2792 1641 2845 1694 in
2868 1658 2967 1707 me,
2992 1643 3183 1715 inquit,
3228 1663 3331 1700 non
3359 1649 3602 1702 morietur
3645 1651 3889 1718 (a)......

2345 1727 2403 1783 2.
2437 1728 2624 1784 Contra
2645 1730 2912 1787 Cat/mror.
2944 1763 3017 1775 —-
3039 1736 3120 1789 An
3153 1738 3241 1806 qui
3273 1739 3424 1808 quasi
3453 1740 3626 1796 alatus
3673 1752 3888 1796 terram

2276 1829 2332 1876 et
2378 1836 2526 1877 mare
2569 1824 3036 1892 circumcucnrrit,
3067 1829 3158 1898 qui
3205 1830 3518 1887 innumeras
3567 1845 3758 1904 gentes
3807 1836 3892 1889 ad

2277 1911 2547 1968 Christum
2574 1915 2792 1970 adduxit
2817 1958 2830 1980 ,
2861 1918 2952 1987 qui
2979 1935 3299 1976 arcanorum
3332 1926 3713 1994 mysteriorum
3742 1943 3889 1997 par-

2277 2004 2449 2074 ticeps
2475 2004 2644 2060 factus
2689 2017 2794 2072 est,
2824 2011 2912 2078 qui
2961 2010 3014 2064 in
3062 2017 3280 2068 tertium
3319 2017 3514 2070 caalnm
3549 2030 3757 2086 raptus,
3799 2035 3887 2073 an

2279 2095 2383 2151 tale
2427 2095 2697 2166 quidpiam
2725 2098 2793 2153 de
2820 2113 2879 2154 se
2916 2101 3096 2157 dicere
3123 2119 3287 2160 ausus
3330 2107 3450 2160 est?
3477 2105 3831 2180 Nequaquam
3864 2151 3882 2170 .

2275 2190 2370 2245 sed
2399 2194 2726 2247 contrarium
2775 2210 3003 2265 prorsus
3048 2215 3061 2251 :
3100 2198 3403 2255 abortivum
3432 2218 3493 2258 se
3535 2205 3786 2265 vocabat.
3821 2217 3887 2259 et

2279 2281 2524 2337 ultimum
2561 2286 2932 2354 apostolorum
2961 2330 2976 2352 ,
3007 2304 3107 2345 nec
3150 2305 3210 2346 se
3253 2291 3474 2362 dignum
3502 2310 3627 2351 esse
3655 2297 3888 2365 putabat

2275 2374 2368 2444 qui
2415 2376 2517 2431 hoc
2558 2378 2775 2434 nomine
2829 2391 3133 2436 vocaretur.
3195 2383 3312 2439 Non
3375 2403 3488 2440 sum
3541 2389 3729 2460 dignus
3795 2391 3884 2445 in-

2275 2468 2429 2537 quit,
2463 2472 2632 2525 vocari
2660 2475 2922 2541 apostolus
2943 2474 3020 2544 (1.
3052 2477 3172 2530 Cor.
3207 2479 3294 2534 15.
3327 2480 3360 2534 9
3384 2480 3421 2548 ).
3457 2480 3714 2548 Quaenam
3743 2499 3888 2550 ergo

2277 2567 2361 2612 est
2388 2559 2501 2612 ltmc
2526 2563 2875 2631 arrogantia?
2904 2579 3152 2635 quienam
3179 2568 3433 2636 iactantia
3456 2571 3480 2624 ?
3504 2587 3752 2643 qua-nam
3791 2577 3842 2628 in
3865 2607 3883 2617 -

2276 2651 2464 2704 sauia?
2492 2655 2652 2708 homo
2681 2669 2800 2709 cum
2829 2656 2925 2721 sis,
2959 2668 3010 2713 te
3056 2659 3345 2716 Galliarum
3393 2664 3509 2718 sive
3539 2683 3728 2734 purum
3753 2684 3886 2722 esse

2276 2743 2437 2812 dicis,
2454 2757 2507 2799 et
2534 2757 2584 2802 te
2603 2764 2789 2815 purum
2813 2765 2932 2806 esse
2963 2767 3276 2820 perSuasum
3297 2755 3502 2811 habes?
3531 2768 3587 2812 et
3611 2771 3886 2829 quantum

2277 2837 2377 2894 hoc
2405 2840 2623 2896 insania:
2645 2843 2765 2898 est?
2792 2843 2923 2897 Nam
2973 2861 3095 2900 cum
3137 2857 3187 2901 te
3211 2864 3404 2918 purum
3445 2849 3602 2915 dicis,
3653 2855 3885 2922 perinde

2279 2929 2431 2993 facis,
2460 2946 2524 2986 ac
2569 2933 2612 2986 si
2649 2933 2768 3004 quis
2795 2934 2999 2990 diceret
3031 2953 3178 2994 mare
3207 2939 3457 2994 ﬂuctibus
3486 2957 3608 2998 esse
3654 2962 3882 3013 parum.

2278 3027 2659 3104 Sicutergoilli
2705 3033 2896 3086 fluetus
2950 3049 3240 3105 numquam
3280 3037 3570 3103 deficiunt,
3598 3041 3667 3094 ita
3697 3058 3884 3111 neque

2279 3119 2435 3174 nobis
2452 3132 2687 3191 peccata.
2712 3125 2906 3179 Annon
2933 3129 3071 3180 nosti
3099 3128 3315 3195 quinam
3335 3130 3523 3195 simus;
3550 3133 3882 3202 gaudentes,

2279 3224 2565 3269 niterentes
2587 3231 2605 3280 ;
2625 3214 2838 3280 divites,
2864 3224 3496 3288 pauperes;euntmne|ia
3518 3226 3717 3290 afTeeti,
3754 3229 3881 3281 tau-

2277 3306 2407 3371 dati,
2433 3307 2594 3376 puisi,
2618 3307 2761 3363 bello
2784 3311 3028 3381 impetiti,
3051 3319 3236 3384 requie
3258 3315 3517 3384 fruentes;
3541 3322 3881 3388 esurientes,

2276 3402 2491 3454 satiati?
2519 3403 2766 3458 Sexeenti
2795 3407 2995 3474 agitant
3016 3409 3246 3463 animam
3291 3424 3468 3466 moms
3495 3429 3558 3468 ac
3582 3417 3879 3485 perturba-

2279 3494 2473 3554 tiones.
2529 3506 2780 3550 sexcenta
2812 3498 3057 3567 negotia,
3087 3503 3326 3556 sexcenti
3363 3509 3611 3576 corporis
3652 3508 3833 3563 morbi
3862 3552 3880 3575 ,

2276 3597 2542 3640 sexcenta}
2592 3603 2769 3644 rerum
2812 3590 3240 3662 itumqttaiitzitcs;
3290 3605 3344 3650 et
3381 3598 3545 3652 audes
3585 3599 3768 3654 dicere
3826 3615 3885 3658 te

2280 3678 2331 3731 in
2370 3681 2556 3751 euripo
2592 3683 2944 3750 procellarum
2993 3681 3178 3740 talium
3230 3703 3421 3757 purum
3452 3692 3615 3744 esse?
3650 3703 3702 3747 et
3739 3696 3882 3763 quid

2279 3772 2534 3842 impurius
2554 3777 2712 3830 fuerit
2732 3793 2798 3832 eo
2819 3780 2908 3848 qtti
2935 3780 3003 3834 ita
3025 3780 3250 3836 aliectus
3277 3786 3401 3838 est?
3428 3785 3493 3839 Et
3517 3786 3644 3856 qttid
3668 3789 3737 3844 de
3759 3794 3882 3846 vita

2280 3875 2384 3922 tota
2414 3868 2643 3937 loquor?
2678 3870 2764 3926 dic
2795 3871 2921 3926 mihi
2950 3914 2964 3935 ,
2993 3889 3060 3928 an
3099 3874 3282 3930 dicere
3307 3880 3427 3947 quis
3463 3883 3655 3947 poterit
3686 3897 3745 3936 se
3787 3887 3878 3938 vei

2277 3974 2382 4012 uno
2411 3959 2498 4014 die
2539 3976 2726 4029 purum
2759 3965 2918 4018 esse?
2951 3966 3173 4021 Etiamsi
3201 3973 3342 4022 cuitu
3391 3986 3497 4024 non
3526 3971 3834 4028 foruicetur
3860 4019 3875 4039 ,

2277 4052 2358 4106 vel
2381 4053 2699 4108 adulterium
2733 4056 2998 4124 admittat,
3043 4061 3251 4114 etiamsi
3281 4063 3332 4115 in
3379 4065 3527 4118 nitito
3554 4066 3877 4134 bujnsmodi

2277 4141 2543 4211 prohibito
2577 4157 2794 4213 peccet,
2826 4151 3091 4216 poteritne
3121 4153 3337 4221 gloriari
3373 4197 3388 4220 ,
3420 4157 3559 4222 quod
3593 4174 3696 4210 non
3732 4176 3873 4214 tam

593 4307 882 4374 spirantes,
916 4305 1016 4359 hoc
1039 4306 1124 4357 ubi
1160 4307 1426 4368 viderunt,
1458 4310 1632 4362 statim
1661 4313 1995 4374 eoounnlati,
2030 4313 2170 4367 huic

593 4395 977 4464 imperatorem
1007 4397 1426 4465 proclamavere,
1453 4409 1507 4453 et
1537 4417 1688 4453 suum
1722 4403 1911 4458 vinctis
1947 4420 1976 4457 τι
2020 4414 2169 4475 tergo

580 4488 833 4540 'Ittﬂﬂiitlis
863 4487 961 4556 ipsi
993 4489 1342 4544 tradiderunt.
1389 4492 1463 4545 Ae
1507 4493 1768 4561 gloriosus
1809 4512 2054 4551 reversus
2085 4509 2168 4552 est

587 4582 776 4635 beatus
794 4581 1148 4646 Theodosius,
1184 4599 1288 4636 non
1315 4599 1380 4638 ex
1411 4585 1629 4639 victoria
1653 4588 1848 4654 solum,
1873 4591 1964 4644 sed
1993 4609 2054 4645 ex
2093 4610 2109 4640 \
2127 4594 2167 4644 i~

585 4674 769 4728 {tot-ia:
810 4676 986 4727 tuodo.
1013 4674 1128 4729 Non
1156 4677 1295 4728 enim
1319 4718 1332 4740 ,
1380 4678 1596 4745 perinde
1623 4687 1780 4748 atque
1806 4695 1924 4734 cum
1955 4688 2164 4737 ceteris

587 4767 1024 4835 imperatoribus,
1069 4769 1251 4836 ιωρωί
1277 4785 1395 4822 cum
1424 4770 1539 4838 ipso
1566 4772 1848 4842 participes
1868 4786 1987 4830 sunt
2027 4776 2165 4828 mili-

587 4869 703 4920 tes;
733 4857 825 4911 scd
876 4867 1041 4910 tottnn
1093 4857 1257 4926 ipsius
1307 4867 1530 4924 tantum,
1574 4871 1627 4916 et
1674 4863 1841 4932 ipsius
1887 4866 2006 4921 fidei
2043 4866 2160 4920 fuit.

587 4948 707 5001 Ideo
737 4949 909 5016 ipsum
944 4947 1193 5012 beatum,
1225 4965 1397 5018 neque
1426 4964 1690 5006 mortuum
1718 4953 1946 5010 dicimus
1980 4976 1992 5010 :
2039 4974 2159 5012 nam

588 5039 686 5104 Qui
714 5039 940 5093 crcditin
969 5055 1064 5100 me,
1096 5039 1282 5108 inquit,
1323 5042 1516 5093 etiamsi
1545 5054 1769 5098 mortuus
1798 5047 1966 5114 fuerit,
2000 5050 2162 5115 vivet;

582 5142 625 5180 ιιι
663 5132 823 5182 omnis
844 5132 924 5199 qui
954 5131 1069 5183 vivit
1095 5143 1137 5183 et
1169 5131 1324 5183 credit
1349 5135 1400 5186 iu
1426 5149 1501 5184 me
1526 5174 1537 5194 ,
1568 5150 1666 5187 non
1692 5137 1933 5191 morietur
1964 5143 1978 5206 (
2004 5140 2158 5192 Jouu.

583 5224 667 5276 tl.
698 5222 810 5292 25).
864 5223 986 5278 llarc
1013 5222 1255 5277 Christus
1276 5224 1440 5289 dixit,
1473 5225 1584 5279 haec
1609 5243 1702 5296 per
1731 5244 1891 5297 opera
1934 5230 2155 5300 fulgent.

579 5314 716 5381 Quid
738 5329 892 5383 ergo,
914 5315 1145 5384 inquies,
1173 5333 1346 5369 annon
1372 5326 1612 5371 mortuus
1639 5329 1720 5374 est
1740 5323 1761 5373 ?
1779 5322 2119 5394 Nequaquam
2145 5347 2154 5379 :

639 5542 711 5604 (a)
753 5540 991 5614 Hi__erant
1033 5539 1285 5614 lioratiani
1320 5547 1417 5614 qui
1444 5544 1846 5614 Constantinopoli
1881 5553 2154 5614 episcopum

574 5603 997 5678 sibi-“peculiarem
1035 5603 1452 5678 habebﬂn.‘)’ide
1489 5607 1724 5678 Epiphau.
1755 5603 1891 5662 'Haer.
2045 5603 2079 5664 ἱ.
2113 5619 2152 5673 f,

577 5683 618 5724 ιο.
648 5665 739 5731 ειθό
758 5679 888 5731 sqq.
917 5667 1171 5731 Augustin.
1196 5665 1270 5715 De
1296 5668 1424 5717 Hier.
1453 5665 1556 5730 rap'.
1584 5665 1657 5718 28.

639 5729 708 5788 (tt)
758 5728 890 5778 Prior
934 5729 1015 5778 ille
1049 5735 1276 5791 tyrannus
1316 5741 1419 5780 erat
1460 5728 1694 5784 Maximus
1727 5737 1970 5786 sccumlus
1997 5739 2153 5803 Euge-

575 5805 696 5838 “HIS.

2273 4234 2436 4303 gleiia
2463 4235 2619 4290 fuerit
2649 4237 2889 4305 affectus,
2915 4242 3052 4309 quod
3083 4258 3186 4296 non
3210 4249 3513 4314 arrogantia
3535 4289 3550 4310 ,
3581 4251 3723 4318 quod
3754 4269 3867 4307 non

2276 4325 2552 4394 impudicis
2580 4332 2847 4397 aspexerit
2886 4333 3054 4387 oculis
3081 4376 3094 4396 ,
3127 4337 3268 4404 quod
3302 4354 3404 4390 non
3455 4342 3686 4405 proximi
3725 4345 3870 4398 bona

2273 4421 2660 4487 ceneupiverit,
2691 4424 2830 4490 quod
2862 4441 2964 4477 lion
2995 4428 3251 4478 mentitus
3283 4429 3444 4482 fuerit
3465 4471 3478 4493 ,
3507 4432 3648 4498 quod
3679 4433 3868 4490 dolum

2273 4526 2376 4563 non
2418 4513 2709 4574 struxerit,
2741 4515 2882 4583 quod
2913 4530 3014 4568 non
3064 4517 3197 4570 mala
3228 4520 3551 4586 imprecatus
3579 4524 3650 4575 sit
3681 4527 3869 4578 uiiini~

2271 4605 2368 4662 cis.
2401 4603 2540 4671 quod
2572 4621 2674 4656 non
2707 4606 2954 4660 inviderit
2985 4610 3276 4664 amico?Si
3319 4620 3495 4666 autem
3527 4616 3569 4667 is
3609 4619 3698 4684 qui
3722 4623 3868 4671 ami-

2268 4710 2390 4748 cum
2417 4708 2592 4762 amat,
2618 4699 2749 4752 nihil
2782 4701 2954 4753 minus
2987 4699 3204 4756 habebit
3235 4719 3330 4772 pro
3351 4721 3407 4759 re
3431 4706 3544 4774 illa,
3571 4723 3731 4776 quam
3766 4727 3868 4779 pu-

2272 4788 2546 4853 blicanus;
2577 4807 2679 4858 qua
2701 4793 2851 4846 venia
2876 4793 3066 4862 dignus
3094 4796 3197 4848 erit
3221 4797 3265 4850 is
3287 4797 3377 4866 qui
3410 4800 3583 4853 amico
3613 4801 3862 4857 invidet?

2267 4883 2367 4937 Tot
2391 4885 2674 4953 absorptus
2707 4887 2860 4940 malis
2887 4887 3053 4941 audes
3081 4899 3130 4941 te
3163 4905 3352 4958 parum
3393 4891 3614 4947 dicere?
3644 4897 3714 4947 At
3762 4897 3858 4952 ho-

2269 4990 2384 5029 rum
2434 4980 2731 5047 arrogantia
2772 4994 2874 5032 IIOtt
2933 4980 3054 5033 hinc
3097 4983 3294 5047 solum,
3325 4984 3418 5038 sed
3449 4985 3666 5041 aliunde
3689 4990 3856 5042 etiam

2269 5071 2650 5125 monstrabitur
2674 5089 2686 5122 ;
2712 5087 2808 5125 vos
2844 5081 3020 5125 autem
3045 5085 3382 5145 vestramque
3403 5078 3679 5133 caritatem
3704 5096 3853 5152 rogo,

2267 5166 2382 5219 iure
2410 5166 2586 5220 omnia
2618 5176 2949 5234 reputantes,
2980 5168 3045 5219 ab
3075 5167 3284 5221 illorum
3325 5169 3581 5238 jactantia
3614 5190 3708 5228 vos
3740 5183 3856 5232 cxi-

2267 5258 2441 5317 tnatis,
2471 5266 2523 5310 et
2551 5257 2760 5310 illorum
2803 5259 3162 5328 arrogantiam
3211 5261 3501 5317 vitetiszet
3536 5280 3656 5318 eum
3707 5271 3856 5326 muni

2264 5348 2442 5402 studio
2467 5349 2666 5402 curetis
2690 5348 2940 5403 admissa
2964 5361 3177 5420 peccata
3203 5351 3443 5419 abluere.
3463 5366 3515 5411 et
3541 5360 3856 5418 accedentia

2264 5440 2585 5509 propellere.
2618 5441 2836 5495 Etiamsi
2879 5441 3022 5496 enim
3054 5443 3333 5500 innumera
3394 5462 3491 5502 nos
3517 5432 3857 5510 circumdant

2324 5681 2401 5751 (a)_
2432 5681 2518 5731 Hic
2538 5683 2650 5755 duze
2669 5685 2854 5755 paginas
2877 5683 3056 5755 deesse
3079 5687 3324 5755 ridentur.
3355 5691 3400 5739 in
3426 5693 3601 5755 quilms
3626 5693 3858 5745 ("utinam

2260 5757 2364 5822 rntn
2392 5746 2698 5806 impudentia:
2724 5747 2859 5795 Pauli
2884 5749 3018 5796 modt
3029 5756 3063 5795 st
3078 5751 3166 5797 iam
3191 5751 3316 5801 torte
3341 5746 3620 5815 Opponit-rit
3648 5758 3856 5822 Chasu-

2262 5816 2460 5854 stemus.
