4068 6420
204 443 305 498 493

195 546 361 609 mala,
408 543 459 600 si
506 542 797 613 sapiamus
850 544 904 591 et
944 531 1129 604 vigiles
1172 530 1363 593 simus,
1417 525 1714 599 poterimus
1764 533 1820 580 et

192 638 629 695 excusationem
658 614 882 689 multam
907 638 965 685 et
987 626 1195 682 veniam
1224 621 1505 691 consequi,
1539 626 1701 689 atque
1728 615 1825 672 de-

194 736 319 789 licta
343 732 614 787 abluere.

263 825 554 897 Confessio
587 832 929 895 peccatorum.
957 815 1103 871 -—Et
1130 824 1399 883 quomouo
1422 806 1473 863 id
1500 812 1819 862 eventurum

190 922 259 976 sit
287 896 419 974 audi
456 934 475 972 :
508 917 559 972 si
589 917 642 972 in
674 912 952 971 ecclesiam
993 924 1090 964 nos
1123 904 1496 965 conferamus,
1526 899 1571 954 sl
1600 896 1669 952 de
1698 911 1824 965 pce-

191 1014 331 1069 catis
380 1010 603 1065 nostris
650 1006 1101 1078 ingemiscamus,
1137 998 1181 1053 si
1226 996 1337 1066 ipsa
1386 1000 1605 1064 peccata
1652 986 1824 1043 conli-

193 1114 431 1165 ta-amur,
464 1101 513 1155 si
546 1100 920 1165 eleemosynas
959 1103 1263 1162 erogemus.
1296 1085 1344 1141 si
1390 1096 1577 1155 preces
1606 1080 1824 1135 emitta-

191 1209 345 1259 mus,
367 1193 420 1249 si
462 1192 671 1261 injuria
717 1188 938 1243 allectos
972 1185 1250 1254 juvemus.
1276 1178 1321 1233 si
1347 1173 1578 1231 inimicis
1605 1180 1822 1243 peccata

188 1286 619 1348 condonemus,
646 1283 693 1337 si
721 1281 791 1337 ob
813 1278 1005 1335 delicta
1032 1276 1295 1345 lacrymas
1324 1268 1632 1324 emittamus
1660 1281 1674 1318 :
1707 1261 1825 1317 base

188 1381 397 1453 quippe
457 1378 650 1433 omnia
706 1382 833 1430 sunt
882 1378 1226 1444 peccatorum
1282 1362 1595 1431 pharmace.
1632 1356 1819 1453 llam,

189 1448 408 1541 quaeso,
436 1469 633 1525 omnia
657 1464 881 1537 singulis
896 1462 1087 1519 diebus
1106 1467 1450 1529 apparemus,
1474 1466 1573 1506 nos
1597 1448 1823 1541 abluen-

192 1539 275 1621 tes
314 1572 377 1620 et
415 1562 803 1633 abstergentes
830 1575 844 1613 :
874 1566 929 1613 et
965 1568 1089 1610 cum
1138 1552 1223 1607 his
1265 1546 1514 1604 omnibus
1559 1557 1656 1597 nos
1702 1539 1818 1594 mi—

1021 414 1107 471 \‘ll
1146 409 1454 477 ilOlllLlA,
1500 404 1702 463 ΜΕΤΑ
1747 401 1811 460 ΙΝ
1850 404 2129 463 ΤΕΜΡΙ..Ο
2167 404 2224 462 S.
2270 401 2700 463 ANASTASLE.

3428 395 3537 455 4M

1937 537 2088 579 seros
2116 523 2468 595 praedicamus
2486 567 2503 592 ,
2533 523 2775 581 dicentes
2802 537 2900 578 nos
2923 536 3111 579 servos
3142 523 3359 580 inutiles
3394 540 3539 580 esse.

1936 614 2148 672 Etenim
2170 626 2224 672 et
2247 614 2378 672 illud
2404 630 2509 672 non
2527 630 2688 688 parva
2707 616 2916 686 species
2930 624 3011 670 est
3029 616 3400 670 exstinctimtis
3416 630 3537 687 pec-

1933 717 2199 774 catorum,
2233 708 2448 779 quando
2494 716 2634 763 bona
2664 724 2824 780 opera
2852 708 3099 775 edentes,
3125 708 3258 765 nihil
3289 724 3541 783 magnum

1932 800 2002 855 de
2031 798 2322 872 uobisipsis
2350 800 2611 871 sapimus,
2642 810 2701 857 ut
2729 818 2797 857 ne
2820 815 2881 856 ea
2913 801 3180 871 patiamur
3200 844 3214 866 ,
3244 817 3365 872 qua:
3394 801 3539 859 Pha-

1933 895 2124 949 rismus
2152 894 2260 949 ille.
2296 894 2353 951 Si
2379 894 2458 949 sic
2486 903 2667 950 nostra
2696 895 3093 966 dispensemus,
3124 894 3419 965 poterimus
3442 896 3539 950 nti-

1931 986 2282 1042 sericordiam
2312 996 2367 1043 et
2393 988 2602 1044 veniam
2625 988 2883 1059 consequi
2915 987 2968 1042 in
3000 987 3089 1043 die
3115 988 3205 1044 illa
3234 988 3540 1055 tremenda,

1930 1085 1986 1133 et
2008 1080 2285 1148 promissis
2308 1079 2515 1152 dignari
2542 1080 2697 1136 bonis
2723 1099 2737 1134 :
2765 1080 2961 1151 quibus
2990 1079 3194 1162 utinam
3226 1096 3324 1135 nos
3353 1096 3543 1137 omnes

1931 1168 2195 1235 fruamur,
2240 1170 2409 1240 gratia
2454 1180 2510 1227 et
2556 1171 2885 1242 benignitate
2934 1171 3145 1226 Domini
3198 1172 3368 1227 nostri
3409 1171 3541 1227 Jesu

1930 1258 2128 1315 Christi
2151 1301 2168 1327 ,
2196 1274 2293 1332 per
2318 1278 2480 1333 quem
2506 1271 2561 1318 et
2586 1278 2708 1318 cum
2742 1278 2848 1332 quo
2876 1262 3020 1318 Patri
3047 1262 3239 1334 gloria,
3283 1278 3388 1318 una
3414 1279 3537 1319 cum

1929 1361 2119 1408 sancto
2147 1351 2367 1423 Spiritu,
2398 1369 2541 1410 nunc
2565 1364 2619 1410 et
2644 1370 2882 1425 semper,
2913 1362 2969 1409 et
2996 1354 3047 1408 in
3080 1354 3277 1409 sarcula
3306 1355 3531 1411 sarculo-

1927 1460 2071 1500 rum.
2094 1447 2289 1502 Amcn.
2618 1496 2621 1497 ν
2678 1456 2681 1467 ‘

198 1654 3513 1698 —____—__—____—-—————-——————__-‘—'———__—_-‘—.

1627 1713 1979 1782 HOMILIA
2022 1714 2161 1776 Vll.

306 1914 560 1970 Homilia
585 1909 757 1966 habita
781 1910 833 1962 in
861 1904 1049 1975 templo
1078 1908 1270 1957 sancta:
1298 1890 1585 1949 Anastasio:
1609 1883 1707 1958 (a).

268 2013 319 2063 1.
352 2004 612 2061 Modicus
630 2010 716 2056 est
735 1997 1078 2070 praesentium
1103 1998 1422 2050 conventus,
1448 1981 1543 2039 sed
1566 1991 1816 2049 magnum

196 2098 544 2153 desiderium
579 2114 592 2151 :
625 2103 949 2167 quapropter
976 2103 1074 2144 nec
1104 2083 1346 2139 modicus
1388 2084 1685 2134 conventus
1711 2079 1816 2126 est.

199 2192 314 2247 Non
334 2192 488 2246 enim
526 2186 924 2245 multitudinem
949 2194 1235 2250 corporum
1258 2173 1568 2246 querimus,
1589 2165 1683 2221 sed
1703 2163 1821 2217 ani-

199 2301 347 2339 tnum
364 2291 759 2353 praeparatum,
785 2286 1020 2333 mentem
1037 2272 1138 2327 alis
1158 2270 1495 2329 instructam,
1516 2260 1818 2347 auditorem

203 2351 441 2432 terrenis
466 2351 726 2428 omnibus
743 2369 1135 2425 sublimiorem.
1162 2362 1219 2418 Si
1246 2360 1331 2415 vel
1354 2373 1490 2413 unus
1509 2354 1629 2410 talis
1650 2352 1736 2416 sit,
1763 2351 1818 2406 id

201 2469 557 2525 concionanti
584 2466 715 2522 satis
741 2478 862 2520 esse
890 2461 1077 2532 possit.
1100 2457 1313 2513 Etenim
1335 2452 1671 2509 Samaritana
1703 2463 1819 2501 mu-

202 2559 302 2615 lior
332 2570 388 2614 et
419 2562 586 2629 inops
615 2568 731 2612 erat
757 2566 812 2610 et
836 2554 1045 2623 impura
1071 2560 1127 2606 et
1152 2547 1451 2615 alienigena
1480 2560 1496 2608 ;
1530 2553 1820 2608 tamenque

205 2653 351 2706 ortus
406 2652 645 2705 Domino
682 2648 837 2718 digna
884 2645 996 2699 visa
1048 2650 1132 2698 est
1156 2652 1275 2711 quae
1302 2636 1473 2707 longis
1520 2634 1627 2688 illis
1673 2634 1819 2685 frue-

210 2758 355 2799 retur
398 2736 1141 2809 sermonibus(Joan.c.4):
1174 2742 1229 2788 et
1274 2730 1364 2785 ille
1409 2727 1625 2800 quidem
1676 2738 1821 2793 saepe

209 2846 346 2892 tuter
392 2835 631 2907 populos
672 2832 922 2888 Judaicos
951 2826 1217 2893 circuivit,
1245 2834 1337 2878 aut
1369 2838 1475 2877 non
1514 2820 1817 2887 alloquens,

210 2937 299 2981 aut
326 2941 645 2982 sermonem
679 2924 1041 2985 adumbratis;
1087 2917 1293 2973 mulieri
1322 2924 1500 2969 autem
1533 2910 1775 2965 barbara-
1799 2948 1817 2975 ,

210 3038 328 3088 qtae
353 3023 601 3091 Quinque
626 3020 769 3073 viros
800 3019 1081 3079 habuerat,
1110 3022 1164 3068 et
1193 3026 1316 3066 cum
1362 3018 1516 3063 sexto
1544 3004 1820 3072 illegitime

214 3112 510 3180 habitabat,
530 3113 630 3167 soli
651 3111 987 3180 loquebatur,
1007 3094 1128 3161 eum
1151 3101 1443 3171 discipulos
1465 3096 1818 3175 dc'iudustria

216 3208 263 3258 iu
292 3206 467 3261 forum
499 3207 757 3269 misisset,
792 3213 846 3256 ut
875 3217 941 3256 ne
970 3215 1091 3254 mox
1120 3194 1436 3266 capiendam
1466 3188 1700 3261 praedam
1725 3187 1819 3242 ab—

214 3308 493 3353 stt-rreret.
514 3298 685 3354 Tanta
718 3294 945 3351 Domino
971 3291 1119 3345 orbis
1139 3289 1223 3343 vel
1249 3301 1344 3356 pro
1362 3299 1464 3338 una
1492 3282 1669 3337 anima
1698 3296 1820 3350 pro-

218 3392 448 3447 ridentia
476 3400 630 3457 erat,
660 3392 703 3445 si
727 3390 962 3444 animum
992 3395 1045 3440 et
1073 3383 1402 3438 alacritatem
1456 3376 1722 3432 inveniret
1751 3373 1818 3429 ad

217 3483 543 3539 audiendum
577 3481 870 3553 proclivem
895 3521 909 3545 ,
932 3493 1091 3547 quam
1124 3473 1211 3529 illa
1241 3482 1369 3526 tunc
1394 3467 1706 3526 exhibebat.

288 3576 643 3631 Samaritana:
662 3574 858 3629 laudes.
873 3601 946 3613 -—
963 3571 1035 3624 Ex
1066 3568 1348 3622 meretrice
1370 3565 1530 3633 igitur
1550 3558 1819 3629 evangeli-

218 3681 295 3722 sta
334 3668 473 3723 facta
507 3679 591 3724 est
614 3709 631 3734 ,
660 3678 780 3738 post
806 3666 896 3720 illa
927 3663 1027 3718 sibi
1054 3661 1213 3715 allata
1243 3666 1552 3729 argumenta
1578 3654 1820 3709 clamans

221 3772 269 3814 et
290 3762 474 3817 dicens
498 3780 511 3815 :
556 3761 748 3824 Venite,
772 3758 931 3813 videte
956 3755 1228 3819 hominem,
1246 3753 1331 3823 qui
1353 3752 1482 3806 dixit
1505 3750 1629 3802 mihi
1647 3747 1819 3802 omnia

219 3870 548 3928 quietumque
602 3850 1017 3929 fecinutmquid
1068 3849 1179 3919 ipse
1230 3857 1302 3901 est
1352 3842 1627 3899 Christus?
1673 3840 1819 3897 Illius

226 3944 379 4001 \itam
412 3949 744 4007 traduxerat,
793 3946 1015 4013 ejusque
1065 3948 1283 4011 peccata
1331 3940 1381 3992 in
1433 3936 1667 3990 medium
1719 3934 1817 3988 ad-

223 4039 464 4107 duxerat,
495 4044 680 4097 dicens
710 4055 727 4097 :
760 4040 992 4107 Quinque
1016 4036 1150 4091 enim
1182 4035 1310 4088 viros
1336 4031 1579 4095 habuisti,
1612 4038 1658 4083 et
1685 4044 1819 4081 nunc

225 4147 361 4197 quem
405 4136 581 4197 habes,
631 4150 730 4186 non
779 4141 850 4185 est
880 4140 996 4183 tuus
1023 4128 1117 4181 vir.
1169 4128 1241 4181 At
1280 4125 1369 4180 illa
1414 4123 1658 4177 convicta
1711 4135 1815 4174 non
1843 4158 1854 4174 .

228 4227 462 4290 perculsa
516 4228 632 4293 fuit,
681 4225 775 4280 sed
824 4226 966 4277 illam
1006 4222 1254 4276 Christus
1295 4219 1362 4274 ad
1407 4218 1663 4287 majorem
1692 4230 1816 4285 erga

229 4333 282 4369 sc
326 4313 857 4377 ail‘ectum'attraxit.
905 4317 1063 4372 Tales
1115 4314 1311 4385 quippe
1351 4320 1477 4367 sunt
1542 4325 1820 4381 generosae

229 4413 414 4467 anima:
444 4433 456 4469 :
488 4432 555 4469 ex
588 4413 799 4473 iisdem,
828 4412 1025 4481 quibus
1052 4408 1393 4463 oﬂ’enduutur
1420 4405 1533 4465 alii,
1570 4404 1673 4458 illm
1699 4417 1820 4457 cor-

233 4501 485 4569 riguntur.
519 4506 651 4560 Nam
683 4505 726 4558 si
768 4520 830 4559 ex
887 4506 1212 4571 ingratorum
1258 4514 1483 4553 numero
1533 4496 1743 4561 fuisset,
1776 4493 1820 4549 si

231 4597 485 4665 com-icta,
520 4598 761 4667 perculsa
792 4594 999 4652 fuisset.
1035 4592 1331 4647 resiluisset
1361 4583 1571 4644 iu'iram
1596 4599 1650 4644 et
1678 4590 1819 4642 indi-

234 4689 530 4751 gnationem
555 4689 830 4743 comitata.
866 4688 934 4741 At
965 4686 1050 4738 illa
1079 4696 1195 4753 post
1221 4685 1619 4738 accusationem
1653 4682 1822 4751 magis

224 4779 431 4837 addicta
458 4784 666 4839 doctori
701 4783 775 4845 ﬁt,
809 4792 862 4837 et
907 4780 974 4833 de
1019 4778 1300 4833 altioribus
1345 4778 1505 4831 rebus
1538 4778 1707 4844 ipsum
1745 4776 1823 4827 in-

238 4878 489 4945 terrogat:
515 4877 649 4930 dixit
668 4876 808 4928 cnim
836 4892 848 4926 :
882 4871 1040 4925 Video
1061 4871 1199 4939 quod
1220 4870 1464 4940 propheta
1481 4885 1530 4920 es
1548 4878 1637 4930 tu;
1664 4878 1823 4935 atque

238 4978 293 5015 εἴ
340 4979 678 5033 peccatorum
709 4981 927 5019 suorum
966 4964 1174 5027 notitia,
1202 4973 1257 5014 ut
1292 4959 1400 5029 jam
1432 4974 1621 5029 gnara,
1656 4960 1823 5028 magis

240 5052 399 5114 ipsum
417 5060 714 5113 admiratur
726 5057 1153 5123 sciscitaturque.
1183 5052 1307 5107 ila‘c
1325 5051 1517 5105 aninne
1536 5060 1690 5106 erant
1707 5065 1826 5119 qua:

244 5144 595 5221 IlitliOSOPllﬂl‘i
621 5150 850 5203 volebat.
874 5146 1058 5215 Neque
1075 5148 1217 5200 enim
1242 5146 1439 5215 aliquid
1462 5143 1827 5212 interrogabat

244 5237 302 5291 tle
316 5243 655 5299 secularibus
677 5243 858 5303 rebus,
881 5241 1290 5310 uottchpibus,
1313 5254 1417 5292 non
1438 5238 1503 5292 de
1523 5217 1827 5291 valetudine

246 5337 508 5399 ('Ot‘poris,
561 5352 665 5389 non
714 5334 782 5388 de
834 5332 1149 5388 exetttivuda
1216 5339 1558 5401 paupertate.
1611 5330 1709 5382 etsi
1774 5330 1825 5382 in

248 5436 464 5483 extrema
492 5430 717 5496 degebat
741 5429 938 5495 inopia;
964 5426 1057 5481 sed
1076 5426 1143 5481 de
1164 5425 1331 5479 sacris
1369 5424 1597 5491 legibus,
1628 5422 1692 5476 de
1721 5424 1825 5475 vita

253 5518 515 5588 majorum,
562 5523 627 5575 de
657 5521 909 5591 religioso
956 5530 1161 5590 patrum
1191 5518 1359 5585 cultu,
1397 5516 1619 5572 dicens:
1647 5514 1828 5569 Patres

281 5769 288 5779 ,
314 5713 377 5767 (α)
405 5716 537 5779 inter
562 5717 689 5765 hanc
711 5722 764 5764 et
789 5714 1156 5779 praecedentem
1194 5710 1444 5779 homi'ia‘m
1466 5714 1515 5762 in
1543 5711 1723 5779 Codice
1753 5713 1829 5761 Va-

260 5774 405 5824 tit'atto
428 5778 641 5829 habetur
670 5774 870 5827 bomilia
898 5783 1064 5825 contr.-
1093 5774 1177 5836 bip

264 5896 378 5947 tario
406 5896 616 5967 legenda
642 5896 758 5952 Sunt
784 5914 896 5963 quae
924 5913 970 5948 tu
1000 5900 1183 5948 Monito
1209 5901 1439 5948 diximus.

1182 5774 1401 5837 podromi
1438 5781 1491 5825 et
1524 5776 1703 5823 theatri
1728 5788 1843 5837 spe-

263 5839 450 5903 flacttla,
475 5854 623 5903 quam
643 5842 743 5902 jam
772 5837 1193 5903 ediditntts_'l‘otn.
1224 5838 1302 5903 ΥΙ.
1332 5838 1467 5887 Circa
1504 5840 1637 5888 illam
1664 5852 1842 5886 neccs~

1930 1881 2092 1935 nostri
2111 1882 2164 1935 in
2185 1892 2355 1936 monte
2378 1882 2473 1939 hoc
2497 1884 2840 1939 adorarerunt
2862 1898 2881 1939 :
2898 1894 2943 1938 et
2966 1882 3220 1953 quomodo
3239 1898 3326 1935 eos
3341 1879 3533 1941 dicitis,

1929 1974 2418 2047 quodJerosolymis
2432 1977 2575 2031 locus
2591 1986 2664 2031 est
2681 1976 2763 2030 ubi
2782 1986 2980 2048 Oportet
2998 1974 3219 2029 adorare
3245 1974 3264 2048 (
3294 1972 3453 2029 Joau.
3476 1973 3532 2027 4.

1926 2066 2060 2131 20)?
2090 2072 2265 2138 Atque
2282 2069 2334 2121 iu
2359 2068 2637 2141 prooemiis
2660 2067 2762 2124 hoc
2780 2070 2953 2139 ipsum
2974 2067 3125 2136 facit,
3145 2066 3364 2123 dicens:
3391 2067 3536 2133 Quo-

1927 2160 2079 2214 modo
2108 2172 2161 2214 tu
2192 2161 2361 2216 bibere
2387 2178 2420 2215 a
2448 2178 2527 2215 me
2550 2162 2719 2232 poscis
2745 2203 2760 2228 ,
2790 2178 2906 2231 qua:
2931 2178 3044 2215 sum
3070 2160 3254 2215 mulier
3294 2159 3534 2215 Samari-

1927 2262 2049 2306 tana
2070 2253 2097 2307 ?
2126 2255 2199 2307 ita
2228 2253 2515 2309 sollicitam
2556 2253 2790 2309 habebat
2832 2253 3100 2314 animam,
3130 2262 3185 2308 et
3212 2251 3278 2305 ad
3307 2252 3535 2307 salutem

1929 2356 2189 2416 paratam.
2230 2345 2355 2402 Ideo
2384 2348 2544 2402 etiam
2578 2347 2622 2402 is
2650 2348 2739 2419 qui
2771 2337 2965 2402 a‘rcaua
3000 2346 3195 2401 mentis
3226 2345 3414 2409 novit,
3449 2344 3535 2396 itt-

1927 2450 2085 2496 veuta
2112 2440 2293 2511 pingui
2316 2450 2481 2504 terra,
2506 2439 2652 2510 larga
2674 2455 2837 2494 manu
2858 2426 3066 2494 seinina
3093 2439 3244 2509 jecit,
3276 2438 3535 2508 paultuim

1930 2535 2073 2590 illam
2096 2533 2333 2604 erigens.
2355 2532 2479 2588 Hmc
2510 2535 2689 2589 omnia
2720 2548 2750 2587 a
2782 2548 2868 2588 me
2888 2531 3030 2587 dicta
3058 2540 3207 2597 sunt,
3231 2540 3289 2586 ut
3316 2531 3539 2587 discatis

1928 2642 2033 2681 non
2068 2623 2336 2679 modicum
2366 2624 2521 2680 nobis
2548 2623 2741 2680 adesse
2786 2634 3137 2678 conventum.
3186 2622 3319 2679 Nam
3351 2623 3396 2677 si
3426 2623 3538 2677 illic

1929 2736 2029 2774 una
2058 2720 2255 2774 mulier
2307 2717 2585 2774 sufﬁciens
2616 2718 2713 2773 fuit
2742 2717 3069 2772 auditorium
3099 2760 3115 2783 ,
3145 2717 3317 2771 multo
3368 2717 3537 2785 magis

1930 2829 2049 2879 nos,
2074 2821 2154 2868 tot
2178 2813 2344 2880 viros,
2376 2821 2453 2867 tot
2480 2812 2736 2867 mulieres
2764 2820 3075 2873 cernentes,
3106 2824 3228 2866 cum
3260 2809 3538 2864 alacritate

1930 2918 2095 2971 tanta,
2129 2922 2237 2962 non
2278 2921 2473 2977 segnes
2504 2907 2743 2970 erimus,
2775 2904 2869 2960 sed
2900 2912 3161 2958 consueta
3194 2911 3408 2956 utemur
3434 2901 3535 2954 do—

1926 3000 2121 3053 ctrina.
2153 2997 2208 3054 Si
2238 3012 2473 3068 namque
2518 2998 2831 3067 augelorum
2882 2996 3163 3061 Dominus,
3206 3009 3367 3066 quem
3413 3009 3536 3047 cum

1929 3093 2155 3147 horrore
2176 3100 2414 3147 tremunt
2437 3090 2753 3155 Cherubim,
2770 3106 2877 3144 non
2904 3090 3175 3144 recusavit
3195 3087 3536 3142 meretricem

1926 3186 2209 3241 mulierem
2239 3184 2408 3240 solam
2436 3184 2634 3255 alloqui
2660 3226 2673 3250 ,
2704 3198 2864 3253 quam
2897 3181 3299 3238 excusationem
3329 3221 3343 3241 .
3373 3196 3535 3249 quant

1927 3281 2138 3334 veniam
2169 3293 2523 3349 assequamur
2555 3292 2676 3343 nos,
2707 3277 2752 3332 si
2783 3286 2989 3331 tantum
3018 3284 3346 3331 conventum
3398 3290 3538 3345 pra--

1925 3372 2339 3428 tcrcurramus?
2392 3371 2504 3441 Age
2551 3383 2722 3439 ergo,
2777 3378 3092 3423 consuetam
3144 3381 3332 3420 rursus
3387 3366 3540 3420 vobis

1927 3479 2168 3518 mensam
2198 3476 2520 3534 apparetnus
2546 3504 2560 3527 ,
2584 3472 2847 3517 craterem
2877 3469 3177 3516 statuamus
3199 3502 3213 3527 ,
3244 3471 3299 3514 et
3328 3474 3537 3514 merum

1925 3558 2263 3614 cil'uudamus
2294 3601 2307 3624 ,
2354 3557 2659 3613 convivium
2716 3559 3062 3616 instituentes
3107 3556 3408 3623 Spirituale.
3441 3554 3537 3610 lla:

1926 3654 2125 3720 quippe
2150 3665 2344 3705 carnes
2374 3666 2482 3705 non
2516 3657 2758 3704 ventrem
2788 3649 3119 3717 dirumpunt,
3156 3648 3250 3703 sed
3299 3657 3537 3704 mentem

1928 3746 2211 3799 nuntiunt:
2240 3744 2341 3799 hoc
2364 3744 2546 3798 viuum
2573 3760 2679 3798 non
2703 3752 2973 3796 amentem
3000 3742 3177 3797 reddit
3199 3740 3537 3805 auditorem;

1927 3838 2035 3892 imo
2075 3838 2286 3892 ebrium
2334 3836 2634 3906 sapientem
2686 3836 2885 3891 reddit.
2914 3834 3062 3889 Talis
3090 3834 3234 3889 enim
3264 3844 3347 3889 est
3379 3834 3540 3903 hujus

1927 3947 2129 3985 ntensm
2160 3940 2370 3993 natura,
2399 3944 2517 3999 quae
2548 3943 2646 3998 pro
2677 3929 2855 3983 omnis
2884 3927 3103 3999 generis
3129 3937 3401 3980 armatura
3441 3942 3539 3979 no-

1926 4024 2009 4079 bis
2058 4025 2190 4080 satis
2235 4038 2358 4078 esse
2412 4024 2602 4092 possit.
2658 4020 2870 4076 Etenim
2917 4020 3086 4074 armis
3134 4034 3349 4088 quoque
3379 4018 3536 4072 nobis

1926 4134 2063 4189 opus
2108 4128 2214 4184 est,
2244 4118 2500 4187 quoniam
2548 4116 2750 4171 bellum
2803 4123 2886 4168 est
2929 4114 3084 4167 nobis
3131 4111 3395 4180 quotidie,
3428 4126 3535 4165 non

1926 4225 2112 4270 contra
2157 4212 2403 4267 homines
2448 4224 2824 4281 congeneres,
2858 4205 2953 4261 sed
2996 4215 3185 4260 contra
3236 4204 3537 4259 invisibiles

1927 4315 2221 4377 potestates
2245 4348 2260 4370 ,
2291 4316 2479 4360 contra
2510 4304 2805 4374 phalangas
2833 4300 3143 4355 darmonum
3171 4341 3184 4362 ,
3215 4298 3385 4370 magis
3415 4299 3541 4352 bar-

1930 4400 2273 4468 barasquam
2328 4397 2548 4462 hostes;
2607 4407 2799 4450 contra
2837 4402 3127 4450 tvrannum
3175 4390 3542 4445 irreconcilia-

1929 4492 2130 4558 bilem,
2187 4490 2525 4561 implacabile
2572 4488 2770 4543 bellum
2834 4484 2991 4539 nobis
3049 4484 3394 4547 inferentem,
3447 4483 3539 4552 qui

1931 4603 2037 4640 non
2086 4596 2297 4655 tempus
2351 4584 2475 4641 belli
2527 4582 2681 4637 nobis
2731 4579 3075 4649 prmnuutiat,
3125 4592 3300 4647 neque
3328 4586 3535 4645 aperte,

1929 4678 2023 4733 sed
2054 4680 2263 4735 osculte
2305 4678 2460 4730 nobis
2506 4676 2607 4728 tela
2654 4674 2837 4727 utiltit.
2872 4671 2985 4725 Iloc
3033 4672 3214 4740 itaque
3245 4668 3441 4722 bellum
3469 4669 3542 4720 si-

1928 4771 2188 4843 gniﬁcans
2219 4758 2404 4824 beatus
2436 4767 2657 4831 Paulus,
2682 4766 2829 4831 orbis
2859 4764 2988 4826 dux,
3014 4762 3285 4817 clamabat
3314 4761 3536 4814 dicens:

1931 4863 2010 4918 De
2038 4874 2220 4918 cetera
2247 4903 2262 4925 ,
2296 4862 2480 4929 fratres
2507 4902 2521 4922 ,
2553 4857 2915 4930 confortamini
2943 4858 2995 4909 in
3030 4855 3270 4919 Domino,
3296 4863 3341 4905 et
3368 4853 3419 4905 in
3449 4870 3541 4920 po-

1934 4960 2091 5012 tentia
2115 4958 2316 5011 mrtntis
2347 4962 2455 5027 ejus
2487 4956 2503 5024 (
2532 4954 2724 5025 Ephes.
2775 4954 2828 5007 6.
2890 4952 3031 5021 10);
3064 4961 3117 5005 et
3146 4964 3332 5005 rursus
3376 4949 3498 5001 alibi
3521 4990 3536 5006 .

1938 5048 2059 5104 Non
2090 5050 2224 5103 enim
2255 5060 2323 5102 est
2352 5048 2493 5102 nobis
2524 5048 2818 5120 colluctatio
2865 5048 3108 5099 adversus
3155 5045 3454 5113 sanguinem
3495 5053 3542 5094 et

1933 5162 2160 5206 carnem,
2186 5144 2273 5198 sed
2304 5142 2548 5195 adversus
2570 5140 2891 5207 principatus
2921 5148 2968 5190 et
3000 5149 3270 5207 potestates
3297 5146 3341 5190 et
3366 5137 3543 5187 mundi

1934 5248 2151 5291 rectam
2180 5237 2497 5289 tenebrarum
2523 5234 2676 5303 hujus
2704 5232 2880 5286 manli
2904 5231 2920 5301 (
2949 5229 3028 5285 Η).
3055 5248 3100 5283 v.
3126 5229 3253 5299 12).

2007 5332 2063 5383 9..
2096 5328 2340 5383 Vidistin‘
2361 5326 2879 5397 quomotlomilitum
2906 5323 3117 5378 animos
3149 5324 3375 5377 incitat?
3407 5340 3544 5391 quu-

1941 5424 2103 5479 modo
2147 5430 2381 5476 mentem
2433 5420 2626 5490 erigit?
2675 5420 2948 5489 quomodo
2976 5428 3149 5471 armat
3199 5418 3497 5471 exercitum
3530 5458 3546 5481 ,

1940 5516 2205 5586 ignaviam
2274 5512 2597 5569 exscindens
2681 5521 2990 5581 metumque
3070 5510 3337 5579 cjicicns?
3412 5507 3546 5577 Quia

1940 5610 2083 5666 enim
2128 5610 2242 5663 ba-e
2269 5606 2375 5661 duo
2404 5606 2635 5659 maxime
2666 5606 2715 5658 in
2750 5605 2904 5660 bellis
2956 5604 3152 5658 milites
3187 5602 3442 5673 produnt.
3503 5603 3545 5653 si

1942 5721 2010 5759 ex
2064 5718 2259 5773 pavore
2328 5700 2693 5755 fortitudinem
2755 5699 3025 5769 prodant,
3075 5708 3130 5752 et
3196 5697 3240 5750 si
3306 5695 3552 5751 eusttxlia

1944 5799 2183 5868 neglecta
2216 5795 2554 5851 occasionem
2599 5794 2728 5849 dent
2770 5792 2911 5847 hosti
2954 5808 3015 5848 se
3063 5792 3308 5845 ineantos
3361 5804 3547 5859 aggre-

1947 5890 2123 5947 dicndi
2158 5908 2166 5939 :
2202 5902 2373 5958 neque
2401 5886 2543 5940 enim
2580 5886 2623 5941 is
2667 5891 2756 5958 qui
2789 5900 2947 5957 supra
2996 5884 3211 5945 modum
3270 5884 3414 5938 timet
3445 5924 3456 5945 ,
3486 5882 3550 5935 azl
