4068 6408
538 353 641 410 895

535 500 732 555 bellum
762 497 984 553 idoneus
1027 495 1221 562 fuerit,
1276 511 1396 551 cum
1446 512 1513 552 ex
1562 504 1707 551 metu
1736 502 1895 565 captu
1940 489 2111 547 facilis

534 594 638 660 sit;
670 607 843 661 neque
873 592 915 645 is
956 589 1045 660 qui
1074 589 1251 644 omnis
1285 588 1583 644 formidinis
1607 597 1691 643 est
1719 600 1932 657 expers,
1961 596 2112 657 potr-

536 690 603 738 rit
627 684 808 738 hostes
830 697 1083 751 superare
1164 682 1208 736 si
1250 697 1314 738 ex
1358 682 1548 737 fiducia
1586 681 1746 736 nimia
1775 690 1830 734 ct
1858 694 1921 733 ex
1948 678 2111 733 animi

535 776 848 831 confidentia
875 790 979 829 non
1004 790 1123 830 sese
1153 775 1217 830 ad
1239 789 1585 845 congressum
1607 783 1857 844 apparet:
1880 771 1993 826 lucc
2012 771 2115 841 igi-

537 877 621 921 tur
644 866 800 920 ambo
826 867 1103 937 corrigens
1127 865 1335 933 Paulus,
1359 876 1410 921 et
1426 866 1491 919 ad
1508 880 1734 935 pugnam
1754 874 1968 934 paratos
1990 862 2116 918 red-

533 960 632 1024 dit,
658 967 716 1012 Iit
736 975 803 1013 ne
821 968 1084 1029 torpeant,
1106 958 1229 1013 dum
1254 958 1484 1013 hostium
1505 957 1820 1029 phalangem
1837 956 2111 1021 describit;

535 1067 827 1124 rursusque
858 1051 961 1107 illis
980 1053 1223 1108 liduciam
1248 1052 1628 1121 audaciamque
1659 1049 1813 1111 indit,
1836 1056 1894 1103 ut
1913 1065 1978 1102 ne
1992 1063 2115 1102 con-

541 1142 742 1206 cidant.
768 1146 1056 1214 potentiam
1085 1145 1236 1199 ducis
1264 1146 1315 1199 in
1345 1144 1537 1198 talibus
1566 1143 1723 1199 bellis
1748 1142 1947 1198 Christi
1978 1140 2113 1197 ειπε-

537 1252 659 1289 rens
685 1235 736 1289 in
784 1235 1037 1290 medium.
1068 1235 1192 1291 Ideo
1232 1236 1369 1290 sicut
1398 1236 1634 1305 Optimus
1663 1235 1769 1290 dux
1794 1235 2112 1304 phalangem

535 1326 767 1395 ordinat,
791 1327 912 1381 vitia
961 1342 1079 1397 quae
1122 1327 1489 1382 fortitudinem
1523 1327 1844 1382 labefactant
1882 1342 1911 1380 a
1943 1324 2112 1401 fideli-

538 1418 636 1469 bus
663 1416 964 1484 eliminans,
981 1428 1035 1473 et
1052 1418 1328 1473 caritatem
1347 1434 1497 1473 suam
1532 1417 1809 1481 exhibens,
1835 1427 1995 1489 atque
2019 1424 2115 1473 eos

535 1509 624 1577 qui
657 1511 867 1564 virtutis
914 1511 1121 1567 ratione
1147 1511 1373 1565 multum
1402 1526 1431 1565 ο
1472 1527 1531 1566 se
1574 1512 1877 1573 distabant.
1914 1526 2112 1581 cogna-

540 1598 704 1653 tionis
734 1599 951 1654 nomine
980 1601 1234 1670 copulans
1263 1618 1276 1655 :
1310 1616 1430 1654 nam
1458 1602 1531 1655 ait
1561 1620 1573 1657 :
1598 1600 1675 1656 De
1702 1612 1901 1666 tta-tero,
1934 1604 2117 1673 fratres

538 1689 636 1741 mei
681 1687 897 1761 (Ep/tes.
924 1690 977 1745 6.
1013 1690 1125 1760 10).
1158 1691 1251 1746 llic
1298 1693 1439 1747 enim
1494 1694 1660 1746 multo
1687 1692 1940 1762 majorem
1988 1707 2114 1761 erga

537 1796 725 1835 omnes
772 1784 989 1839 exhibet
1039 1784 1414 1848 dilectionem,
1479 1799 1641 1853 quam
1694 1786 1783 1853 qui
1836 1784 2112 1839 nobiscum

535 1871 728 1928 eodem
762 1883 914 1927 utero
944 1873 1051 1927 nati
1081 1881 1226 1939 sunt,
1254 1885 1307 1929 et
1334 1876 1384 1929 in
1410 1876 1586 1929 anima
1614 1890 1708 1932 sua
1737 1874 1921 1929 orbem
1947 1883 2115 1930 totum

537 1963 945 2021 circumferebat
977 1981 993 2020 :
1023 1974 1168 2019 tanta
1199 1975 1314 2021 erat
1340 1967 1585 2023 caritatis
1611 1968 1754 2028 illius
1774 1968 2069 2038 amplitudo
2097 1986 2112 2023 :

542 2072 714 2128 neque
742 2058 795 2111 in
828 2058 1207 2129 tranquillitate
1236 2060 1416 2124 modo.
1450 2060 1543 2114 sed
1566 2061 1728 2115 etiam
1753 2060 1804 2115 in
1838 2061 2112 2130 periculis.

540 2145 670 2201 Nam
700 2162 823 2203 cum
852 2148 905 2204 in
932 2151 1240 2205 carceribus
1259 2163 1404 2208 esset
1425 2194 1440 2216 ,
1468 2162 1697 2208 mortem
1724 2164 2066 2223 exspectaret
2092 2195 2111 2221 ,

537 2249 593 2293 et
611 2238 679 2292 de
700 2240 955 2295 extremis
973 2242 1383 2310 periclitaretur,
1406 2244 1787 2315 discipulorum
1814 2262 1996 2302 curam
2025 2262 2116 2317 ge-

540 2328 711 2396 rebat,
734 2340 788 2382 et
815 2330 1067 2400 epistolas
1094 2346 1237 2403 stupe
1258 2347 1290 2389 e
1313 2335 1619 2390 carceribus
1644 2337 1930 2405 scribebat,
1954 2355 2117 2395 manu

537 2420 739 2473 catenis
770 2420 1115 2489 circumdata,
1138 2432 1193 2479 et
1221 2424 1438 2481 dextera
1469 2426 1663 2496 ligata;
1694 2436 1751 2484 et
1778 2429 1844 2483 ad
1863 2431 2117 2499 judiciale

541 2512 773 2569 trilumal
802 2514 1090 2584 ingressus,
1127 2532 1418 2588 pinnasque
1444 2518 1686 2587 daturus,
1714 2530 1875 2593 atque
1890 2524 1955 2579 ad
1974 2540 2119 2583 mor-

542 2613 647 2657 tem
676 2602 968 2671 duccndus,
993 2619 1249 2679 quantum
1282 2611 1334 2664 in
1361 2610 1632 2680 jndicibus
1656 2623 1792 2680 erat,
1820 2617 1997 2671 omnia
2026 2617 2117 2675 illa

542 2694 778 2760 mittens,
810 2696 1053 2755 timorem
1073 2714 1285 2771 nempe,
1314 2702 1629 2770 periculum,
1663 2706 1854 2773 minas.
1882 2719 2116 2778 mortes,

547 2786 802 2855 supplicia
824 2828 840 2851 ,
872 2804 1055 2857 pmoas
1074 2830 1091 2855 ,
1122 2790 1427 2857 carnifices,
1457 2794 1757 2867 principum
1787 2798 1920 2852 iram
1939 2840 1953 2865 ,
1983 2799 2118 2855 insi-

540 2878 800 2932 diantium
832 2878 1127 2949 machinas,
1160 2882 1404 2946 verbera,
1430 2882 1665 2939 fidelium
1695 2902 1901 2943 memor
1922 2899 2039 2943 crat
2061 2900 2117 2945 et

546 2970 635 3021 illo
664 2970 777 3038 ipso
809 2980 1047 3041 tempore
1072 2992 1085 3027 :
1116 2974 1185 3027 ita
1218 2976 1390 3029 anima
1410 2976 1524 3047 ejus
1552 2988 1667 3040 erat
1692 2995 1720 3035 a
1748 2982 1973 3039 vinculis
1993 3000 2117 3039 cor-

547 3060 691 3128 poris
722 3062 907 3124 libera,
936 3066 1027 3129 ita,
1050 3065 1100 3119 in
1115 3081 1273 3123 carne
1295 3068 1414 3122 licet
1445 3086 1682 3136 versans,
1713 3074 1912 3130 cmlesti
1936 3076 2121 3129 adh-ai-

546 3152 693 3207 rebat
724 3152 942 3219 fornici,
976 3166 1031 3211 et
1058 3158 1207 3225 quasi
1240 3157 1304 3212 ad
1334 3159 1475 3213 illam
1509 3164 1761 3219 translata
1786 3165 1966 3221 sedem
1990 3208 2006 3230 ,
2042 3169 2121 3224 sic

543 3242 761 3309 omnia,
793 3244 845 3297 in
897 3255 1037 3299 terra
1071 3245 1302 3315 degens,
1329 3251 1537 3320 agebat.
1563 3252 1735 3323 thue
1760 3254 1979 3313 discatis
2006 3259 2122 3315 huic

542 3336 699 3387 verba
732 3330 834 3390 non
867 3336 1196 3409 hyperbolen
1223 3355 1372 3407 esse,
1400 3360 1572 3415 neque
1592 3344 1975 3414 adulationem,
1999 3352 2120 3405 audi

544 3428 687 3481 illum
715 3428 816 3484 hoc
844 3429 1107 3487 dicentem
1136 3450 1148 3486 :
1182 3431 1328 3489 Sicut
1350 3446 1421 3488 est
1449 3438 1570 3489 mihi
1592 3439 1791 3509 justum
1820 3442 1915 3495 Itoc
1940 3445 2123 3499 sentire

548 3518 609 3571 de
642 3518 803 3583 vobis,
836 3537 893 3574 eo
912 3524 1049 3590 quod
1076 3539 1159 3577 vos
1183 3524 1393 3578 habeam
1420 3528 1470 3581 in
1498 3532 1649 3583 Corde
1678 3530 1937 3603 (Philipp.
1963 3535 2014 3588 1.
2042 3536 2119 3607 7).

542 3608 693 3674 Quod
721 3610 764 3663 si
793 3626 1039 3679 magnum
1067 3615 1165 3669 hoc
1196 3614 1459 3680 videatur,
1488 3619 1655 3674 multo
1672 3622 1845 3691 majus
1872 3634 1955 3679 est
1981 3628 2121 3695 quod

544 3698 805 3767 sequitur.
848 3699 1056 3757 Etenim
1092 3714 1371 3775 postquam
1420 3709 1574 3773 dixit,
1621 3710 1699 3767 Eo
1741 3716 1877 3785 quod
1919 3732 2003 3771 vos
2029 3720 2125 3771 Ita-

545 3790 686 3841 beam
710 3790 761 3842 in
786 3791 936 3845 corde
957 3834 973 3857 ,
1003 3793 1297 3863 subjunxit,
1330 3796 1394 3851 Et
1434 3800 1487 3853 in
1538 3803 1752 3858 vinculis
1791 3808 1912 3861 meis
1932 3850 1947 3873 ,
1993 3820 2040 3863 et
2070 3811 2122 3864 in

544 3881 837 3949 defensione
894 3894 941 3936 et
1008 3888 1690 3964 conﬁrmationeErangelii.
1748 3896 1934 3956 Viden'
1985 3917 2122 3972 quo-

545 3971 702 4025 modo
752 3973 871 4027 illos
931 3991 1216 4050 numquam
1289 3996 1355 4037 ex
1409 3993 1588 4040 mente
1646 4002 1739 4041 sua
1796 3992 2011 4046 omisit?
2066 3994 2121 4049 Si

545 4066 683 4117 enim
719 4066 923 4120 vincula
952 4112 966 4135 ,
1001 4072 1281 4127 tribunalia
1324 4085 1377 4130 et
1416 4087 1605 4134 catena
1650 4082 1766 4151 ejus
1809 4088 2121 4143 memoriam

547 4171 650 4209 non
707 4157 1108 4225 labefactai'nnt,
1162 4167 1328 4217 multo
1363 4169 1537 4225 minus
1570 4176 1964 4240 tranquillitatis
1992 4189 2125 4233 tem-

547 4259 694 4311 pora.
732 4245 803 4299 Eo
845 4250 1001 4316 quod,
1054 4254 1220 4323 inquit
1244 4296 1257 4316 ,
1293 4258 1501 4311 habeam
1531 4278 1614 4315 vos
1645 4265 1695 4317 in
1736 4268 1904 4320 corde.
1940 4269 2125 4326 Videu’

548 4336 797 4402 paulatim
856 4344 1034 4411 augeri
1082 4351 1429 4401 sermonem?
1484 4352 1728 4421 Magnum
1781 4359 1991 4426 quidem
2046 4374 2126 4418 est

548 4428 597 4479 in
627 4430 787 4484 corde
836 4433 1049 4500 habere,
1103 4439 1270 4491 multo
1315 4441 1487 4510 majus
1530 4456 1707 4501 autem
1752 4452 1910 4505 etiam
1956 4456 2005 4509 in
2037 4474 2125 4510 ca-

550 4525 713 4578 tenis:
736 4530 903 4593 majus
931 4531 1089 4583 etiam
1117 4542 1198 4585 est
1225 4534 1275 4586 in
1296 4536 1604 4594 defensione
1634 4554 1685 4596 et
1720 4546 2123 4606 confirmatione

550 4611 841 4683 Evangelii.
865 4620 957 4673 llic
988 4624 1127 4675 enim
1155 4624 1365 4679 videtur
1397 4630 1521 4683 mihi
1555 4633 1890 4691 subindicare
1915 4650 2122 4711 tempus

544 4724 649 4775 quo
678 4709 741 4761 ad
783 4709 988 4778 jndices
1020 4714 1380 4772 adducebatur
1400 4761 1413 4785 ,
1438 4736 1559 4776 cum
1602 4724 1668 4780 de
1699 4732 1952 4784 extremis
1984 4709 2122 4800 peri-

543 4800 830 4854 clitaretnr.
883 4802 947 4855 Et
996 4805 1099 4860 illic
1150 4819 1336 4869 stans.
1400 4813 1609 4883 inquit,
1668 4835 1771 4874 non
1822 4824 2118 4891 cogitabam

542 4892 807 4957 quomodo
838 4894 903 4947 ab
947 4897 1347 4955 imminentibus
1400 4908 1647 4971 periculis
1690 4914 1968 4978 eriperer,
2023 4931 2122 4969 nec

542 4984 810 5048 quomodo
864 4986 1081 5042 insidias
1137 4990 1501 5058 depellerem:
1551 4999 1640 5052 sed
1676 5001 1725 5053 in
1769 5006 1994 5059 caritate
2032 5022 2122 5061 ve-

544 5083 650 5124 stra
702 5073 995 5142 delicians,
1059 5090 1112 5134 ct
1167 5082 1416 5137 absentes
1469 5089 1778 5157 alloquens;
1837 5110 1898 5149 ac
1949 5113 2120 5167 neque

543 5162 640 5214 vire
689 5164 960 5235 longitudo
984 5212 996 5230 ,
1033 5188 1203 5243 neque
1235 5181 1568 5246 negotiorum
1599 5187 1852 5242 tumultus
1877 5232 1892 5255 ,
1948 5207 2120 5261 anIIe

546 5255 896 5320 periculorum
947 5265 1286 5332 magnitudo,
1341 5286 1513 5340 neque
1566 5275 1857 5346 principum
1909 5292 2116 5347 metus,

541 5362 643 5400 non
706 5353 1017 5417 populorum
1075 5359 1421 5427 insurrcctio,
1484 5382 1587 5419 non
1645 5385 1788 5425 mors
1845 5387 2115 5442 prmsens,

541 5455 645 5493 non
678 5442 844 5499 stricti
868 5446 1063 5515 gladii,
1100 5467 1201 5505 non
1232 5458 1539 5513 carnilicum
1570 5463 1812 5530 agmina;
1846 5466 1973 5520 nihil
2010 5468 2115 5520 hu-

540 5531 765 5598 iusmodi
816 5553 842 5589 a
890 5551 1062 5594 vestra
1112 5549 1370 5602 memoria
1412 5567 1497 5605 me
1528 5552 1766 5609 abduxit.
1800 5555 1941 5612 Nihil
1970 5562 2115 5615 enim

540 5634 620 5674 est
674 5626 894 5681 caritate
951 5630 1359 5701 vehementius,
1410 5642 1538 5694 nihil
1592 5645 1872 5702 sublimius
1906 5674 1920 5703 :
1956 5652 2116 5708 altius

542 5714 683 5765 Volat
710 5732 865 5782 quam
893 5719 993 5773 tela
1028 5721 1233 5789 istbacc,
1266 5727 1528 5801 altiorque
1553 5745 1632 5787 est
1658 5735 1856 5791 diaboli
1889 5743 2110 5809 retibus,

536 5817 562 5854 ι
594 5804 843 5879 ςιιιιυιηιιιη
877 5810 1105 5872 culmine
1132 5815 1307 5871 omnia
1351 5819 1649 5891 despiciens
1677 5844 1687 5879 :
1718 5842 1778 5882 ac
1807 5832 1943 5886 sicut
1986 5850 2110 5889 vcn-

1236 358 1293 416 5.
1334 354 1614 415 IOANNIS
1651 351 2131 413 CllRYSOSTOlll
2174 350 2492 410 ARCHIEP.
2532 351 3106 415 CONSTANTINOP.-

3698 360 3812 417 496

2223 495 2311 547 tus
2339 489 2629 562 vehemens
2663 492 2898 564 impetus
2919 494 3203 551 molestam
3228 490 3505 566 pulverem
3531 490 3778 547 eliminat
3796 532 3814 558 ,

2216 583 2298 639 sic
2322 583 2403 638 vis
2425 586 2670 639 caritatis
2694 586 3002 655 passionum
3034 585 3274 640 omnium
3304 585 3559 655 impetum
3592 584 3817 653 prepulc

2218 688 2341 732 sare
2357 676 2515 732 solet.
2535 679 2691 745 Quod
2718 679 2881 736 etiam
2907 680 2959 733 in
2981 679 3149 741 Paulo
3170 680 3397 749 contigit
3421 677 3813 733 :suﬂlcientem

2221 766 2273 820 in
2303 768 2553 822 omnibus
2595 768 2780 825 habuit
2806 770 3230 825 consolationem
3267 770 3581 825 dilectormn
3614 784 3819 840 nempe

2220 858 2446 912 salutem
2478 874 2775 930 eorumque
2810 863 3151 917 memoriam.
3183 861 3320 929 Quid
3353 872 3434 917 est
3480 872 3656 915 autem
3680 904 3695 926 ,
3746 860 3818 913 Et

2219 950 2605 1017 conﬁrmatione
2623 951 2896 1023 Evangelii
2917 952 2943 1006 .’
2989 952 3100 1008 Etsi
3130 952 3275 1007 cnim
3323 967 3425 1006 una
3456 969 3566 1010 vox.
3606 963 3686 1006 est
3708 994 3725 1014 ,
3760 963 3820 1004 at

2221 1039 2440 1111 pelagus
2470 1041 2789 1096 immensum
2815 1043 3203 1097 sententiarum
3232 1042 3516 1098 contiuet‘:
3546 1042 3687 1097 illam
3716 1057 3819 1095 ex-

2221 1130 2421 1201 plicare
2440 1141 2496 1187 et
2510 1132 2745 1204 undique
2764 1134 2992 1189 scrutari
3015 1135 3273 1188 conabor.
3296 1132 3573 1204 Margarita
3612 1134 3821 1203 quippe

2219 1219 2307 1279 est
2334 1224 2427 1280 Dei
2454 1226 2678 1280 verbum
2699 1266 2715 1293 ,
2746 1241 2844 1296 per
2869 1226 3045 1280 omnia
3076 1224 3291 1296 fulgens
3316 1267 3332 1290 ,
3360 1240 3464 1281 non
3490 1226 3543 1281 in
3571 1224 3821 1279 multitu-

2221 1313 2348 1370 dine
2374 1314 2662 1381 dictorum,
2686 1316 2780 1371 sed
2810 1316 2863 1371 in
2895 1316 3156 1371 brevitate
3172 1317 3391 1374 multam
3413 1316 3675 1373 dictorum
3700 1316 3817 1369 vim

2220 1406 2498 1462 exhibens.
2544 1406 2649 1463 Sed
2686 1410 2924 1479 surgite,
2958 1415 3016 1463 et
3044 1407 3295 1464 videbitis
3338 1418 3600 1478 quantum
3653 1407 3819 1461 nobis

2221 1500 2529 1556 thesaurum
2559 1502 2639 1555 vis
2667 1501 2809 1556 illius
2831 1501 2958 1557 dicti
2986 1501 3207 1557 revclct.

2292 1594 2343 1649 5.
2373 1593 2983 1667 ConﬁrmatioEvangetii
3022 1594 3146 1666 quid
3165 1595 3253 1650 sit.
3280 1623 3353 1636 -
3377 1593 3515 1662 Quid
3551 1602 3636 1649 est
3679 1609 3818 1664 ergo

2220 1686 2559 1743 conﬁrmatio
2590 1688 2902 1759 Evangelii,
2930 1699 2984 1743 et
3010 1704 3173 1758 quam
3211 1688 3491 1759 Evangelii
3523 1687 3821 1743 continua-

2223 1780 2421 1845 tionem
2448 1779 2600 1845 dicit,
2628 1790 2684 1835 et
2710 1795 2809 1836 cur
2834 1779 2941 1836 hoc
2967 1780 3168 1835 dictum
3198 1780 3543 1840 memoravit.
3569 1794 3692 1834 cum
3741 1778 3819 1834 de

2224 1872 2574 1927 tribunalibus
2592 1912 2609 1937 ,
2647 1872 2959 1928 carceribus
2985 1884 3041 1929 et
3087 1882 3275 1929 catena
3299 1872 3647 1944 loqueretur?
3671 1871 3817 1927 Cum

2220 1964 2530 2037 pmdicatio
2540 1964 2886 2021 disseminata
2900 1976 2983 2022 est
2998 1967 3242 2039 (necesse
3253 1969 3397 2024 enim
3410 1978 3491 2023 est
3502 1982 3818 2024 sermonem

2222 2055 2382 2111 altius
2425 2066 2705 2126 repetere,
2736 2070 2795 2116 ut
2848 2059 3044 2115 clarior
3072 2061 3315 2116 doctrina
3342 2061 3470 2131 sit),
3507 2077 3703 2133 magno
3730 2071 3824 2117 tu-

2223 2148 2392 2203 multu
2439 2158 2496 2204 et
2540 2150 2704 2203 multa
2736 2151 3143 2222 perturbatione
3192 2154 3374 2208 omnia
3424 2154 3582 2223 plena
3631 2163 3818 2211 erant.

2219 2237 2354 2293 Cum
2376 2240 2517 2295 enim
2541 2241 2786 2297 undecim
2808 2242 2905 2297 viri
2920 2244 3021 2299 soli
3040 2255 3227 2299 contra
3243 2244 3430 2301 orbem
3451 2255 3618 2301 totum
3639 2247 3818 2304 aciem

2220 2330 2546 2404 dirigerent,
2589 2335 2860 2405 antiquam
2900 2338 3273 2395 concutientes
3323 2340 3769 2396 consuetudinem
3798 2383 3817 2408 ,

2221 2422 2527 2479 diuturnum
2558 2425 2914 2484 dissolventes
2956 2444 3222 2497 errorem,
3252 2440 3486 2502 patrum,
3518 2444 3823 2490 avorumet

2224 2514 2490 2585 majorum
2517 2517 2662 2590 leges
2684 2529 2992 2578 evertentes
3013 2563 3031 2590 ,
3054 2530 3304 2592 paternos
3330 2524 3606 2579 civitatum
3636 2542 3823 2583 mores

2224 2608 2601 2664 concutientes
2625 2618 2682 2665 et
2707 2611 3105 2679 exscindcntes,
3133 2622 3183 2670 et
3230 2614 3489 2670 adversus
3518 2631 3709 2672 omnes
3737 2617 3823 2670 Ιος

2221 2709 2467 2770 quentes,
2497 2702 2867 2774 philosophos,
2888 2704 3155 2774 rhetores,
3176 2709 3467 2780 principes,
3478 2708 3707 2779 judiccs,
3727 2720 3820 2784 ty-

2223 2806 2443 2854 rannos,
2472 2794 2724 2862 populos,
2754 2809 2963 2864 servos,
2996 2796 3231 2865 liberos,
3269 2800 3551 2870 agricolas,
3587 2816 3816 2871 nautas;

2223 2883 2418 2938 bellum
2453 2885 2829 2955 gravissimum
2878 2889 3227 2954 monebatur,
3274 2900 3363 2957 et,
3416 2902 3475 2947 ut
3517 2892 3626 2963 jam
3676 2894 3818 2961 dixi,

2224 2977 2399 3029 omnia
2427 2977 2681 3045 tumultu,
2700 2978 2854 3048 plena
2884 2990 3071 3062 erant;
3098 2982 3291 3055 ubique
3308 2985 3599 3055 pmcijiitia
3618 2987 3827 3057 ubique

2224 3069 2427 3138 scopuli
2459 3088 2473 3123 :
2507 3084 2681 3141 neque
2702 3071 2774 3127 ita
2816 3073 3158 3130 furibundum
3190 3091 3359 3142 mare,
3379 3088 3432 3131 et
3469 3093 3501 3132 a
3531 3080 3822 3135 contrariis

2226 3161 2401 3215 ventis
2446 3160 2733 3217 discissum
2781 3165 3163 3237 perturbatur,
3207 3178 3266 3223 ut
3316 3179 3441 3225 tunc
3471 3172 3619 3225 orbis
3671 3181 3823 3227 totus

2226 3254 2686 3319 commovebatur,
2717 3256 2909 3325 priscis
2930 3258 3136 3314 evulsis
3164 3262 3402 3315 moribus
3425 3270 3528 3317 tam
3559 3264 3821 3321 diuturno

2229 3353 2469 3415 tempore
2530 3348 2753 3404 ﬁrmatis
2800 3368 2814 3407 :
2863 3368 3038 3423 neque
3109 3355 3161 3409 in
3218 3371 3363 3422 una,
3412 3366 3504 3411 aut
3553 3358 3767 3415 duabus
3800 3404 3820 3430 ,

2226 3446 2317 3490 aut
2358 3437 2526 3493 tribus
2570 3440 2914 3505 civitatibus.
2966 3445 3060 3499 sed
3114 3446 3311 3518 ubique
3364 3459 3660 3517 terrarum;
3714 3468 3822 3507 no—

2228 3529 2307 3582 vis
2359 3540 2537 3584 autem
2585 3531 2814 3587 inductis
2864 3534 3203 3606 dogmatibus
3237 3580 3251 3602 ,
3295 3556 3416 3610 qua:
3474 3542 3648 3597 nullus
3695 3560 3823 3597 nm-

2228 3635 2386 3690 quam
2414 3623 2679 3679 audierat.
2711 3620 2847 3683 Hinc
2879 3629 3328 3691 irreconciliabile
3356 3645 3543 3689 contra
3568 3637 3825 3693 illosbel-

2229 3711 2337 3766 lum
2364 3714 2432 3769 ab
2454 3717 2702 3771 omnibus
2725 3732 2929 3775 motum
2957 3731 3039 3776 est
3068 3739 3082 3775 :
3111 3725 3313 3778 etenim
3343 3725 3571 3783 familias
3608 3730 3822 3787 divide-

2229 3801 2377 3869 bant,
2409 3808 2757 3876 cognationes
2797 3809 3171 3868 distrahebant
3200 3832 3215 3868 :
3243 3832 3365 3870 nam
3398 3819 3711 3887 praedicatio
3730 3839 3824 3879 0r-

2229 3894 2353 3950 dine
2400 3895 2698 3965 procedens
2723 3940 2739 3965 ,
2782 3910 2837 3955 et
2877 3902 3076 3958 multos
3124 3906 3223 3961 sibi
3255 3910 3550 3965 concilians
3572 3954 3588 3979 ,
3618 3914 3825 3971 bellum

2230 3988 2479 4041 movebat
2518 3989 2658 4057 apud
2697 4006 2793 4047 eos
2819 3994 2908 4063 qui
2945 3998 3162 4064 pietatis
3197 4002 3423 4056 verbum
3474 4019 3579 4058 non
3614 4008 3825 4079 recipe-

2231 4068 2350 4131 rent
2376 4097 2388 4133 :
2410 4090 2559 4149 pater
2582 4082 2747 4137 lilium
2774 4086 3075 4153 abdicabat,
3109 4094 3190 4145 vir
3219 4109 3440 4147 uxorem
3463 4068 3823 4167 despiciebat,

2230 4181 2281 4223 et
2332 4171 2447 4226 beri
2496 4173 2753 4229 adversus
2797 4194 2982 4233 servos
3036 4182 3232 4236 bellum
3272 4187 3571 4254 gerebant,
3619 4191 3820 4248 subditi

2232 4263 2490 4320 adversus
2548 4268 2851 4337 principes.
2907 4284 2961 4325 ct
3011 4274 3207 4329 bellum
3259 4278 3397 4331 istud
3448 4296 3609 4337 omne
3657 4286 3819 4343 civile

2233 4356 2426 4410 bellum
2453 4362 2777 4431 snperabat;
2804 4363 2848 4415 si
2876 4374 3052 4419 tamen
3079 4367 3183 4421 hoc
3213 4385 3407 4424 vocare
3435 4373 3630 4427 bellum
3660 4393 3822 4446 opor-

2233 4459 2340 4514 tet,
2370 4462 2423 4503 et
2468 4468 2572 4506 non
2618 4454 2759 4507 aliud
2808 4458 3082 4524 quidpiam
3138 4461 3275 4515 bello
3306 4465 3541 4531 gravius.
3568 4468 3622 4519 lu
3665 4468 3827 4526 bellis

2231 4541 2373 4593 enim
2406 4557 2498 4609 par
2528 4544 2793 4613 utrimque
2817 4548 2949 4601 aciei
2976 4552 3115 4605 ratio
3144 4563 3247 4615 est,
3284 4565 3336 4607 et
3365 4558 3524 4610 ambo
3550 4562 3824 4617 exercitus

2234 4634 2351 4686 telis
2383 4636 2645 4702 impetunt
2676 4654 2724 4691 et
2756 4639 3085 4707 itnpctuntnr
3111 4661 3123 4696 :
3150 4654 3273 4700 tunc
3303 4658 3483 4702 autem
3506 4668 3609 4704 non
3632 4655 3700 4704 ita
3734 4672 3821 4709 res

2228 4730 2513 4795 gerebatur
2538 4749 2549 4783 :
2584 4748 2703 4785 nam
2734 4736 2821 4789 ille
2843 4738 3058 4805 quidem
3079 4740 3250 4796 libere
3274 4742 3472 4798 bellum
3492 4748 3738 4814 gerebat,
3766 4750 3817 4803 bi

2231 4836 2355 4874 vero
2396 4824 2788 4892 impetebantnr
2817 4841 3054 4897 tantum;
3086 4837 3345 4905 impetere
3366 4844 3545 4895 autem
3580 4843 3681 4895 illis
3709 4861 3817 4899 non

2229 4917 2439 4979 licebat,
2474 4936 2644 4989 neque
2672 4924 2985 4980 insidiantes
3010 4928 3194 4984 ulcisci
3225 4952 3238 4985 :
3266 4933 3335 4984 ita
3365 4934 3510 4987 enim
3542 4936 3674 4989 aciei
3708 4937 3816 4993 dux

2225 5006 2444 5073 jubebat
2472 5052 2483 5073 ,
2519 5012 2705 5066 dicens
2734 5034 2745 5067 :
2781 5015 2931 5068 Mitto
2963 5031 3051 5071 vos
3092 5022 3220 5074 sicut
3244 5037 3352 5075 sues
3384 5024 3436 5077 in
3467 5026 3635 5079 medio
3664 5028 3820 5097 lupo-

2229 5114 2338 5149 rum
2367 5116 2385 5152 :
2414 5112 2567 5155 estote
2597 5120 2715 5173 ergo
2756 5108 3028 5175 prudentes
3056 5113 3185 5163 sicut
3214 5126 3469 5182 serpentes
3493 5160 3505 5175 ,
3535 5128 3580 5169 et
3611 5121 3818 5189 simpti~

2229 5209 2307 5245 σεδ
2334 5194 2459 5245 sicut
2488 5194 2733 5249 columba:
2767 5198 2979 5267 (Matth.
3010 5203 3095 5256 10.
3130 5202 3241 5275 lli).
3271 5205 3335 5259 Et
3368 5207 3683 5264 insidiantes
3711 5228 3820 5267 non

2229 5286 2387 5338 modo
2442 5288 2623 5341 ulcisci
2676 5307 2779 5347 non
2828 5294 3085 5362 jubebat,
3137 5298 3230 5351 sed
3288 5300 3449 5354 etiam
3504 5302 3813 5363 facultatem

2230 5379 2471 5444 przcbere
2540 5391 2597 5435 ut
2641 5382 2694 5436 in
2748 5385 2934 5455 injuria
2982 5387 3260 5444 inferenda
3315 5395 3631 5463 gaudercut.
3681 5400 3815 5457 Nam

2228 5469 2503 5525 dexteram
2534 5475 2802 5529 maxillam
2826 5479 3084 5545 prurberc,
3106 5492 3159 5535 ct
3178 5500 3303 5539 oves
3325 5486 3539 5541 mittere
3564 5489 3615 5542 in
3636 5493 3817 5547 medio

2228 5560 2471 5628 luporum
2497 5608 2509 5629 ,
2536 5566 2664 5620 nihil
2698 5570 2840 5622 aliud
2866 5572 3169 5628 subindicat
3201 5593 3359 5646 quam
3392 5580 3536 5649 quod
3577 5581 3678 5637 illis
3722 5600 3819 5657 pa-

2227 5655 2387 5709 tiendi
2418 5667 2616 5712 sortem
2644 5660 2996 5726 adscripserit
3018 5707 3032 5729 ,
3063 5675 3121 5720 ut.
3167 5670 3500 5737 splendidius
3551 5655 3815 5745 troprenm

2226 5756 2386 5801 esset.
2424 5750 2741 5815 Quomodo?
2770 5754 2898 5819 Quia
2940 5756 3186 5813 undecim
3220 5777 3339 5816 cum
3384 5776 3600 5832 essent,
3640 5779 3812 5825 totum

2226 5841 2407 5896 orbem
2456 5845 2727 5914 vicerunt;
2772 5848 2889 5917 quia
2940 5850 3240 5923 patientes,
3304 5873 3406 5911 non
3453 5857 3810 5929 insultantes;
