4068 6428
199 415 301 470 497

204 540 503 612 percussi,
532 555 655 595 non
713 537 1079 609 pemulieutes
1105 555 1120 602 ;
1150 535 1364 592 insidiis
1408 533 1671 605 appetiti,
1722 548 1828 585 non

202 634 583 698 insidiantes;
620 631 910 702 ﬂagellati,
938 647 1046 685 non
1096 629 1468 702 ﬂagellantes;
1500 628 1673 699 pulsi,
1726 642 1832 680 non

202 727 524 796 pollentes;
565 725 1051 795 persequutionem
1102 724 1370 793 patientes
1395 764 1407 784 ,
1439 735 1547 776 nou
1597 720 1837 773 inferen-

203 831 322 884 tes;
353 818 534 873 occisi
566 859 582 881 ,
638 834 743 871 non
780 815 1128 880 occidentes;
1176 824 1230 869 et
1273 814 1395 884 quia
1427 813 1565 867 sicut
1610 825 1739 865 Oves
1767 809 1834 864 ad

200 914 415 967 caedem
452 911 783 981 propositae,
814 911 971 980 lupos
995 924 1187 965 omnes
1213 908 1279 962 ad
1308 908 1486 961 ovium
1518 912 1834 961 mansuetu-

203 1002 392 1059 dinem
425 1002 830 1067 adduccbant,
863 1004 1102 1057 furentes
1129 1000 1362 1061 scilicet,
1394 998 1600 1054 cuidem
1623 996 1835 1067 Spiran-

206 1105 308 1158 trs,
336 1095 552 1150 belluis
586 1095 903 1152 feraciores.
930 1093 1265 1148 Procedente
1287 1093 1468 1163 itaque
1488 1090 1657 1145 verbo
1674 1102 1839 1144 evan-

205 1188 382 1259 gelico
411 1197 472 1242 et
496 1187 711 1257 pietate
762 1188 958 1257 ubique
989 1185 1339 1239 disseminata
1370 1224 1387 1251 ,
1429 1183 1666 1251 undique
1718 1179 1840 1245 τι)γὶ

206 1282 656 1351 apparabantur,
688 1279 1005 1345 inimicitia:,
1032 1278 1192 1343 bella,
1237 1294 1341 1332 non
1367 1287 1572 1331 tantum
1599 1276 1838 1331 doctori-

207 1371 332 1434 bus.
356 1372 459 1427 sed
493 1373 668 1428 etiam
699 1372 998 1441 discipulis.
1028 1371 1220 1426 Statim
1243 1380 1407 1438 atque
1435 1369 1580 1424 enim
1609 1369 1835 1422 verbum

208 1466 333 1533 quis
365 1475 694 1533 acceperat,
723 1463 974 1518 omnibus
1002 1463 1173 1517 hostis
1199 1462 1503 1516 communis
1545 1460 1833 1524 circuibat,

208 1572 237 1610 ι
262 1558 443 1628 patria
492 1557 834 1625 pellebatur,
860 1569 912 1612 et
945 1557 997 1612 in
1028 1556 1277 1611 exsilium
1308 1555 1759 1619 transferebatur,
1805 1566 1837 1606 a

213 1650 584 1707 facultatibus
600 1651 900 1713 excidebat,
917 1660 969 1704 et
991 1650 1058 1705 de
1079 1650 1350 1715 libertate,
1378 1649 1488 1703 imo
1503 1648 1569 1703 de
1588 1648 1693 1701 vita
1721 1648 1833 1717 ipsa

210 1745 665 1813 periclitabatur.
698 1743 843 1799 Nihil
894 1756 1019 1799 Itmc
1053 1754 1264 1813 poterat
1311 1752 1519 1797 natura:
1557 1742 1835 1813 tyrannis;

213 1836 331 1897 sed.
366 1847 430 1891 ut
482 1838 603 1907 jam
651 1837 761 1892 dixi
785 1880 799 1903 ,
834 1837 991 1891 liberi
1036 1837 1528 1891 couteinnebantur
1555 1876 1571 1901 ,
1603 1834 1836 1898 fratres,

213 1930 437 2000 cognati
472 1931 531 1984 in
571 1929 807 1984 hostium
850 1931 1041 1985 ordine
1065 1937 1261 1993 erant,
1290 1938 1490 1983 etcum
1528 1927 1841 1982 doctoribus

216 2020 472 2091 discipuli
502 2023 865 2078 intolerabilia
900 2023 1261 2092 patiebantur.
1295 2022 1357 2076 Et
1376 2022 1491 2076 lucc
1531 2021 1644 2090 ipsa
1677 2020 1842 2090 signi-

218 2114 391 2167 ficans
421 2114 635 2170 Paulus
663 2113 878 2169 dieebat
906 2132 920 2168 :
951 2114 1387 2169 Rememoramini
1424 2114 1569 2169 enim
1601 2114 1842 2183 pristinos

220 2205 353 2272 dies,
383 2206 441 2259 in
473 2207 666 2275 quibus
708 2207 989 2260 illuminati
1013 2223 1255 2279 magnum
1295 2217 1551 2260 certamen
1591 2206 1841 2259 sustinui-

220 2299 311 2352 stis
337 2303 649 2369 passionum
682 2315 700 2353 :
724 2308 769 2353 et
793 2301 845 2353 in
864 2298 1026 2354 altero
1053 2300 1257 2371 quidem
1284 2300 1573 2371 approbriis
1604 2310 1651 2354 et
1682 2300 1843 2352 tribu-

226 2390 512 2446 lationibus
541 2396 889 2463 spectaculum
916 2394 1061 2465 facti,
1095 2395 1148 2447 in
1173 2396 1336 2448 altero
1363 2405 1534 2447 autem
1558 2394 1681 2447 socii
1723 2394 1843 2445 tali-

226 2494 303 2538 ter
326 2488 750 2540 conversantium
771 2485 956 2553 eﬂ'ecti.
987 2484 1127 2539 Nam
1149 2497 1196 2539 et
1212 2487 1394 2540 vinctis
1422 2486 1676 2556 compassi
1699 2485 1839 2550 estis,

229 2590 275 2632 et
303 2580 555 2645 rapinam
585 2580 833 2634 bonorum
863 2591 1143 2635 vestrorum
1172 2596 1287 2633 cum
1312 2579 1503 2647 gaudio
1529 2579 1839 2648 suscepistis,

230 2683 601 2741 cognoscentes
627 2688 717 2727 vos
746 2671 930 2726 habere
955 2671 1215 2725 meliorem
1244 2671 1581 2725 substantiam
1605 2672 1656 2723 in
1702 2670 1845 2725 cce/is

234 2776 277 2817 et
308 2776 604 2819 manentem
632 2764 825 2835 (liebr.
858 2765 945 2821 10.
964 2763 1034 2819 52
1057 2767 1215 2835 λι).
1248 2765 1313 2819 Et
1340 2780 1530 2819 rursus
1557 2764 1846 2819 Thessalo-

234 2857 556 2911 nicensilms
606 2857 852 2911 scribens
880 2897 895 2918 ,
944 2858 1155 2911 diccbat
1190 2875 1204 2910 :
1252 2856 1355 2912 Vos
1396 2858 1531 2912 enim
1568 2859 1846 2911 imitatores

237 2952 360 3021 [acti
391 2954 540 3018 estis,
570 2952 756 3021 fratres
777 2994 791 3014 ,
854 2952 1200 3007 Ecclesiarum
1230 2969 1345 3023 quae
1386 2964 1503 3007 sunt
1529 2954 1581 3007 in
1610 2953 1799 3007 Juda'a
1829 2970 1846 3007 :

236 3043 357 3110 quia
386 3054 434 3097 et
481 3061 569 3099 vos
595 3046 771 3098 eadem
810 3046 951 3116 passi
991 3046 1110 3100 estis
1138 3062 1171 3098 a
1219 3045 1590 3099 contribulibus
1632 3047 1805 3099 vestris
1829 3088 1846 3114 ,

240 3136 367 3189 sicut
389 3149 437 3190 et
466 3139 572 3207 ipsi
599 3156 632 3191 a
654 3138 856 3192 Judteis
878 3154 897 3191 :
918 3138 1002 3211 qui
1043 3150 1092 3192 et
1122 3137 1401 3191 Dominum
1446 3138 1762 3205 occiderunt,
1801 3148 1850 3192 et

243 3244 335 3282 nos
364 3230 662 3302 persequuti
690 3240 828 3294 sunt,
864 3240 911 3283 et
934 3230 1169 3283 omnibus
1195 3230 1487 3285 hominibus
1514 3231 1850 3284 adversantur

250 3320 510 3391 (LTness.
531 3324 587 3380 2.
608 3325 695 3380 H.
714 3324 826 3396 15).
845 3323 1052 3379 Galatis
1077 3339 1294 3394 quoque
1316 3326 1580 3388 scribens,
1600 3324 1847 3379 dicebat:

250 3412 415 3471 Tanta
446 3420 589 3486 passi
617 3418 737 3472 estis
765 3418 875 3473 sine
896 3433 1051 3473 causa
1073 3458 1089 3483 ,
1109 3419 1154 3471 si
1185 3427 1353 3472 tamen
1380 3419 1491 3473 sine
1516 3435 1671 3473 causa
1703 3416 1846 3489 (Gal.

249 3506 302 3562 ὅ.
329 3509 410 3580 ι).
442 3510 536 3566 llla
559 3522 762 3577 autem,
790 3527 913 3582 quae
941 3513 1056 3581 ipse
1077 3526 1269 3582 passus
1291 3521 1395 3577 est,
1417 3526 1678 3567 enarratis
1708 3513 1855 3567 dice-

253 3598 379 3656 bat:
407 3601 475 3657 In
504 3606 751 3675 patientia
781 3605 963 3669 multa,
996 3606 1050 3659 in
1079 3606 1342 3676 angustia,
1375 3607 1426 3659 in
1455 3606 1742 3661 carceribus
1762 3648 1775 3673 ,
1797 3606 1855 3661 in

254 3692 531 3762 laboribus,
555 3698 610 3751 in
638 3696 847 3768 uigiliis,
872 3699 927 3752 in
952 3700 1178 3771 fatue,in
1200 3700 1347 3754 sitiet
1374 3700 1607 3754 nuditate
1632 3701 1708 3773 (2.
1731 3701 1850 3757 Cor.

253 3786 308 3841 ϐ.
339 3789 391 3843 ι.
422 3790 480 3846 5.
502 3801 553 3845 et
578 3791 665 3846 11.
693 3790 812 3862 27).
831 3791 914 3847 Ἐι
944 3805 1153 3855 rursus,
1188 3792 1541 3864 Quadraginta
1567 3810 1671 3848 una
1690 3796 1858 3850 minus

256 3881 425 3949 accepi
453 3899 473 3937 ε
516 3892 591 3935 ter
617 3882 771 3954 virgis
810 3897 973 3937 casus
998 3899 1113 3937 sum
1135 3924 1152 3949 ,
1209 3885 1363 3939 semel
1392 3886 1653 3955 lapidatus
1703 3902 1813 3939 sum
1840 3927 1855 3950 ,

259 3980 403 4026 nocte
443 3983 490 4027 et
546 3974 630 4028 die
682 3974 735 4028 in
783 3976 1045 4052 profundo
1092 3977 1246 4030 maris
1302 3977 1420 4047 fui;
1469 3978 1708 4047 periculis
1756 3978 1858 4048 ﬂu-

260 4066 450 4120 minum
486 4110 503 4135 ,
566 4070 809 4138 periculis
862 4072 1168 4136 latronum,
1225 4070 1467 4138 periculis
1526 4088 1589 4125 ea:
1639 4087 1853 4143 genere,

263 4160 497 4227 periculis
542 4163 595 4215 in
639 4164 919 4217 solitudine
965 4164 1193 4230 (LCor.
1224 4164 1579 4232 11.34.26);
1631 4176 1686 4220 et
1742 4182 1861 4220 rur-

262 4263 415 4318 sum,
448 4254 705 4309 lnstantia
761 4272 873 4309 mea
911 4256 1211 4326 quotidiana
1236 4298 1252 4323 ,
1299 4257 1590 4311 sollicitudo
1630 4259 1861 4312 omnium

268 4340 647 4410 Ecclesiurum;
697 4350 1030 4420 iterumque,
1102 4349 1422 4421 Prwpositus
1486 4349 1655 4404 Arctte
1726 4353 1860 4423 regis

263 4440 573 4495 custodiebat
600 4441 853 4495 civitatem
883 4440 1353 4507 Damascenorum,
1401 4443 1573 4495 uolens
1615 4459 1693 4495 me
1721 4460 1859 4497 com-

268 4534 611 4599 prehendere,
657 4544 703 4587 et
736 4550 827 4603 per
866 4538 1143 4606 fenestram
1186 4535 1239 4587 in
1269 4544 1445 4605 sporta
1476 4534 1725 4589 demissus
1746 4550 1859 4588 sum

267 4640 351 4690 per
374 4644 577 4682 murum
602 4670 617 4689 ,
646 4638 695 4682 et
731 4630 866 4684 evasi
912 4645 1093 4682 manus
1143 4631 1254 4698 ejus
1295 4630 1311 4697 (
1341 4627 1396 4682 2.
1425 4625 1545 4683 Cur.
1570 4629 1655 4682 11.
1698 4626 1788 4683 28.
1812 4640 1859 4682 et

267 4712 350 4771 δί.
377 4720 491 4791 35).
531 4719 597 4774 Et
634 4736 827 4775 rursus
868 4721 994 4774 alibi
1025 4738 1037 4773 :
1072 4717 1341 4774 xls‘stiinati
1372 4736 1550 4773 sumus
1574 4720 1705 4774 sicut
1746 4735 1861 4775 oves

266 4811 548 4868 occisionis.
583 4812 648 4866 Et
675 4812 803 4866 alibi
845 4814 1037 4867 iterum
1081 4828 1097 4867 :
1140 4812 1233 4866 Det
1262 4812 1666 4867 miscricordiam
1720 4810 1859 4866 Deus

272 4900 795 4977 Uttesiphoridomui,
825 4905 946 4977 quia
974 4916 1209 4958 catenam
1253 4921 1417 4958 meam
1472 4920 1577 4958 non
1623 4904 1856 4970 erubuit,

268 4995 350 5049 sed
374 5015 491 5053 eum
522 4998 738 5055 Romam
770 5001 1004 5064 venisset,
1030 4999 1249 5052 sollicite
1277 5015 1353 5053 me
1385 5000 1618 5070 qutusivit
1643 5010 1691 5053 et
1722 5000 1861 5055 inve-

269 5087 339 5143 κίε
363 5091 541 5163 (Rom.
560 5092 612 5148 8.
640 5093 730 5157 36;
753 5092 809 5147 Ξ.
842 5090 978 5147 Tim.
1001 5093 1057 5149 L
1083 5093 1170 5147 16.
1203 5092 1317 5163 17).

332 5180 383 5237 ι.
421 5184 559 5253 Qua:
585 5184 691 5238 dici
726 5194 950 5253 possunt
993 5184 1060 5239 de
1109 5185 1257 5239 falsis
1280 5184 1559 5253 apostolis,
1604 5186 1673 5239 de
1712 5184 1860 5241 falsis

269 5265 539 5338 fratribus,
562 5275 628 5330 de
645 5275 801 5330 bellis
822 5275 1075 5339 diversis,
1101 5287 1156 5331 et
1178 5275 1515 5331 innumeris?
1546 5294 1650 5330 non
1683 5278 1856 5332 solum

267 5365 397 5420 enim
420 5368 682 5439 supplicia
733 5377 791 5423 et
835 5368 1109 5423 cruciatus
1154 5370 1513 5423 movebantur
1558 5368 1652 5424 sed
1697 5370 1857 5424 etiam

269 5455 534 5516 rhetorum
549 5461 877 5531 eloquentia.
897 5460 1405 5532 etpliilosopliorum
1423 5472 1739 5534 apparatus:
1762 5476 1861 5518 nec

268 5544 330 5599 lli
345 5551 445 5609 illis
469 5561 695 5615 tantum.
718 5552 812 5610 sed
829 5555 988 5609 etiam
1010 5553 1079 5608 ab
1098 5555 1405 5610 hominibus
1421 5556 1859 5611 circumforaneis

270 5643 440 5702 multae
486 5646 751 5701 machinae
779 5658 963 5701 contra
993 5646 1291 5704 Ecclesium
1320 5650 1708 5705 movebantur:
1739 5667 1860 5721 qua:

270 5729 348 5792 ille
386 5740 739 5797 subindicaus
783 5741 1040 5797 dicebat:
1090 5742 1382 5798 Alexander
1432 5745 1647 5799 maritis
1700 5747 1861 5800 multa

270 5831 388 5884 male
414 5833 541 5887 mihi
582 5832 848 5887 ostendit:
891 5850 1039 5903 queat
1082 5845 1129 5888 et
1177 5846 1231 5889 tu
1282 5838 1491 5891 derita:
1532 5836 1681 5891 valde
1725 5838 1858 5891 enim

271 5927 426 5980 restitit
460 5926 622 5982 urbis
648 5926 836 5981 nostris
861 5927 934 5999 (Ξ.
972 5927 1082 5982 Tim
1133 5930 1187 5986 ι.
1224 5931 1309 5985 ll.
1355 5930 1466 6004 15).
1518 5931 1669 5988 Sicut
1722 5947 1853 6004 ergo

1030 419 1117 477 \‘ll
1160 418 1462 486 llOMlLlA,
1508 416 1710 474 ΜΕΤΑ
1754 415 1819 471 ΙΝ
1860 413 2141 471 TEMPLO
2179 416 2235 474 S.
2282 416 2715 475 ΑΝΑετΑδιιε.

3444 419 3556 474 498

1946 548 2093 585 mare
2148 548 2440 604 numquam
2484 534 2738 589 fluctibus
2784 549 2978 604 espers
3026 544 3142 591 est:
3176 536 3254 592 sic
3301 546 3359 592 et
3399 535 3552 592 Pauli

1942 627 2119 681 anima
2152 626 2308 697 plena
2342 639 2461 686 erat
2484 629 2632 684 mille
2664 628 3071 695 mutationibus,
3105 628 3431 700 quotidianis
3456 645 3553 699 pc-

1944 720 2145 785 riculis,
2193 722 2325 777 foris
2370 731 2427 777 et
2469 720 2635 789 intus,
2686 738 2782 791 per
2826 723 3012 786 verba,
3070 738 3168 790 per
3214 739 3402 793 Opera,
3453 737 3553 794 per

1944 812 2220 882 pecunias,
2242 829 2337 882 per
2353 813 2536 869 dolos:
2560 814 2846 885 nullusque
2862 813 3045 869 Sermo
3065 816 3264 884 poterit
3278 827 3557 884 ortionem

1946 904 2093 957 illam
2127 906 2354 960 telorum
2387 905 2607 969 nubem,
2634 905 2779 961 illam
2818 906 3077 961 fluctuum
3126 906 3550 962 multitudinem.

1942 996 2209 1065 Quoniam
2249 997 2409 1067 igitur
2454 997 2507 1051 in
2535 996 2630 1052 tali
2662 1007 2805 1052 statu
2835 1009 2890 1051 et
2926 998 3239 1055 conditione
3291 1015 3381 1055 res
3427 1009 3553 1057 tunc

1943 1099 2118 1156 erant,
2145 1105 2250 1143 non
2285 1089 2377 1143 illo
2409 1100 2615 1145 tantum
2656 1091 2803 1160 quod
2830 1092 3089 1160 diximus,
3125 1093 3218 1149 sed
3249 1093 3411 1164 longe
3434 1110 3551 1148 ma-

1940 1181 2045 1249 jori
2068 1198 2083 1245 ;
2109 1197 2210 1237 nec
2236 1181 2411 1237 solum
2438 1183 2709 1249 doctores,
2741 1183 2837 1239 sed
2860 1186 3022 1240 etiam
3051 1186 3302 1256 discipuli
3333 1186 3553 1256 pericli-

1947 1276 2219 1338 tabantur,
2252 1291 2351 1331 nec
2367 1276 2500 1331 disci
2512 1278 2619 1345 puli
2642 1277 2825 1343 modo,
2838 1277 2933 1333 sed
2950 1278 3112 1333 etiam
3129 1280 3383 1335 doctores
3403 1280 3555 1347 (nam

1946 1368 1989 1421 si
2017 1368 2119 1420 alia
2152 1383 2277 1437 pars
2311 1370 2362 1423 in
2414 1373 2733 1437 tentatione,
2767 1370 2873 1424 alia
2924 1371 2975 1424 in
3024 1372 3315 1426 securitate
3346 1370 3557 1435 fuissrt,

1949 1459 2211 1530 potuisset
2254 1465 2423 1515 altera
2464 1460 2621 1516 alteri
2664 1462 3094 1516 consnlationem
3141 1462 3338 1517 afferre
3367 1480 3381 1517 :
3415 1476 3559 1516 nunc

1945 1561 2129 1607 autem
2154 1560 2383 1621 utraque
2426 1568 2552 1624 pars
2571 1551 3008 1624 Oppuguabatur)
3034 1570 3049 1619 ;
3088 1565 3142 1608 et
3170 1553 3287 1609 lucc
3313 1553 3561 1610 videntes

1946 1648 2099 1701 tnulti
2144 1664 2211 1702 ex
2277 1648 2663 1702 inﬁrmioribus
2720 1648 3160 1704 dissolvebantur
3203 1648 3558 1719 obtorpescc-

1948 1740 2115 1806 bant,
2167 1740 2314 1795 anxii
2367 1752 2564 1795 erant:
2599 1742 2737 1796 bona
2795 1741 3011 1812 quidem
3057 1742 3460 1811 prmdicatiOuis
3506 1742 3557 1794 in

1947 1847 2045 1901 spe
2080 1832 2254 1886 futura
2297 1832 2564 1899 videntes,
2616 1850 2863 1903 regnum,
2896 1834 3353 1888 resurrectionem
3395 1845 3448 1889 et
3481 1834 3560 1888 in-

1946 1926 2388 1995 corruptionem;
2442 1927 2612 1981 tristia
2642 1936 2823 1981 autem
2868 1926 2958 1983 hic
3003 1929 3055 1982 in
3101 1928 3480 1998 experimento
3506 1939 3562 1983 et

1948 2017 2244 2088 patientia,
2302 2020 2606 2088 Sarlagincs
2658 2034 2890 2089 nempe,
2939 2019 3222 2085 fornaces,
3276 2035 3558 2083 carceres,

1951 2111 2115 2176 bella,
2144 2110 2472 2177 inimicitias,
2496 2111 2644 2175 odia,
2670 2123 2897 2177 mortes,
2930 2112 3198 2182 pericula;
3227 2121 3283 2168 et
3305 2111 3561 2169 doctores

1949 2221 2098 2273 suos,
2129 2221 2273 2260 nunc
2311 2205 2365 2259 in
2395 2206 2727 2272 carceribus,
2760 2221 2905 2262 nunc
2934 2206 2986 2261 in
3018 2207 3332 2278 synagogis,
3384 2206 3560 2261 abdu-

1949 2312 2070 2355 ctos
2122 2307 2177 2353 et
2224 2299 2553 2353 contumelia
2587 2298 2841 2363 allectos,
2892 2308 2947 2354 et
3000 2297 3238 2370 undique
3294 2296 3567 2359 malorum

1952 2396 2127 2450 nubes
2170 2393 2516 2463 ingruebant,
2544 2402 2601 2447 et
2628 2394 2681 2447 in
2709 2391 2976 2462 profunda
3009 2393 3369 2446 tentationum
3400 2402 3560 2447 nocte

1951 2495 2127 2552 erant,
2160 2503 2280 2557 qua:
2309 2501 2500 2541 oumes
2529 2486 2791 2542 invadens
2828 2486 2880 2542 in
2922 2487 3334 2558 perturbatione
3368 2502 3562 2558 magna

1955 2582 2217 2635 tenebat:
2270 2578 2392 2633 vide
2437 2579 2709 2649 quomodo
2753 2594 2857 2633 una
2902 2594 3036 2635 voce
3067 2580 3307 2634 animum
3340 2580 3558 2634 illorum

1952 2675 2144 2743 erigat.
2195 2671 2344 2727 Idem
2405 2671 2533 2725 facit
2590 2688 2643 2726 tu
2696 2673 2796 2725 alia
2849 2672 3100 2742 epistola,
3157 2672 3388 2727 dicens:
3433 2672 3563 2727 Ideo

1953 2781 2136 2818 manus
2196 2764 2435 2817 remissas
2490 2772 2538 2816 et
2596 2779 2763 2834 genua
2822 2748 3013 2817 debilia
3072 2762 3307 2818 roborata
3349 2764 3560 2837 (llebr.

1956 2856 2124 2927 12.1)
2158 2874 2170 2910 :
2203 2872 2311 2912 non
2358 2857 2427 2911 de
2474 2862 2717 2927 genulius
2758 2867 2813 2912 et
2852 2857 3104 2913 manibus
3143 2857 3371 2929 loquens
3395 2901 3411 2926 ,
3466 2860 3563 2915 sed

1953 2953 2023 3007 de
2065 2949 2485 3021 cogitationibus
2537 2951 2767 3009 internis
2805 2960 2860 3006 et
2901 2950 3194 3007 latentibus
3226 2993 3241 3017 ,
3297 2969 3418 3022 quae
3469 2969 3567 3025 per

1958 3048 2285 3101 tentatioues
2317 3044 2775 3099 disSolvebantur.
2838 3045 3043 3101 Deinde
3100 3054 3221 3116 post
3271 3045 3394 3101 data
3452 3064 3567 3103 mn-

1958 3140 2066 3194 nita
2113 3137 2540 3193 consolationem
2590 3137 2748 3194 affert
2775 3139 3084 3203 maximam,
3125 3140 3351 3196 dicens:
3384 3141 3568 3196 Adhuc

1955 3233 2217 3286 modicum
2255 3230 2658 3300 aliquantulum,
2697 3240 2743 3284 et
2780 3232 2869 3301 qui
2913 3243 3151 3287 uenturus
3200 3243 3274 3288 est
3317 3237 3499 3303 veniet,
3523 3248 3570 3290 ct

1956 3326 2059 3380 nbn
2088 3325 2309 3379 tardabit
2354 3326 2372 3395 (
2403 3323 2544 3377 Ibid.
2574 3340 2623 3379 υ.
2659 3324 2746 3380 10.
2779 3325 2847 3380 37
2879 3325 2920 3395 ).
2962 3325 3067 3381 Sed
3113 3326 3246 3395 quia.
3266 3326 3396 3382 illud
3426 3328 3569 3382 inle-

1958 3420 2060 3474 rim
2089 3420 2141 3472 in
2178 3434 2273 3488 spe
2300 3428 2439 3485 erat,
2481 3418 2588 3473 alio
2630 3416 2795 3472 modo
2846 3433 3038 3473 rursus
3087 3434 3186 3474 eos
3229 3418 3568 3487 cohortatur,

1959 3526 2066 3567 nou
2113 3511 2324 3575 alienis,
2353 3510 2449 3565 sed
2482 3509 2716 3581 propriis
2744 3511 3011 3581 exemplis
3054 3511 3267 3566 animos
3313 3512 3445 3582 ipsis
3489 3513 3571 3566 fa-

1960 3606 2130 3661 ciens.
2166 3602 2620 3666 llememoramini,
2656 3602 2853 3673 inquit,
2877 3603 3121 3672 pristinos
3145 3603 3277 3670 dies,
3308 3604 3361 3659 in
3391 3605 3573 3671 quibus

1959 3696 2259 3762 illuminati,
2311 3712 2551 3767 magnum
2598 3706 2859 3751 certamen
2904 3695 3225 3750 sustinuistis
3276 3698 3574 3767 passionum

1965 3786 2133 3860 (Ibid.
2162 3804 2212 3841 υ.
2244 3787 2359 3861 52).
2388 3787 2496 3843 Vos
2523 3789 2674 3859 ipsos
2700 3788 3062 3843 revereamini
3100 3789 3351 3861 bonaque
3392 3801 3571 3846 vestra

1963 3898 2148 3953 opera,
2174 3900 2241 3937 ne
2266 3881 2545 3952 indignum
2574 3881 2965 3952 prooemiorum
2998 3880 3162 3936 linem
3189 3882 3515 3949 esttibeatis,
3543 3898 3573 3938 a

1964 3975 2117 4030 vobis
2159 3975 2292 4045 ipsis
2325 3973 2762 4029 cohortationem
2795 3972 3099 4042 accipiatis.
3129 3972 3263 4028 Cum
3290 3989 3421 4046 ergo
3451 3973 3579 4030 illos

1966 4066 2069 4122 hoc
2095 4077 2149 4121 et
2171 4067 2262 4121 illo
2294 4066 2456 4120 modo
2478 4065 2803 4135 monuisset,
2826 4081 2921 4135 per
2942 4063 3044 4119 hoc
3061 4064 3263 4120 dictum
3293 4066 3416 4120 illos
3439 4065 3572 4121 bnr-‘
3590 4070 3627 4110 ι

1967 4170 2128 4217 tatur.
2163 4162 2448 4230 Quomodo
2467 4176 2521 4215 et
2561 4174 2664 4231 qua
2707 4158 2959 4214 ratione?
2993 4158 3216 4215 Vincula
3244 4170 3300 4215 et
3329 4170 3576 4214 catenam

1965 4253 2154 4309 dicens
2198 4252 2667 4309 continuationem
2720 4266 2845 4307 esse
2882 4248 3180 4323 Evangelii.
3231 4251 3348 4308 Non
3399 4252 3578 4309 Stilum

1966 4348 2111 4401 enim
2141 4346 2336 4401 mortui
2370 4345 2639 4412 suscitati,
2670 4345 2755 4400 vel
2785 4344 2983 4412 leprosi
3015 4347 3283 4413 mandati,
3332 4348 3417 4403 vel
3467 4350 3577 4399 itm-

1966 4454 2155 4495 mones
2180 4439 2391 4509 expulsi
2430 4437 2645 4504 (Matth.
2678 4438 2766 4493 10.
2800 4436 2880 4510 8),
2930 4438 3024 4493 sed
3068 4455 3167 4494 uos
3207 4440 3371 4495 etiam
3412 4441 3578 4496 vincti

1956 4532 2306 4605 Evangelium
2363 4531 2773 4588 conﬁrmamus.
2822 4536 2940 4600 Quo
2995 4542 3195 4603 pacto,
3255 4532 3345 4588 dic
3401 4534 3584 4591 milii?

1966 4642 2102 4682 nova
2148 4628 2292 4682 enim
2349 4636 2475 4682 sunt
2511 4625 2653 4682 dicta
2685 4626 2796 4691 illa,
2828 4636 2883 4681 et
2914 4627 3171 4698 pleraque
3198 4628 3470 4698 mnigmati
3503 4630 3583 4685 si-

1966 4720 2132 4775 milia.
2186 4720 2324 4775 Audi
2372 4720 2616 4785 demum,
2668 4720 2987 4790 quomodo:
3028 4721 3075 4778 sl
3125 4722 3329 4793 absque
3386 4724 3582 4780 timore

1967 4813 2406 4883 praedicaremus,
2438 4812 2567 4867 nilnil
2615 4812 2884 4882 ingratum
2930 4812 3014 4869 vel
3060 4828 3228 4884 grave
3270 4814 3579 4885 patientes;

1966 4906 2149 4961 multis
2179 4922 2390 4969 eorum,
2436 4907 2525 4977 qui
2574 4922 2671 4961 nos
2722 4907 3012 4963 calumniis
3060 4910 3326 4979 impetere
3372 4911 3580 4980 volunt,

1965 5010 2215 5069 suspecta
2267 4999 2543 5055 videretur
2599 5015 2721 5056 esse
2776 5001 3142 5070 przedicalio:
3198 5018 3343 5059 nunc
3399 5014 3581 5058 autem

1967 5094 2127 5165 pulsi.
2182 5094 2656 5165 persequutionem
2702 5095 2990 5164 patientes,
3033 5095 3191 5162 secti,
3236 5095 3436 5157 adusti.
3486 5112 3584 5167 per

1966 5186 2258 5257 praecipitia
2307 5187 2436 5250 acti,
2488 5188 2769 5241 immmera
2818 5187 3106 5257 patientes,
3154 5202 3257 5243 nec
3292 5188 3575 5256 cedentes,

1968 5281 2075 5333 imo
2133 5279 2257 5335 hinc
2312 5280 2606 5334 alacriores
2662 5278 2810 5347 facti,
2872 5279 3037 5334 etiam
3093 5279 3584 5348 impudentiorihvs

1967 5371 2246 5428 oll'erimus
2288 5372 2502 5443 plenam
2552 5372 3105 5439 demonstratiOnem,
3154 5373 3297 5441 quod
3342 5376 3585 5431 veritatis

1967 5468 2137 5523 simus
2167 5480 2465 5536 praecones,
2496 5465 2756 5536 quodque
2798 5464 2983 5520 divina
3024 5463 3271 5536 quatdatn
3316 5468 3488 5521 virtus
3530 5470 3583 5524 in

1968 5558 2124 5613 nobis
2149 5559 2240 5622 sit,
2265 5572 2385 5627 qua:
2418 5544 2533 5612 haec
2569 5559 2749 5612 omnia
2793 5557 2993 5613 leviora
3040 5556 3250 5619 reddat,
3301 5574 3401 5613 nec
3460 5574 3584 5629 per-

1969 5656 2145 5710 mittat
2184 5665 2244 5708 ut
2270 5662 2347 5709 tot
2374 5654 2703 5709 tentationes
2735 5652 3123 5723 prcedicatores
3155 5667 3254 5707 nos
3283 5665 3579 5721 superent;

1969 5748 2096 5803 licet
2121 5747 2274 5817 pauci
2302 5746 2495 5807 simus,
2529 5744 2623 5800 sed
2660 5761 2755 5816 per
2786 5755 2864 5799 tot
2892 5744 3280 5815 impedimenta
3307 5745 3375 5801 ad
3403 5746 3581 5802 victo-

1968 5841 2100 5895 riam
2118 5852 2217 5892 nos
2234 5837 2403 5892 duxit.
2422 5836 2478 5893 Si
2499 5840 2620 5909 quis
2639 5854 2770 5908 ergo
2791 5837 3021 5893 voluerit
3035 5836 3237 5893 claram
3258 5854 3580 5911 comparare

1970 5931 2529 6001 demonstrationem,
2574 5932 2717 6005 quod
2757 5932 2940 5989 divina
2980 5932 3227 6003 qutcdam
3298 5934 3470 5991 virtus
3509 5935 3582 5993 sit
