4068 6414
516 406 614 460 10⁸)
1221 396 1276 450 S.
1316 388 1591 449 JOANNIS
1614 378 2083 442 CllltlSOSTOSll
2125 376 2438 432 AllClllEl’.
2480 373 3007 429 CONSTASlle‘.

502 532 623 586 qua:
645 514 901 570 uosintus
923 515 1163 583 inspiret,
1180 510 1497 565 tentatioues
1513 513 1685 560 sumat
1701 516 1763 557 ac
1779 508 2052 555 recenseat
2066 540 2081 562 ,

506 609 765 677 pericula,
817 617 1050 669 catenas,
1100 617 1364 657 Carceres.
1415 599 1596 667 Neque
1638 598 1777 651 cnim
1829 591 2079 645 humatus:

506 700 721 753 virtutis
742 709 825 753 est
852 712 942 767 per
968 704 1045 749 tot
1074 693 1366 763 pra-cipitia
1396 692 1633 751 vincere,
1665 701 1762 756 per
1794 696 1870 736 tot
1891 684 2083 737 ﬂuctus

505 802 565 846 et
614 790 877 862 procellas
916 781 1185 857 navigare,
1212 768 1369 839 [inter
1417 794 1491 836 tot
1538 780 1639 833 tela
1674 774 1959 847 progredi;
1989 771 2084 828 sed

507 883 702 937 divina:
744 890 798 935 et
844 878 1268 948 inexpugnabilis
1316 875 1525 929 virtutis
1562 872 1675 925 lucc
1714 878 1859 923 sunt.
1904 866 2087 934 Itaque

512 986 695 1028 catena
727 985 808 1027 ρει
833 970 1167 1027 confirmatio
1188 966 1476 1037 Evangelii,
1511 979 1612 1017 non
1645 961 1747 1014 illis
1781 957 1961 1021 modo,
1990 953 2085 1009 sed

511 1067 669 1119 etiam
702 1065 854 1119 nobis
894 1064 983 1132 qui
1028 1063 1294 1131 patimur:
1338 1056 1668 1127 probatiores
1711 1052 1853 1105 enim
1900 1048 2091 1102 fortio-

505 1171 705 1226 resque
737 1172 833 1209 nos
852 1154 1027 1209 reddit
1052 1170 1066 1217 ;
1094 1152 1360 1220 efficitque
1391 1157 1446 1202 ut
1468 1146 1684 1200 insidias
1707 1141 2089 1212 deSpieiamns.

513 1252 852 1319 Quapropter
886 1248 1095 1302 dicebat
1125 1264 1137 1299 :
1180 1244 1457 1299 Tribulutio
1492 1239 1787 1310 patientiam
1832 1243 2092 1301 operatur,

517 1345 762 1413 patientia
788 1353 949 1395 autem
980 1339 1343 1409 probationem,
1379 1335 1607 1403 probatio
1649 1348 1762 1385 rero
1792 1345 1951 1396 spem,
1981 1339 2096 1393 spes

508 1447 684 1488 autem
714 1451 811 1486 non
842 1432 1106 1501 confundit
1136 1428 1309 1498 (llam.
1336 1427 1388 1481 ὅ.
1412 1427 1468 1479 3.
1498 1427 1549 1478 4.
1792 1504 1797 1513 ’

588 1527 643 1581 5.
677 1524 859 1578 Videu'
909 1522 1177 1593 quomodo
1228 1518 1495 1574 trilutlatio
1545 1515 1826 1571 confirmet
1856 1515 2096 1577 Evange—

516 1618 688 1671 lium?
721 1617 840 1670 Ideo
868 1631 1079 1685 quoque
1109 1613 1233 1668 alibi
1264 1629 1383 1667 cum
1428 1619 1629 1680 peteret
1669 1616 1725 1659 ut
1769 1621 1799 1659 a
1845 1602 2098 1658 tentalio-

519 1712 679 1764 nibus
720 1709 1055 1771 liberaretur,
1093 1722 1155 1760 ac
1203 1721 1344 1775 szrpe
1382 1704 1467 1757 illa
1500 1703 1569 1757 de
1596 1716 1757 1756 causa
1787 1698 1959 1753 adiret
1990 1697 2099 1750 Do-

519 1802 726 1855 minum
747 1841 763 1866 ,
793 1800 997 1853 audivit
1022 1820 1034 1853 :
1067 1798 1263 1868 Sufﬁcit
1306 1796 1390 1849 tibi
1432 1795 1598 1866 gratia
1628 1807 1774 1855 mea;
1802 1807 1918 1844 nam
1942 1790 2101 1844 virtus

523 1907 637 1944 mea
681 1891 733 1943 in
774 1890 1065 1959 inﬁrmitate
1094 1887 1355 1957 perficitur
1386 1884 1460 1953 (2.
1490 1883 1609 1938 Cor.
1645 1881 1730 1936 l9...
1764 1881 1843 1949 9).
1868 1879 2103 1934 lulitnti-

520 1985 687 2035 tatem
717 1981 801 2034 hic
822 1980 1259 2050 persequutioaes
1284 1984 1456 2040 toeat,
1478 1975 1821 2039 mutationes,
1841 1969 2102 2040 pericula,

520 2072 774 2133 insidias.
832 2070 1129 2125 molestias.
1188 2069 1298 2123 lloc
1355 2079 1535 2121 autem
1594 2066 1705 2119 vult
1758 2062 2103 2133 significare:

524 2163 775 2219 Poteram
802 2164 903 2217 hoc
931 2161 1193 2231 impedire
1218 2169 1274 2215 et
1301 2158 1499 2214 bellum
1541 2156 1905 2225 exstinguere,
1946 2163 2109 2223 atque

524 2254 721 2308 ﬂuctus
751 2253 1143 2322 comprimere;
1173 2251 1267 2305 sed
1297 2264 1400 2303 non
1421 2249 1538 2312 feci,
1572 2247 1816 2301 utvirtus
1842 2260 1959 2300 mea
1992 2258 2109 2298 ma-

524 2346 611 2415 gis
656 2344 1132 2399 demonstraretur.
1180 2340 1294 2395 Non
1341 2340 1483 2394 cnim
1542 2338 1615 2393 ita
1668 2348 1883 2392 ostensa
1922 2336 2111 2390 fuisset

525 2438 650 2505 ejus
675 2435 861 2498 virtus,
892 2435 936 2490 si
974 2435 1089 2489 haec
1122 2448 1228 2486 non
1269 2432 1403 2487 facta
1449 2430 1706 2493 fuissent;
1738 2439 1793 2485 ut
1819 2444 1941 2483 cum
1976 2429 2111 2481 facta

534 2528 752 2599 quidem
805 2538 947 2591 sunt,
987 2538 1043 2582 et
1086 2526 1218 2580 nihil
1259 2534 1569 2594 patuerunt.
1613 2521 1744 2577 Nam
1792 2522 2115 2591 gubernato-

534 2635 649 2673 rem
698 2620 843 2673 illum
875 2618 1135 2687 optiumm
1179 2617 1424 2677 dicimus,
1458 2630 1567 2670 non
1607 2614 1694 2685 qui
1735 2614 1788 2668 in
1830 2612 2117 2683 tranquillo

533 2712 672 2766 mari
729 2720 903 2780 potest
956 2725 1142 2767 navent
1194 2717 1339 2763 recte
1390 2707 1612 2770 ducere,
1676 2706 1771 2761 sed
1828 2706 1917 2776 qui
1978 2706 2119 2760 inter

537 2801 787 2870 scapulos
816 2812 871 2855 et
901 2798 1093 2854 fluctus
1116 2807 1171 2853 et
1196 2807 1541 2865 tempestates
1568 2808 1623 2851 et
1663 2806 1853 2851 ventos
1878 2807 2119 2850 vectores

534 2900 825 2946 conservat
856 2907 869 2942 :
918 2900 975 2944 et
1017 2889 1282 2945 medicum
1326 2889 1555 2958 peritum
1594 2888 1823 2942 dicimus
1850 2903 1995 2953 etin),
2028 2884 2117 2957 qui

536 2984 687 3037 mille
726 2980 1153 3035 incumbentibus
1181 2979 1379 3033 morbis
1409 2995 1608 3049 aegrum
1637 2988 1854 3032 servat:
1882 2987 1940 3032 et
1967 2993 2122 3031 exer-

538 3074 679 3126 citus
694 3072 883 3125 ducent
912 3070 1001 3139 qui
1022 3070 1261 3124 hostibus
1284 3069 1516 3139 undique
1539 3070 1865 3123 irruentibus
1882 3078 1937 3123 et
1954 3084 2123 3137 oppu-

550 3163 878 3232 guautibus,
928 3172 1186 3230 trapwum
1228 3168 1405 3231 potest
1442 3160 1652 3230 erigere
1700 3176 1715 3213 :
1760 3168 1814 3213 et
1848 3170 2121 3229 pastorem

546 3256 743 3310 bonum
774 3255 862 3325 qui
892 3254 1037 3309 mille
1062 3254 1199 3322 lupis
1228 3252 1451 3323 aliisque
1497 3251 1895 3307 insidiatoribus
1928 3251 2127 3305 irrum-

546 3350 817 3418 pentibus,
850 3363 1064 3418 gregem
1086 3348 1137 3400 iu
1160 3345 1535 3402 tutocastodit.
1563 3346 1633 3399 Ita
1666 3357 1790 3400 tunc
1812 3359 2022 3414 quoque
2040 3359 2126 3399 res

550 3442 676 3496 hinc
716 3440 973 3495 mirabilis
999 3438 1353 3505 efficiebatur,
1383 3438 1524 3510 quod
1561 3438 1690 3493 licet
1717 3439 1990 3491 innumera
2038 3452 2130 3506 pa-

547 3536 742 3589 tientes
766 3538 1133 3596 viueereut,et
1150 3548 1243 3587 eos
1261 3531 1349 3601 qui
1376 3547 1434 3585 se
1460 3529 2122 3601 afﬂigebautsuperareut.

548 3628 771 3695 Quando
802 3627 959 3697 igitur
989 3626 1203 3679 Petrum
1245 3634 1299 3678 et
1332 3623 1617 3690 Joannem,
1672 3624 1837 3678 filium
1886 3622 2126 3688 tonitrui,

549 3730 605 3772 et
644 3720 1044 3771 fumlameutum
1075 3715 1213 3779 fidei,
1251 3715 1301 3768 in
1343 3730 1611 3770 carcerem
1640 3716 2006 3785 conjeceruut,
2031 3729 2130 3768 co-

555 3812 661 3881 gita
703 3808 1015 3878 quomodo,
1066 3808 1195 3876 ipsis
1242 3806 1483 3863 dimissis
1530 3807 1794 3862 dubitant.
1850 3807 1983 3863 Cum
2033 3806 2131 3861 ad-

552 3901 833 3955 duxissent
867 3900 1025 3969 igitur
1067 3899 1190 3953 illos
1222 3900 1272 3952 iu
1328 3899 1563 3953 medium
1614 3900 1921 3965 theatrum,
1978 3899 2132 3954 dixe-

560 4004 685 4049 runt
717 4012 730 4047 :
764 3992 899 4061 Quid
952 3994 1195 4064 faciemus
1242 3991 1529 4045 hominibus
1578 3991 1686 4045 istis
1714 3990 1733 4056 (
1764 3990 1879 4045 Act.
1911 3991 1965 4046 4.
1998 3992 2063 4047 16
2091 3992 2130 4061 ).

553 4086 746 4149 Judaei,
775 4086 863 4155 qui
899 4086 951 4140 in
984 4085 1361 4155 prophetarum
1408 4091 1666 4153 Sanguine
1702 4084 1952 4140 .iunutriti
1984 4095 2137 4139 erant

556 4178 782 4249 populus
829 4176 1013 4233 furens
1075 4186 1128 4231 et
1176 4177 1323 4231 rabie
1377 4176 1609 4241 ductus,
1660 4178 1750 4247 qui
1802 4176 1987 4231 altaria
2045 4179 2139 4232 de-

558 4280 849 4337 struxerat,
878 4274 965 4341 qui
1022 4271 1312 4341 prophetas
1348 4271 1638 4335 occiderat,
1670 4272 1762 4342 qui
1804 4272 1858 4326 in
1902 4272 2138 4328 caedibus

559 4364 819 4417 educatus
854 4362 1050 4427 fuerat,
1086 4363 1173 4434 qui
1203 4362 1389 4416 belluis
1426 4362 1657 4417 ferocior
1680 4374 1817 4429 erat,
1847 4366 1935 4435 qui
1964 4364 2140 4419 adhuc

562 4452 823 4508 Dominici
850 4453 1120 4522 sanguinis
1153 4453 1324 4507 Stillas
1345 4454 1640 4519 emittebat,
1680 4455 1767 4525 qui
1805 4454 1975 4525 ipsum
2019 4470 2141 4510 cru-

560 4545 801 4600 ciﬁxerat
830 4562 842 4597 :
876 4544 961 4599 hic
988 4546 1195 4600 duobus
1231 4546 1583 4615 apprehensis
1631 4546 2002 4615 piscatoribus,
2036 4548 2141 4601 illi-

561 4636 766 4697 teratis.
810 4636 1012 4701 idiotis,
1057 4636 1319 4699 obscuris,
1367 4636 1526 4690 nmtis
1558 4638 1725 4706 magis
1755 4652 1913 4707 quam
1946 4639 2138 4707 pisces,

560 4742 789 4797 quorum
835 4728 968 4780 alter
1012 4742 1079 4782 ne
1126 4728 1358 4783 ostiarize
1402 4728 1616 4798 quidem
1663 4729 1833 4784 minas
1872 4731 2144 4800 simplices

564 4820 803 4872 tulerat:
834 4816 951 4882 bos,
986 4818 1219 4887 inquam,
1265 4818 1680 4886 comprehensos
1724 4820 1773 4873 in
1824 4821 2000 4875 medio
2044 4822 2143 4876 ba-

566 4909 756 4963 beutes
778 4910 987 4978 ligatos,
1009 4910 1199 4972 nudos,
1220 4924 1323 4963 non
1345 4914 1687 4979 pecuniarum
1708 4927 1808 4982 ope
1832 4913 2142 4980 instructos,

562 5018 671 5055 non
694 5016 949 5071 corporea
981 5000 1307 5066 fortitudine,
1336 5016 1437 5055 nou
1460 5016 1771 5057 sermonum
1804 5006 2138 5075 eloquentia,

567 5106 671 5147 non
698 5093 959 5149 rhetorica
988 5095 1062 5161 vi,
1096 5109 1202 5149 non
1226 5096 1440 5165 generis
1474 5096 1779 5165 splendore,
1814 5114 1919 5153 nou
1955 5101 2140 5169 patria:

3670 373 3799 430 δοῖ»

2193 493 2573 564 magnitudine,
2630 494 2925 562 piscatores
2976 509 3047 548 ex
3101 493 3479 561 piscatoribus,
3535 502 3797 547 cxtmma

2190 593 2503 653 paupertate
2548 584 2877 651 laborantes,
2918 585 3162 639 dubitant
3201 585 3475 655 quomodo
3515 600 3633 637 cum
3673 585 3801 637 illis

2189 675 2358 730 acturi
2389 678 2515 737 sint.
2546 685 2599 729 et
2627 676 2835 741 dicunt,
2872 676 3008 742 Quid
3037 678 3281 746 faciemus
3308 676 3593 729 hominibus
3621 676 3749 729 istis
3774 676 3805 726 .’

2192 765 2379 820 Viden'
2422 777 2619 835 quanta
2661 782 2747 821 res
2788 767 2853 820 sit
2892 766 3101 820 virtus?
3139 768 3407 835 quomodo
3453 767 3803 820 mutationes

2189 857 2524 913 Confirmatio
2559 858 2670 911 sint
2698 856 3008 926 Evangelii?
3060 856 3248 910 Dicont
3293 858 3357 911 ad
3406 872 3537 909 eos:
3588 855 3806 909 Nonne

2192 948 2530 1018 precipiendn
2556 950 2883 1017 precepimus
2903 948 3038 1002 vobis
3066 964 3129 1001 ne
3154 948 3480 1018 loqueremini
3503 950 3552 1001 in
3575 950 3722 1000 nouli
3735 964 3807 1000 ιε

2193 1040 2327 1093 isto?
2373 1037 2442 1092 Et
2479 1039 2627 1093 vultis
2667 1039 2905 1093 inducere
2936 1056 3088 1105 super
3114 1056 3204 1093 nos
3240 1042 3532 1111 sanguinem
3560 1040 3811 1092 bonum":

2195 1134 2339 1187 istius
2370 1134 2501 1203 (Act.
2532 1135 2585 1188 5.
2613 1132 2728 1205 οὶ8).
2758 1134 2813 1188 Si
2847 1133 3005 1186 homo
3038 1143 3121 1188 est
3162 1142 3387 1197 tantum,
3434 1134 3552 1202 quid
3588 1132 3813 1187 limes?

2199 1227 2243 1281 si
2273 1242 2399 1281 vero
2430 1228 2567 1282 Deus
2594 1236 2695 1292 est,
2730 1243 2827 1281 cur
2858 1226 3006 1281 illum
3038 1243 3143 1280 non
3172 1226 3410 1282 adoras?
3448 1231 3635 1280 Annon
3662 1227 3807 1281 cla-

2200 1322 2384 1374 mabas
2414 1336 2603 1388 nuper,
2637 1320 2861 1391 Sanguis
2897 1321 3004 1385 eius
3046 1338 3201 1388 super
3242 1336 3333 1373 nos
3373 1333 3417 1374 et
3453 1337 3601 1388 super
3645 1322 3809 1385 filios

2200 1424 2399 1467 nostros
2456 1414 2668 1481 (Matth.
2720 1416 2807 1469 27.
2861 1414 2992 1483 25)?
3041 1415 3178 1467 umle
3228 1416 3535 1481 Sanguinem
3585 1414 3810 1467 times?

2201 1507 2325 1575 quid
2360 1517 2591 1559 mentem
2628 1519 2769 1561 tuam
2798 1509 3086 1577 osagitavit
3109 1508 3128 1561 ?
3152 1523 3331 1561 nonne
3362 1508 3571 1576 ligasti?
3602 1523 3807 1561 nonne

2204 1596 2520 1665 flagellasti?
2568 1614 2745 1653 nonne
2793 1598 3137 1655 crueifixisti?
3180 1612 3360 1653 nonne
3401 1607 3664 1652 mortumn
3713 1599 3808 1653 ri-

2202 1689 2327 1743 disti
2355 1706 2419 1743 ex
2450 1705 2608 1745 cruce
2631 1691 2968 1745 detractum?
2994 1708 3171 1744 nonne
3198 1690 3468 1759 sepultum
3503 1691 3706 1754 vidisti,
3742 1700 3811 1745 cl.

2203 1790 2347 1835 terra
2400 1782 2688 1850 opertum?
2734 1798 2912 1835 nonne
2960 1783 3106 1852 signa
3160 1782 3408 1851 sepulcro
3453 1780 3808 1849 imposuisti?

2203 1888 2386 1927 nonne
2423 1874 2624 1926 milites
2667 1874 2841 1942 pretio
2871 1874 3087 1927 emisti?
3114 1889 3292 1927 nuttne
3325 1875 3518 1925 famam
3547 1874 3807 1940 sparsisti

2207 1963 2349 2035 quod
2401 1963 2648 2033 discipuli
2691 1963 2807 2032 ejus
2860 1963 3030 2031 ipsum
3080 1962 3238 2017 furati
3283 1964 3425 2017 sint?
3467 1964 3602 2031 Quid
3649 1980 3809 2018 nunc

2208 2054 2407 2109 times?
2450 2070 2549 2109 cur
2589 2068 2704 2122 ejus
2743 2056 3055 2125 sanguinem
3084 2055 3375 2109 fortnidas?
3408 2053 3565 2109 Vides
3592 2057 3805 2109 serita-

2213 2156 2319 2202 tem
2350 2162 2445 2216 per
2473 2147 2651 2201 omnia
2679 2145 3006 2217 fulgentem?
3034 2146 3167 2214 Quia
3193 2147 3337 2200 enim
3378 2144 3629 2199 videbant
3676 2157 3810 2214 post

2214 2240 2331 2295 illas
2359 2240 2577 2294 insidias
2620 2255 2732 2293 rem
2764 2238 3144 2309 eﬂ'erri,atque
3172 2238 3320 2292 initia
3362 2237 3635 2307 splendida
3674 2252 3810 2291 esse

2210 2343 2269 2388 et
2309 2332 2423 2400 ipso
2449 2332 2561 2387 sole
2593 2331 2870 2396 lucidiora,
2917 2339 2971 2385 et
3012 2331 3079 2385 ab
3131 2331 3249 2399 ipso
3293 2344 3484 2384 cursus
3536 2330 3808 2397 principio

2212 2423 2489 2485 exhibita,
2544 2423 2798 2493 quodque
2857 2431 3025 2478 totum
3084 2424 3272 2478 orbem
3344 2424 3809 2491 compreheusura

2216 2524 2380 2581 esset,
2412 2516 2596 2586 utique
2626 2529 2866 2570 errorem
2896 2514 2961 2567 ad
2984 2524 3226 2570 extrema
3252 2514 3622 2585 depellendum
3655 2530 3809 2581 esse,

2221 2624 2319 2663 nec
2343 2623 2499 2677 posse
2543 2611 2661 2678 ejus
2690 2612 2796 2662 vim
2840 2608 3163 2664 inrfl'abilem
3210 2610 3511 2674 sustinere;
3549 2608 3812 2662 virtutem

2219 2704 2340 2771 ejus
2367 2704 2577 2768 timent,
2604 2701 2894 2756 formidant
2915 2701 3459 2769 vinctos,damuatos,
3484 2701 3811 2772 flagellatos,

2223 2796 2429 2850 insidiis
2454 2795 2833 2862 circumdatos,
2861 2795 2996 2849 duos
3012 2810 3210 2865 eosque
3236 2794 3447 2850 idiotas.
3474 2796 3595 2849 Ideo
3614 2794 3814 2848 Paulus

2223 2886 2545 2941 tentatioues
2556 2886 3013 2941 confirmationem
3031 2885 3300 2957 Evangelii
3319 2894 3493 2941 vocat:
3511 2888 3628 2943 ideo
3642 2890 3815 2942 etiam

2223 2979 2344 3033 alibi
2372 2979 2503 3033 dicit
2532 2996 2545 3031 :
2579 2979 2722 3034 Scire
2763 2992 2931 3033 autem
2970 2996 3057 3035 vos
3098 2981 3249 3048 volo,
3292 2981 3497 3049 fratres,
3533 2981 3651 3048 quia
3694 2996 3818 3050 qn.

2226 3072 2359 3125 circa
2388 3090 2466 3125 me
2489 3084 2627 3137 sunt,
2659 3075 2821 3145 magis
2849 3074 2918 3127 ad
2948 3077 3228 3144 profectum
3254 3082 3490 3127 venerunt
3512 3071 3820 3140 Evangelii:

2227 3164 2297 3217 ita
2327 3173 2378 3217 ut
2408 3164 2579 3233 plures
2608 3181 2636 3218 ι
2661 3166 2902 3233 fratribus
2929 3167 2980 3219 in
3005 3164 3248 3230 Domino,
3288 3164 3595 3233 conﬁdentes
3633 3164 3818 3218 viuu-

2228 3256 2290 3307 tt‘s
2317 3255 2457 3321 meis,
2483 3256 2821 3310 abundantius
2856 3257 3099 3311 auderent
3137 3256 3246 3310 sine
3277 3257 3456 3311 timore
3488 3256 3690 3310 verbum
3729 3254 3823 3308 lo-

2228 3349 2317 3418 qui
2342 3348 2602 3419 (Philipp.
2642 3350 2693 3404 Ι.
2736 3349 2823 3403 12.
2871 3350 2983 3421 14).
3034 3348 3164 3416 Quis
3209 3349 3363 3411 vidit.
3413 3349 3533 3418 quis
3585 3346 3819 3411 audivit,

2229 3440 2369 3511 quod
2400 3442 2607 3496 vincula
2640 3440 2916 3496 audaciam
2957 3441 3165 3507 iudant,
3214 3450 3269 3496 cl
3304 3450 3492 3496 catena
3544 3439 3821 3503 fiduciam,

2232 3550 2336 3589 non
2364 3535 2543 3589 vincto
2576 3543 2803 3597 tantum,
2832 3534 2927 3589 sed
2972 3533 3134 3588 etiam
3173 3532 3452 3601 discipulis
3478 3531 3633 3602 ejus?
3662 3534 3824 3585 Atta-

2234 3643 2352 3681 men
2411 3642 2531 3680 cum
2585 3628 2700 3685 tunc
2762 3624 2982 3688 flerent,
3041 3639 3136 3695 per
3187 3625 3458 3680 contraria
3507 3617 3827 3693 prmdicatio

2233 3717 2613 3782 extollebatur,
2647 3725 2699 3772 et
2726 3716 2997 3785 discipuli,
3045 3731 3168 3771 cum
3198 3715 3455 3786 magister
3480 3729 3828 3786 oppugnare-

2240 3820 2358 3875 tur,
2412 3809 2620 3864 iusidiis
2673 3819 3045 3879 appeteretur,
3102 3809 3419 3871 vinciretur.
3476 3810 3644 3877 magis
3686 3808 3828 3863 tidt,h

2239 3903 2386 3969 baut,
2443 3904 2611 3973 magis
2666 3902 3022 3967 exsultabant,
3082 3903 3249 3973 magis
3310 3901 3639 3956 insiliebant.
3672 3900 3825 3955 Dicta

2244 3992 2536 4047 laudastis?
2563 3992 2801 4048 Tandem
2851 3992 3217 4049 fortitudinem
3247 3992 3538 4055 imitetuur,
3573 3992 3827 4045 virtutem

2240 4085 2553 4140 aauulemur
2573 4104 2595 4155 :1
2618 4087 2749 4141 nihil
2778 4101 2876 4141 nos
2906 4096 3128 4151 terreat,
3176 4086 3336 4139 nullze
3375 4099 3474 4140 nos
3502 4085 3832 4139 teutationes

2242 4178 2569 4247 perturbent.
2603 4178 2726 4233 Ilaec
2752 4178 2896 4233 enim
2924 4188 3050 4233 sunt
3070 4179 3281 4248 pictatis
3312 4178 3680 4242 incitamenta,
3709 4178 3832 4231 tunc

2241 4279 2364 4323 sunt
2396 4269 2749 4339 philosophia:
2778 4271 2878 4325 alae
2905 4289 2919 4324 :
2952 4271 3065 4325 haec
3106 4285 3203 4325 nos
3242 4268 3491 4323 fortiores
3518 4280 3571 4323 et
3600 4267 3833 4322 invictos

2242 4364 2491 4429 reddunt,
2526 4364 2640 4418 tunc
2671 4363 2929 4434 majorem
2977 4361 3119 4433 apud
3166 4362 3335 4416 Deum
3375 4365 3508 4415 dant
3552 4361 3830 4426 fiduciam,

2243 4459 2609 4528 majoremque
2660 4458 2937 4512 attrahunt
2984 4457 3101 4527 ejus
3154 4455 3626 4521 benevolentiam,
3688 4455 3831 4509 mul-

2247 4560 2462 4621 tamque
2503 4550 2553 4603 iu
2613 4550 2768 4604 nobis
2801 4552 3027 4621 gratiam
3071 4550 3413 4605 confirmant.
3466 4549 3534 4606 Ut
3576 4564 3707 4620 ergo
3751 4551 3837 4603 his

2243 4643 2490 4695 omnibus
2533 4640 2791 4710 fruamur,
2836 4644 3015 4697 omnia
3047 4658 3167 4713 qua:
3195 4642 3467 4706 accidunt,
3500 4656 3706 4712 quaeso,
3751 4639 3835 4697 fe-

2245 4750 2446 4801 ramus,
2481 4752 2575 4805 per
2604 4739 2781 4792 omnia
2833 4737 3001 4793 Deum
3047 4736 3436 4808 glorilieantes,
3486 4736 3613 4805 quia
3656 4734 3837 4803 ipsum

2247 4826 2401 4881 decet
2441 4828 2629 4898 gloria,
2679 4828 2871 4893 honor,
2905 4828 3212 4897 imperium,
3256 4842 3359 4881 una
3402 4841 3523 4883 cum
3558 4826 3841 4897 unigenito

2247 4913 2362 4978 ejus
2402 4911 2537 4966 Filio
2581 4922 2635 4967 et
2675 4923 2861 4969 sancto
2907 4912 3131 4982 Spiritu,
3179 4928 3323 4967 nunc
3350 4922 3405 4967 et
3429 4924 3667 4981 semper,
3697 4920 3754 4965 et
3785 4914 3840 4964 in

2248 5003 2441 5057 ssccula
2471 5004 2810 5059 Sarculorum.
2855 5012 3051 5059 Amen.

568 5236 2466 5261 W—

1878 5327 2218 5392 HOMILIA
2268 5333 2435 5395 Vlll.

576 5479 819 5552 Ejusdem
864 5478 1072 5533 homilia
1112 5478 1279 5532 habita
1320 5478 1373 5530 in
1412 5475 1622 5530 ecclesia
1664 5473 1840 5540 Pauli,
1872 5473 2049 5533 Gothis
2076 5475 2153 5529 le-

643 5573 874 5645 gentibus
903 5574 999 5641 (τι),
1034 5581 1292 5643 postquam
1324 5569 1578 5640 presbyter
1601 5565 1794 5623 Gatllus
1820 5568 2149 5622 conciouatus

640 5667 803 5736 fuerat
826 5664 923 5736 (b).
957 5728 964 5735 ι

632 5780 710 5904 έσῖ
727 5779 851 5829 Vide
874 5791 983 5841 qua
1006 5777 1095 5827 hac
1114 5776 1177 5825 de
1200 5788 1257 5825 re
1279 5775 1489 5847 diutinus
1514 5775 1563 5823 in
1586 5771 1787 5826 Honito.
1916 5838 1924 5848 .
2061 5838 2071 5851 .

655 5847 679 5891 υ
740 5840 857 5904 ngc
881 5848 935 5904 et
962 5851 1179 5904 sequens
1203 5837 1392 5904 hornttta
1416 5850 1441 5885 a
1460 5836 1577 5904 βυτ.
1604 5834 1959 5904 Εἰλᾈριῐῆειο
1996 5834 2071 5886 edi

655 5834 704 5903 οἱ
740 5840 857 5905 Ηῳο
962 5837 1392 5905 sequeusltomjlia
1416 5850 1441 5885 a
1460 5836 1577 5905 cur.
1604 5834 1959 5905 FrLgatthteio
1996 5834 2141 5887 editto

575 5897 697 5954 sunt
720 5906 766 5953 tu
791 5900 958 5954 libello
980 5897 1272 5962 adtdemico,
1298 5899 1628 5962 Vltemberge
1656 5897 1789 5949 1802.

2333 5484 2377 5535 ί.
2420 5482 2626 5537 .Vt-lleni
2656 5482 2846 5537 adesse
2872 5481 3090 5537 Gnaeos
3115 5479 3303 5545 hodie,
3336 5491 3392 5532 ut
3422 5494 3540 5549 qua:
3563 5478 3695 5531 lecta
3719 5488 3852 5534 sunt

2256 5579 2506 5634 audirent
2549 5590 2604 5632 et
2652 5579 2925 5633 discerent
2972 5586 3167 5645 quanta
3226 5577 3297 5628 sit
3339 5572 3591 5629 Crucilixi
3649 5574 3847 5635 virtus.

2258 5685 2451 5744 quanta
2482 5673 2660 5727 crucis
2685 5680 2923 5742 potestas
2945 5709 2960 5735 ,
3001 5676 3197 5737 quanta
3241 5665 3505 5721 Ecclesim
3553 5664 3810 5718 nobilitas
3829 5706 3850 5731 ,

2255 5777 2448 5839 quanta
2481 5765 2602 5822 fidei
2634 5766 2877 5831 firmitas,
2907 5771 3101 5833 quanta
3129 5760 3330 5815 erroris
3356 5757 3653 5826 turpitudo,
3677 5772 3854 5827 quau-

2260 5872 2311 5917 ta
2341 5860 2643 5915 daemonum
2675 5857 2870 5913 irrisio.
2889 5855 3100 5913 Etenim
3119 5869 3237 5925 qua:
3255 5851 3701 5937 philosophorum
3726 5858 3854 5905 sunt
