4068 6414
155 528 291 584 abiis
308 531 401 601 qui
426 532 700 603 ejuisdcm
727 534 918 607 lingua:
946 545 1123 601 erant,
1151 537 1426 611 confutata
1446 535 1635 598 fuere;
1670 546 1769 588 no-

149 628 249 673 stra
278 636 411 677 vero
438 624 619 679 etiam
650 628 789 695 apud
811 640 1099 683 extraneos
1126 630 1349 683 multam
1380 630 1487 683 vim
1518 628 1719 683 habent
1745 669 1761 685 .

148 720 200 764 et
230 712 315 767 illa
364 715 605 784 quidem
660 718 867 774 facilius
904 735 1066 790 quam
1096 736 1311 775 aranea:
1357 720 1459 776 tela
1508 720 1765 791 dissipata

146 812 293 867 sunt;
326 802 450 861 haec
478 816 679 863 autem
709 807 914 864 firmius
935 826 1094 881 quam
1118 811 1339 867 adamas
1364 812 1527 869 infixa
1557 824 1703 867 sunt.

211 894 465 953 Barbare
491 910 681 970 gentes
706 900 776 955 ad
799 902 954 970 [idem
975 919 1230 960 conversa:
1260 905 1556 973 Scripturas
1582 907 1635 961 in
1661 908 1765 962 lin-

144 1001 293 1057 gunt
311 1005 468 1043 suam
486 994 1056 1053 converterunt—Ubi
1078 1006 1202 1051 sttnt
1216 1013 1358 1053 nunc
1384 998 1475 1053 illa
1506 998 1765 1065 Platonis,

150 1077 477 1152 Pythagora:
526 1093 594 1141 et
622 1101 809 1142 eorum
849 1088 940 1160 qui
986 1088 1217 1145 Athenis
1258 1092 1451 1148 erant?
1498 1093 1766 1149 exstincta

146 1181 283 1226 sunt.
335 1171 445 1231 Ubi
477 1186 618 1232 sunt
656 1178 742 1234 illa
776 1180 1102 1249 piscatorum
1127 1194 1184 1240 et
1214 1184 1567 1240 tentoriorum
1595 1186 1767 1242 artill-

143 1278 259 1317 eum
277 1264 301 1317 τ
321 1281 435 1322 non
472 1268 533 1324 in
565 1268 750 1325 Judzea
782 1272 981 1339 solum,
1008 1274 1106 1331 sed
1132 1275 1293 1331 etiam
1315 1277 1457 1348 apud
1481 1278 1765 1336 barbaram

146 1356 406 1429 linguam,
434 1371 494 1415 ut
528 1360 697 1419 hodie
724 1365 973 1429 audistis.
997 1368 1335 1440 splendidius
1360 1387 1521 1443 quam
1549 1372 1630 1427 sol
1652 1374 1766 1442 ipse

145 1449 341 1519 fulgent
362 1470 379 1506 :
399 1463 461 1508 et
479 1453 707 1527 Scytha:
730 1465 784 1510 et
805 1457 1043 1515 Thraces
1064 1469 1118 1515 et
1146 1460 1409 1518 Sarmatze
1432 1474 1485 1519 ct
1517 1463 1682 1519 Mauri
1710 1473 1767 1520 ct

145 1538 251 1596 ludi
280 1552 339 1597 et
365 1544 465 1614 qui
506 1545 582 1601 ad
624 1559 861 1604 extrema
903 1551 1051 1606 orbis
1093 1552 1252 1610 sedes
1283 1554 1515 1618 habent,
1548 1556 1614 1611 iis
1641 1572 1763 1626 quze

141 1636 338 1704 scripta
394 1650 540 1694 sunt
599 1639 651 1695 in
700 1643 937 1712 linguam
989 1659 1141 1701 suam
1195 1647 1493 1713 translatis,
1526 1648 1764 1719 philoso-

142 1724 374 1791 phantttr
405 1746 420 1782 :
457 1730 609 1799 haec,
634 1731 870 1805 inquam,
899 1751 1018 1807 qum
1031 1753 1099 1794 ne
1112 1753 1209 1808 per
1244 1740 1514 1794 sonmium
1541 1742 1758 1813 quidem

141 1817 422 1888 imaginati
455 1834 593 1878 sunt
621 1824 692 1893 ii,
724 1825 813 1897 qui
840 1827 980 1898 apud
1010 1828 1231 1886 Gnaeos
1260 1830 1478 1887 barbam
1512 1844 1760 1904 gestant,

138 1921 190 1965 et
215 1914 477 1984 scipione
526 1933 625 1975 οηε
652 1920 742 1991 qui
784 1922 885 1977 sibi
916 1925 967 1978 iu
1013 1923 1131 1981 foro
1155 1940 1449 1984 occurrunt
1480 1942 1758 1997 amoveut,

139 2004 223 2071 qui
242 2006 488 2076 capillus
511 2008 708 2081 capitis
729 2012 952 2083 agitant,
974 2014 1188 2072 leoumu
1215 2020 1385 2091 magis
1401 2036 1560 2091 quam
1586 2021 1762 2076 homi-

140 2108 261 2147 num
296 2094 506 2153 faciem
538 2114 733 2172 praise
761 2102 1015 2162 ferentes.
1047 2106 1152 2165 S-d
1187 2120 1367 2166 nostra
1395 2128 1504 2167 non
1531 2124 1659 2171 sunt
1684 2116 1757 2170 si-

139 2184 317 2251 milia;
351 2204 463 2245 nce
493 2190 552 2245 in
586 2194 804 2261 vestitu,
828 2197 925 2253 sed
950 2198 1001 2253 iu
1032 2203 1389 2272 temperantia
1418 2206 1757 2276 philosophia

137 2276 235 2330 sita
266 2290 377 2335 est.
408 2282 553 2338 Nam
582 2289 839 2343 meretrix
873 2291 1115 2361 quidem,
1158 2304 1344 2365 utpote
1374 2313 1495 2368 qua:
1526 2302 1757 2359 naturali

140 2381 243 2422 non
266 2372 482 2441 gaudet
505 2375 927 2447 pulchritudine,
949 2382 1092 2449 fuco,
1114 2384 1359 2454 picturis,
1388 2391 1583 2447 vestitu
1611 2392 1755 2462 albo,

138 2459 367 2532 aliisque
385 2464 664 2524 similibus
680 2471 908 2538 artibus,
934 2490 1094 2530 manu
1118 2480 1381 2534 concinna
1393 2491 1499 2537 tam
1515 2483 1616 2539 sibi
1635 2500 1759 2541 cono

138 2550 281 2607 ciliat
309 2552 577 2623 formam,
615 2562 917 2619 naturalem
960 2566 1289 2626 abumhrans
1311 2570 1711 2632 deformitatem
1743 2595 1758 2632 :

136 2655 255 2711 qua:
289 2660 429 2703 vero
468 2664 539 2706 es
571 2662 759 2707 natura
786 2653 1023 2712 formosa
1057 2668 1163 2723 est.
1194 2664 1429 2732 gratiosa
1457 2677 1511 2723 et
1560 2668 1758 2726 nobilis

141 2734 336 2802 puella,
360 2750 581 2797 natura:
607 2744 809 2800 donum
839 2749 1038 2804 nudum
1064 2751 1215 2820 sinit,
1242 2764 1299 2808 ut
1326 2771 1422 2825 per
1438 2772 1498 2814 se
1523 2774 1756 2817 concer-

143 2830 235 2889 tct,
259 2841 370 2881 non
404 2830 659 2902 indigens
689 2835 963 2894 similibus
991 2841 1243 2911 auxiliis;
1275 2844 1370 2901 sed
1400 2847 1489 2904 illa
1508 2849 1751 2921 depellit,

142 2928 207 2969 ne
228 2922 541 2978 naturalem
570 2923 798 2982 formam
828 2929 1134 3001 hujusmodi
1164 2950 1263 2992 ceu
1290 2938 1611 2997 velamentis
1651 2944 1753 2998 ob~

141 3018 343 3064 scuret.
376 3013 497 3069 lloc
519 3017 640 3071 etin
673 3020 931 3086 Ecclesia.
948 3034 1000 3079 et
1016 3025 1155 3096 apml
1169 3037 1429 3088 externos
1444 3034 1626 3091 videre
1645 3046 1748 3091 est.

142 3094 218 3153 Illi
239 3103 390 3159 enim
413 3121 542 3161 cum
568 3112 866 3169 naturalem
895 3094 1353 3187 pulchritudinem
1371 3139 1477 3180 non
1498 3125 1749 3198 habeant,

143 3204 315 3262 neque
350 3196 558 3267 pietate
586 3216 711 3260 sese
741 3220 933 3264 ornare
961 3212 1193 3280 possint,
1240 3216 1437 3288 lingua:
1467 3222 1710 3280 factnnlia
1732 3267 1747 3290 ,

142 3284 321 3342 verbis
349 3294 584 3348 tornatis
611 3294 1016 3370 dictionumque
1041 3308 1452 3376 compositione.
1473 3328 1537 3369 ac
1556 3315 1747 3385 contis,

144 3378 387 3437 vestibus
418 3393 477 3439 et
505 3384 627 3441 aliis
656 3388 979 3458 quibusdam
1012 3410 1072 3456 se
1093 3398 1455 3459 cultonvstare
1488 3406 1706 3463 student
1731 3427 1745 3463 :

143 3472 282 3539 apud
316 3490 422 3532 nos
453 3488 633 3535 autem
666 3497 771 3539 non
802 3484 872 3539 ita
894 3526 909 3551 ,
943 3486 1039 3543 sed
1072 3489 1186 3547 lucc
1213 3495 1392 3550 omnia
1424 3499 1749 3568 repellentes

146 3567 198 3613 ct
219 3573 513 3624 externum
567 3558 759 3628 fasmut
801 3577 1150 3647 repttdiautes
1205 3587 1411 3651 nostri,
1447 3593 1746 3650 naturalem

144 3653 402 3716 exhibent
466 3663 952 3738 pulchritudinem;
1003 3689 1109 3729 non
1160 3676 1393 3749 linguam
1442 3698 1697 3745 acuentes
1729 3734 1744 3757 ,

147 3760 249 3804 non
274 3751 599 3827 elegantiam
630 3764 897 3819 sermonis
916 3775 1195 3837 captantes
1212 3814 1229 3840 ,
1255 3774 1350 3831 sed
1380 3775 1432 3832 in
1458 3784 1751 3838 sententia-

145 3853 260 3897 rum
284 3846 485 3906 virtute
508 3852 969 3927 philosolthantes,
991 3870 1151 3933 atque
1173 3881 1236 3922 ex
1256 3883 1478 3938 operum
1501 3878 1750 3949 exemplo

147 3942 198 3986 ct
220 3953 282 3991 ex
322 3954 579 4000 accurato
607 3946 729 4003 vitm
772 3951 1017 4009 instituto
1047 3956 1433 4018 inhabitantem
1481 3967 1621 4025 inse
1655 3972 1747 4029 [lci

146 4036 369 4099 gratiam
413 4056 512 4111 per
550 4057 741 4103 omnes
767 4049 1081 4119 prmdicant.
1115 4054 1240 4112 Ideo
1266 4060 1428 4117 etiam
1462 4080 1566 4120 non
1597 4068 1749 4125 babi-

151 4129 305 4182 latam
344 4132 510 4187 modo
551 4143 749 4193 terram
777 4181 791 4202 .
840 4142 934 4197 sed
964 4144 1355 4218 inhabitatum;
1401 4172 1507 4211 non
1549 4168 1744 4217 terram

147 4214 335 4285 solum,
360 4222 635 4280 sedetiam
662 4244 843 4297 mare;
874 4250 978 4290 non
1008 4237 1169 4294 urbes
1199 4250 1431 4313 tantum,
1462 4250 1557 4305 sed
1581 4254 1743 4309 etiam

149 4317 387 4376 montes,
430 4315 596 4373 colles
638 4328 692 4375 ct
720 4323 914 4393 valles;
960 4343 1066 4385 non
1097 4332 1359 4393 Graeciam
1404 4341 1603 4412 modo,
1647 4346 1743 4405 sed

148 4400 300 4457 etiam
344 4405 602 4464 barbaras
642 4413 918 4481 nationes;
970 4435 1077 4478 non
1121 4438 1217 4482 eos
1261 4430 1348 4500 qui
1386 4431 1440 4488 in
1484 4400 1744 4507 dignitate

150 4496 382 4567 tantum,
415 4500 509 4557 sed
550 4512 605 4559 et
640 4519 735 4562 eos
761 4509 853 4579 qui
885 4511 936 4566 in
964 4524 1204 4575 extrema
1246 4496 1590 4597 paupertate;
1636 4549 1741 4591 non

148 4582 286 4642 viros
311 4590 488 4645 solum
510 4634 526 4659 ,
558 4594 653 4651 sed
682 4598 843 4656 etiam
875 4606 1155 4675 mulieres;
1184 4627 1292 4669 non
1319 4631 1480 4675 senes
1501 4629 1706 4681 tantum
1728 4670 1743 4690 ,

148 4674 238 4729 ﬁed
258 4679 421 4735 etiam
450 4681 674 4752 juvenes
700 4696 970 4763 tamquam
1001 4674 1194 4769 sagena
1226 4719 1506 4775 ceperunt.
1538 4712 1648 4770 Nec
1676 4733 1742 4773 eo

146 5042 283 5104 nicas
314 5049 520 5109 insulas
546 5054 599 5109 in
625 5059 829 5116 retibus
856 5064 969 5119 suis
996 5068 1329 5129 incluserunt
1350 5095 1365 5131 :
1384 5086 1441 5134 et
1469 5098 1733 5149 quocum-

146 5146 241 5202 que
261 5142 376 5211 jam
405 5142 635 5217 abieris,
680 5150 1008 5222 piscatorum
1038 5164 1252 5220 nomina
1283 5167 1335 5222 in
1365 5173 1604 5231 omnium
1637 5194 1735 5235 ore

146 5222 262 5288 ferri
292 5233 537 5304 videbis;
570 5256 677 5298 non
710 5258 929 5317 propter
956 5252 1281 5321 piscatorum
1315 5261 1567 5322 virtutem
1590 5309 1604 5331 ,
1635 5271 1730 5327 sed

148 5334 358 5397 propter
382 5328 638 5389 Crucillsi
685 5341 1007 5407 potentiam.
1050 5361 1170 5418 quae
1197 5351 1392 5423 ubique
1433 5356 1562 5426 ipsis
1590 5328 1730 5419 viam

146 5427 549 5493 monstraverat,
579 5436 741 5501 atque
765 5432 958 5492 idiotas
989 5436 1321 5511 philosophis
1351 5448 1727 5520 sapientiores,

147 5519 188 5564 tt
208 5511 485 5573 illiteratus
503 5523 777 5595 magisque
793 5538 969 5586 mutos
994 5547 1152 5603 quam
1182 5536 1375 5606 pisces,
1402 5541 1727 5615 rhetoribus,

145 5608 437 5665 umoribus
463 5621 517 5667 et
544 5617 802 5685 capillatis
828 5623 1113 5683 solidiores
1140 5631 1463 5689 reddiderat.
1496 5638 1573 5693 Ne
1597 5608 1730 5713 ergo

142 5699 249 5763 this
280 5716 428 5773 putet
454 5706 506 5763 id
540 5711 727 5779 pudori
754 5730 875 5772 esse
906 5718 1180 5786 Ecclesi:e,
1213 5727 1355 5797 quod
1382 5728 1643 5789 barbaros
1660 5699 1726 5789 in

144 5790 304 5849 medio
329 5809 553 5869 surgere
572 5812 625 5857 ct
658 5804 800 5876 loqui
827 5815 1242 5881 prmceperimus
1273 5837 1285 5872 :
1323 5819 1424 5876 hoc
1449 5824 1593 5878 enim
1624 5824 1728 5881 Ec-

146 5877 305 5941 ﬂesizc
325 5903 551 5950 ornatus
569 5908 621 5951 et
637 5898 821 5965 decor,
842 5904 955 5958 lucc
980 5906 1370 5970 demonstratio
1397 5927 1477 5971 est
1507 5916 1721 5978 virtutis

456 6007 733 6073 Panos.
780 6017 897 6079 litt.
953 6021 1169 6088 LXI“.

755 392 868 451 Vill
909 392 1214 459 liOlllLlA,
1257 394 1511 453 HABlTA
1554 394 1926 465 POSTQUAM
1970 397 2383 459 PRESBYTER
2422 398 2723 474 COTIIUS,
2765 408 2921 468 ETC.

3356 417 3482 478 ~502

1879 544 2002 599 qua
2039 530 2093 589 in
2125 534 2229 591 lidc
2254 537 2355 593 sita
2381 550 2464 595 est
2499 559 2512 596 :
2544 542 2646 599 hoc
2674 554 2729 599 et
2749 546 3015 618 Propheta
3055 550 3185 608 olim
3221 569 3478 626 prmon-

1879 622 2052 691 tians,
2116 626 2334 685 dicebat
2366 649 2381 687 :
2415 632 2535 687 Non
2582 646 2701 690 sunt
2749 639 2965 708 Ιοψιειω
3000 659 3160 714 usque
3199 622 3480 715 serntonrs.

1874 729 2092 783 quorum
2114 734 2216 775 non
2242 723 2523 780 audiantur
2552 744 2697 783 cacas
2727 746 2903 787 eorum
2933 750 2953 789 :
2978 735 3031 790 in
3060 753 3259 795 οιιιιιειιι
3289 752 3479 799 terrent

1874 808 2030 862 exivit
2056 826 2213 867 sonus
2237 829 2411 869 eorum
2432 857 2447 882 ,
2484 830 2531 871 rt
2555 820 2608 874 in
2634 821 2764 890 ﬁnes
2788 826 2925 881 orbis
2954 839 3104 885 terra
3129 832 3279 889 rurba
3302 852 3480 893 eorum

1875 898 2049 970 (Psal.
2086 903 2173 961 18.
2204 908 2260 962 4.
2290 908 2369 979 5).
2402 910 2513 967 Hoc
2538 922 2591 969 et
2612 916 2751 973 alius
2776 935 2989 977 rursum
3016 923 3330 996 declarans,
3355 933 3427 989 ali
3449 948 3480 991 ί

1872 993 2251 1054 sttbindiCabat
2280 1003 2488 1072 verbis,
2540 1006 2731 1065 dicens
2763 1029 2779 1067 :
2811 1012 2949 1084 Lupi
2972 1025 3021 1071 et
3051 1021 3175 1090 agni
3197 993 3355 1079 simul
3378 1042 3478 1094 pa-

1872 1099 2113 1156 scentur,
2145 1102 2194 1147 et
2223 1096 2417 1164 pardus
2440 1100 2659 1171 quiescet
2688 1120 2803 1159 cum
2835 1107 3019 1179 Medo,
3050 1122 3098 1168 et
3126 1113 3206 1170 leo
3234 1116 3365 1174 sicut
3389 1120 3480 1179 bos

1871 1182 2097 1236 conlades
2135 1185 2312 1251 paleas
2355 1186 2510 1257 (Ism’.
2530 1193 2619 1250 65.
2653 1195 2747 1268 25)
2783 1216 2798 1254 :
2830 1214 2937 1257 non
2973 1201 3045 1259 de
3086 1204 3365 1277 leonibus,
3408 1212 3481 1270 de

1868 1271 2055 1340 agnis,
2084 1272 2152 1328 de
2179 1277 2361 1345 pardis
2380 1321 2395 1345 ,
2437 1282 2506 1339 de
2533 1284 2703 1344 laedis
2734 1289 2995 1364 loquens,
3023 1296 3120 1354 sed
3146 1301 3303 1359 nobis
3332 1271 3477 1376 prte-

1874 1363 2132 1420 numians
2147 1375 2204 1422 et
2232 1369 2541 1441 signiﬁcans
2578 1377 2697 1435 fore
2718 1392 2773 1443 ut
2803 1398 2867 1439 ea
2891 1363 3018 1457 pars
3048 1363 3481 1469 hominum-qua

1873 1453 2042 1512 ferina
2073 1472 2209 1527 erat,
2241 1463 2294 1518 in
2316 1479 2434 1521 eam
2465 1470 2648 1526 veniat
2675 1480 3146 1540 mansuetudinem
3170 1500 3266 1557 per
3283 1492 3482 1560 przedi-

1869 1550 2099 1607 cationis
2127 1553 2522 1627 philosophiam
2552 1574 2871 1635 temperata,
2889 1571 2959 1628 ita
2990 1584 3049 1631 ut
3074 1591 3197 1633 cum
3227 1595 3478 1642 mansue-

1872 1639 1938 1696 tis
1964 1650 2019 1697 et
2044 1644 2342 1704 tuitissimis
2364 1652 2493 1709 viris
2514 1660 2821 1717 conveniat.
2850 1663 2919 1719 Et
2949 1665 3051 1723 hoc
3082 1667 3243 1729 hodie
3261 1674 3475 1745 videtis,

1868 1746 1965 1789 eos
2023 1752 2239 1809 nempe,
2288 1743 2378 1813 qui
2431 1761 2543 1816 pra:
2590 1754 2846 1809 omnibus
2895 1756 3207 1821 hominibus
3260 1743 3477 1828 barbari

1867 1836 2053 1891 erant,
2079 1843 2202 1885 cum
2261 1830 2523 1892 Ecclesia:
2553 1841 2745 1900 ovibus
2773 1854 3012 1918 stantes,
3041 1852 3345 1929 iisdemque
3373 1876 3475 1931 pa-

1869 1917 2013 1971 scuis
2040 1928 2202 1989 atque
2231 1925 2421 1983 eadem
2450 1932 2600 1987 caula
2632 1946 2867 2005 utentes,
2899 1958 3173 2019 unamque
3216 1952 3475 2013 omnibus

1868 2008 2171 2078 appositam
2204 2030 2470 2077 mensam.

1938 2100 1993 2154 ἲ.
2034 2102 2371 2165 Erubeseant
2392 2111 2564 2171 Juda-i
2581 2156 2597 2183 ,
2621 2119 2917 2189 quiliteras
2944 2125 3150 2200 legunt,
3174 2142 3228 2189 et
3252 2149 3472 2195 sensum

1869 2188 2121 2263 ignorant
2153 2214 2167 2249 :
2198 2215 2309 2269 pra
2327 2205 2533 2272 pudore
2562 2224 2623 2265 se
2640 2188 2902 2282 obtegam
2922 2188 3174 2292 gentiles,
3198 2188 3475 2298 qui-radio

1866 2284 2026 2339 solari
2052 2287 2338 2349 clariorem
2370 2297 2553 2353 vident
2581 2303 2864 2363 veritatem
2910 2311 3327 2387 splendentem,
3377 2326 3473 2395 qui

1866 2372 2049 2395 I_-_!,l9|
2092 2393 2123 2395 Α
2253 2382 2304 2395 σι
2696 2394 2699 2395 ,

1866 2372 2133 2442 lapidibus
2159 2382 2433 2453 assident,
2479 2398 2535 2445 et
2564 2394 2814 2451 tenebras
2836 2372 3140 2471 sequuntur
3170 2424 3183 2464 :
3212 2372 3475 2480 gloriciur

1863 2467 2125 2540 Ecclesia,
2144 2490 2263 2544 qua:
2288 2479 2428 2548 apud
2456 2497 2645 2540 omnes
2671 2488 2837 2561 fulget
2857 2467 3140 2555 tat—evolat.
3158 2467 3311 2559 Sicut
3324 2507 3469 2564 cnim

1863 2562 1945 2616 sol
1972 2569 2275 2624 communis
2301 2582 2384 2627 est
2410 2584 2467 2630 et
2495 2586 2635 2633 terra
2666 2588 2968 2643 communis
2990 2630 3009 2657 ,
3039 2600 3099 2649 ut
3142 2604 3199 2651 et
3238 2614 3389 2657 mare
3416 2614 3474 2660 et

1862 2668 1957 2709 aer
1994 2672 2007 2709 :
2042 2656 2142 2725 sic,
2179 2672 2235 2716 et
2265 2666 2435 2721 multo
2459 2672 2630 2741 magis
2668 2676 2814 2731 verbi
2849 2656 3164 2748 praedicatio
3204 2686 3346 2748 facta
3387 2705 3475 2752 est

1861 2753 2165 2809 communis
2195 2773 2207 2809 :
2245 2757 2474 2830 ideoque
2505 2763 2700 2823 Paulus
2726 2768 2940 2829 dicebat
2970 2792 2985 2830 :
3019 2776 3089 2835 Ut
3108 2782 3331 2855 aliquem
3354 2791 3471 2859 fru-

1861 2852 1998 2895 ctum
2038 2844 2254 2903 habeant
2296 2861 2342 2904 et
2372 2852 2425 2907 in
2456 2857 2595 2913 vobis
2613 2901 2629 2925 ,
2672 2864 2804 2919 sicut
2832 2877 2879 2921 et
2914 2868 2967 2924 in
2994 2877 3189 2932 ceteris
3214 2882 3469 2950 gentibus.

1867 2930 1909 2950 ,τ
2019 2936 2031 2948 .
2207 2941 2220 2950 .
2302 2944 2313 2950 -
2395 2947 2405 2950 -

1863 2930 2055 2991 (ἵνατή
2100 2955 2163 2993 ac
2200 2941 2449 3015 barbaris,
2483 2952 2794 3021 sapientibus
2820 2968 2867 3014 et
2892 2930 3248 3035 insipienti”;
3273 2972 3472 3035 debitor

1859 3043 1974 3082 sum
2003 3045 2023 3083 :
2048 3031 2120 3085 ita
2146 3044 2192 3087 et
2221 3036 2273 3089 in
2302 3055 2381 3092 me
2402 3056 2695 3116 promptum
2722 3062 2795 3106 est
2824 3063 2873 3107 cl
2898 3056 2951 3110 iu
2980 3031 3120 3116 nobis
3139 3103 3156 3129 ,
3186 3067 3274 3134 qui
3289 3066 3473 3127 Roma:

1861 3123 2013 3189 «in,
2065 3132 2414 3200 evanget't'mre
2442 3136 2619 3207 (Rom.
2659 3142 2707 3197 ι.
2737 3144 2955 3221 l3-t5).
3006 3152 3072 3208 Et
3098 3123 3226 3227 qia
3254 3123 3471 3220 miraris

1861 3214 1905 3267 si
1936 3214 1987 3270 in
2016 3216 2193 3286 Novo,
2248 3226 2464 3295 quando
2503 3233 2667 3289 etiam
2720 3236 2772 3292 in
2807 3214 2983 3299 Veteri
3020 3214 3250 3317 idipsum
3281 3214 3466 3314 uchi:

1862 3305 1994 3362 Nam
2027 3311 2230 3379 primus
2252 3326 2305 3371 et
2335 3318 2596 3379 Ecclesia:
2622 3335 2676 3381 et
2706 3328 3005 3405 Synagogtc
3036 3305 3370 3413 progenitor,
3403 3346 3437 3403 il
3456 3380 3470 3392 ο

1860 3398 2035 3459 lorum
2062 3406 2279 3476 quidem
2310 3416 2605 3475 secundum
2636 3435 2881 3493 carnem,
2915 3432 3085 3487 nostri
3119 3449 3249 3494 vero
3270 3452 3471 3497 secun-

1856 3490 1983 3548 dum
2028 3498 2308 3569 spiritum,
2368 3504 2630 3567 barbarus
2666 3524 2782 3571 erat
2824 3526 2879 3573 ct
2920 3536 2984 3576 cs
3026 3525 3203 3582 media
3245 3530 3469 3592 Perside

1856 3580 2172 3654 ducebatur,
2225 3594 2531 3663 patriarcha
2576 3618 2772 3675 nempe
2816 3610 3091 3671 Abraham
3127 3635 3141 3674 :
3187 3631 3244 3677 et
3288 3640 3468 3697 neque

1856 3674 2043 3735 litetas
2068 3683 2333 3754 audierat,
2366 3706 2543 3763 neque
2575 3699 2873 3771 prophetia:
2903 3712 3173 3781 particeps
3201 3726 3339 3783 erat,
3363 3674 3469 3777 tice

1856 3769 1946 3838 qui
1970 3786 2027 3826 se
2048 3774 2273 3835 doceret
2300 3780 2554 3853 habebat,
2582 3769 2685 3847 nec
2712 3793 2993 3854 historiam
3016 3802 3257 3863 audierat
3285 3826 3300 3877 ;
3332 3828 3471 3870 non-

1857 3861 1983 3917 dmn
2021 3867 2165 3923 enim
2202 3884 2430 3932 venerat
2452 3876 2704 3952 Moyses;
2734 3901 2836 3943 nec
2861 3892 3139 3965 quidpiam
3166 3915 3197 3956 a
3229 3861 3470 3975 majori--

1859 3952 1958 4009 bus
1999 3960 2296 4032 didicerat,
2331 3984 2507 4041 neque
2548 3990 2611 4030 ca
2656 3991 2779 4049 qua:
2819 3952 2943 4054 post
3095 3952 3279 4053 futura
3309 3952 3469 4061 erant

1859 4048 2085 4109 edoctus
2116 4057 2321 4128 fuerat;
2367 4065 2463 4121 sed
2502 4068 2555 4123 in
2585 4048 2761 4130 media
2791 4077 3079 4140 Persarum
3110 4086 3331 4160 regione
3364 4113 3465 4153 na-

1858 4149 1944 4196 tus
1972 4154 2025 4199 et
2064 4146 2360 4220 educatus,
2412 4156 2483 4214 ita
2526 4174 2752 4232 repente
2794 4170 3202 4247 philosophatus
3234 4195 3353 4254 est,
3406 4201 3467 4246 ut

1853 4238 2015 4293 etiam
2038 4239 2171 4296 Novi
2195 4243 2526 4309 Testamcuti
2551 4258 2713 4313 multa
2739 4278 3142 4339 prmoccuparet
3166 4290 3471 4352 prtccepta,

1853 4338 1909 4384 et
1936 4345 2031 4400 per
2061 4349 2224 4405 opera
2250 4339 2557 4401 exhiberet.
2591 4347 2805 4409 Etenim
2829 4338 3016 4427 jussus
3053 4338 3235 4437 egredi
3258 4386 3325 4427 ex
3347 4338 3463 4445 .pa:

2831 4423 2845 4427 -
3088 4423 3116 4437 ν
3266 4423 3325 4427 "‘
3368 4423 3431 4445 r"

1870 4423 1969 4475 tria
1991 4465 2006 4487 ,
2055 4437 2111 4480 et
2147 4427 2366 4487 domum
2407 4442 2660 4497 deserere
2684 4452 2742 4499 et
2768 4449 2973 4507 amicos
2996 4464 3049 4510 et
3077 4472 3337 4530 cognatos
3357 4508 3373 4533 ,
3403 4478 3460 4524 ct

1850 4520 2036 4572 venire
2064 4519 2115 4575 in
2132 4522 2363 4581 alienam
2396 4539 2613 4601 terram,
2646 4539 2780 4595 nihil
2813 4558 3003 4614 passus
3025 4561 3109 4607 est
3135 4552 3460 4629 humanum,

1850 4623 2024 4678 neque
2055 4628 2119 4667 ex
2147 4616 2339 4674 aﬂ’ectu
2369 4621 2623 4683 detentus
2654 4640 2759 4697 est,
2785 4651 2961 4709 neque
2986 4647 3130 4714 apud
3161 4663 3221 4707 se
3251 4616 3459 4725 cogita:

1846 4993 2131 5041 assumens
2155 5028 2169 5050 ,
2205 5003 2325 5059 qua:
2352 5006 2465 5062 ιιι-ω
2493 4999 2742 5057 manibus
2770 5002 3002 5066 habebat
3033 4993 3285 5089 reliquit;
3328 5040 3453 5097 qua:

1846 5088 1975 5130 vero
2005 5077 2057 5132 in
2088 5093 2187 5150 spe
2213 5124 2228 5145 ,
2255 5088 2466 5157 accepit
2511 5109 2523 5145 :
2570 5095 2770 5152 etenim
2801 5109 2854 5155 ct
2885 5107 3181 5167 secundum
3211 5112 3314 5173 hoc
3335 5077 3448 5176 iic-

1844 5165 2024 5223 clesire
2056 5175 2370 5244 progenitor
2408 5178 2528 5235 fuit.
2572 5184 2705 5240 Nam
2737 5200 2791 5245 et
2817 5208 2917 5249 nos
2940 5196 3197 5267 juhcnmr
3222 5223 3312 5264 res
3340 5226 3450 5268 sa:-

1842 5259 2053 5319 cnlares
2091 5265 2374 5337 despicere
2418 5282 2472 5329 et
2517 5288 2833 5353 extraneas,
2879 5298 2933 5345 et
2975 5292 3043 5349 ad
3094 5299 3302 5357 occulta
3350 5320 3451 5377 spe

1842 5352 1983 5377 ξηιΑ..
2012 5357 2052 5377 1-
2104 5375 2115 5377 Α
2240 5372 2252 5377 -
2303 5364 2329 5377 “
2355 5364 2368 5377 ‘

3142 5352 3302 5357 s_s_-_
3351 5352 3446 5377 Ὗ-

1841 5352 2155 5426 intendere,
2202 5372 2259 5419 et
2300 5364 2459 5422 Iidem
2494 5378 2679 5429 tenere
2706 5391 2961 5438 ancoram
2988 5388 3179 5449 salutis
3220 5407 3446 5469 nostra).

1843 5456 1889 5469 Α,
1925 5448 2008 5469 ,ηλ
2051 5467 2069 5469 ,ν
2210 5468 2213 5469 γ
2338 5455 2354 5469 .
2378 5457 2391 5469 .
2546 5462 2557 5469 .
2676 5466 2702 5469 -

1841 5456 1892 5499 et
1925 5448 2013 5503 illa
2041 5467 2311 5523 qumrerc.
2338 5455 2465 5515 ideo
2485 5462 2649 5517 etiam
2676 5466 2874 5527 Paulus
2895 5474 3107 5537 dicebat
3137 5485 3284 5557 :Spe
3311 5448 3447 5550 enitr;

1839 5546 1969 5602 salvi
1998 5549 2123 5618 [acti
2151 5568 2328 5609 sumus
2363 5571 2382 5609 :
2423 5576 2539 5631 spes
2578 5573 2750 5620 autem
2782 5584 2897 5639 qua:
2922 5572 3143 5646 videtur,
3181 5582 3297 5655 jam
3340 5604 3445 5647 non

1839 5650 1912 5693 est
1958 5658 2073 5710 spes
2112 5643 2291 5713 (llam.
2323 5649 2379 5706 8.
2410 5650 2503 5725 2t)
2533 5672 2547 5709 :
2572 5666 2625 5710 et
2658 5673 2905 5727 rursum,
2937 5662 3006 5719 Id
3024 5643 3201 5738 enim:
3218 5678 3358 5746 quod

1840 5736 2080 5800 presenti
2105 5748 2178 5792 est
2211 5753 2616 5802 ntomenlnneum
2641 5760 2689 5804 et
2730 5750 2835 5807 leve
2856 5754 3199 5820 tribulationis
3220 5736 3432 5840 nostra,

1838 5842 1997 5894 supra
2030 5830 2238 5885 modum
2278 5834 2331 5887 in
2375 5836 2687 5898 sublimitate
2724 5855 2969 5904 (sternunt
3006 5852 3190 5925 gloria:
3232 5864 3441 5930 pondus

1840 5930 2081 5993 operatn'
2106 5924 2157 5979 in
2187 5928 2372 5996 nobis;
2413 5947 2514 5987 non
2560 5940 3024 6011 contaiiplantibns
3048 5951 3192 6005 nobis
3218 5968 3335 6024 qua
3358 5954 3435 6010 ri-

3014 6074 3095 6139 25
