4068 6424
671 402 776 458 503

660 519 866 583 dentur,
909 517 998 573 sed
1024 530 1137 588 qua
1164 530 1263 569 non
1308 512 1540 571 ridentur
1590 510 1667 577 (3.
1716 508 1838 565 Cor.
1878 510 1931 566 ι.
1978 509 2065 563 17.
2113 507 2224 577 18).

732 612 988 665 Abraham
1025 607 1303 679 apostolica
1333 611 1583 675 praecepta
1611 602 1845 673 operibus
1885 600 2131 657 exhibuit.
2166 628 2233 649 ,—

664 705 921 773 Egressus
947 708 1122 755 autem
1164 712 1195 752 e
1240 695 1405 766 patria
1438 695 1626 751 beatus
1653 694 1738 748 hic
1767 691 2033 748 Abraham
2059 729 2075 757 ,
2108 704 2230 745 cum

659 799 711 847 in
740 794 910 849 aliena
939 788 1201 860 tugurium
1251 785 1455 847 ﬁxisset
1478 827 1494 849 ,
1538 784 1829 855 apostolica
1871 796 2059 837 rursus
2094 794 2233 850 pnn-

656 896 810 954 cepta
839 882 1086 953 operibus
1099 878 1375 936 exhibuit.
1411 878 1697 949 Postquam
1718 876 1860 932 enim
1889 873 2230 946 splendidum

658 974 788 1029 illud
847 984 1103 1044 tropmnm
1149 979 1435 1035 erexerat,
1484 966 1909 1037 stupendamque
1952 963 2229 1019 victoriam

665 1065 941 1128 retulerat,
971 1071 1027 1118 et
1049 1062 1304 1117 barbaros
1333 1060 1573 1123 vicerat,
1604 1073 1708 1111 non
1738 1058 1936 1112 virtute
1960 1054 2227 1124 corporis,

652 1157 750 1213 sed
796 1156 916 1213 tldei
949 1156 1223 1224 potentia,
1270 1168 1391 1207 cum
1418 1151 1485 1206 ab
1532 1152 1595 1205 iis
1638 1150 1727 1220 qui
1775 1150 1977 1205 servati
2021 1147 2232 1204 fuerant

655 1247 954 1305 mercedem
978 1248 1213 1319 laborum
1244 1242 1806 1314 acciperejnberetur;
1832 1241 2061 1300 barbaro
2080 1255 2230 1296 nam—

652 1355 760 1410 que
788 1339 886 1395 sibi
918 1338 1127 1394 dicente
1146 1377 1161 1402 ,
1193 1336 1387 1404 Accipe‘
1427 1343 1481 1386 tu
1509 1349 1685 1402 equos,
1724 1341 1770 1386 et
1795 1332 1863 1385 da
1891 1331 2031 1385 nobis
2056 1331 2228 1397 viros;

654 1432 780 1501 quid
802 1431 875 1486 ait
893 1430 917 1483 τ
935 1428 1171 1485 Extende
1197 1414 1401 1481 tironum
1428 1440 1590 1479 meam
1618 1425 1688 1477 ad
1717 1423 1876 1478 Deum
1902 1423 2224 1487 altissimum,

650 1524 700 1588 si
739 1537 973 1592 accepero
999 1536 1031 1573 a
1058 1530 1105 1573 te
1130 1536 1162 1572 a
1188 1516 1417 1589 (imitata
1444 1532 1601 1585 usque
1628 1517 1695 1568 ad
1722 1515 1989 1585 corrigiam
2028 1514 2228 1568 calcea-

654 1615 808 1669 menti
833 1614 852 1684 (
881 1610 1008 1669 Gen.
1040 1613 1127 1667 M.
1158 1610 1251 1666 ει.
1278 1608 1368 1664 22.
1396 1609 1467 1663 25
1490 1609 1528 1680 ).
1580 1606 1767 1663 Viden’
1796 1604 2065 1677 quomodo
2090 1620 2227 1676 pm-

652 1715 865 1775 eeptum
895 1702 1024 1758 illud
1044 1701 1414 1771 evangelicum
1442 1696 1706 1768 implevit,
1735 1694 1911 1751 Gratis
1934 1696 2223 1766 accepistis,

648 1798 809 1869 gratis
832 1796 950 1851 date
977 1794 1208 1868 (Matth.
1245 1793 1332 1849 l0.
1365 1792 1399 1848 8
1421 1791 1483 1863 )i
1528 1791 1741 1862 Moyses
1770 1804 1981 1860 cinoque
2009 1788 2062 1843 in
2095 1788 2223 1869 bar-

650 1891 827 1945 barica
849 1888 1008 1944 dumo
1028 1887 1281 1941 educatus
1301 1893 1383 1940 est
1403 1893 1457 1939 et
1482 1884 1669 1947 erevit;
1692 1891 1925 1937 attamen
1947 1881 2079 1941 nihil
2102 1881 2224 1936 inde

650 1982 831 2036 damni
880 1980 1125 2051 accepit,
1176 1978 1270 2034 sed
1320 1978 1481 2032 etiam
1538 1976 1632 2031 ille
1669 1974 2075 2045 philosophatus
2099 1983 2220 2040 est,

645 2090 758 2129 non
801 2073 977 2129 minus
1002 2086 1162 2141 quam
1205 2068 1504 2139 patriarcha
1530 2107 1547 2131 .
1593 2067 1945 2138 Sybaritimm
1981 2079 2224 2123 melicam

651 2166 923 2229 irridens,
978 2156 1301 2232 murumque
1353 2161 1559 2216 deliciis
1610 2160 1895 2215 sublimior
1954 2159 2220 2225 effectus,

650 2260 861 2313 divitias
887 2271 1149 2327 spernens
1173 2264 1227 2310 et
1255 2268 1475 2324 regnum
1524 2252 1847 2323 Egyptique
1870 2260 2080 2321 sceptra
2108 2267 2125 2316 ;
2155 2250 2223 2307 ad

644 2353 820 2406 lutum
844 2357 1021 2404 autem
1051 2358 1105 2404 et
1133 2347 1419 2401 lateritium
1451 2359 1584 2415 Opus
1612 2359 1671 2400 sc
1699 2354 1895 2415 sponte
1928 2344 2220 2398 transtulit.

650 2444 879 2511 Ideoque
935 2439 1130 2496 Paulus
1183 2440 1355 2509 ipsum
1406 2436 1713 2500 admirans,
1760 2434 2014 2490 dicebat:
2048 2432 2225 2505 Majo-

646 2550 726 2588 res
762 2532 962 2589 divitias
987 2540 1170 2601 putans
1198 2542 1350 2601 quam
1394 2524 1616 2599 .Egypti
1643 2526 1927 2592 thesauros,
1961 2526 2219 2596 imprope-

646 2626 780 2680 rinm
796 2622 985 2678 Christi
1014 2623 1030 2694 (
1054 2620 1210 2675 Hebr.
1235 2622 1324 2677 Η.
1345 2619 1419 2676 36
1439 2621 1480 2690 ).
1505 2618 1711 2675 Deinde
1732 2619 1920 2674 horum
1949 2619 2220 2673 doctorem

651 2720 912 2771 honorum
939 2714 1229 2771 ostendens
1255 2713 1487 2769 addebat
1513 2713 1699 2768 dicens
1723 2732 1737 2769 :
1762 2712 2072 2768 Invisibilcm
2090 2712 2223 2767 enim

648 2823 904 2882 tamquam
944 2811 1115 2864 videns
1156 2808 1440 2863 sustinuit:
1470 2807 1611 2878 quod
1654 2808 1903 2865 maxima:
1932 2809 2051 2865 fidei
2083 2817 2218 2864 erat.

638 2906 722 2960 Ne
747 2920 873 2974 ergo
902 2904 1087 2974 pudori
1130 2902 1183 2957 id
1227 2902 1382 2957 nobis
1407 2915 1529 2956 esse
1558 2912 1803 2971 putemus
1831 2901 1971 2971 quod
2010 2901 2219 2957 barbari

648 3002 700 3052 in
731 2998 954 3053 ecclesia
981 2998 1089 3050 sint
1112 3035 1129 3061 ,
1172 2995 1265 3049 sed
1296 2994 1473 3063 potius
1507 2994 1675 3049 multo
1702 3004 2019 3050 ornamento
2049 3012 2062 3051 :
2091 3011 2214 3049 nam

648 3104 697 3144 et
731 3092 842 3159 ipse
875 3088 1131 3143 Dominus
1161 3096 1345 3142 noster
1372 3086 1530 3147 Jesus
1556 3083 1805 3143 Christus
1829 3126 1847 3153 ,
1898 3102 2019 3143 cum
2050 3088 2100 3142 in
2130 3103 2220 3143 or-

649 3186 769 3237 bein
802 3194 958 3236 teme
987 3180 1244 3242 venisset,
1272 3178 1533 3234 barbaros
1558 3179 1759 3249 primos
1799 3180 2031 3236 vocavit.
2067 3179 2222 3236 Post-

647 3291 807 3341 quam
835 3273 976 3326 enim
1008 3280 1165 3324 natus
1205 3279 1287 3326 est
1330 3270 1465 3325 etin
1493 3270 1757 3341 prmsepio
1798 3272 2003 3340 positus
2027 3313 2041 3340 ,
2084 3270 2223 3343 magi

647 3383 711 3421 ex
743 3364 958 3420 Perside
985 3366 1279 3428 venientes,
1308 3364 1482 3433 ipsum
1506 3363 1885 3419 adoraverunt.
1906 3362 1960 3427 ‘0
1982 3378 2148 3419 novas
2170 3368 2225 3421 et

646 3459 1045 3526 interspecutas
1062 3469 1148 3513 res
1176 3456 1188 3509 !
1220 3470 1345 3525 rego
1371 3454 1586 3526 quidem
1610 3453 1663 3509 in
1692 3453 1877 3511 urbem
1896 3453 2220 3525 ingressum,

645 3549 1021 3614 \ekunentaet
1048 3546 1318 3617 lampades
1342 3545 1656 3617 eriguntur;
1690 3554 1747 3602 et
1770 3546 1859 3615 qui
1888 3547 1941 3602 in
1964 3546 2222 3618 dignitate

645 3647 701 3693 et
720 3638 959 3709 potentia
985 3646 1111 3694 sunt
1136 3651 1326 3693 omnes
1352 3637 1451 3708 ipsi
1474 3637 1686 3693 obviam
1714 3636 1937 3713 veniunt
1961 3652 2081 3693 cum
2104 3637 2221 3694 eleb

647 3732 791 3802 gauli
816 3740 1011 3787 ornatu
1034 3772 1051 3799 ,
1092 3740 1147 3786 et
1175 3730 1316 3786 tibize
1338 3772 1357 3797 ,
1403 3729 1593 3786 fistulae
1619 3770 1637 3793 ,
1682 3729 1908 3786 cithara:
1935 3772 1951 3796 ,
1981 3738 2034 3786 et
2063 3745 2223 3786 omne

650 3825 865 3877 musiczn
898 3836 1110 3893 genus;
1159 3832 1215 3877 et
1262 3822 1583 3889 vestimenta
1633 3830 1757 3877 sunt
1802 3822 2080 3892 splendida
2106 3861 2123 3889 ,
2169 3829 2225 3876 et

645 3912 885 3977 corollze,
908 3920 963 3967 et
986 3912 1153 3967 multa
1174 3920 1259 3967 est
1279 3910 1670 3981 magniﬁcentia
1699 3929 1714 3965 :
1741 3909 1887 3982 Rege
1911 3920 2090 3967 autem
2114 3926 2221 3966 cre-

651 4005 822 4059 lorum
842 4002 1156 4074 ingressum
1181 4002 1235 4057 in
1258 4001 1478 4069 urbem,
1510 4002 1643 4057 nihil
1669 4002 1846 4058 simile
1873 4044 1889 4066 ,
1924 4002 2020 4057 sed
2046 4001 2223 4056 omnia

646 4093 911 4154 contraria
941 4112 955 4148 :
988 4094 1254 4166 tugurium
1282 4102 1336 4148 et
1360 4094 1766 4149 tabernaculum
1786 4103 1840 4149 et
1865 4108 2105 4164 prmsepe
2124 4136 2139 4160 ,
2168 4103 2225 4150 et

650 4195 821 4243 uniter
847 4186 989 4253 vilis,
1015 4194 1075 4241 ut
1098 4183 1399 4251 videbatur;
1425 4186 1605 4256 inopia
1640 4185 1804 4241 multa
1834 4193 1882 4242 et
1912 4194 2221 4257 paupertas.

649 4278 831 4349 Atqui,
854 4278 898 4332 si
916 4277 1191 4342 voluiSset,
1210 4276 1394 4332 venire
1418 4278 1827 4347 poteratczclum
1848 4292 2217 4343 commovens,

650 4378 845 4424 terram
872 4367 1138 4439 quatiens,
1168 4367 1375 4437 fulgura
1398 4368 1616 4423 mittens
1644 4386 1657 4422 :
1684 4377 1739 4424 et
1773 4369 1900 4438 quid
1928 4368 2042 4425 bznc
2068 4370 2224 4426 dico?

647 4462 691 4516 si
720 4460 909 4515 nudam
935 4460 1101 4515 solani
1128 4460 1456 4515 divinitatem
1484 4461 1807 4516 ostendisset
1826 4503 1842 4527 ,
1887 4472 2087 4533 quanto
2111 4480 2226 4517 ma-

647 4554 733 4621 jus
763 4551 863 4628 hoc
883 4566 988 4605 non
1011 4550 1202 4606 fuisset
1224 4553 1370 4604 omni
1399 4550 1685 4621 splendore
1709 4561 1763 4606 et
1780 4552 2092 4610 festivitate?
2117 4555 2222 4610 Sed

653 4658 756 4697 non
784 4642 855 4697 ita
878 4640 1010 4698 fecit
1029 4644 1063 4705 ς’
1081 4658 1187 4697 non
1232 4643 1373 4697 enim
1405 4643 1634 4712 perdere
1658 4684 1673 4711 ,
1719 4644 1813 4699 sed
1842 4646 2020 4702 salvos
2048 4646 2223 4703 facere

651 4735 900 4800 volebat;
943 4750 1049 4791 non
1099 4734 1517 4805 perterrefacere
1542 4776 1556 4799 ,
1604 4737 1699 4792 sed
1730 4738 1999 4808 corrigere
2023 4780 2038 4803 ,
2062 4750 2115 4795 et
2154 4742 2224 4796 ab

650 4828 805 4881 initio
855 4824 1047 4881 fastum
1100 4826 1388 4881 humanum
1417 4828 1625 4886 calcare
1653 4837 1706 4883 et
1734 4832 2092 4900 arrogantiam
2133 4832 2227 4887 de-

651 4919 901 4985 primere.
931 4914 1053 4970 Ideo
1073 4930 1175 4969 non
1200 4916 1372 4969 solum
1399 4916 1456 4971 ﬁt
1480 4916 1663 4981 horno,
1694 4918 1788 4972 sed
1815 4934 2014 4990 pauper
2036 4920 2222 4989 horno,

650 5018 702 5061 et
733 5017 952 5061 matrem
985 5007 1141 5062 talem
1168 5006 1344 5077 deligit
1365 5047 1380 5073 ,
1408 5023 1471 5062 ac
1496 5008 1849 5065 diversorium
1878 5012 2000 5077 vile;
2048 5026 2225 5071 extre-

652 5114 796 5151 mum
829 5099 1149 5169 paupertatis
1185 5100 1465 5153 terminum
1496 5098 1564 5152 ab
1594 5100 1743 5155 initio
1766 5111 1819 5156 et
1842 5103 1907 5156 ah
1932 5104 2046 5171 ipso
2074 5117 2225 5175 partu

651 5190 998 5259 amplectens.
1031 5191 1282 5259 Qua-nam
1306 5232 1320 5255 ,
1346 5191 1433 5247 die
1459 5192 1607 5258 mihi,
1638 5195 1848 5263 mulier,
1878 5198 2083 5253 etiamsi
2112 5214 2226 5254 om-

652 5284 801 5338 nium
822 5284 1047 5339 maxime
1071 5285 1223 5354 inops
1243 5283 1425 5351 fuerit,
1445 5286 1651 5341 etiamsi
1675 5290 2001 5357 mendicans,
2033 5293 2224 5349 lectum

650 5394 762 5432 non
782 5376 957 5440 habet,
991 5378 1075 5431 uhi
1112 5390 1314 5446 partum
1340 5378 1593 5435 infantem
1625 5382 1880 5439 reclinet?
1907 5388 1972 5439 At
2003 5386 2091 5440 ille
2122 5404 2224 5441 non

654 5470 706 5523 iu
742 5470 878 5523 lecto
914 5468 1269 5524 reclinabatnr
1292 5512 1305 5534 ,
1344 5470 1437 5525 sed
1470 5472 1521 5524 in
1548 5474 1807 5543 prmsepio
1828 5476 2139 5546 simpliciter
2173 5486 2227 5532 et

651 5571 937 5630 utcumque
964 5600 979 5624 ,
1023 5569 1077 5614 et
1126 5560 1177 5614 in
1234 5564 1463 5630 tugurio,
1519 5579 1619 5619 nec
1664 5565 1715 5619 in
1747 5565 2061 5625 diversorio.
2106 5571 2227 5625 "anc

652 5654 1071 5726 suntingressus
1098 5653 1213 5725 ejus
1241 5656 1517 5725 prommia,
1542 5657 1613 5711 ita
1640 5658 1914 5729 splendida
1944 5670 1998 5715 et
2022 5662 2222 5731 lllﬂglli-

652 5748 777 5801 lica.
819 5744 951 5802 Cum
997 5745 1152 5802 audis
1200 5747 1537 5817 ingressum,
1590 5764 1659 5805 ne
1704 5750 1986 5806 transitum
2018 5766 2081 5809 ex
2110 5752 2227 5809 loco

649 5841 859 5911 cogites
880 5882 895 5908 ,
941 5838 1034 5896 sed
1063 5838 1379 5897 meonomia:
1404 5843 1917 5910 attemperationem.

1209 400 1267 459 8.
1306 396 1581 456 JOANNIS
1605 396 2076 455 CIIRYSOSTOMI
2113 394 2424 453 ABCIIIEP.
2464 394 2997 452 CONSTANTINOP.

3827 390 3929 449 ειοι

2412 507 2464 561 5.
2511 507 2717 563 litt-uim
2752 508 2945 562 Paulus
2968 523 3090 563 cum
3120 509 3194 562 ait
3220 551 3232 571 ,
3278 507 3407 564 Cum
3435 520 3606 564 autem
3635 524 3818 564 nasus
3848 509 3926 562 ia-

2336 598 2617 651 troduxerit
2644 596 3036 669 Primogenitum
3064 600 3116 653 in
3133 600 3299 653 orbem
3321 598 3505 670 (Hebr.
3533 601 3580 655 I.
3598 600 3677 669 6),
3698 598 3927 668 dispen-

2337 691 2596 745 satiOnetn
2622 689 2773 745 nobis
2793 691 3076 746 annuntiat
3109 710 3123 746 :
3157 693 3246 762 qui
3280 692 3423 747 enim
3457 693 3655 761 ubique
3684 706 3933 760 pra-oens

2336 788 2440 845 est,
2457 790 2512 837 et
2531 782 2709 836 omnia
2728 782 2934 853 implet,
2957 798 3187 854 quonam
3211 784 3315 838 intr
3327 784 3517 840 iverit?
3538 785 3630 840 sed
3658 784 3803 839 illam
3833 798 3931 853 per

2335 873 2690 927 meouomiam
2730 872 3217 929 manifestationent
3248 876 3327 929 sic
3356 875 3588 930 vocavit.
3636 875 3929 944 Ingressus

2335 965 2512 1036 itaque
2536 966 2589 1021 in
2617 967 2800 1025 orbem
2827 1008 2844 1033 ,
2890 982 3010 1022 cum
3061 968 3149 1024 vili
3197 965 3383 1022 habitu
3425 968 3687 1033 intravit,
3720 968 3930 1021 fastum

2332 1058 2545 1117 calcans
2567 1100 2581 1124 ,
2612 1060 2974 1131 arrogantiam
3004 1059 3338 1130 deprimens,
3386 1059 3636 1114 omnibus
3683 1058 3931 1115 eundem

2336 1158 2395 1204 ut
2422 1142 2700 1207 moderate
2725 1160 2906 1223 agant,
2931 1160 3299 1223 paupertatem
3322 1167 3389 1207 ne
3412 1162 3757 1208 contemnant
3789 1168 3932 1207 neve

2332 1245 2733 1301 mendicitatem
2760 1245 3077 1319 despiciant;
3114 1245 3181 1303 ad
3205 1246 3419 1307 divitias
3464 1262 3545 1303 ne.
3575 1246 3787 1303 inhient
3808 1288 3825 1312 ,
3861 1263 3931 1301 ne

2332 1336 2457 1405 quid
2494 1352 2743 1409 magnum
2794 1353 2915 1393 esse
2960 1346 3147 1409 putent
3187 1338 3480 1393 humanum
3528 1337 3772 1404 fastum,
3828 1338 3930 1392 sed

2333 1426 2519 1482 umbra
2574 1429 2911 1497 tenuiorem,
2965 1428 3109 1485 foliis
3152 1428 3434 1493 viliorem,
3467 1440 3522 1484 et
3547 1429 3775 1484 somniis
3831 1428 3932 1483 fal-

2330 1516 2602 1574 lteiorem.
2637 1519 2912 1590 Ingressus
2940 1535 3070 1591 ergo
3097 1520 3358 1576 barbaros
3387 1521 3615 1585 vocavit,
3650 1535 3752 1575 nec
3781 1522 3929 1575 sim-

2332 1612 2540 1683 pliciter
2570 1612 2845 1679 barbaros,
2888 1612 2983 1668 sed
3012 1626 3200 1683 magos
3218 1652 3233 1679 ,
3286 1614 3577 1683 pessimum
3618 1611 3928 1682 impietatis

2327 1719 2515 1775 genus.
2555 1703 2688 1772 Quia
2714 1704 2856 1760 enim
2881 1705 3059 1759 omnia
3090 1704 3141 1758 in
3170 1703 3301 1759 urbe
3328 1702 3467 1759 male
3494 1702 3684 1759 υσυαλ
3712 1711 3883 1758 erant
3905 1744 3922 1767 ,

2326 1808 2381 1851 et
2410 1797 2654 1865 impietas
2685 1797 2879 1868 ubique
2899 1797 3297 1860 dominabatur,
3329 1796 3592 1867 uidorque
3614 1806 3668 1852 et
3689 1795 3925 1860 fumus;

2326 1902 2390 1944 ac
2433 1903 2608 1959 neque
2655 1888 2738 1945 lex
2784 1888 3051 1959 quidpiam
3106 1897 3318 1959 poterat
3346 1929 3361 1953 ,
3411 1904 3597 1958 neque
3630 1889 3927 1958 prophetae

2326 1979 2781 2045 emendaverant,
2834 1996 2939 2035 non
2972 1981 3172 2035 monita
3202 1978 3329 2051 quid
3381 1980 3754 2048 profecerant,
3810 1993 3924 2034 non

2326 2071 2604 2139 miracula,
2634 2087 2739 2126 non
2768 2071 3111 2143 supplicium,
3144 2086 3250 2127 non
3284 2086 3457 2141 ptent!)
3480 2088 3496 2135 ;
3517 2079 3575 2126 et
3603 2079 3739 2127 terra
3780 2085 3923 2126 san-

2326 2164 2489 2234 guine
2531 2163 2763 2218 lnnnano
2793 2163 3167 2232 polluebatur,
3210 2172 3267 2219 et
3314 2174 3502 2218 natura
3546 2164 3658 2233 ipsa
3688 2164 3921 2231 ignora-

2327 2254 2484 2311 batur
2530 2272 2697 2311 :nam
2746 2254 3147 2311 [inmolaverunt
3192 2258 3327 2327 ﬁlios
3357 2273 3475 2312 suos
3521 2266 3568 2311 et
3600 2256 3733 2327 filias
3784 2274 3919 2312 suas

2327 2348 2591 2403 darnwniis
2633 2347 2651 2420 (
2678 2346 2823 2403 Psat.
2862 2349 2984 2404 105.
3019 2349 3131 2419 57)
3163 2365 3176 2402 :
3209 2349 3397 2403 altaria
3446 2348 3876 2403 destruebantur
3904 2388 3921 2409 ,

2326 2438 2603 2510 propheta:
2653 2442 3079 2503 occidebantur.
3133 2455 3198 2496 ac
3255 2440 3513 2510 templum
3581 2439 3797 2510 pietatis
3864 2440 3922 2493 in

2326 2532 2518 2589 rudera
2575 2549 2788 2589 versum
2842 2543 2926 2589 est
2972 2546 3025 2590 et
3055 2533 3321 2589 idolorum
3375 2533 3801 2603 receptaculum,
3854 2547 3924 2587 ac

2326 2624 2556 2695 populus
2604 2623 2858 2680 Judaicus
2912 2627 3000 2695 qui
3060 2626 3267 2680 exstitit
3327 2632 3386 2679 ut
3437 2632 3663 2679 caeteros
3717 2623 3922 2678 crudi.

2328 2727 2431 2783 ret,
2472 2717 2593 2772 aliis
2635 2718 2983 2788 blasphemia:
3012 2718 3226 2773 occasio
3278 2716 3439 2773 ﬁebat
3468 2734 3483 2772 :
3516 2714 3713 2770 Nam
3736 2731 3923 2768 meum

2326 2810 2467 2862 enim
2488 2848 2504 2875 ,
2539 2809 2739 2879 inquit,
2770 2825 2856 2879 per
2880 2824 2964 2863 eos
2992 2808 3374 2879 blasphematur
3398 2808 3452 2863 in
3480 2808 3709 2879 gentibus
3742 2807 3918 2878 (lani.

2324 2898 2415 2955 52.
2447 2900 2534 2969 5).
2571 2902 2639 2954 5a
2679 2900 2843 2953 rilicia
2870 2899 3288 2970 abrogabantur,
3323 2897 3455 2954 festa
3478 2939 3495 2966 ,
3526 2898 3836 2953 neat-cnim
3861 2910 3921 2952 et

2322 2990 2565 3053 sabbata,
2598 3005 2660 3045 ac
2692 2990 2893 3061 reliqua
2924 2992 3099 3045 cultus
3125 3005 3321 3061 genera
3356 2990 3764 3059 rejieiebantur,
3803 2988 3921 3043 vir-

2328 3089 2439 3137 tute
2462 3082 2815 3153 neglecta;et
2842 3098 2943 3139 vox
2991 3098 3222 3154 :npeine
3274 3083 3363 3137 Dei
3410 3082 3709 3138 accusantis
3757 3094 3913 3146 erat,

2324 3183 2382 3230 et
2407 3190 2568 3231 voces
2599 3175 2979 3245 prophetarum
3000 3178 3055 3230 in
3088 3184 3229 3232 terra
3262 3175 3645 3246 plangentium,
3667 3186 3920 3229 etvoccs

2325 3266 2558 3336 undique
2578 3306 2592 3330 ,
2616 3267 2776 3322 rebus
2808 3268 2946 3322 male
2979 3250 3393 3339 procedentibus
3419 3284 3450 3335 ς.
3488 3268 3757 3337 multaque
3792 3279 3921 3323 erat

2327 3357 2575 3428 nequitia:
2602 3360 2859 3428 potentia,
2891 3358 3057 3414 densa
3088 3358 3333 3430 quadam
3363 3358 3534 3415 nubes
3556 3366 3610 3415 et
3637 3356 3918 3429 profunda

2327 3464 2453 3517 nos,
2480 3458 2535 3505 et
2563 3452 2794 3521 nequitia
2824 3450 3078 3517 audacter
3104 3462 3159 3507 et
3182 3451 3518 3509 confidenter
3535 3450 3742 3522 agebat,
3783 3466 3921 3521 qua

2323 3542 2390 3597 ad
2428 3543 2676 3597 virtutem
2725 3550 2901 3597 autem
2959 3550 3222 3613 spectant,
3274 3542 3708 3598 eliminabantur.
3737 3541 3920 3598 Tem-

2326 3649 2503 3704 pcsms
2530 3634 2581 3689 in
2611 3636 2777 3689 altum
2810 3634 3112 3701 tollebatur,
3142 3633 3336 3691 tinctus
3356 3636 3497 3691 alius
3518 3635 3678 3690 alium
3702 3650 3919 3706 sequ:-

2325 3726 2501 3791 batur,
2546 3725 2823 3797 naufragia
2867 3726 3162 3796 frequentia
3218 3726 3754 3790 accidebant.omnes
3806 3729 3920 3783 int-

2327 3820 2735 3888 mergebantnr,
2793 3834 2967 3888 neque
3018 3819 3125 3876 ulla
3168 3819 3543 3891 gubernatoris
3570 3836 3668 3875 vos
3706 3820 3920 3879 audie-

2328 3909 2501 3974 batur,
2532 3924 2631 3965 nec
2662 3918 2942 3964 nautarum
2972 3924 3064 3965 ars
3089 3910 3377 3985 quidquam
3410 3920 3637 3982 poterat;
3665 3912 3759 3967 sed
3790 3928 3916 3968 ma-

2328 4000 2457 4073 ligni
2488 4002 2709 4072 Spiritus
2753 4001 3210 4068 dominabantur,
3258 4017 3434 4073 ueqne
3466 4004 3572 4058 ulla
3618 4012 3735 4058 erat
3780 4021 3921 4075 spes

2327 4097 2516 4151 salutis
2535 4136 2551 4162 ,
2581 4110 2844 4165 nemoque
2872 4096 3121 4151 invocare
3144 4095 3311 4151 Deum
3331 4098 3560 4152 audebat
3589 4114 3602 4149 :
3632 4101 3922 4168 quomodo

2327 4189 2470 4243 enim
2514 4202 2675 4242 ausus
2723 4198 2903 4252 esset,
2960 4188 3235 4259 prophetis
3273 4188 3668 4253 accusantibus,
3700 4190 3924 4260 angelis

2327 4281 2418 4350 qui
2447 4280 2665 4350 singulis
2692 4280 2937 4350 gentibus
2960 4280 3447 4351 patrocinabantur,
3486 4294 3548 4336 se
3568 4296 3675 4351 pra:
3700 4283 3924 4349 pudore

2327 4372 2759 4427 occultantibus?
2801 4369 3107 4427 Creatorem
3151 4371 3385 4427 universi
3431 4379 3640 4443 tempus
3689 4372 3922 4429 demum

2326 4466 2639 4532 advocabat,
2664 4469 2835 4537 ipsum
2856 4464 3209 4532 conditorem,
3229 4467 3319 4539 qui
3340 4464 3409 4521 ab
3431 4466 3583 4521 initio
3606 4479 3782 4536 genus
3815 4484 3924 4522 nn-

2327 4570 2496 4615 strum
2527 4558 2922 4615 eiiormaverat.
2962 4557 3227 4626 Quoniam
3262 4558 3423 4629 igitur
3448 4558 3759 4628 gravissima
3794 4570 3929 4615 erat

2328 4650 2591 4719 aegritudo
2616 4689 2631 4715 ,
2662 4666 2782 4719 quae
2814 4650 3048 4703 maxime
3077 4658 3225 4718 parta
3255 4659 3371 4703 erat
3404 4664 3468 4703 es
3512 4650 3830 4719 arrogantia
3860 4660 3921 4705 et

2328 4743 2584 4807 audacia;
2612 4756 2733 4796 cum
2763 4751 2815 4796 et
2838 4741 3161 4811 principium
3176 4749 3233 4795 et
3248 4740 3480 4795 taedium
3500 4750 3555 4795 et
3583 4741 3702 4794 linis
3724 4756 3921 4796 rerum

2328 4842 2762 4901 corrumperetur
2795 4851 2808 4886 :
2840 4831 2931 4885 ille
2958 4846 3020 4886 ex
3050 4841 3273 4901 paterno
3302 4831 3495 4885 throno
3523 4830 3741 4895 exsiliis,
3769 4845 3840 4888 et
3867 4836 3925 4889 in

2330 4934 2527 4980 terram
2558 4926 2723 4979 venit.
2767 4924 2899 4979 Cum
2926 4934 3106 4979 autem
3139 4924 3271 4979 illud
3313 4925 3501 4978 exsiliat
3544 4923 3733 4990 audis,
3782 4940 3929 4982 cave

2328 5028 2483 5089 putes
2515 5029 2748 5073 mutasse
2778 5018 2927 5071 illum
2970 5017 3085 5072 loca
3110 5028 3164 5073 et
3196 5017 3503 5073 deseruisse
3534 5017 3693 5073 caelos
3735 5034 3748 5071 :
3786 5036 3924 5075 nam

2329 5126 2448 5165 eum
2480 5112 2529 5165 in
2565 5122 2715 5164 utero
2743 5110 2984 5180 virgineo
3013 5118 3181 5174 esset,
3230 5124 3351 5164 cum
3400 5110 3561 5165 Patre
3592 5118 3707 5165 erat
3734 5126 3748 5163 :
3780 5128 3931 5180 quo-

2331 5203 2491 5259 modo
2533 5213 2706 5257 autem
2734 5244 2747 5267 ,
2800 5218 2866 5256 ne
2910 5217 3121 5272 qumras
3161 5218 3334 5272 neque.
3373 5203 3609 5259 rationes
3650 5214 3926 5271 expetas:

2330 5310 2449 5349 cum
2472 5297 2612 5349 enim
2640 5294 2776 5348 Deus
2799 5305 3073 5364 operatur,
3097 5292 3209 5349 sola
3232 5293 3337 5349 ﬁde
3358 5308 3494 5364 Opus
3522 5304 3623 5359 est,
3644 5308 3927 5351 consensu

2334 5388 2458 5442 item
2485 5396 2541 5443 et
2568 5386 2929 5441 confessione.
2976 5386 3108 5440 Cum
3157 5387 3395 5442 venisset
3439 5402 3569 5457 ergo
3606 5394 3660 5443 et
3686 5386 3928 5445 vidisset

2332 5494 2530 5549 aegrum
2561 5478 2611 5531 in
2639 5478 2776 5532 lecto
2793 5476 3057 5547 iacentem
3084 5492 3146 5531 ac
3167 5478 3509 5547 desperatum
3530 5477 3551 5549 (
3571 5491 3691 5533 cum
3712 5491 3929 5548 δἐι-ωτι

2332 5570 2475 5639 dico,
2505 5570 2571 5626 de
2593 5569 2827 5624 immane
2851 5584 3048 5639 genere
3071 5570 3283 5638 loquor,
3310 5583 3417 5626 non
3434 5569 3498 5623 in
3526 5569 3663 5624 let-to
3687 5569 3926 5639 vulgari,

2332 5663 2425 5717 sed
2455 5664 2506 5716 in
2537 5662 2675 5717 lecto
2718 5660 2971 5731 nequitias
2992 5660 3035 5731 ),
3064 5675 3092 5713 a
3125 5660 3346 5714 medicis
3375 5659 3688 5715 derelictum
3713 5700 3729 5725 ,
3774 5661 3927 5717 vitiis

2335 5758 2500 5811 annui
2550 5756 2829 5810 obsessum
2861 5794 2876 5817 ,
2932 5752 3121 5807 morbo
3164 5751 3482 5816 detentum;
3531 5767 3653 5809 cum
3695 5750 3929 5810 vidisset

2346 5864 2505 5905 omne
2550 5843 2882 5918 :rgritmlinis
2922 5858 3092 5916 genus
3143 5844 3428 5900 humanam
3480 5856 3725 5902 naturaet
3767 5843 3924 5901 iuva.
