4068 6418
646 406 745 465 5οἹ

646 530 771 598 lert,
819 536 885 586 ut
923 530 1143 586 aliorum
1183 540 1339 583 nemo
1370 528 1708 597 desperaret.
1750 524 2001 597 Alioquin
2043 523 2202 578 etiam

640 633 695 678 ut
719 621 887 680 .Iuda'i
917 622 1118 693 pudore
1143 621 1459 686 afﬁciantur,
1478 618 1528 675 id
1556 617 1791 687 ﬁt,qnod
1821 616 1920 686 ipsi
1946 614 2202 671 accedere

638 716 973 777 dubitarent;
999 714 1049 766 bi
1071 727 1197 766 vero
1219 711 1429 780 longam
1454 709 1934 781 peregrinationem
1964 721 2208 779 suscepe-

636 816 779 872 rant,
808 815 863 860 ut
894 807 1037 860 illum
1070 803 1310 859 viderent
1345 817 1398 858 et
1428 802 1714 858 adorarent
1742 809 1833 854 :et
1860 799 2204 854 circumeun-

634 907 716 950 tes
762 896 982 960 dicunt,
1040 894 1139 951 Ubi
1187 904 1260 949 est
1299 904 1383 965 qut
1420 904 1566 948 natus
1623 902 1695 946 est
1743 890 1855 947 lica:
1896 887 2205 943 Iuda'oru

633 987 844 1055 (ιιηιιιι.
864 987 921 1041 s.
938 987 994 1054 οι)
1010 987 1033 1026 ν

702 1081 757 1133 5.
785 1077 887 1131 Cur
925 1078 1154 1131 Christus
1182 1078 1343 1147 primo
1365 1093 1395 1129 rt
1424 1075 1583 1146 magis
1608 1072 1835 1132 barbaris
1855 1072 2199 1127 anuuntietur.

633 1164 795 1224 Stella
809 1186 921 1238 quia
942 1171 1101 1240 magis
1126 1170 1383 1241 apparuit,
1402 1169 1523 1238 quid
1535 1177 1683 1222 esset.
1698 1166 1799 1221 Cur
1816 1164 2009 1220 Paulus
2021 1163 2199 1219 Timo-

630 1263 796 1315 theum
822 1262 1203 1315 circumciderit.
1231 1290 1299 1301 —
1326 1258 1371 1315 Ο
1392 1272 1477 1313 res
1498 1256 1767 1313 mirabiles
1788 1266 1842 1313 et
1862 1257 2196 1327 inexspecta-

630 1353 731 1405 tte!
756 1368 849 1421 per
862 1352 1136 1405 barbaram
1158 1365 1339 1405 vocem
1358 1350 1582 1419 primam
1609 1348 1912 1417 unigenitum
1926 1346 2088 1399 Filius
2109 1346 2199 1402 llci

629 1443 875 1498 iuJudrea
896 1440 1327 1513 prrcdicaturatbi
1345 1439 1640 1510 prophetat,
1656 1437 1986 1509 patriarehm,
2002 1448 2050 1492 et
2069 1437 2211 1508 jnsti'

627 1544 680 1588 et
703 1535 804 1600 lex,
832 1549 972 1597 arca,
999 1542 1397 1596 testamentum,
1415 1531 1693 1601 templum.
1713 1530 2054 1593 sacriﬁcium,
2079 1531 2198 1582 cul-

626 1636 735 1680 tns:
765 1635 811 1677 et
831 1624 904 1677 illi
934 1623 1145 1693 quidem
1163 1624 1251 1692 qui
1280 1623 1333 1677 in
1352 1623 1435 1677 his
1454 1622 1691 1676 itmtttriti
1713 1612 1885 1685 erant,
1910 1635 1939 1673 ιι
1957 1618 2199 1673 barbaris

627 1715 797 1768 educti
827 1714 1138 1770 erudiuntur
1168 1732 1180 1768 :
1212 1714 1299 1785 qtti
1331 1728 1458 1769 vero
1484 1713 1683 1766 nullum
1711 1707 1894 1767 eorum
1929 1711 2014 1765 vel
2047 1710 2183 1779 cogi:

626 1816 803 1863 larunt
826 1809 1061 1879 quidem,
1084 1808 1332 1864 doctores
1346 1808 1461 1865 hzce
1478 1807 1841 1862 meditantium
1864 1805 2193 1862 efﬁciuntur.

626 1898 750 1953 ldco
777 1900 1056 1954 traducem
1098 1900 1217 1954 illos
1249 1900 1504 1969 propheta
1534 1898 1697 1953 David
1726 1898 1939 1953 dicebat
1973 1915 1985 1951 :
2023 1898 2197 1963 Quare

622 1992 929 2059 fremuerunt
950 1999 1136 2059 gentes,
1163 1998 1209 2043 et
1226 1989 1403 2061 populi
1432 1990 1655 2043 meditati
1682 2000 1795 2043 sunt
1822 1990 1995 2043 inania
2018 1988 2192 2059 (Psal.

620 2082 674 2134 2.
704 2081 799 2150 t)?
826 2082 1103 2150 Quomodo
1130 2084 1272 2138 enim
1305 2098 1435 2137 vana
1469 2093 1644 2139 mente
1666 2084 1779 2139 bzee
1806 2092 2193 2149 tractaverunt,

618 2175 708 2243 qui
740 2190 885 2240 eum,
912 2174 1000 2245 qui
1027 2190 1056 2229 a
1086 2174 1359 2245 prophetis
1385 2176 1725 2231 annuntiatus
1770 2187 1880 2231 erat
1908 2216 1925 2244 ,
1956 2191 2062 2231 non
2112 2192 2197 2232 re-

619 2268 924 2334 ceperunt?
951 2269 1020 2322 At
1046 2269 1113 2323 ita
1141 2284 1246 2323 non
1272 2269 1443 2339 magi;
1476 2268 1567 2323 sed
1600 2267 1693 2333 illi,
1725 2269 1909 2324 relicta
1946 2269 2113 2337 patria
2141 2279 2197 2325 et

619 2361 781 2415 domo
800 2370 855 2416 et
893 2362 1077 2416 amicis
1107 2369 1161 2416 et
1188 2362 1444 2432 cognatis,
1479 2376 1540 2415 ac
1580 2362 1734 2429 longa
1766 2371 2011 2431 suscepta
2044 2376 2195 2431 pere-

617 2453 935 2521 grinationc,
965 2452 1015 2505 in
1038 2452 1270 2522 pericula
1294 2467 1352 2507 se
1378 2452 1743 2522 coniecerunt.
1763 2452 1893 2508 Nam
1922 2453 1972 2506 in
1994 2454 2191 2524 regiam

620 2544 809 2599 urbem
841 2546 1123 2599 venientes
1148 2545 1541 2615 interrogabant
1575 2546 1663 2600 ubi
1706 2562 1800 2601 rex
1831 2556 1987 2614 natus
2015 2559 2189 2612 esset;

617 2650 725 2688 non
754 2635 893 2705 regis
921 2646 1045 2689 tunc
1074 2636 1343 2704 regnantis
1370 2636 1499 2689 iram
1523 2677 1536 2700 ,
1567 2651 1672 2690 non
1727 2637 1895 2705 plebis
1940 2637 2191 2691 insoltum

618 2727 975 2798 suspicantes,
1007 2745 1110 2782 non
1138 2728 1284 2785 urbis
1311 2728 1548 2783 insidias.
1596 2730 1727 2797 Quia
1761 2729 1903 2784 enim
1938 2730 2193 2800 praedica-

619 2822 820 2874 tionem
847 2829 1214 2889 susceperant,
1242 2827 1295 2874 et
1312 2818 1615 2889 philosophi
1646 2828 1700 2874 et
1726 2830 1987 2890 martyres
2010 2821 2195 2874 viren-

618 2920 700 2965 tes
748 2911 923 2965 statim
979 2911 1137 2975 ﬁttnt,
1192 2918 1415 2965 mortem
1464 2926 1568 2965 non
1624 2912 1907 2977 timentes,
1962 2912 2191 2980 pericula

620 3001 1005 3070 despicientes,
1036 3012 1352 3071 praesentem
1378 3004 1535 3055 vitam
1558 3012 1892 3072 spernentes,
1923 3018 2041 3057 cum
2064 3003 2193 3057 lidu-

617 3095 697 3147 cia
733 3092 1077 3160 prtedicantcs
1106 3107 1299 3163 caqnm
1330 3092 1642 3159 didicerant,
1674 3094 1725 3147 in
1750 3093 1923 3149 media
1959 3094 2108 3159 urbe,
2140 3095 2191 3149 in

619 3187 797 3242 medio
813 3187 1003 3256 populo
1027 3197 1207 3241 natum
1231 3188 1624 3241 anttttntiantes.
1648 3186 1770 3241 Ideo
1794 3202 2019 3256 namque
2041 3188 2191 3240 stella

618 3283 933 3344 occultatur,
960 3291 1015 3333 ut
1035 3280 1256 3333 ductore
1283 3295 1384 3331 non
1415 3289 1776 3347 comparente,
1802 3293 1830 3330 a
1854 3277 2053 3332 Judacis
2073 3278 2190 3331 edi-

621 3391 771 3430 scere
799 3382 1134 3443 cogerentur;
1159 3372 1269 3426 imo
1289 3370 1463 3439 potius
1486 3369 1743 3425 discendo
1763 3368 2017 3424 docerent
2038 3370 2187 3425 illos:

620 3470 793 3522 locum
820 3468 961 3520 enim
984 3466 1155 3520 solum
1179 3475 1457 3533 quaerunt;
1486 3462 1625 3533 quod
1653 3471 1828 3517 autem
1853 3472 2006 3517 natus
2028 3463 2192 3527 esset,

621 3561 770 3629 prius
794 3559 1110 3613 didicerant.
1140 3556 1242 3612 Sed
1274 3555 1395 3610 vide
1428 3555 1521 3609 Dei
1548 3554 1883 3622 sapientiam,
1922 3554 2194 3623 quomodo

631 3654 750 3705 illos
778 3652 1066 3704 vocaverit.
1095 3642 1207 3703 Non
1242 3647 1549 3717 prophetam
1584 3646 1758 3710 misit,
1788 3662 1891 3700 non
1921 3646 2064 3699 enim
2094 3645 2192 3699 ad-

623 3742 925 3805 misissent;
970 3755 1074 3794 non
1106 3741 1400 3809 apostolum
1423 3782 1437 3801 ,
1466 3754 1569 3791 non
1609 3739 1750 3792 enim
1795 3738 2149 3791 attendissent
2176 3754 2191 3801 ;

622 3847 729 3886 non
756 3834 1068 3897 scripturas,
1099 3828 1368 3881 nunerum
1394 3826 1665 3879 sciebant:
1696 3824 1787 3879 sed
1818 3841 1846 3878 a
1877 3824 2036 3878 rebus
2060 3823 2188 3893 ipsis

619 3922 995 3982 familiaribus,
1033 3922 1082 3973 in
1115 3920 1266 3989 queis
1297 3918 1534 3971 innutriti
1564 3928 1737 3979 erant,
1773 3919 1889 3971 illos
1916 3917 1982 3970 ab
2008 3932 2190 3972 errore

619 4012 855 4068 abducit.
895 4014 1024 4079 Quia
1054 4013 1196 4066 enim
1246 4011 1381 4080 magi
1426 4018 1609 4076 erant,
1641 4018 1696 4064 et
1724 4011 1862 4063 circa
1906 4008 2083 4062 stellas
2107 4023 2194 4062 ars

619 4109 853 4173 ipsormn
898 4104 1227 4175 versabatur,
1261 4085 1412 4156 stella
1456 4109 1711 4171 apparet,
1756 4102 1898 4170 ipsos
1943 4115 1971 4153 a
2003 4099 2194 4153 ﬁnibus

619 4199 731 4251 suis
759 4196 1105 4258 abstrabeus;
1136 4194 1285 4248 stella
1313 4209 1414 4247 non
1438 4208 1540 4246 una
1573 4207 1638 4246 ex
1676 4193 1737 4244 iis
1767 4207 1897 4261 quas
1929 4192 2189 4255 videmus,

619 4292 711 4343 sed
743 4291 920 4343 divina
960 4288 1198 4357 quaedam
1231 4297 1282 4340 et
1310 4285 1588 4340 invisibilis
1614 4285 1785 4337 virtus
1812 4285 1862 4337 in
1887 4284 2053 4338 stella!
2076 4298 2196 4352 spc-

618 4382 754 4435 cicm
788 4377 1155 4433 transformata
1187 4396 1198 4431 :
1234 4377 1393 4431 trahit
1425 4386 1600 4431 autem
1634 4376 1749 4429 illo;
1778 4376 1927 4427 stella
1964 4414 1978 4439 ,
2012 4384 2065 4426 ut
2096 4375 2190 4425 ab-

618 4472 777 4525 ducat
826 4470 943 4522 illos
996 4468 1248 4537 deinceps
1288 4484 1317 4522 a
1366 4468 1639 4521 stellarum
1687 4466 2087 4535 Sper-ulatione,
2142 4476 2188 4517 et

619 4562 919 4630 asurolngim
953 4560 1285 4630 tyrannidem
1317 4560 1506 4613 solvat.
1551 4558 1639 4613 Sic
1682 4567 1735 4611 et
1790 4557 1980 4610 Paulus
2030 4555 2199 4616 ferit,

619 4652 901 4707 Dominum
950 4668 1103 4705 suum
1153 4651 1396 4713 itttitans;
1444 4667 1562 4705 nam
1602 4650 1706 4709 ait,
1758 4648 2046 4701 Imitutores
2096 4649 2192 4701 mei

618 4756 792 4806 estote,
822 4747 947 4797 sicut
974 4753 1019 4797 et
1046 4760 1136 4814 ego
1164 4738 1353 4796 Christi
1383 4742 1473 4812 (l.
1507 4740 1623 4793 Cor.
1655 4742 1704 4794 .l.
1741 4740 1773 4794 6
1798 4744 1833 4805 ).
1866 4741 2013 4793 Sicut
2043 4740 2188 4793 enim

621 4837 877 4891 Dominus
899 4837 1015 4903 ejus
1039 4850 1219 4901 magos
1240 4848 1457 4895 voeans,
1484 4832 1651 4885 stella:
1679 4832 1907 4899 speciem
1942 4833 2103 4893 misit,
2134 4842 2189 4883 ιιι

618 4946 729 4983 rem
761 4937 1067 4984 consuetam
1096 4936 1466 4997 agnoscentes,
1492 4924 1643 4978 facile
1670 4925 2111 4994 obsequerentur,
2141 4935 2193 4979 ct

620 5021 899 5075 venientes
944 5020 1215 5074 stellarum
1264 5018 1544 5071 Dominum
1590 5014 1854 5077 viderent,
1905 5026 1957 5070 et
2008 5017 2193 5069 relicta

621 5113 709 5166 illa
743 5113 995 5165 servitute
1019 5153 1032 5176 ,
1062 5126 1119 5164 se
1151 5109 1273 5163 lmic
1300 5106 1534 5161 dominio
1560 5106 1851 5161 subderent
1879 5123 1889 5158 :
1916 5106 1990 5159 sic
2022 5116 2074 5159 et
2108 5106 2196 5160 ille

622 5206 1083 5260 circumcisionem
1131 5202 1465 5266 sublaturus,
1495 5214 1611 5253 eum
1662 5201 2066 5252 circumcisione
2098 5200 2194 5253 Ti-

624 5296 897 5350 motheum
949 5294 1109 5347 tnisit.
1155 5294 1286 5362 Quia
1329 5294 1469 5347 enim
1512 5291 1677 5346 Judzci
1728 5293 1869 5344 illum
1919 5294 2188 5360 excepturi

634 5397 818 5450 erant,
850 5386 957 5454 ipse
986 5401 1112 5439 vero
1140 5386 1276 5438 ﬁlius
1302 5394 1414 5439 crat
1439 5383 1634 5439 ludant:
1664 5382 1830 5437 ﬁdelis
1852 5424 1865 5445 ,
1902 5386 2064 5451 patris
2097 5402 2194 5438 att-

636 5490 745 5532 tcm
775 5478 1005 5546 gentilis,
1040 5476 1259 5544 ideoque
1291 5475 1657 5545 przeputiatns,
1695 5475 2021 5528 circumcidit
2051 5491 2191 5539 eum,

629 5570 947 5635 piscatorum
979 5581 1127 5620 more
1152 5582 1313 5633 agens
1337 5584 1349 5620 :
1376 5566 1427 5621 hi
1456 5568 1594 5620 cutim
1623 5582 1832 5635 quoque
1856 5567 2068 5648 hamum
2104 5586 2201 5621 nu-

631 5660 755 5711 dum
786 5674 888 5711 ιιοιι
923 5657 1162 5727 injiciunt
1188 5659 1237 5710 in
1272 5673 1413 5711 turre
1444 5657 1537 5712 sed
1585 5672 1742 5711 carne
1772 5659 1945 5725 ipsum
1976 5658 2200 5710 circum-

626 5752 776 5805 dant.
809 5753 886 5805 Sit
911 5769 1036 5821 ergo
1077 5768 1221 5805 mare
1252 5755 1523 5821 Synagnga
1548 5791 1562 5815 ,
1590 5750 1755 5804 Jud.ci
1803 5765 1932 5803 vero
1978 5751 2151 5819 pisces
2183 5793 2195 5812 ,

631 5844 816 5899 bamus
846 5844 1171 5910 Timotheus,
1206 5844 1541 5899 circumcisio
1569 5860 1691 5897 citro
1724 5842 1939 5896 hamum
1968 5843 2192 5897 circum-

1339 412 1396 470 S.
1434 408 1711 468 JOANNlS
1745 401 2220 468 ειιιιῑειιετωιι
2260 397 2579 469 ιιιιςιιιεν.
2613 400 3147 473 ΩΟΝΞΤΔΧἩΝΟΡ.

2315 520 2475 591 dans,
2506 524 2743 596 βίαιοι·
2784 537 2961 584 autem
3008 529 3201 586 Paulus
3230 548 3244 585 :
3274 529 3498 585 hamum
3528 542 3659 603 ergo
3685 528 3806 599 iacit
3837 534 3897 587 in

2311 626 2461 669 mare
2484 656 2499 681 ,
2533 615 2628 673 sed
2658 632 2765 673 non
2796 619 3027 685 nudum;
3060 619 3425 687 Timotheum,
3457 637 3583 677 eum
3613 624 3899 678 circumci-

2310 705 2488 773 sione,
2519 715 2572 762 et
2621 722 2727 763 non
2779 710 3173 782 prmputiatum.
3219 712 3274 768 Si
3321 710 3464 769 enim
3517 715 3896 784 przrputiatun

2308 796 2561 861 misisset.
2587 799 2761 869 pisces
2781 802 3127 873 aufugisseut.
3151 800 3366 859 hamum
3390 805 3637 862 videntes
3660 805 3854 861 nudum
3878 819 3894 857 :

2309 886 2431 943 ideo
2470 888 2617 944 illum
2662 892 2833 946 munit
2876 893 3306 962 circumcisione,
3339 904 3397 950 nt
3417 911 3535 952 rem
3577 907 3898 952 consuetam

2308 980 2573 1049 videntes,
2610 996 2955 1041 accurrerent
3007 986 3073 1041 ad
3125 987 3356 1059 prmdam
3378 1031 3393 1053 ,
3422 998 3477 1043 et
3508 1004 3577 1044 ne
3609 990 3700 1044 ille
3739 1004 3899 1045 acce-

2305 1073 2496 1130 dentes
2521 1091 2629 1147 prze
2649 1086 2795 1133 metu
2819 1077 3054 1149 fugaret;
3084 1079 3177 1134 sed
3201 1096 3299 1151 per
3320 1081 3787 1136 eirenmcisionem
3811 1082 3896 1135 illi

2305 1166 2717 1235 attraherentur,
2767 1180 2822 1224 et
2872 1169 3135 1238 doctrina:
3182 1172 3347 1227 verbo
3390 1172 3799 1228 retinerentur:
3834 1184 3900 1228 ut

2304 1259 2466 1313 etiam
2516 1258 2715 1316 factum
2747 1272 2848 1316 est.
2906 1261 3180 1333 Ingressus
3227 1264 3368 1318 enim
3416 1274 3472 1319 et
3515 1266 3894 1332 circumcisus,

2302 1350 2767 1408 circumcisionem
2799 1354 2982 1409 solvit.
3016 1355 3078 1409 lli
3110 1364 3234 1409 sunt
3256 1356 3399 1411 enim
3426 1358 3746 1412 meonomim
3777 1373 3899 1412 mo-

2302 1444 2353 1503 di
2380 1462 2393 1497 :
2425 1445 2594 1513 primo
2618 1445 2703 1499 illa
2730 1460 2850 1502 sese
2873 1456 3213 1517 attemperat,
3257 1460 3312 1503 et
3339 1458 3463 1503 tunc
3489 1448 3678 1503 trahit.
3727 1448 3816 1504 Sic
3834 1458 3898 1503 et

2301 1536 2547 1591 Christus
2592 1537 2714 1593 fecit
2763 1540 3022 1593 barbaros
3069 1554 3285 1595 vocans.
3336 1540 3469 1596 Nam
3522 1552 3581 1596 ut
3642 1542 3898 1597 homines

2304 1642 2501 1681 vorans
2537 1628 2807 1684 hominem
2841 1630 3013 1684 induit
3037 1642 3087 1685 et
3116 1630 3414 1687 secundum
3446 1632 3683 1701 speciem
3716 1643 3772 1686 et
3797 1648 3891 1688 se-

2302 1720 2535 1773 cundum
2562 1704 2803 1775 naturam
2828 1738 2842 1774 :
2868 1722 2944 1776 sic
2974 1737 3160 1791 magos
3185 1736 3402 1787 vocans,
3434 1722 3757 1777 invisibilem
3786 1724 3894 1776 vir-

2304 1819 2467 1866 tutem
2494 1811 2544 1865 iu
2562 1811 2731 1866 stella:
2752 1813 2985 1881 speciem
3007 1814 3246 1867 mutavit.
3266 1812 3420 1880 Quod
3438 1813 3580 1868 enim
3604 1830 3711 1867 non
3730 1814 3892 1869 stella

2301 1902 2761 1956 essetesaliarnm
2789 1904 3062 1957 stellarum
3108 1920 3334 1958 numero
3356 1946 3372 1970 ,
3417 1919 3480 1959 ex
3527 1919 3688 1959 cursu
3714 1905 3889 1959 disce.

2300 1990 2414 2046 Non
2437 1991 2579 2047 enim
2608 1992 2678 2047 ab
2696 1993 2904 2049 oriente
2928 1993 2993 2047 ad
3023 1994 3358 2049 occidentem
3385 1996 3657 2059 currebat,
3693 1995 3790 2049 sed
3820 1997 3891 2047 ab

2300 2085 2664 2154 septentrione
2708 2086 2773 2139 ad
2818 2085 3132 2152 meridiem;
3167 2087 3235 2139 ita
3268 2086 3408 2141 enim
3442 2087 3722 2142 Palmstina
3757 2104 3889 2155 erga

2300 2175 2574 2231 Persidem
2598 2176 2699 2231 sita
2728 2184 2812 2231 est
2837 2195 2850 2232 :
2880 2186 2935 2232 et
2964 2187 3187 2247 apparet
3215 2178 3302 2232 illa
3331 2193 3437 2235 non
3466 2189 3647 2241 noctu,
3677 2180 3774 2235 sed
3806 2181 3890 2234 in-

2301 2268 2475 2324 terdiu
2494 2310 2511 2331 ,
2540 2268 2681 2338 quod
2711 2270 2862 2325 stella
2896 2286 3000 2324 non
3028 2270 3155 2325 facit
3184 2288 3198 2325 :
3230 2270 3457 2339 ideoque
3487 2281 3539 2325 ct
3574 2284 3807 2341 apparet
3833 2283 3890 2328 ct

2298 2361 2616 2426 occultatur,
2639 2361 2778 2431 quod
2796 2362 2953 2415 etiam
2977 2361 3149 2417 stellae
3176 2378 3277 2416 non
3305 2362 3467 2418 fuerit
3493 2385 3504 2418 :
3531 2365 3891 2420 absconditur

2298 2465 2416 2504 cum
2446 2449 2834 2521 ierosolymam
2860 2467 2920 2505 se
2947 2452 3289 2507 contulerunt
3310 2494 3324 2513 .
3355 2462 3409 2507 et
3455 2465 3679 2523 apparet
3722 2466 3882 2525 post-

2298 2556 2455 2608 quam
2483 2556 2511 2594 a
2541 2552 2669 2611 rege
2692 2540 3072 2617 discesserant.
3093 2542 3245 2598 Unde
3274 2540 3444 2612 palam
3468 2554 3551 2598 est
3580 2545 3889 2615 intelligen-

2300 2640 2406 2686 tem
2437 2630 2599 2686 fuisse
2628 2632 2903 2699 virtutem,
2936 2650 3054 2702 qua:
3081 2633 3146 2687 ad
3174 2634 3321 2702 jussa
3354 2636 3670 2704 complenda
3698 2642 3885 2691 omnia

2297 2723 2633 2779 observaret.
2662 2724 2843 2792 Neque
2867 2739 2995 2779 vero
3021 2725 3145 2780 inde
3168 2728 3339 2781 solum
3367 2727 3415 2780 id
3446 2728 3618 2796 palam
3649 2741 3760 2794 est;
3788 2734 3885 2784 sed

2297 2817 2458 2873 etiam
2483 2817 2622 2887 quod
2645 2859 2660 2883 ,
2699 2833 2819 2873 cum
2851 2818 3092 2874 duxisset
3122 2820 3186 2873 ad
3220 2836 3459 2889 praesepe
3480 2864 3493 2883 ,
3528 2838 3640 2875 non
3670 2838 3732 2877 ex
3769 2825 3889 2878 alto

2297 2907 2596 2963 ostenditur
2616 2908 2711 2973 eis,
2736 2909 2829 2964 sed
2859 2908 2993 2963 infra
3020 2908 3353 2966 descendens
3380 2914 3609 2977 steterit,
3638 2914 3721 2968 ubi
3763 2925 3889 2969 erat

2297 3014 2451 3069 puer,
2491 3014 2649 3068 supra
2679 3000 2793 3069 ejus
2814 3012 2994 3070 caput,
3039 3013 3095 3053 ut
3130 3002 3197 3055 ita
3227 3002 3401 3056 dicam
3428 3004 3507 3057 :si
3550 3004 3693 3059 enim
3719 3007 3887 3059 stella

2298 3089 2508 3155 fuisset,
2536 3105 2639 3144 non
2670 3091 2844 3145 locum
2880 3101 2982 3143 Iam
3011 3100 3293 3162 angustum
3323 3100 3379 3146 ct
3416 3092 3886 3163 circumscriptum

2296 3182 2637 3237 ostendisset.
2663 3183 2821 3238 Scitis
2852 3184 2992 3238 enim
3027 3185 3190 3252 probe
3218 3183 3356 3253 quod
3399 3185 3469 3238 ob
3502 3186 3718 3240 nimiam
3750 3188 3886 3240 alti-

2299 3275 2533 3330 tudinem
2553 3292 2619 3331 ne
2640 3275 2786 3330 urbis
2804 3276 3013 3344 quidem
3033 3277 3206 3331 locum
3225 3273 3499 3347 assignare
3513 3278 3661 3331 stella
3687 3280 3887 3346 possit,

2298 3382 2471 3437 neque
2493 3367 2634 3421 clare
2664 3375 2839 3435 potest
2857 3366 2921 3420 ad
2953 3367 3395 3435 perpendiculum
3424 3368 3601 3438 dirigi,
3633 3379 3736 3421 tam
3767 3371 3888 3425 alte

2298 3458 2489 3527 pesita.
2522 3456 2614 3510 Illa
2646 3472 2771 3510 vero
2804 3472 3025 3524 parvum
3053 3458 3230 3512 locum
3260 3467 3313 3511 et
3342 3473 3584 3528 pra‘sepe
3608 3471 3889 3514 monstra-

2298 3548 2405 3610 vit,
2437 3562 2600 3616 prope
2626 3557 2782 3615 caput
2808 3550 3013 3617 posita;
3046 3558 3099 3601 et
3129 3563 3251 3603 cum
3276 3548 3603 3603 ostendisset
3625 3590 3639 3613 ,
3686 3552 3878 3605 statim

2297 3640 2555 3693 abscessit
2583 3658 2596 3692 z
2633 3638 2682 3693 id
2714 3639 2855 3708 quod
2887 3639 3055 3694 stellae
3084 3654 3188 3693 non
3215 3648 3346 3693 erat.

2368 3729 2419 3784 ϐ.
2440 3729 2591 3796 Quod
2614 3730 2657 3783 si
2680 3731 2815 3799 magi
2834 3730 3035 3797 dicant,
3061 3729 3290 3785 Vidimus
3306 3731 3505 3784 stellam
3522 3732 3630 3797 eius
3658 3731 3886 3801 (Matth.

2295 3820 2348 3875 Ξ.
2378 3820 2472 3889 2),
2503 3838 2565 3875 ex
2595 3831 2710 3877 arte
2734 3838 2826 3875 sua
2861 3823 3143 3891 loquentes
3165 3822 3216 3875 id
3244 3823 3448 3886 dicunt,
3481 3832 3663 3889 postea
3699 3834 3884 3878 tamen

2298 3915 2421 3969 illuc
2445 3915 2677 3981 deducti,
2707 3916 2773 3968 ab
2800 3930 2983 3969 errore
3008 3915 3217 3969 liberati
3245 3924 3389 3967 sunt.
3421 3915 3574 3983 Quod
3597 3916 3740 3969 enim
3763 3925 3886 3968 sta-

2298 4008 2391 4061 tim
2422 4017 2580 4077 atque
2606 4007 2815 4061 stellam
2844 4006 3095 4061 viderunt
3135 4006 3204 4059 ab
3248 4021 3432 4059 errore
3477 4005 3681 4060 liberati
3724 4005 3844 4059 sint
3867 4048 3885 4072 ,

2299 4102 2470 4171 palam
2501 4110 2583 4155 est
2611 4115 2676 4154 ex
2709 4114 2776 4154 eo
2804 4099 2943 4169 quod
2974 4098 3319 4152 adoraveriut
3352 4114 3573 4167 puerum
3610 4114 3623 4150 :
3656 4098 3698 4151 si
3731 4099 3883 4152 enim

2298 4195 2569 4262 vulgarem
2602 4192 2833 4261 aliquam
2865 4191 3072 4245 stellam
3103 4206 3222 4244 esse
3251 4193 3613 4259 putaviSsent,
3641 4205 3743 4243 non
3774 4191 3883 4243 ad-

2298 4294 2559 4341 orasscnt.
2609 4284 2743 4349 Quid
2786 4284 2927 4337 enim
2970 4282 3257 4352 sperabant
3287 4296 3316 4335 a
3349 4282 3571 4350 puerulo
3613 4284 3881 4344 extranei,

2299 4379 2515 4433 advena:
2561 4387 2613 4431 et
2642 4376 2888 4429 barbari?
2920 4375 3059 4429 unde
3102 4376 3241 4429 scite
3270 4384 3520 4443 poterant
3550 4375 3720 4443 ipsum
3754 4388 3886 4429 esse

2298 4472 2581 4533 victurum,
2610 4478 2662 4521 et
2688 4468 2947 4522 donorum
2984 4468 3151 4522 vicem
3190 4467 3482 4520 relaturum
3506 4507 3520 4526 ,
3567 4481 3686 4519 cum
3729 4476 3885 4521 tanto

2298 4563 2467 4630 spatio
2512 4558 2806 4614 distarent?
2851 4559 3118 4630 quomodo
3164 4560 3458 4629 periculum
3506 4574 3741 4628 prmscns
3768 4574 3880 4613 non

2302 4653 2687 4723 pra'eaverint?
2718 4652 2985 4720 quomodo
3038 4667 3141 4703 non
3191 4651 3539 4719 cogitaverim
3580 4650 3877 4719 periculum

2299 4761 2417 4799 esse
2468 4762 2532 4799 ne
2582 4746 2695 4812 ipse
2735 4760 2799 4797 ex
2847 4744 2944 4796 bac
2974 4744 3076 4795 vita
3118 4742 3476 4811 abriperutur.
3529 4757 3662 4796 neve
3703 4741 3746 4795 is
3786 4743 3882 4810 qui

2300 4842 2549 4909 regnabat
2600 4839 2745 4890 illum
2801 4836 3109 4890 occideret?
3155 4836 3293 4901 quod
3349 4835 3558 4889 tandem
3618 4835 3754 4904 regis
3806 4836 3881 4886 si-

2302 4948 2459 4999 gnum
2520 4930 2799 4983 videbant?
2854 4944 2972 4995 qua!
3013 4928 3177 4978 atria?
3218 4941 3350 4995 quos
3394 4927 3688 4981 satellites?
3742 4942 3878 4995 quos

2301 5022 2573 5076 scutatns?
2618 5035 2775 5088 quem
2828 5018 3175 5071 fmuulatnm?
3202 5033 3338 5086 quos
3384 5018 3603 5086 clypeos
3647 5020 3881 5071 aureos?

2301 5128 2430 5183 quas
2448 5113 2795 5178 aulas?qucm
2820 5112 3190 5162 cunuchorum
3217 5116 3469 5178 gregem?
3496 5108 3635 5162 Nihil
3661 5109 3876 5174 horum,

2300 5204 2391 5260 sed
2439 5204 2703 5259 contraria
2754 5202 2931 5257 omnia
2958 5246 2967 5261 ,
3001 5216 3265 5270 prmsepe,
3292 5201 3557 5269 tugurium
3585 5242 3599 5265 ,
3631 5200 3875 5255 diverso-

2302 5300 2459 5359 rium,
2482 5306 2700 5349 matri-m
2726 5296 2957 5363 inopem,
2982 5303 3341 5361 paupertatem
3369 5309 3635 5361 magnam,
3652 5308 3876 5361 pannos.

2300 5391 2522 5445 Cuiuam
2568 5388 2724 5457 igitur
2754 5386 3046 5439 olL-rcbaut
3080 5400 3266 5437 aurum
3290 5427 3303 5447 ,
3338 5385 3457 5437 thus
3484 5396 3535 5437 et
3568 5384 3883 5454 myrrham?

2304 5497 2477 5535 annon
2511 5478 2847 5531 manifestum
2871 5486 2951 5530 cst
2980 5476 3124 5544 ipsos
3160 5476 3267 5544 jam
3304 5475 3423 5527 ﬁdei
3466 5476 3565 5530 alis
3594 5476 3883 5529 instructos

2306 5574 2503 5629 fuisse?
2534 5574 2597 5627 Et
2628 5573 2791 5625 multa
2821 5580 2902 5624 est
2932 5569 3194 5622 donorum
3229 5568 3566 5626 excellentia,
3598 5585 3717 5635 quae
3748 5583 3884 5633 pra:-

2308 5664 2591 5720 dicationis
2612 5665 2770 5717 etiam
2795 5661 3027 5729 speciem
3058 5659 3273 5712 referat.
3299 5658 3409 5711 Νοιιι
3432 5660 3574 5712 enim
3600 5658 3717 5727 rejit
3735 5657 3885 5712 ieuda

2303 5755 2588 5823 illaupinio
2608 5765 2706 5818 est,
2730 5772 2845 5823 qua:
2866 5769 2957 5821 per
2973 5751 3186 5820 vulgum
3208 5750 3639 5819 spargitur,quod
3662 5750 3891 5815 perlhttt

2316 5850 2477 5902 Dcttttt
2506 5848 2915 5911 conﬁterentur,
2947 5860 3042 5911 per
3070 5858 3258 5897 aurum
3292 5858 3491 5911 regem,
3524 5852 3574 5895 ct
3597 5843 3893 5907 patientem
