4068 6464
273 410 393 468 filii

279 535 371 587 det
396 532 447 584 in
481 528 695 582 deatem
729 521 1098 595 magnitudinis
1138 520 1194 572 in
1223 515 1435 573 excelsis
1463 514 1482 585 (
1511 511 1669 566 Hebr.
1698 510 1750 565 1.
1781 507 1817 563 '5
1842 510 1881 574 ).

279 622 429 689 Quid
460 629 545 676 est
576 617 706 673 illud
732 657 750 685 ,
781 614 1043 669 Portum!
1064 606 1652 681 [tegenspgnbernans
1671 643 1688 668 ,
1716 599 1886 655 admi-

284 718 555 775 nistrans,
601 711 895 781 imperans,
936 706 1254 769 continens,
1299 700 1537 771 gestans.
1569 696 1685 751 Non
1712 694 1887 749 solum

282 809 436 862 enim
451 822 516 861 cx
533 820 639 859 uott
656 799 987 857 exstantibus
1000 796 1177 850 omnia
1193 793 1463 864 produxit,
1483 790 1577 845 sed
1596 788 1748 844 factis
1767 802 1888 857 pro-

285 900 461 963 videt,
489 907 547 952 ιιι
573 896 735 951 Pater
752 892 842 964 qui
890 890 1035 945 illum
1058 887 1259 958 genuit.
1307 884 1432 939 Ideo
1477 882 1579 937 hoc
1605 879 1889 935 declarans

284 992 505 1047 dicebat
527 1007 542 1046 :
564 987 721 1044 Pater
736 1001 874 1041 arcus
890 980 1206 1053 usquetuodo
1232 986 1493 1049 operatur,
1511 984 1558 1028 et
1586 990 1678 1044 ego
1706 985 1889 1041 operor

287 1086 481 1159 (Joan.
513 1084 567 1140 5.
596 1083 711 1152 1⁸1).
742 1079 974 1149 Ideoque
1001 1074 1170 1146 magis
1191 1070 1510 1144 qumrebant
1549 1069 1697 1123 illum
1718 1064 1889 1121 Juoltei

288 1157 624 1243 interficere,
655 1189 763 1229 non
809 1171 982 1227 solum
1012 1168 1136 1239 quia
1167 1163 1416 1222 solvebat
1439 1161 1742 1226 sabbatum,
1793 1157 1888 1213 sed

288 1272 460 1325 etiam
479 1268 603 1340 quia
639 1267 856 1323 Patrem
888 1278 1044 1318 suum
1081 1259 1295 1316 dicebat
1323 1272 1442 1313 esse
1468 1256 1637 1311 Deum
1662 1294 1681 1322 ,
1712 1268 1889 1333 :equaf

291 1363 404 1418 lem
433 1376 493 1417 se
522 1360 723 1415 faciens
753 1359 886 1412 Deo.

369 1454 562 1508 Contra
588 1452 805 1505 Arianos
829 1459 878 1503 et
906 1448 1194 1501 Anomasos.
1213 1473 1260 1485 -
1276 1442 1379 1499 Ubi
1407 1454 1548 1497 nunc
1568 1449 1694 1495 sunt
1720 1437 1893 1493 bmre-

293 1546 390 1600 tiei
429 1545 521 1616 qui
544 1553 726 1599 contra
746 1542 974 1597 salutem
989 1554 1143 1593 suam
1161 1536 1364 1591 insania
1383 1534 1652 1589 ducuntur
1664 1542 1718 1587 et
1745 1532 1892 1587 illum

292 1636 621 1692 abscindunt
656 1634 727 1688 ab
767 1631 1069 1703 aequalitate
1107 1644 1229 1685 eum
1282 1627 1440 1683 Patre
1488 1626 1633 1682 suo?
1664 1625 1897 1680 Audiant

294 1728 649 1798 evangelista:
692 1739 877 1781 vocem
905 1722 925 1792 (
954 1738 1075 1777 cum
1121 1730 1301 1775 autem
1339 1718 1722 1789 evangelistam
1751 1717 1892 1780 dico,

297 1819 575 1875 Christum
599 1817 722 1872 dico
754 1815 844 1885 qui
892 1813 1035 1869 illius
1072 1813 1306 1867 animam
1332 1807 1807 1881 movet):audiant
1844 1817 1899 1863 et

298 1913 703 1974 embescant,et
717 1908 791 1963 ita
809 1905 1014 1962 ferendi
1034 1903 1193 1960 finem
1209 1902 1424 1959 laciant.
1444 1900 1573 1957 Nam
1590 1899 1759 1958 Judazi
1778 1898 1897 1953 ideo

299 2005 478 2075 ipsum
508 1999 991 2073 persequebantur,
1010 1997 1133 2067 quia
1163 2010 1348 2068 parent
1377 2008 1437 2050 se
1465 1995 1679 2049 dixerat
1711 2010 1725 2048 :
1758 2004 1814 2050 et
1843 1990 1897 2047 hi

300 2096 428 2151 ideo
454 2109 515 2149 se
532 2092 683 2163 quasi
701 2090 1054 2161 strangulant,
1076 2088 1198 2160 quia
1229 2087 1298 2143 ab
1323 2103 1388 2143 eo
1411 2097 1556 2143 recte
1578 2086 1777 2142 dictum
1808 2102 1899 2142 re-

302 2184 637 2249 ferimus,ab
665 2184 782 2253 ipso
808 2180 1025 2238 eruditi.
1054 2181 1125 2235 At
1154 2193 1259 2235 non
1284 2179 1429 2234 illius
1448 2218 1465 2244 ,
1487 2178 1659 2248 inquit
1681 2220 1696 2245 ,
1727 2192 1901 2249 neque

299 2276 652 2348 evangelista:
676 2283 795 2330 erat
824 2274 939 2329 [nec
966 2273 1255 2338 sententia,
1275 2272 1370 2327 sed
1394 2269 1725 2326 Juda'orum.
1761 2269 1825 2325 Et
1855 2270 1901 2326 si

302 2371 388 2425 vel
432 2369 664 2423 maxime
709 2365 1015 2422 Judzeorum
1054 2372 1207 2428 erat,
1262 2362 1368 2418 hoc
1406 2378 1654 2434 magnum
1694 2363 1902 2418 crimen

306 2472 459 2517 tuum
489 2470 571 2515 est
596 2469 652 2515 et
677 2459 746 2514 de
774 2458 1032 2515 extremis
1060 2456 1331 2513 accusatio
1349 2494 1367 2521 ,
1393 2454 1537 2526 quod
1567 2469 1632 2511 ea
1660 2470 1778 2526 qua:
1806 2453 1901 2510 λιι.

304 2555 411 2608 dzei
427 2552 616 2621 ingrati
642 2549 893 2604 videbant
921 2564 988 2605 ex
1006 2548 1184 2605 verbis
1197 2547 1314 2619 ejus
1340 2547 1619 2616 consequi,
1640 2557 1693 2600 tu
1710 2556 1905 2616 sponte

308 2657 395 2701 tua
419 2660 595 2700 czecus
625 2660 732 2699 non
760 2642 928 2697 vides.
948 2639 1063 2696 Non
1096 2640 1239 2695 enim
1265 2655 1332 2693 ex
1361 2654 1421 2693 se
1451 2637 1903 2704 illaiuducebaut,

306 2736 405 2791 sed
434 2752 501 2790 ex
533 2736 596 2788 iis
641 2750 759 2803 qua:
801 2731 1049 2788 Christus
1077 2730 1293 2786 diccbat
1339 2728 1676 2798 colligentes.
1726 2730 1908 2799 Atque

310 2844 365 2887 ut
390 2832 568 2885 discas
595 2830 695 2883 hoc
724 2828 925 2883 dictum
958 2840 1024 2880 ne
1051 2839 1173 2881 esse
1199 2822 1418 2895 quidem
1447 2821 1778 2886 Judaeorum,
1809 2822 1906 2877 sed

307 2926 656 2996 emungelistac
705 2922 906 2977 Chrisd
952 2935 1147 2990 nempe
1176 2920 1266 2989 qui
1298 2918 1415 2987 ejus
1460 2926 1695 2971 mentem
1726 2930 1908 2970 move-

313 3018 426 3080 bat,
473 3016 585 3085 ipsa
619 3014 780 3068 verba
809 3010 1053 3066 examina
1086 3027 1101 3063 :
1137 3008 1296 3063 Pater
1322 3024 1480 3062 meus.
1515 3010 1707 3062 Αιιιιοιι
1738 3006 1909 3062 cuivis

312 3111 490 3179 palam
522 3117 625 3171 est,
648 3107 809 3161 etiam
832 3102 1120 3158 admodum
1148 3102 1357 3166 insano,
1379 3101 1525 3153 illum
1542 3099 1663 3155 ideo
1684 3098 1908 3166 dixisse,

317 3201 477 3254 l’uter
514 3215 691 3257 meus.
746 3205 804 3249 ttt
858 3194 1132 3265 proprium
1198 3192 1299 3246 sibi
1360 3191 1702 3247 declararet?
1756 3189 1909 3258 Quod

314 3306 491 3346 autem
515 3290 675 3343 addat
704 3303 909 3347 rursus,
955 3285 1233 3353 Operatur,
1257 3292 1302 3335 et
1322 3299 1415 3354 ego
1453 3298 1638 3351 operor
1666 3321 1680 3345 ,
1731 3295 1909 3335 annon

313 3383 677 3453 a-qualitatent
705 3376 992 3432 indicantis
1018 3384 1145 3430 sunt
1170 3376 1195 3429 ἲ
1218 3374 1336 3430 Non
1355 3373 1682 3439 enim,dixit
1706 3373 1912 3444 Opem-

316 3486 404 3529 tur
424 3474 532 3539 ilic,
562 3480 615 3526 et
642 3485 743 3541 ego
773 3468 1159 3531 suluninistro;
1192 3465 1459 3536 Operatur
1482 3465 1593 3531 ille,
1623 3474 1678 3520 et
1707 3480 1807 3535 ego
1837 3464 1911 3520 illi

315 3566 530 3629 servio;
584 3563 711 3627 sed,
754 3560 847 3614 Ille
900 3566 1189 3629 cperatur,
1221 3567 1276 3613 et
1318 3570 1420 3628 ego
1460 3566 1677 3629 operor.
1726 3555 1913 3612 Viden’

316 3656 589 3729 quomodo
631 3656 748 3709 luet:
789 3668 897 3707 non
948 3649 1257 3705 Judtnoruut
1300 3657 1446 3704 esset
1484 3649 1747 3703 sententia
1773 3690 1789 3714 ,
1818 3648 1913 3705 sed

317 3769 497 3809 sermo
528 3749 597 3804 ab
624 3749 719 3803 illo
750 3747 1078 3816 apparatus?
1108 3741 1240 3798 Nam
1274 3742 1321 3797 si
1358 3742 1545 3797 fuisset
1584 3742 1673 3797 illa
1695 3740 1913 3796 Jttdtco-

318 3860 437 3898 rmu
489 3854 717 3896 errouca
763 3836 999 3905 suspicio
1045 3847 1099 3889 et
1143 3834 1435 3900 sententia,
1482 3834 1627 3904 quod
1675 3834 1914 3902 seipsum

318 3935 578 4004 aequalem
609 3930 811 3986 faceret
838 3929 948 3983 Deo
972 3969 987 3993 ,
1019 3928 1237 3997 ipseque
1262 3926 1522 3981 noluisset
1549 3926 1669 3980 illos
1696 3926 1766 3980 ita
1793 3939 1912 3979 sus-

319 4026 521 4098 picari;
548 4023 721 4079 Judaai
734 4035 883 4086 vero,
913 4034 1032 4074 cmn
1052 4019 1152 4073 hoc
1181 4020 1293 4089 ipse
1324 4017 1505 4081 nollet,
1532 4017 1633 4073 alia
1654 4017 1913 4087 suspicati

319 4120 567 4178 fuisse.:t,
609 4128 771 4183 quam
813 4110 953 4179 quod
1012 4108 1100 4163 ille
1144 4108 1385 4163 iudicare
1434 4107 1639 4162 vellet:
1674 4122 1782 4163 non
1815 4109 1915 4162 hoc

319 4219 468 4267 certe
498 4209 615 4263 sine
639 4203 979 4261 correctione
1024 4202 1242 4257 sivisset
1285 4201 1649 4272 evangelista,
1684 4201 1780 4255 sed
1812 4201 1915 4257 hoc

318 4303 673 4375 signiﬁcasset
702 4307 755 4353 et
802 4296 948 4351 clare
992 4294 1238 4350 dixisset.
1284 4294 1491 4349 Etenim
1524 4293 1598 4347 illi
1631 4292 1701 4347 ita
1742 4292 1917 4349 facere

317 4396 498 4449 solent
523 4434 539 4459 ,
562 4404 617 4447 et
642 4390 801 4446 Jestts
852 4389 967 4458 ipse
1014 4400 1267 4457 quoque:
1299 4385 1508 4455 hocque
1534 4399 1599 4439 ex
1642 4400 1751 4439 uuo
1777 4386 1917 4440 alte—

321 4503 452 4543 iove
505 4482 752 4553 exemplo
805 4479 1044 4534 conabor
1097 4478 1249 4531 vobis
1304 4476 1717 4541 demonstrare;
1771 4477 1915 4547 quod

322 4592 539 4648 nempe,
569 4572 783 4646 quando
812 4571 1061 4626 Christus
1085 4568 1283 4639 aliquid
1304 4569 1538 4632 dixerit,
1570 4569 1711 4639 quod
1741 4568 1913 4623 Juda'i

320 4685 485 4725 secus
503 4681 662 4737 quam
690 4665 783 4719 ille
802 4662 937 4718 dixit
964 4662 1167 4716 dictum
1189 4661 1553 4730 suspicantur,
1585 4660 1716 4716 illud
1745 4661 1917 4715 corri-

321 4761 403 4831 git
430 4757 761 4828 evangelista
794 4772 809 4810 :
840 4754 982 4824 quod
1007 4762 1064 4808 ιιι
1089 4754 1237 4809 clare
1270 4753 1542 4822 intelligas
1565 4794 1580 4817 ,
1604 4754 1727 4807 audi
1753 4753 1917 4809 Joan-

323 4868 450 4908 nem
482 4852 581 4904 hoc
612 4850 784 4919 ipsum
828 4848 1219 4902 declarantem.
1252 4844 1385 4899 Cmu
1418 4848 1562 4900 cuitu
1606 4847 1823 4901 intravit
1862 4847 1914 4901 itt

324 4941 582 5010 templum
603 4941 720 5003 Dei,
748 4950 799 4994 ct
827 4938 1219 4992 nuunuularios
1242 4937 1472 5006 expulit,
1493 4936 1704 5005 ﬂagello
1730 4937 1873 4993 faeto
1896 4980 1914 5006 ,

320 5036 513 5089 dicens
541 5050 555 5087 :
589 5030 766 5087 Nolite
804 5034 973 5104 facere
1000 5031 1209 5085 domum
1239 5029 1416 5086 Patris
1448 5032 1545 5085 mei
1583 5032 1791 5086 domum
1820 5050 1914 5087 ne-

323 5125 615 5201 gotiationis
644 5123 827 5194 (Joan.
857 5125 913 5180 2.
942 5122 1053 5196 16).
1088 5122 1412 5180 accedentes
1440 5123 1648 5179 Scriba:
1686 5134 1740 5179 et
1770 5125 1914 5181 Pha-

322 5219 470 5275 risaei
499 5216 747 5272 dicebant
779 5233 792 5269 :
826 5215 976 5281 Quod
997 5215 1199 5285 signum
1229 5215 1452 5269 ostendis
1472 5216 1638 5283 nobis,
1661 5216 1779 5286 quia
1808 5217 1917 5271 hare

324 5311 455 5385 {aris
481 5310 507 5363 7
532 5307 668 5377 Quid
695 5321 823 5377 ergo
853 5306 941 5360 ille
960 5305 986 5359 ἳ
1007 5304 1203 5360 Solvite
1224 5307 1468 5375 templum
1497 5308 1593 5360 hoc
1616 5348 1633 5372 ,
1663 5318 1708 5359 et
1733 5308 1787 5361 in
1813 5308 1912 5361 tri-

324 5408 417 5457 bus
444 5402 617 5455 diebus
642 5399 873 5455 excitabo
910 5399 1043 5453 illud
1074 5397 1092 5468 (
1122 5396 1200 5452 Ib.
1226 5415 1273 5452 υ.
1301 5399 1387 5454 18.
1420 5401 1485 5454 l9
1505 5397 1562 5471 ):
1595 5400 1662 5454 de
1686 5416 1915 5473 corpore

323 5508 425 5547 suo
442 5492 647 5546 dicens.
671 5489 866 5544 γυνη...
893 5489 968 5543 illi
990 5488 1091 5543 hoc
1112 5503 1216 5542 non
1249 5489 1654 5561 intellexerunt,
1674 5490 1768 5545 sed
1785 5492 1915 5561 quid

322 5586 547 5641 dicunt?
572 5583 929 5653 Quadraginta
956 5599 1046 5636 sex
1069 5582 1216 5636 annis
1244 5583 1553 5651 (edi/iratum
1575 5592 1647 5637 est
1672 5586 1916 5655 templum

325 5682 437 5744 hoc,
468 5688 515 5733 et
544 5690 596 5731 tu
630 5680 685 5731 in
710 5677 869 5729 tribus
900 5675 1074 5728 diebus
1096 5675 1337 5730 excitabis
1358 5674 1491 5729 illud
1523 5674 1689 5748 (Ibid.
1715 5691 1764 5731 υ.
1791 5677 1913 5748 20)?

328 5773 388 5828 de
418 5773 618 5841 templo
647 5770 935 5838 loquentes
959 5767 1183 5823 Judaico
1212 5768 1478 5839 laptdibus
1506 5779 1715 5825 structo
1741 5788 1753 5824 :
1784 5770 1913 5825 ilittd

325 5870 459 5925 enim
491 5863 854 5937 quadraginta
884 5876 979 5918 sex
1010 5876 1273 5918 annorum
1304 5863 1480 5934 spatio
1510 5870 1771 5919 structum
1814 5863 1911 5919 fuit

725 405 793 462 IX
837 400 1144 467 llOMlLlA,
1186 397 1252 454 IN
1294 394 1524 463 ILLUD,
1567 390 1793 449 PATER
1834 388 1905 443 Ml

2011 389 2020 441 ι
2062 385 2289 456 usque
2330 383 2519 441 nouo
2555 383 2952 454 OPElt.\’l‘UB,
2996 386 3149 446 mc.

3476 392 3587 452 5H

1995 510 2118 573 post
2142 501 2372 556 reditum
2399 515 2463 556 ex
2493 500 2803 572 Babylone,
2826 502 2952 571 quia
2976 502 3012 556 ii
3042 502 3132 573 qui
3152 504 3488 563 tediticabant
3517 523 3586 564 ex

1995 594 2349 649 barbarormu
2384 591 2600 647 insidiis
2626 591 3091 662 impediebantur;
3115 604 3169 651 et
3193 610 3316 651 cum
3347 599 3577 668 multum

1995 686 2250 757 temporis
2272 686 2591 753 effluxisset,
2618 686 2877 757 templum
2904 686 3119 743 tandem
3143 689 3437 757 perfectum
3463 690 3587 747 fuit.

1993 780 2126 847 Quia
2156 780 2316 849 igitur
2334 777 2611 835 Jesushoe
2628 778 2698 833 de
2721 792 2951 847 corpore
2978 794 3078 834 suo
3108 778 3339 846 dixerat,
3364 796 3585 836 crucem

1995 882 2048 928 et
2078 870 2531 927 resurrectionem
2560 869 2875 940 signiﬁcans
2904 888 2918 924 :
2952 870 3054 926 hoc
3078 871 3223 927 enim
3251 872 3352 929 sibi
3379 874 3492 928 vult
3521 874 3589 927 il-

1997 963 2085 1019 ltnl
2113 1007 2127 1028 ,
2157 962 2354 1019 Solvite
2379 962 2623 1032 templum
2647 962 2762 1027 hoc,
2788 972 2837 1016 et
2882 962 2936 1015 in
2967 962 3129 1017 tribus
3158 963 3337 1020 diebus
3356 966 3588 1021 excitabo

1995 1053 2127 1109 illud
2151 1072 2170 1112 :
2193 1054 2267 1108 illi
2300 1064 2480 1109 autem
2509 1054 2578 1110 de
2618 1054 2817 1123 templo
2842 1052 3069 1110 Judaico
3093 1054 3297 1113 dictum
3334 1059 3581 1128 suspica-

1996 1147 2229 1213 bantur;
2259 1158 2591 1217 quapropter
2619 1146 2873 1203 dicebant
2900 1164 2914 1204 :
2953 1146 3312 1219 Quadraginta
3336 1166 3426 1204 sea:
3446 1151 3597 1204 anuis

1995 1239 2305 1307 mli/iratum
2332 1247 2403 1293 est
2434 1239 2679 1308 templum
2705 1240 2821 1305 hoc,
2845 1248 2891 1292 et
2914 1249 2967 1292 tu
2990 1240 3044 1293 in
3068 1240 3229 1294 tribus
3254 1239 3430 1294 diebus
3456 1242 3597 1296 exei-

1997 1332 2126 1385 tubis
2153 1331 2324 1385 illud?
2349 1331 2471 1385 vide
2497 1331 2767 1401 quomodo
2797 1331 2900 1388 hoc
2941 1348 3048 1387 non
3092 1335 3386 1402 pranerivit
3433 1350 3603 1390 evan-

1996 1426 2183 1496 gelista
2211 1467 2227 1492 ,
2261 1424 2355 1479 sed
2413 1426 2807 1481 correctionem
2859 1426 3142 1497 subjunxit
3166 1470 3183 1495 ,
3225 1426 3456 1484 dicens:
3491 1426 3597 1483 Ille

1996 1528 2164 1572 autem
2194 1516 2492 1587 loquebatur
2519 1518 2583 1572 de
2610 1520 2800 1589 templo
2824 1521 3058 1591 corporis
3080 1520 3160 1576 sui
3194 1520 3378 1593 (Jotin.
3403 1522 3457 1577 2.
3476 1522 3598 1593 21).

1998 1607 2182 1679 Neque
2208 1609 2351 1663 enim
2379 1609 2592 1664 dixerat
2616 1652 2630 1675 ,
2660 1609 2864 1666 Solvite
2892 1626 3093 1683 corpus
3122 1612 3260 1669 hoc:
3288 1614 3405 1679 sed,
3446 1614 3600 1670 Tem-

2000 1702 2144 1772 plum
2174 1743 2191 1768 ,
2233 1711 2291 1757 ut
2344 1701 2733 1757 inhabitantem
2787 1703 2953 1759 Deum
3006 1705 3356 1764 declararet:
3390 1708 3600 1765 Soivite

2000 1794 2259 1866 templum
2289 1797 2458 1851 tnulto
2482 1796 2672 1851 melius
2700 1794 2940 1851 Judaico.
2978 1795 3107 1852 Illud
3135 1798 3278 1853 enim
3302 1801 3474 1875 legem
3500 1805 3601 1860 lia.

2001 1885 2200 1949 bebat,
2233 1888 2336 1941 hoc
2381 1897 2561 1941 autent
2604 1887 3005 1961 legislaturem;
3040 1887 3165 1949 illud
3216 1896 3423 1951 literam
3467 1914 3591 1969 qua:

2001 1978 2220 2045 occidit,
2248 1979 2349 2037 ltoc
2378 1978 2626 2052 spiritum
2656 1986 2746 2055 qui
2782 1985 3054 2053 vivilicat;
3087 1987 3217 2043 illud
3249 1990 3451 2061 virgam
3476 1993 3585 2047 Aa-

2001 2075 2173 2141 rouis,
2203 2074 2308 2132 huc
2336 2075 2537 2146 virgam
2558 2075 2747 2133 Jessa'.

2075 2169 2128 2225 3.
2154 2168 2363 2225 Rursus
2383 2170 2508 2226 alibi
2534 2181 2656 2240 post
2679 2186 2875 2241 panum
2906 2173 3221 2229 miraculum
3251 2178 3441 2233 abiens
3470 2194 3595 2236 cum

2004 2260 2134 2329 illis,
2164 2261 2217 2317 in
2242 2260 2526 2317 adversm
2554 2263 2727 2333 ripam
2761 2264 2992 2335 trajecit;
3020 2275 3076 2321 et
3108 2267 3317 2323 dicebat
3349 2270 3589 2341 discipu-

2005 2351 2111 2407 lis:
2140 2352 2397 2407 Atteudite
2420 2370 2452 2407 a
2480 2357 2729 2425 fermento
2761 2353 3147 2412 Pltarisatorum
3186 2370 3233 2414 et
3278 2360 3602 2420 Sadductro-

2006 2460 2123 2513 rum
2156 2445 2175 2515 (
2210 2443 2373 2499 Μαῖα.
2406 2444 2461 2500 8.
2495 2446 2564 2501 1-1
2612 2463 2628 2513 ;
2741 2446 2928 2501 Matt/1.
2958 2449 3047 2503 16.
3079 2452 3114 2505 ὖ
3141 2450 3182 2522 ).
3218 2452 3295 2507 Illi
3326 2470 3457 2508 vero
3485 2454 3601 2511 fer-

2008 2546 2247 2592 mentum
2275 2538 2559 2592 audientes
2584 2537 2652 2594 de
2682 2540 2909 2607 panibus
2933 2540 2985 2595 id
3012 2540 3117 2596 dici
3143 2544 3597 2613 suspicabantur:

2009 2630 2102 2686 ille
2128 2638 2307 2685 autem
2327 2646 2434 2685 non
2457 2630 2525 2686 de
2544 2631 2771 2699 panibus
2789 2631 3129 2703 loquebatur.
3153 2635 3248 2690 sed
3274 2634 3343 2691 de
3363 2636 3608 2693 doctrina

2011 2721 2407 2778 Phariszcorum
2456 2722 2589 2791 Quia
2620 2723 2766 2777 enim
2789 2723 2935 2778 aliud
2961 2724 3076 2793 ipse
3101 2725 3334 2794 dixerat,
3362 2727 3508 2783 aliud
3533 2730 3608 2784 illi

2011 2813 2429 2885 suspicabantur
2459 2854 2476 2879 ,
2521 2814 2643 2869 vide
2671 2815 2944 2884 quomodo
2972 2815 3022 2870 id
3050 2818 3325 2889 corrigat,
3372 2818 3563 2875 dicens
3589 2834 3607 2875 :

2012 2908 2197 2962 Adhuc
2235 2918 2283 2963 et
2319 2924 2405 2962 vos
2445 2911 2556 2963 sine
2602 2909 2862 2963 intellectu
2910 2910 3028 2964 estis
3052 2911 3078 2964 .’
3106 2927 3207 2965 non
3262 2913 3607 2968 recordamini

2011 3002 2231 3071 quinque
2260 3016 2452 3070 panum
2474 3010 2519 3054 et
2548 3010 2670 3069 quot
2708 3000 2956 3071 cophinos
2984 3002 3272 3071 suntpsistis
3290 3046 3304 3068 ,
3330 3012 3380 3059 et
3409 3015 3603 3075 septena

2016 3107 2204 3161 ptatum
2225 3102 2273 3143 et
2300 3100 2421 3159 quot
2443 3102 2645 3162 sportas
2672 3093 2938 3162 accepistis
2960 3093 2986 3147 2
3011 3110 3167 3163 quare
3194 3110 3295 3149 non
3316 3096 3604 3168 intelligitis

2012 3187 2133 3254 quia
2159 3200 2262 3239 non
2291 3184 2355 3238 de
2374 3184 2593 3264 panibus
2614 3185 2726 3238 dixi
2752 3186 2891 3239 vobis
2913 3228 2928 3252 ,
2957 3188 3043 3242 sed
3070 3187 3133 3239 de
3160 3187 3394 3243 doctrina
3417 3188 3612 3245 Phari-

2013 3290 2266 3339 sa'orum,
2302 3283 2357 3327 ut
2384 3274 2660 3329 attendatis
2687 3274 2915 3346 (Matth.
2947 3276 3034 3331 15.
3065 3276 3153 3331 16.
3189 3287 3234 3331 et
3262 3279 3349 3334 16.
3380 3278 3495 3353 9)?
3524 3281 3617 3336 Vi-

2014 3363 2139 3419 den’
2165 3364 2438 3435 quomodo
2478 3374 2535 3420 ct
2565 3366 2709 3420 circa
2746 3368 3004 3435 templum
3046 3370 3371 3440 evangelista
3396 3412 3413 3438 ,
3446 3382 3501 3428 et
3528 3374 3615 3429 hic

2016 3457 2268 3514 Christus
2298 3461 2595 3515 errantium
2618 3461 2982 3533 suspicionem
3009 3467 3277 3538 corrigat?
3303 3468 3394 3523 Sic
3424 3472 3605 3542 itaque

2016 3562 2070 3609 ct
2094 3554 2145 3608 in
2174 3569 2263 3621 eo,
2286 3556 2429 3625 quod
2468 3571 2527 3610 se
2557 3557 2821 3625 :cqualcm
2856 3556 2964 3612 Deo
2991 3557 3185 3627 faciat,
3217 3562 3261 3615 si
3296 3563 3387 3619 ille
3410 3580 3515 3620 non
3552 3580 3616 3623 se

2018 3646 2195 3717 ipsum
2217 3646 2476 3716 :equaletu
2501 3647 2613 3702 Deo
2628 3648 2864 3715 fecisset,
2884 3650 2979 3705 sed
3000 3650 3169 3708 Judmi
3195 3654 3324 3711 illud
3351 3658 3610 3729 suspicati

2016 3747 2201 3794 essent
2244 3752 2309 3793 ex
2350 3739 2513 3793 dictis
2540 3739 2657 3809 ejus
2683 3756 2699 3796 :
2725 3741 2869 3796 illaut
2897 3745 3259 3816 suspicionem
3286 3754 3614 3809 correxisset

2017 3830 2348 3899 evangelista
2405 3830 2740 3901 dixissetque
2791 3832 3010 3889 Juda'os
3061 3838 3282 3906 quidem
3344 3845 3622 3912 potavisse

2020 3922 2193 3994 ipsum
2222 3936 2283 3977 se
2308 3924 2573 3993 :equalem
2599 3923 2710 3978 Deo
2733 3923 2927 3980 fecisse
2952 3944 2967 3993 ;
3004 3926 3179 3998 ipsum
3212 3947 3341 3988 vero
3367 3950 3539 4005 neque
3566 3937 3618 3993 id

2018 4016 2211 4069 fecisse
2230 4030 2405 4084 neque
2427 4014 2709 4069 indlCaSse.
2723 4014 2790 4073 Ut
2811 4028 2991 4072 autem
3008 4019 3077 4075 ab
3095 4021 3223 4093 ipsis
3242 4022 3423 4081 verbis
3442 4026 3623 4088 discas

2016 4107 2159 4177 quod
2194 4106 2321 4161 illud
2368 4108 2602 4161 maxime
2647 4108 2699 4161 itt
2747 4118 2956 4164 mentes
2993 4112 3272 4169 hominum
3309 4117 3623 4187 imprimere

2019 4200 2271 4267 voluerit,
2294 4215 2599 4255 sermonem
2628 4216 2658 4255 a
2682 4202 2953 4272 prioribus
2984 4218 3324 4263 resumamus
3354 4219 3409 4266 et
3437 4211 3619 4268 disca-

2017 4311 2140 4352 mus
2156 4294 2428 4366 quomodo
2456 4296 2670 4352 tandem
2687 4306 2975 4353 accusatus
2993 4314 3114 4356 sese
3130 4301 3455 4363 defenderit.
3479 4308 3617 4377 Quid

2022 4388 2183 4459 igitur
2201 4397 2319 4443 erat
2350 4388 2477 4443 illud
2500 4387 2567 4443 de
2592 4404 2700 4459 quo
2724 4391 3282 4461 accusabaturtQuod
3309 4398 3361 4451 in
3390 4400 3619 4455 sabbato

2018 4494 2181 4549 Opera
2198 4477 2432 4535 faceret:
2458 4478 2603 4545 Ideo,
2630 4480 2821 4550 inquit,
2835 4480 2981 4535 illum
3001 4480 3178 4537 .Iu'dwi
3194 4490 3623 4558 persequebantur

2031 4569 2153 4639 [uad
2185 4572 2293 4623 Iure
2320 4570 2506 4640 faceret
2535 4569 2589 4622 in
2629 4569 2837 4625 sabbato
2867 4570 2886 4640 (
2911 4572 3071 4627 Joan.
3103 4572 3158 4629 5.
3195 4574 3262 4629 16
3291 4575 3332 4647 ).
3363 4578 3621 4646 Qtttcnam

2020 4660 2154 4716 illa?
2180 4661 2333 4730 Quod
2360 4661 2709 4733 paralyticum
2729 4666 3020 4729 curaverit,
3050 4665 3352 4737 acjttsserit
3377 4673 3523 4729 illum
3543 4676 3621 4732 le-

2018 4766 2167 4811 ctum
2190 4771 2345 4810 suum
2364 4756 2610 4825 accipere
2631 4764 2683 4809 et
2707 4756 2924 4809 domum
2942 4756 3117 4814 abire.
3139 4760 3621 4837 ldeointerrogan.

2023 4845 2557 4909 tesillmudiccbant,
2590 4846 2711 4915 quis
2739 4856 2885 4902 esset
2915 4849 3003 4918 qui
3038 4848 3152 4905 hare
3169 4851 3384 4921 juberet
3415 4855 3531 4914 fieri
3566 4861 3620 4918 in

2021 4938 2286 4995 sabbato:
2322 4938 2410 4993 ille
2453 4950 2631 4993 autem
2662 4940 2830 5005 dixit,
2883 4939 2985 5007 Qui
3011 4959 3089 4998 me
3137 4960 3321 4999 sonum
3351 4950 3507 5019 fecit,
3535 4953 3625 5009 ille

2021 5032 2147 5087 mihi
2175 5033 2325 5098 dixit,
2355 5030 2505 5086 Tolle
2531 5031 2713 5085 lectum
2734 5041 2898 5099 tuum,
2927 5043 2974 5087 et
2998 5042 3125 5090 vade
3144 5039 3196 5090 in
3218 5038 3428 5095 domum
3455 5055 3619 5103 tuam.

2023 5126 2313 5196 Propterea
2341 5141 2483 5195 agre
2502 5124 2755 5191 ferentes,
2794 5128 3444 5202 persequebanturillutn,
3474 5140 3621 5209 quod

2023 5217 2369 5286 hazcjuberet
2419 5216 2472 5271 in
2503 5216 2748 5282 sabbato,
2781 5217 2923 5287 quod
2959 5218 3242 5276 videbatur
3284 5223 3417 5295 legis
3446 5238 3623 5286 trans-

2021 5313 2230 5381 gressio
2258 5326 2402 5367 esse.
2445 5309 2582 5377 Quid
2611 5324 2741 5380 ergo
2780 5310 2846 5365 ad
2894 5310 3265 5370 defensionem
3295 5332 3447 5375 suam
3489 5322 3623 5380 dicit

2022 5403 2325 5458 Christus?
2369 5400 2525 5456 Pater
2563 5417 2707 5455 meus
2750 5418 2909 5472 usque
2948 5404 3100 5459 modo
3126 5418 3412 5477 operatur,
3454 5424 3503 5467 et
3522 5431 3616 5485 ego

2024 5491 2388 5567 aperoonid.
2420 5511 2466 5548 υ.
2504 5494 2570 5549 17
2598 5492 2641 5564 ).
2675 5495 2833 5564 Atqui
2863 5494 3027 5549 multa
3056 5496 3158 5552 alia
3186 5498 3365 5557 dicere
3389 5516 3622 5573 poterat,

2022 5589 2066 5641 si
2094 5600 2214 5641 sese
2251 5585 2543 5642 defendere
2570 5595 2774 5641 tautttm
2798 5585 3052 5641 voluisset
3078 5630 3093 5651 ,
3124 5606 3225 5645 nec
3257 5595 3623 5663 aequalitatem

2024 5696 2174 5738 suam
2193 5680 2501 5735 ostendere.
2523 5679 2677 5748 Srepe
2695 5695 2926 5746 namque
2945 5681 3179 5735 sulutmn
3203 5683 3300 5740 fuit
3316 5686 3620 5752 sabbatum,

2021 5790 2087 5828 ac
2127 5774 2302 5844 primo
2348 5771 2562 5842 quidem
2595 5772 2647 5825 in
2682 5771 2897 5825 civitate
2936 5770 3456 5833 Jerirhnntinorunt.
3489 5780 3622 5839 Cum

2025 5865 2167 5921 enim
2192 5880 2374 5920 muros
2393 5878 2705 5936 oppugnare
2723 5864 2914 5920 vellem
2940 5906 2953 5933 ,
2974 5865 3108 5935 jussi
3139 5879 3259 5925 sunt
3290 5886 3386 5940 per
3416 5887 3626 5949 septem
