4068 6426
570 358 669 408 .ilfi

567 474 683 526 dies
712 472 849 526 tubis
871 470 1113 525 instructi
1144 468 1367 522 circuire
1398 478 1612 529 muros,
1643 472 1697 516 et
1722 461 1798 515 sic
1828 458 1952 513 urbs
1983 471 2139 511 ever-

568 580 626 619 sa
650 575 734 620 est
763 564 897 630 (los.
929 566 962 617 ϐ
1010 564 1085 631 5).
1117 544 1267 627 Quod
1290 568 1465 612 autem
1493 557 1545 610 iu
1575 564 1779 623 septem
1806 552 1910 605 illis
1929 550 2137 611 dit-bus,

570 656 937 722 undecumque
966 646 1337 721 inceperimns,
1374 647 1651 702 sabbatum
1683 643 1919 698 incidere
1950 654 2137 694 neces-

569 760 629 799 se
658 748 748 809 sit,
789 744 956 799 cuivis
1006 741 1340 795 manifestum
1392 748 1495 792 est.
1550 736 1822 792 Manifesta
1878 747 2007 802 ergo
2061 739 2143 798 est

567 835 767 889 solutio
820 832 1042 887 sabbati.
1074 832 1278 886 Rursus
1316 827 1620 884 circumcidi
1655 825 1813 895 jussit
1868 821 2137 876 hominem

572 938 757 980 θωπί)
791 925 877 978 die
899 942 911 976 :
934 938 1153 978 necesse
1180 934 1261 975 εει
1298 921 1383 974 hic
1407 933 1616 987 quoque
1646 915 1925 969 sabbatum
1955 911 2089 966 solvi
2122 926 2137 975 ;

573 1035 691 1070 nam
722 1032 844 1071 eum
874 1018 963 1084 qui
992 1016 1044 1069 iu
1076 1014 1296 1069 sabbato
1326 1022 1479 1066 natus
1504 1011 1592 1073 sit,
1613 1020 1829 1062 necesse
1854 1014 1940 1059 est
1961 1004 2010 1056 iu
2037 1003 2141 1055 alio

569 1110 792 1163 sabbato
830 1108 1155 1163 circumcidi.
1203 1104 1515 1160 Sacerdotes
1558 1111 1736 1155 autem
1791 1096 1912 1152 cum
1952 1095 2142 1163 majori

572 1199 820 1254 facultate
846 1198 970 1253 illud
985 1197 1279 1258 solvebant,
1295 1208 1482 1248 rursus
1501 1194 1553 1244 in
1578 1189 1800 1244 sabbato
1820 1186 2139 1242 sacrificium

570 1292 763 1345 offerre
788 1290 922 1361 jussi
956 1312 969 1345 '.
1001 1290 1085 1344 ubi
1118 1302 1244 1341 vero
1269 1283 1612 1348 sacriﬁcium,
1631 1290 1818 1337 eratet
1838 1278 2137 1342 excoriare,

575 1400 761 1448 urere,
818 1393 873 1438 et
922 1381 1074 1435 altari
1138 1381 1452 1448 imponere,
1510 1385 1565 1430 et
1607 1390 1797 1445 aquam
1851 1372 2044 1427 afferre
2090 1378 2174 1446 et~

576 1476 711 1543 ligna
751 1473 1014 1536 scindere,
1058 1482 1113 1526 et
1151 1471 1360 1525 cineres
1402 1467 1592 1521 eﬂ’erre
1636 1476 1690 1519 et
1734 1464 1834 1517 alia
1874 1466 2034 1516 multa
2064 1459 2138 1514 fa-

573 1582 696 1620 cere
725 1578 943 1619 necesse
966 1574 1115 1628 erat,
1156 1575 1209 1617 et
1237 1561 1314 1616 sic
1342 1560 1620 1614 sabbatum
1656 1556 1885 1610 solvere.
1922 1554 1999 1607 Ad
2034 1557 2145 1605 tunc

572 1672 700 1711 vero
726 1657 837 1726 ipsa
862 1658 1023 1710 etiam
1067 1653 1265 1708 creatio
1297 1651 1571 1705 sabbatum
1604 1647 1881 1703 solvebat:
1920 1660 2038 1697 nam
2068 1642 2147 1696 sol

574 1757 826 1816 operatur
862 1747 912 1800 itt
940 1746 1181 1807 sabbato,
1225 1752 1296 1798 et'
1322 1744 1439 1796 luna
1468 1742 1653 1803 currit,
1698 1750 1751 1793 et
1775 1738 2017 1791 diversus
2061 1736 2148 1790 illo

574 1842 849 1896 stellarum
872 1839 1067 1893 chorus
1088 1846 1325 1906 apparet,
1344 1846 1396 1889 et
1421 1834 1562 1888 venti
1580 1832 1727 1893 llant.
1759 1841 1813 1886 et
1837 1829 2012 1883 fontes
2034 1844 2150 1881 sca-

578 1933 800 1992 turiunt.
831 1940 884 1984 et
908 1928 1121 1982 ﬂumina
1154 1928 1343 1991 lluunt,
1366 1940 1511 1979 mare
1540 1931 1926 1984 commovetur,
1951 1920 2154 1973 semina

574 2021 875 2092 germinant
900 2028 953 2073 et
983 2019 1193 2086 plantat,
1221 2026 1359 2070 terra
1392 2017 1547 2081 parit,
1583 2030 1681 2068 nec
1718 2029 1821 2065 non
1858 2015 2007 2065 bruta
2042 2028 2157 2061 om—

579 2119 687 2173 nia,
712 2112 992 2181 ipsumth
1022 2108 1295 2162 hominum
1322 2120 1512 2176 genus.
1542 2104 1837 2173 Numquam
1868 2102 2007 2155 cnim
2043 2115 2157 2153 mu-

581 2203 709 2257 liere
732 2203 782 2255 in
808 2200 1027 2255 sabbato
1050 2198 1398 2269 parturientc,
1422 2206 1605 2249 natura
1622 2194 2154 2262 exspectavitlcgcm,

582 2293 871 2355 rtdistulit,
900 2292 1071 2346 donec
1098 2290 1375 2343 transisset
1401 2289 1699 2349 sabbatum,
1728 2298 1775 2340 et
1815 2296 1940 2339 tunc
1969 2292 2151 2353 partus

582 2387 985 2447 absolveretur;
1012 2384 1105 2437 scd
1142 2399 1294 2436 suum
1319 2398 1452 2450 opus
1482 2382 1640 2435 etiam
1666 2380 1718 2432 in
1742 2378 1963 2431 sabbato
1995 2376 2157 2446 perii-

582 2482 777 2535 ciebat.
808 2480 871 2533 Ει
896 2491 1143 2546 Superum
1174 2490 1385 2545 quoque
1411 2474 1633 2525 virtutes
1664 2470 1717 2524 in
1742 2471 1963 2523 Sabbato
2002 2468 2158 2521 mitti-

582 2580 772 2633 strant,
826 2585 995 2639 neque
1049 2569 1409 2623 intermittunt
1450 2564 1800 2619 ministerium
1854 2559 2160 2616 suunnCur

583 2680 757 2731 ergo,
813 2661 898 2715 die
954 2660 1124 2724 mihi,
1179 2675 1299 2713 cmn
1356 2666 1434 2711 tut
1490 2656 1569 2709 sui
1614 2654 1929 2709 defendendi
1973 2652 2159 2706 [nudus

587 2755 827 2817 haberet,
854 2752 995 2805 nullo
1027 2753 1213 2805 horum
1243 2758 1325 2803 est
1355 2762 1503 2810 usus,
1538 2761 1709 2815 neque
1740 2745 1871 2797 dixit
1895 2786 1909 2805 ,
1936 2744 2043 2797 Cur
2073 2757 2160 2797 me

585 2843 847 2898 aeettsatis
893 2842 1034 2912 quod
1079 2840 1354 2895 sabbatum
1402 2837 1649 2893 solvam?
1688 2835 1992 2889 sacerdotes
2018 2834 2158 2887 enim

588 2939 637 2987 in
666 2934 880 2988 Jcriclto
902 2934 1174 2989 solverunt
1195 2973 1209 2995 ,
1235 2941 1290 2985 et
1318 2932 1369 2984 in
1402 2930 1601 2999 templo
1627 2928 1839 2981 sttlvuttt
1873 2945 1886 2979 :
1920 2925 2044 2993 quid
2075 2941 2161 2979 me

587 3028 851 3080 accusatis
887 3026 1027 3096 quod
1057 3023 1337 3078 sabbatum
1367 3020 1613 3075 solvam?
1638 3020 1719 3073 sol
1751 3020 1891 3073 enim
1927 3016 2083 3070 Solvit
2107 3024 2162 3069 et

589 3120 708 3172 luna
742 3129 797 3173 et
822 3118 991 3171 stella:
1018 3124 1072 3171 et
1093 3119 1264 3170 omnis
1287 3123 1553 3177 creatura,
1582 3127 1807 3180 soperna
1838 3122 1891 3165 et
1923 3108 2157 3162 inferna:

586 3210 678 3263 sed
719 3208 800 3263 bis
846 3208 1092 3261 omnibus
1137 3206 1315 3259 missis
1353 3204 1416 3257 ad
1466 3203 1676 3257 Patrem
1724 3201 1888 3264 venit,
1939 3199 2159 3253 dicens:

588 3298 744 3353 Pater
770 3314 910 3350 meus
935 3306 1208 3364 operatur,
1241 3303 1289 3347 et
1318 3311 1408 3363 ego
1439 3308 1641 3360 cperor.
1700 3290 1881 3358 Neque
1917 3289 2061 3343 enim
2104 3302 2163 3341 se

588 3402 790 3446 tantum
817 3390 1107 3445 defendere
1136 3388 1369 3452 volebat,
1401 3386 1497 3441 sed
1536 3386 1695 3440 etiam
1722 3382 1940 3436 honoris
1970 3381 2165 3451 parita-

592 3498 697 3541 tcm
725 3482 1030 3538 ostendere.
1076 3481 1199 3536 Ideo
1235 3493 1343 3535 non
1372 3479 1547 3541 dixit,-
1578 3477 1823 3546 Operor;
1854 3490 2083 3543 namque
2109 3481 2165 3528 et

594 3578 707 3647 ipsa
737 3584 921 3627 natura
948 3584 1233 3641 operatur;
1262 3586 1367 3625 non
1396 3571 1540 3624 enim
1579 3569 1670 3622 ille
1695 3577 1811 3621 erat
1846 3583 1910 3621 ex
1953 3574 2167 3620 creatu-

590 3680 769 3720 rarum
800 3677 1021 3718 numero
1046 3681 1059 3716 :
1084 3660 1175 3715 sed
1200 3702 1215 3725 ,
1243 3661 1471 3729 Operor,
1490 3667 1687 3713 uamet
1714 3658 1871 3714 Pater
1891 3666 2163 3726 operatur.

590 3755 743 3809 lllius
768 3754 909 3808 enim
941 3761 1058 3808 erat
1081 3751 1393 3807 substantia:
1416 3759 1471 3805 et
1493 3750 1789 3818 potestatis.

657 3848 713 3902 4.
741 3844 1077 3914 Quapropter
1104 3854 1209 3898 non
1238 3850 1313 3897 'ae
1353 3842 1396 3896 si
1441 3854 1510 3895 ex
1532 3850 1905 3895 creaturarum
1940 3852 2166 3892 numero

590 3946 754 4002 eset,
779 3951 899 3991 sese
928 3934 1190 3999 defendit,
1214 3933 1308 3988 sed
1337 3942 1393 3987 ut
1420 3933 1562 3987 illius
1584 3932 1847 4002 genuinus
1890 3930 2073 3985 Filius.
2098 3929 2167 3984 Et

590 4040 648 4083 ut
669 4030 841 4082 discas
865 4028 977 4082 lucc
1006 4043 1109 4081 non
1137 4042 1205 4081 ex
1225 4030 1533 4093 conjectura
1559 4025 1696 4078 dicta
1718 4024 1903 4087 fuisse;
1922 4023 2166 4093 discipuli

590 4134 803 4189 quoque
843 4116 1128 4187 aliquando
1157 4117 1438 4172 sabbatum
1481 4116 1779 4179 solverunt,
1824 4130 1945 4169 cum
1989 4115 2167 4182 spicas

590 4212 887 4265 evellereut
916 4224 978 4263 ac
1007 4206 1371 4269 comederent,
1419 4216 1472 4260 et
1501 4222 1623 4260 cum
1650 4206 1818 4260 Judaei
1850 4215 2167 4260 accosareut

590 4320 655 4357 ac
678 4303 950 4367 dicereut,
977 4300 1092 4355 Non
1117 4299 1265 4354 vides
1311 4300 1362 4353 in
1393 4300 1614 4353 sabbato
1644 4298 1771 4367 quid
1816 4300 1887 4352 illi
1934 4298 2167 4352 faciant?

592 4409 875 4462 numquam
906 4392 1111 4446 Patrem
1143 4391 1213 4445 ibi
1248 4398 1531 4454 memorat,
1560 4388 1655 4443 sed
1677 4388 1803 4458 quid
1831 4388 1999 4442 dicit?
2045 4387 2167 4442 Non

590 4485 777 4555 legistis
815 4484 937 4554 quid
974 4483 1144 4552 fecerit
1190 4480 1350 4533 David
1395 4480 1599 4549 quando
1642 4480 1862 4533 esuriit?
1914 4479 2167 4547 quomodo

590 4574 870 4637 intraverit,
896 4584 940 4626 et
992 4590 1147 4643 pauet
1189 4572 1546 4643 prepositiouis
1600 4571 1889 4631 comederit,
1917 4586 2040 4639 quos
2068 4587 2165 4622 non

592 4665 772 4717 licebat
813 4661 912 4732 ipsi
964 4662 1241 4724 comedere,
1272 4678 1359 4713 nec
1391 4661 1453 4713 iis
1482 4653 1695 4729 quieturi
1724 4660 1814 4712 illo
1845 4659 2024 4712 erant?
2067 4676 2168 4711 non

592 4755 783 4821 legistis
812 4753 947 4819 quod
981 4751 1261 4805 sacerdotes
1288 4752 1337 4802 iu
1384 4752 1571 4819 templo
1600 4752 1859 4805 sabbatum
1886 4751 2099 4815 violant,
2123 4761 2168 4803 et

589 4843 838 4910 tuculpoti
864 4852 979 4896 sunt
1029 4840 1240 4910 (.llutth.
1272 4842 1356 4895 Η..
1393 4844 1425 4896 ’5
1450 4873 1462 4882 ο
1490 4843 1604 4909 5)?
1638 4841 1823 4896 Viden’
1866 4842 2164 4911 quomodo,

588 4934 801 5003 quando
821 4934 887 4989 de
910 4933 1081 4987 servis
1100 4933 1190 4986 dat
1224 4936 1511 4999 rationem,
1540 4950 1727 4987 servos
1745 4935 1796 4987 in
1830 4936 2063 4990 medium
2089 4934 2167 4989 af-

1271 353 1328 408 S.
1366 348 1641 408 1053’le
1676 343 2148 417 CIIRYSOSTOW
2190 338 2503 397 AllClllliP.
2546 334 3075 391 (IONSTANTINUP.

3705 333 3818 388 SlG

2249 457 2404 519 ferat,
2440 451 2693 506 Davidem
2721 463 2773 503 ct
2804 449 3115 504 sacerdotes
3142 465 3157 511 ;
3186 446 3404 518 quando
3432 457 3601 501 autem
3625 446 3691 501 de
3720 469 3782 501 st-
3803 490 3819 510 ,

2250 546 2494 609 l‘atrem?
2520 544 2670 611 Quod
2699 544 2743 598 si
2760 543 3046 613 aliquando
3063 542 3182 595 aliis
3206 551 3388 595 ulat':r
3405 542 3820 607 tleft-nsimubns,

2250 648 2304 690 ut
2330 653 2449 691 cum
2500 634 2664 690 dicit:
2710 634 2770 689 Si
2798 632 3230 687 circumcisionem
3257 632 3441 701 arripit
3489 632 3653 696 homo,
3699 635 3825 683 mihi

2248 727 2586 797 iudiguamiui
2610 768 2625 793 ,
2656 730 2791 795 quod
2832 734 2988 778 totum
3016 727 3271 777 hominem
3315 740 3495 777 artuum
3524 726 3723 793 fecerim
3778 727 3828 775 in

2255 821 2459 875 sabbato
2486 818 2664 890 (Joou.
2690 818 2744 871 7.
2787 815 2878 886 25)
2897 817 2921 865 ?
2946 830 3009 870 ac
3050 831 3283 875 rursum,
3317 817 3443 882 Quis
3469 832 3531 868 ex
3556 814 3690 867 rubis
3736 826 3831 873 est,

2253 914 2339 983 qui
2379 928 2478 965 non
2516 911 2677 965 solvat
2720 924 2873 965 ovem
2901 923 3051 963 suam
3097 916 3152 961 ct
3180 906 3353 961 bat-em
3395 906 3549 976 (Luc.
3586 908 3671 962 l3.
3706 907 3835 971 15)?

2257 1004 2388 1061 nihil
2437 1004 2670 1059 mirum:
2723 1017 2829 1057 non
2856 1002 2997 1056 enim
3046 1015 3262 1069 semper
3305 992 3542 1068 loquitur
3582 1008 3640 1053 ut
3672 999 3836 1061 licus,

2255 1097 2348 1152 sed
2379 1095 2665 1165 aliquando
2693 1094 2854 1150 etiam
2888 1101 2944 1147 ut
2976 1092 3157 1155 homo,
3188 1092 3308 1160 quia
3338 1101 3390 1145 et
3426 1091 3563 1144 Deus
3593 1100 3649 1145 et
3675 1090 3841 1143 homo

2256 1196 2390 1241 crat.
2425 1186 2519 1240 llic
2550 1200 2678 1241 vero
2704 1184 2998 1239 secundum
3044 1183 3360 1252 d'guitatetn
3394 1197 3545 1235 suam
3580 1182 3840 1252 loquitur,

2256 1280 2477 1335 dicens:
2511 1276 2668 1332 Pater
2698 1294 2839 1331 metu
2868 1293 3023 1342 usque
3050 1275 3198 1328 ntutlo
3224 1286 3489 1343 operatur,
3519 1285 3568 1327 et
3594 1292 3688 1344 rgo
3717 1290 3841 1342 ope-

2257 1388 2363 1423 ror.
2396 1369 2521 1424 Ideo
2559 1370 2635 1422 ait
2675 1368 3023 1437 evangelista,
3053 1366 3519 1435 Persequebantnr
3546 1366 3700 1419 illum
3747 1365 3843 1417 ,ιιι-

2262 1462 2360 1515 daei
2383 1502 2397 1526 ,
2440 1476 2543 1515 nou
2577 1460 2753 1514 solum
2781 1460 2903 1529 quia
2950 1458 3233 1513 sabbatum
3264 1458 3511 1511 solvebat
3536 1500 3549 1517 .
3584 1457 3679 1511 sed
3721 1458 3845 1525 quia

2255 1556 2464 1611 Patrem
2490 1571 2642 1609 suum
2668 1554 2880 1608 dicebat
2900 1553 3087 1617 Deum,
3112 1551 3372 1622 mpmlem
3396 1565 3455 1604 se
3483 1549 3689 1605 faciens
3715 1550 3845 1603 Deo.

2256 1648 2366 1716 Ego
2398 1662 2524 1699 vero
2552 1657 2605 1701 et
2629 1646 2731 1700 hoc
2758 1644 2987 1699 libenter
3016 1644 3329 1697 ltmreticum
3354 1642 3805 1711 interrogavi-rint
3831 1659 3845 1695 :

2258 1741 2465 1795 l'atrem
2501 1756 2654 1793 suum
2684 1738 2894 1793 dicebat
2940 1738 3128 1799 Deum,
3173 1746 3265 1790 aut
3318 1750 3423 1791 non
3455 1722 3662 1788 dicebat
3688 1734 3714 1787 τ
3759 1736 3854 1788 Ju-

2256 1834 2419 1887 daica:
2467 1831 2736 1900 opinionis
2786 1832 2887 1884 hoc
2944 1840 3082 1894 erat,
3138 1836 3232 1882 ant
3280 1828 3562 1882 sententia:
3594 1827 3799 1880 Christi
3827 1826 3853 1879 ?

2261 1923 2475 1977 Etiamsi
2504 1923 2647 1976 enim
2672 1921 2956 1975 admodum
2989 1920 3325 1989 impudenter
3350 1920 3543 1988 egerit,
3564 1932 3594 1970 a
3624 1918 3855 1973 veritate

2257 2016 2612 2069 convincitur.
2642 2015 2879 2077 Dicebat,
2906 2012 3063 2067 Pater
3082 2030 3218 2066 meus
3236 2029 3393 2083 usque
3418 2017 3571 2065 modo
3586 2021 3853 2081 operatur,

2259 2117 2303 2159 et
2332 2124 2419 2177 ego
2452 2123 2630 2178 operor
2649 2123 2668 2160 :
2695 2106 2931 2161 solvebat
2959 2105 3265 2169 snbbatum,
3290 2114 3381 2159 aut
3409 2120 3515 2157 non
3558 2105 3856 2159 solvebat?

2262 2200 2437 2254 Palam
2463 2212 2544 2254 est
2572 2212 2750 2254 autem
2777 2200 2920 2269 quod
2948 2200 3078 2253 illttd
3105 2200 3373 2253 solveret:
3396 2198 3630 2267 Operor,
3656 2199 3855 2267 inquit,

2260 2304 2313 2347 ct
2343 2294 2430 2347 ille
2469 2306 2743 2363 operatur.
2786 2291 2950 2362 Igitur
2999 2301 3246 2346 neutrum
3283 2306 3469 2345 eorum
3502 2307 3567 2346 ex
3594 2290 3860 2361 Opinione

2261 2382 2478 2439 Judaiea
2493 2393 2629 2444 erat,
2648 2385 2741 2437 sed
2770 2399 2834 2438 ex
2868 2382 3068 2438 Christi
3098 2382 3459 2438 declaratione
3488 2393 3539 2436 et
3558 2383 3857 2448 sententia,

2261 2487 2314 2532 et
2336 2478 2474 2547 quod
2502 2477 2736 2532 solveret
2761 2477 3065 2540 sabbatum,
3088 2485 3145 2531 et
3171 2475 3311 2547 quod
3343 2476 3557 2530 Patrem
3584 2490 3745 2529 suum
3775 2476 3861 2529 di-

2261 2578 2411 2622 ceret
2464 2568 2650 2621 lieutn.
2688 2567 2971 2634 Quomodo
3012 2583 3163 2635 ergo,
3194 2581 3315 2621 cum
3345 2566 3460 2619 btcc
3487 2582 3553 2620 ex
3586 2566 3861 2620 sententia

2262 2658 2456 2711 Christi
2506 2672 2627 2713 esse
2674 2658 2837 2723 dicat,
2871 2657 2999 2711 illud
3033 2656 3345 2711 .ludtnorum
3380 2658 3707 2725 suspicionis
3733 2672 3862 2711 esse

2262 2748 2417 2814 dicis,
2449 2765 2569 2803 cum
2603 2760 2777 2804 tamen
2804 2750 3198 2803 consectarium
3229 2751 3301 2803 sit
3324 2758 3380 2805 et
3403 2750 3526 2804 huic
3555 2760 3702 2804 arcte
3727 2750 3861 2818 juuo

2262 2853 2428 2905 etum,
2458 2852 2511 2895 et
2531 2842 2691 2895 simili
2720 2841 2876 2895 modo
2902 2843 2969 2895 ab
2992 2842 3318 2912 enngclista
3348 2844 3663 2898 enuntietur
3685 2844 3707 2894 ?
3731 2843 3861 2896 liae

2263 2947 2459 3003 quippe
2479 2934 2656 2986 omnia
2687 2942 2809 2986 sunt
2831 2932 3173 3002 evangelista:
3202 2933 3471 2988 enarratio
3492 2974 3506 2993 ,
3534 2934 3862 3000 explicantis

2264 3042 2325 3081 ca
2349 3042 2466 3095 qum
2493 3044 2521 3077 a
2542 3024 2755 3079 Christo
2777 3024 2913 3078 dicta
2941 3034 3083 3077 sunt.
3114 3023 3341 3094 Ideoque
3364 3024 3568 3079 Judmis
3590 3040 3860 3080 accusan-

2248 3117 2674 3182 .tibus,dieebat,
2704 3116 2843 3185 quod
2870 3128 3327 3185 persequerentur
3346 3116 3516 3182 illum,
3546 3134 3651 3171 non
3680 3120 3855 3173 solum

2267 3210 2387 3277 quia
2410 3207 2685 3261 sabbatum
2712 3207 2973 3273 solvebat,
3000 3207 3093 3261 sed
3122 3207 3277 3260 etiam
3299 3208 3419 3278 quia
3452 3207 3668 3263 Patrem
3698 3226 3858 3262 suum

2270 3300 2476 3352 diccbat
2502 3300 2687 3365 Deum,
2709 3298 2942 3369 seipsum
2979 3300 3088 3353 Deo
3114 3301 3375 3369 tequalem
3409 3298 3635 3356 faciens.
3657 3300 3857 3356 Verum

2269 3388 2381 3442 haec
2400 3391 2767 3444 hatreticoruru
2782 3390 3080 3446 confulatio
3093 3390 3181 3446 bic
3206 3384 3455 3446 idoneum
3476 3404 3530 3446 ct
3547 3408 3826 3463 eongrucu
3840 3424 3857 3435 -

2272 3490 2375 3536 tem
2408 3480 2565 3534 habet
2596 3483 2751 3535 linem
2786 3500 2799 3533 :
2830 3482 2874 3535 si
2902 3497 3033 3537 vero
3053 3483 3215 3536 etiam
3247 3480 3457 3538 discere
3484 3485 3681 3550 velitis,
3712 3502 3861 3555 qum-

2272 3587 2392 3625 nam
2420 3572 2486 3625 sit
2507 3574 2748 3641 operatio
2764 3589 2863 3641 qua
2894 3572 3051 3627 Pater
3069 3584 3341 3643 operatur.
3362 3587 3416 3630 et
3432 3574 3598 3630 Filius
3615 3593 3857 3647 quoque;

2271 3663 2496 3717 dixerim
2529 3678 2647 3719 esse
2682 3664 3072 3733 providentiam
3104 3679 3232 3734 erga
3285 3680 3373 3721 res
3414 3680 3638 3732 omnes,
3667 3684 3858 3725 earum

2272 3756 2730 3810 conservationem
2758 3766 2813 3809 et
2840 3772 3048 3809 curam.
3080 3757 3211 3822 Qua:
3236 3757 3377 3811 enim
3405 3757 3659 3813 videntur
3674 3763 3856 3814 omnia

2273 3862 2365 3901 se;
2392 3846 2599 3900 dierum
2629 3848 2801 3915 spatio
2846 3846 2982 3902 facta
3032 3858 3188 3915 sunt,
3224 3848 3288 3901 Et
3313 3851 3553 3917 requievit
3607 3852 3746 3905 Deus
3774 3854 3858 3908 die

2274 3942 2484 4008 septimo
2533 3939 2682 4011 (Gen.
2714 3939 2768 3992 2.
2808 3941 2899 4010 2);
2932 3941 3264 4010 providentia
3295 3951 3474 3996 autem
3505 3943 3719 3997 illorum
3749 3962 3854 4001 non

2276 4038 2553 4105 requievit.
2615 4034 2761 4089 llanc
2813 4035 2989 4102 itaque
3045 4033 3437 4103 providentiam
3484 4037 3853 4104 operationem

2275 4137 2429 4182 vocat
2474 4128 2719 4182 Christus
2751 4165 2767 4190 ,
2815 4126 3000 4181 dicens
3055 4143 3068 4179 :
3127 4124 3286 4181 Pater
3323 4144 3465 4181 meus
3492 4140 3757 4197 operatur,
3805 4143 3854 4185 et

2273 4240 2364 4293 ego
2392 4240 2593 4291 operor,
2631 4222 2934 4291 providens,
2981 4237 3196 4287 curans,
3253 4223 3444 4293 inquit,
3493 4240 3849 4292 conservans,

2273 4317 2576 4375 continens,
2600 4314 2728 4367 nihil
2758 4315 2941 4369 sinens
2966 4314 3155 4368 difﬂui.
3176 4318 3489 4387 Dogmatum
3516 4334 3646 4386 ergo
3677 4332 3846 4374 recto-

2276 4423 2393 4460 rum
2422 4407 2878 4461 demonstratione
2906 4407 2984 4461 vel
3006 4423 3071 4461 ex
3102 4409 3257 4463 «lictis
3281 4421 3521 4479 accepta,
3544 4424 3853 4470 accuratum

2276 4502 2395 4552 vita;
2440 4500 2734 4554 institutum
2781 4509 2835 4553 et
2878 4499 3142 4569 dogmatis
3185 4516 3479 4570 congruum
3535 4503 3797 4560 addamus
3837 4526 3851 4561 :

2275 4590 2703 4659 quandoquidem
2743 4606 2849 4644 non
2902 4592 3096 4645 sufficit
3140 4592 3297 4646 nobis
3342 4594 3408 4646 ad
3459 4594 3691 4650 salutem
3741 4600 3854 4653 sola

2276 4693 2545 4736 rectorum
2574 4684 2880 4752 dogmatum
2909 4684 3153 4743 scientia,
3188 4684 3282 4739 sed
3311 4700 3447 4753 opus
3467 4696 3551 4740 est
3579 4688 3689 4740 vita
3718 4704 3855 4757 quo—

2274 4792 2377 4846 que
2400 4777 2657 4846 cptima;
2692 4788 2747 4831 ut
2778 4795 2873 4845 per
2913 4778 3091 4832 omnia
3116 4779 3225 4833 Deo
3252 4780 3487 4849 glorlam,
3518 4780 3814 4836 referentes
3839 4824 3854 4847 ,

2279 4871 2534 4939 promissa
2570 4870 2706 4923 bona
2736 4886 3164 4937 consequamur:
3188 4871 3271 4924 cui
3303 4871 3470 4941 gloria
3496 4884 3551 4927 et
3575 4873 3853 4943 imperium

2280 4965 2329 5017 iu
2360 4964 2548 5017 sa-cula
2578 4962 2917 5016 swculorum.
2947 4964 3137 5017 Amen.

2040 5152 3850 5176 mm

1944 5226 2291 5314 nonius
2338 5252 2420 5313 Χ.

605 5388 843 5455 Eiusdem
872 5390 1101 5450 Itomilia,
1123 5391 1289 5444 habita
1307 5391 1358 5445 in
1377 5392 1585 5446 ecclesia
1621 5372 1869 5461 Apostoli,
1906 5405 2166 5463 postquam

675 5482 939 5550 episcopus
966 5483 1139 5551 paucis
1159 5484 1478 5538 contionatus
1509 5484 1672 5552 fuerat
1699 5528 1714 5551 ,
1743 5486 1795 5538 iu
1826 5486 1952 5538 illud
1982 5504 1999 5540 :
2027 5487 2164 5543 Mes-

664 5574 739 5626 sis
775 5574 985 5639 quidem
1025 5574 1187 5627 multa
1214 5616 1227 5641 ,
1276 5578 1505 5645 operarii
1534 5588 1708 5631 autem
1748 5578 1901 5646 pauci
1932 5582 1949 5648 (
1979 5577 2159 5632 .llatt/t.

660 5664 713 5716 9.
743 5664 872 5732 ω).

664 5756 715 5809 Ι.
736 5755 974 5810 Senectus
993 5758 1040 5809 in
1064 5756 1285 5812 Ecclesia
1306 5760 1457 5814 utilis.
1484 5759 1745 5825 Quomodo
1768 5763 1828 5817 sit
1852 5764 2149 5817 etiatttutitis

2269 5398 2526 5467 juventus.
2551 5429 2620 5438 —
2650 5398 2860 5452 Vidistis
2887 5414 3069 5455 senem
3101 5400 3347 5454 eumdem
3379 5411 3434 5456 et
3455 5403 3704 5471 juvenem
3728 5419 3742 5467 ;
3765 5419 3845 5457 se-

2276 5506 2397 5544 nem
2438 5505 2660 5556 corpore
2683 5532 2695 5549 ,
2735 5489 2983 5558 juvenem
3011 5492 3233 5545 animo?
3264 5492 3468 5547 vidistis
3498 5494 3751 5548 canitiem
3781 5511 3842 5549 vt-

2270 5594 2481 5650 gcntem
2519 5593 2572 5635 et
2600 5593 2926 5637 senectutem
2971 5582 3164 5635 robore
3199 5584 3498 5652 vigentem?
3524 5585 3679 5639 Tales
3713 5587 3848 5638 enim

2270 5683 2388 5726 sunt
2406 5690 2488 5727 res
2506 5685 2905 5734 uoStrav,coutra
2920 5691 3075 5745 quam
3088 5676 3225 5744 apud
3243 5686 3511 5730 externos.
3527 5678 3677 5747 Apud
3693 5687 3846 5730 ester-

2267 5778 2363 5818 nos
2404 5766 2540 5819 enim
2572 5779 2817 5820 senectus
2848 5769 3049 5825 inutilis
3074 5782 3190 5837 est;
3228 5780 3281 5825 ut
3307 5772 3458 5824 milt-s
3492 5772 3579 5841 qui
3610 5770 3678 5824 ad
3715 5771 3849 5826 illam
