4068 6418
134 454 221 507 Si?
866 455 907 510 Χ
952 451 1254 510 ΗΟΜΞῌᾹ.
1301 451 1363 504 1Γὲ
1408 448 1630 511 ιῐιιλλι),
1676 449 1721 502 Μ

1838 448 1914 503 SIS
1954 448 2217 516 QUIDEM
2262 450 2520 519 .‘llULTA,
2565 453 2696 509 ETC

128 575 323 620 :etatem
358 568 647 635 pervenit,
681 582 785 621 non
820 575 995 635 potest
1019 580 1201 620 arcum
1234 563 1474 628 tendere,
1510 576 1614 615 non
1648 568 1729 615 te-

128 658 224 710 lum
252 658 509 714 emittere
533 701 548 723 ,
588 674 698 713 non
730 660 934 712 hastam
966 658 1209 720 vibrare,
1243 670 1415 725 neque
1443 655 1495 709 in
1535 667 1731 723 equum

126 749 515 813 conscendere,
552 766 733 819 neque
761 766 941 806 muros
968 764 1277 819 eppttgnare
1301 790 1317 813 ,
1370 762 1546 818 neque
1587 744 1732 800 aliud

123 838 389 908 quidpiam
419 840 700 909 ejusmodi
732 840 906 896 facere
936 857 949 893 :
982 851 1036 896 et
1060 842 1390 911 gubernator
1415 880 1429 906 ,
1480 853 1601 892 cum
1646 851 1733 891 se-

123 940 301 985 nectus
330 931 481 985 vires
504 934 833 999 atteuuavit,
856 948 964 987 non
995 943 1167 1002 potest
1187 932 1339 986 funes
1359 930 1596 995 tendere,
1623 943 1727 983 non

122 1024 231 1078 vela
262 1026 600 1093 extendere,
623 1042 730 1082 non
762 1026 1175 1093 gubernaculum
1210 1035 1461 1089 tractare,
1488 1038 1591 1077 non
1622 1022 1731 1077 cla-

122 1130 210 1170 vos
235 1118 569 1184 transferre,
606 1135 712 1174 non
740 1134 863 1175 cum
893 1118 1140 1173 fluctibus
1180 1126 1437 1187 pugnare,
1478 1130 1576 1168 nec
1601 1112 1728 1184 quid

121 1208 287 1263 simile
331 1209 542 1264 facere.
585 1211 791 1265 Rursus
840 1211 1073 1281 agricola
1123 1210 1177 1264 in
1224 1219 1382 1264 :etate
1427 1207 1581 1261 senili
1622 1221 1729 1261 non

122 1300 275 1356 boves
302 1302 572 1372 jungere,
609 1319 713 1357 non
743 1313 980 1359 aratrum
1009 1303 1245 1364 trahere,
1276 1318 1381 1356 non
1408 1316 1595 1357 secare
1624 1309 1733 1355 ter-

122 1405 224 1443 ram
256 1403 348 1446 aut
371 1394 573 1448 sulcos
601 1394 882 1461 scindere,
912 1410 1018 1448 non
1064 1394 1315 1449 arborem
1355 1392 1535 1447 colere
1560 1433 1575 1457 ,
1620 1407 1727 1445 non

122 1485 448 1541 metentibus
480 1502 547 1541 se
576 1488 905 1557 adjungere,
941 1501 1045 1539 non
1087 1485 1287 1555 aliquid
1332 1485 1506 1539 simile
1553 1483 1729 1538 facere

122 1577 308 1639 poterit
342 1594 355 1629 :
392 1576 497 1630 sed
531 1593 721 1632 eorum
756 1578 950 1647 singuli
970 1576 1111 1631 domi
1138 1577 1345 1640 sedent,
1372 1576 1544 1629 relatis
1574 1575 1731 1628 dehi-

122 1663 261 1719 litate
302 1667 552 1734 detcuti,
589 1684 653 1722 ac
703 1670 1026 1723 necessitate
1068 1682 1257 1738 magna
1287 1677 1341 1721 et
1369 1667 1496 1720 nihil
1522 1666 1731 1720 valente

122 1768 393 1813 senectute
426 1762 749 1831 compediti.
770 1762 964 1815 Verum
990 1778 1094 1815 non
1126 1762 1201 1815 sic
1234 1761 1483 1815 Ecclesia:
1505 1760 1725 1825 doctor;

121 1849 206 1902 sed
232 1860 359 1905 tunc
388 1853 644 1909 maxime
688 1854 1057 1919 concertahit,
1105 1854 1461 1922 conciouique
1509 1866 1727 1921 Operam

121 1938 292 2007 dabit,
329 1944 649 2000 doctrinam
680 1956 975 2015 proponet,
1001 1956 1051 2000 et
1086 1945 1265 2019 pepuli
1296 1959 1475 2000 mores
1504 1958 1729 2012 compo.

123 2049 247 2089 nere
275 2038 601 2092 conabitur.
635 2040 897 2095 Senectus
929 2041 1071 2092 enim
1101 2040 1152 2091 in
1179 2038 1298 2092 aliis
1342 2036 1556 2106 quidem
1599 2050 1729 2089 cou-

123 2125 418 2182 tlitionihus
452 2131 663 2185 inutilis
694 2142 796 2195 est,
823 2134 874 2185 in
901 2131 1138 2185 Ecclesia
1172 2140 1350 2184 autem
1392 2138 1440 2183 et
1477 2130 1528 2183 in
1563 2129 1730 2181 virtu-

124 2218 187 2269 tis
255 2216 549 2275 laborihus
597 2222 903 2276 utilissima.
952 2222 1163 2276 Etenim
1212 2221 1401 2275 beatus
1455 2220 1727 2274 Abraham

126 2316 242 2362 tunc
286 2313 593 2366 maximum
625 2322 899 2367 certamen
943 2312 1059 2367 iniit
1101 2327 1222 2368 cum
1258 2309 1561 2381 hujusmodi
1594 2321 1725 2363 aeta.

126 2399 188 2453 tis
225 2414 392 2457 esset.
430 2405 585 2460 Tunc
631 2406 797 2473 enim,
853 2416 978 2461 tunc
1024 2416 1228 2461 naturce
1284 2402 1618 2477 tyrannidem
1650 2403 1725 2455 vi-

126 2494 213 2560 cit,
241 2505 296 2550 et
321 2497 499 2552 tilium
528 2500 780 2552 mactavit
810 2516 823 2554 :
860 2499 1111 2554 mactavit
1134 2497 1275 2552 enim
1300 2498 1345 2551 si
1376 2513 1481 2550 non
1511 2510 1589 2558 re,
1622 2493 1727 2548 sal-

132 2596 230 2640 tem
258 2589 571 2659 voluntate;
605 2592 649 2645 si
672 2606 775 2646 non
798 2608 915 2646 cum
936 2592 1011 2647 rei
1036 2594 1163 2658 line,
1188 2600 1241 2646 at
1264 2607 1383 2647 cum
1411 2588 1721 2661 proposito;

132 2677 295 2732 sinon
327 2696 525 2750 opere,
559 2693 613 2736 at
644 2693 822 2738 mente
856 2703 867 2736 :
900 2695 1025 2738 tunc
1064 2698 1282 2737 suorum
1318 2683 1431 2751 ipse
1458 2683 1725 2736 viscerum

131 2769 378 2825 sacerdos
408 2771 583 2826 factus
611 2782 715 2837 est,
744 2784 795 2827 et
826 2789 897 2836 ex,
919 2774 1034 2843 ipsa
1062 2772 1173 2827 fere
1204 2783 1391 2827 natura
1411 2787 1530 2827 sese
1551 2782 1725 2826 trans-

131 2856 329 2924 ferens,
365 2873 421 2916 et
459 2865 511 2917 in
558 2864 750 2917 escium
794 2865 1077 2935 appellens
1106 2907 1120 2929 ,
1173 2864 1549 2918 admirandum
1594 2863 1725 2916 illud

130 2963 177 3003 et
204 2956 533 3030 stupendum
563 2972 697 3027 opus
724 2957 967 3027 perfecit.
994 2956 1061 3011 Et
1084 2957 1299 3022 Paulus,
1332 2958 1481 3011 orbis
1508 2955 1721 3039 doctor,

133 3045 177 3097 iu
198 3028 456 3114 profunda
477 3032 753 3105 senectute
770 3052 836 3105 ad
863 3052 1135 3105 mirabiles
1156 3051 1277 3105 illos
1289 3066 1487 3121 agones
1502 3066 1726 3119 appara-

135 3148 210 3191 tus
237 3150 372 3207 erat,
403 3151 461 3197 et
488 3143 720 3208 vincula,
768 3152 987 3197 catenas
1028 3150 1083 3197 et
1124 3157 1374 3197 carceres
1407 3143 1458 3195 in
1508 3142 1727 3196 seniore

132 3240 355 3297 corpore
383 3248 514 3286 cum
561 3232 726 3286 multa
770 3234 1071 3287 constantia
1116 3232 1361 3287 ferebat:
1392 3241 1445 3287 et
1484 3232 1587 3285 hoc
1636 3232 1727 3286 ille

135 3318 405 3377 declarans
436 3325 653 3379 dicebat
678 3343 689 3376 :
718 3323 785 3379 Ut
813 3324 1011 3379 Paulus
1034 3342 1186 3379 aenea:
1209 3368 1222 3390 ,
1270 3342 1405 3382 nunc
1433 3335 1485 3377 et
1530 3326 1728 3378 vinctus

134 3411 180 3461 iu
207 3414 406 3470 Christo
426 3416 558 3470 Iesu
585 3416 845 3487 (Philem.
877 3419 961 3487 9).
998 3420 1063 3473 Et
1106 3419 1221 3474 hch
1256 3419 1403 3483 dico,
1450 3435 1555 3473 nou
1582 3419 1725 3489 quod

137 3499 461 3566 iuventutem
490 3523 738 3578 Spernam
774 3526 789 3567 :
836 3526 956 3563 nam
986 3510 1249 3579 etilliqui
1300 3511 1570 3565 fornacem
1620 3511 1728 3564 cal-

141 3606 355 3663 carunt,
388 3600 615 3667 juvenes
656 3601 945 3655 admodum
1000 3613 1054 3656 et
1102 3604 1252 3671 pueri
1304 3612 1495 3667 erant;
1540 3613 1593 3655 et
1638 3604 1727 3671 qui

146 3690 431 3757 prophetia:
462 3694 662 3747 donum
691 3696 898 3764 accepit
942 3695 1239 3761 Jeremias;
1282 3698 1464 3750 Daniel
1517 3712 1729 3766 quoque

142 3793 253 3834 eum
282 3783 468 3842 leones
493 3786 766 3851 frenabat,
800 3796 855 3843 et
885 3796 1103 3858 prOptcr
1132 3788 1450 3843 ineffabilem
1481 3789 1727 3842 fiduciam

144 3885 323 3928 arcana
379 3880 471 3931 illa
507 3879 838 3933 somniorum
886 3880 1028 3949 regis
1078 3880 1130 3933 in
1180 3880 1415 3935 medium
1464 3881 1723 3947 adduxit,

144 3964 290 4032 eique
316 3971 404 4038 qui
437 3970 649 4025 viderat
676 3971 994 4037 declaravit,
1032 3972 1318 4027 admodum
1342 3973 1556 4042 juvenis
1584 3984 1727 4038 erat;

148 4057 341 4113 etnihil
366 4060 743 4132 impedimenti
764 4063 1012 4132 juventus
1034 4064 1215 4118 attulit
1240 4065 1306 4119 ad
1336 4066 1585 4120 virtutem
1610 4067 1727 4119 viri.

149 4143 195 4198 lu
213 4154 445 4209 externis
469 4154 611 4209 enim
632 4154 816 4219 rebus,
837 4165 894 4209 ut
914 4155 1048 4221 dixi,
1074 4166 1127 4211 et
1142 4167 1392 4211 senectus
1409 4169 1656 4227 provecta
1678 4167 1731 4211 et

147 4235 384 4300 juventus
418 4246 703 4299 immatura
736 4247 960 4299 multum
990 4247 1373 4315 impedimento
1404 4246 1599 4301 fuerint
1631 4266 1641 4300 :
1679 4251 1729 4302 in

149 4330 345 4390 virtutis
368 4353 503 4392 vero
524 4338 910 4395 certaminibus
941 4356 1045 4394 non
1078 4342 1227 4405 item,
1262 4341 1355 4395 sed
1386 4356 1491 4395 uno
1523 4350 1726 4395 tantum

148 4424 295 4479 animi
339 4430 616 4498 proposito
659 4438 743 4484 est
780 4446 917 4499 opus
960 4432 1246 4501 animaque
1292 4441 1619 4501 purpurata;
1669 4449 1732 4487 ac

152 4528 309 4583 neque
332 4520 589 4589 juventus
620 4528 702 4575 cst
730 4520 933 4575 inutilis
952 4564 965 4586 ,
996 4538 1170 4591 neque
1196 4523 1404 4577 senium
1452 4524 1687 4591 ineptum
1714 4542 1727 4587 ;

150 4607 232 4659 sed
251 4609 297 4663 itt
312 4622 540 4682 utraque
556 4623 711 4669 trtaie
724 4614 851 4668 oriri
865 4614 1064 4668 videris
1084 4628 1320 4669 maturos
1340 4614 1539 4669 fructus
1559 4616 1730 4683 pullu-

155 4696 308 4755 iantes
332 4746 347 4770 ,
376 4704 691 4770 dummodo,
716 4716 773 4759 ut
802 4706 1043 4760 dicebam
1070 4748 1083 4771 ,
1112 4706 1343 4760 animam
1373 4707 1492 4775 quis
1535 4705 1733 4760 haheat

154 4790 344 4859 \‘igilem
365 4840 382 4861 ,
409 4806 464 4850 et
486 4812 606 4867 qua:
632 4798 1180 4867 sciatphilosophari,
1232 4809 1389 4866 atque
1426 4815 1487 4852 ex
1540 4814 1727 4869 magna

156 4883 334 4951 virtute
404 4889 497 4942 Dei
554 4890 982 4945 benevolentiam
1013 4891 1266 4945 attrahat.
1315 4891 1392 4947 Ne
1434 4893 1553 4961 quis
1602 4908 1731 4962 ergo

152 4972 350 5039 ubjiciat
382 4980 447 5033 ad
474 4982 717 5051 scgnitiei
748 4983 1149 5037 excusationem
1183 4983 1262 5037 vel
1283 4982 1620 5051 juventutem
1646 4984 1729 5037 vel

153 5077 467 5125 Senectutem
490 5087 505 5133 ;
533 5072 962 5142 quandoquidem
982 5074 1143 5128 etiam
1163 5090 1304 5129 nunc
1321 5076 1472 5129 multi
1494 5075 1730 5145 juvenes

156 5155 243 5213 hoc
268 5165 546 5234 spirituale
588 5166 857 5222 theatrum
888 5167 1094 5237 replent
1117 5184 1131 5231 ;
1151 5183 1310 5224 senes
1330 5179 1508 5225 autem
1542 5172 1593 5225 in
1614 5170 1729 5241 hip~

160 5253 415 5314 [mdromis
444 5259 693 5315 indecore
716 5276 773 5315 se
800 5271 1013 5331 gerunt.
1044 5262 1149 5315 Alii
1183 5278 1309 5318 vero
1330 5277 1491 5319 senes
1516 5278 1728 5319 rursum

157 5348 387 5404 tanitit-m
410 5354 724 5407 concionem
753 5354 1033 5407 audientes
1054 5366 1247 5409 ornant
1273 5373 1287 5420 ;
1326 5356 1551 5425 juvenes
1601 5370 1729 5413 vero

158 5435 230 5489 alii
256 5440 345 5508 per
373 5443 460 5496 illa
488 5444 789 5511 spectacula
827 5443 1162 5513 juventutem
1206 5462 1358 5500 suam
1388 5448 1607 5502 rationis
1625 5460 1723 5499 ex-

158 5539 339 5591 pertem
371 5544 813 5589 commoustraut.
853 5536 1070 5590 Etiamsi
1105 5539 1246 5591 enim
1280 5540 1431 5591 multi
1462 5538 1548 5593 hic
1578 5530 1730 5594 corr-

158 5630 435 5687 ὶῖδτρειιωι
462 5641 567 5681 non
598 5628 764 5681 satior
797 5643 810 5678 :
838 5629 1169 5698 nequeenim
1192 5631 1385 5684 multos
1411 5641 1613 5686 tantum
1646 5634 1730 5688 hic

160 5710 321 5772 adesse
364 5718 582 5782 vellem,
612 5717 705 5773 sed
753 5735 961 5783 omnes,
992 5730 1044 5773 et
1072 5721 1337 5775 nemiuem
1383 5724 1451 5777 ab
1498 5724 1726 5779 ecclesia

160 5800 339 5862 abesse.
374 5809 714 5879 Quapropter
740 5812 991 5881 quamdiu
1025 5823 1174 5866 extra
1201 5814 1409 5867 caulam
1458 5815 1531 5868 illi
1578 5828 1722 5875 sunt,

164 5890 407 5965 dirumpor
433 5915 481 5953 rt
507 5900 783 5953 doloribus
810 5901 1099 5955 tlisritnlor.
1133 5905 1260 5956 \‘rtm
1289 5918 1471 5965 pastor
1516 5908 1598 5959 iile
1628 5908 1720 5985 qui

452 5999 705 6059 PATnot.
774 6000 891 6058 litt.
948 6001 1165 6061 LXlll.

3335 461 3440 511 μκ

1850 564 2139 632 nonaginta
2168 580 2359 619 novem
2388 567 2578 624 ovibus
2605 571 2806 626 relictis
2849 571 2915 627 ad
2964 590 3121 629 unam
3166 591 3437 633 errantem

1844 655 2200 724 properabat,
2233 673 2405 729 neque
2437 660 2584 727 prius
2607 662 2848 729 abstitit,
2877 679 3037 735 quam
3061 668 3209 723 illam
3231 671 3297 725 ad
3318 688 3437 739 gre-

1837 762 1957 815 gem
1980 748 2319 816 reduxiSset;
2350 753 2682 825 multamque
2698 771 2761 811 ea
2787 757 2838 812 in
2868 774 2927 814 re
2946 775 3131 816 curam
3151 762 3437 834 impendit.

1839 836 2192 895 Centenarius
2218 843 2360 897 enim
2393 861 2646 901 nmnerus
2675 848 3029 920 claudicabat,
3068 855 3242 912 donec
3272 873 3434 913 unam

1838 933 2074 998 accepit,
2099 941 2151 985 et
2176 943 2301 988 tunc
2321 947 2535 991 centum
2566 954 2691 994 vere
2711 952 2926 997 centum
2959 944 3111 1002 fuere
3136 988 3151 1013 ,
3190 963 3312 1003 cum
3348 950 3436 1005 illa

1840 1020 2057 1075 reducta
2091 1032 2145 1075 et
2170 1034 2381 1079 servata
2412 1026 2529 1080 fuit.
2561 1029 2635 1083 Ne
2664 1045 2794 1101 ergo
2831 1034 2961 1088 mihi
3013 1035 3217 1093 dixeris
3266 1056 3432 1095 ttntttn

1837 1125 1957 1164 esse
1972 1111 2191 1167 fratrem
2208 1116 2295 1184 qui
2324 1118 2499 1185 periit;
2525 1121 2615 1174 sed
2639 1123 2812 1192 cogita
2828 1126 2971 1194 quod
2992 1127 3061 1181 sit
3082 1128 3270 1195 frater,
3291 1132 3438 1202 quod

1838 1204 1969 1259 illud
1994 1207 2081 1271 sit,
2120 1210 2317 1264 animal
2347 1214 2503 1281 cujus
2532 1214 2673 1269 Deus
2706 1226 2909 1273 tantam
2948 1235 3133 1276 curam
3155 1226 3313 1294 gerit,
3340 1242 3440 1296 pro

1837 1311 1944 1364 quo
1963 1304 2107 1351 tanta
2127 1296 2263 1353 facta
2286 1300 2458 1368 fuere,
2478 1319 2573 1373 pro
2591 1322 2699 1375 quo
2720 1311 2987 1376 pretiosus
3008 1316 3226 1385 sanguis
3238 1316 3440 1373 effusus

1835 1397 1890 1440 et
1912 1396 2116 1444 tantum
2140 1391 2369 1460 pretium
2394 1396 2629 1451 solutum
2661 1398 2791 1454 fuit:
2817 1412 3040 1472 propter
3059 1422 3219 1475 quem
3242 1411 3434 1465 cmlum

1836 1489 2119 1536 extensum
2139 1492 2241 1551 est,
2267 1486 2345 1539 sol
2374 1502 2633 1545 accensus
2660 1503 2762 1557 est,
2783 1494 2903 1548 luna
2929 1499 3120 1564 currit,
3146 1502 3323 1556 varius
3347 1502 3438 1559 ille

1836 1573 2110 1630 stellarum
2139 1576 2340 1634 chorus
2373 1580 2557 1651 fulget,
2588 1600 2684 1639 aer
2712 1598 2968 1644 extensus
2992 1602 3095 1657 est,
3127 1610 3274 1651 mare
3299 1596 3435 1650 effu-

1836 1679 1975 1730 sum,
2019 1675 2158 1720 terra
2205 1668 2425 1725 fundata
2455 1684 2559 1747 est,
2608 1676 2784 1733 fontes
2831 1682 3153 1748 scaturiuut,
3212 1686 3431 1743 flumina

1837 1770 2076 1828 manant,
2106 1776 2319 1819 montes
2344 1767 2537 1823 firmati
2578 1780 2701 1825 sunt
2729 1791 2741 1826 :
2768 1786 2987 1844 propter
3012 1794 3170 1847 quem
3201 1790 3347 1849 prata
3381 1794 3436 1837 et

1840 1849 2000 1918 horti,
2037 1866 2256 1924 propter
2278 1876 2436 1929 quem
2469 1864 2675 1918 semina
2697 1876 2749 1919 et
2766 1868 3011 1933 arbores,
3033 1882 3255 1943 propter
3272 1868 3431 1943 quem

1835 1940 2045 1999 diversa
2072 1947 2371 2015 plantarum
2418 1969 2637 2021 genera,
2683 1970 2905 2028 propter
2944 1978 3103 2030 quem
3146 1979 3207 2018 ea
3235 1982 3353 2036 qua:
3380 1971 3432 2021 itt

1837 2038 2129 2105 montibus,
2172 2058 2289 2110 quae
2336 2044 2387 2097 in
2415 2046 2668 2114 desertis,
2715 2065 2836 2120 qum.
2865 2053 2917 2105 in
2950 2055 3191 2123 urbibus,
3234 2073 3351 2126 qua:
3378 2060 3430 2113 in

1834 2126 2074 2195 planitie,
2104 2146 2222 2201 qua:
2254 2133 2307 2187 in
2348 2136 2605 2204 saltibus,
2638 2156 2758 2208 qua:
2788 2142 2839 2195 in
2872 2144 3103 2201 collibus
3154 2166 3166 2201 :
3217 2160 3434 2219 prepter

1834 2234 1993 2288 quem
2018 2221 2293 2278 innumera
2312 2227 2535 2295 piscium
2555 2232 3265 2309 multitudo,propterquem
3290 2240 3432 2297 varia

1834 2312 2241 2383 quadrupedum
2272 2334 2495 2389 genera,
2543 2331 2648 2377 tam
2692 2324 2921 2381 diversa:
2969 2332 3147 2385 avium
3186 2334 3431 2401 species;

1834 2416 2054 2474 propter
2076 2424 2236 2477 quem
2263 2412 2369 2478 lex,
2393 2414 2694 2485 prophetae,
2719 2421 2951 2486 apostoli
2979 2440 2991 2486 ;
3020 2436 3241 2493 propter
3272 2443 3431 2495 quem

1835 2496 2116 2555 inmunera
2158 2504 2414 2559 miracula
2468 2506 2603 2562 facta
2649 2519 2776 2564 sunt
2806 2529 2819 2564 :
2849 2514 2975 2582 qttid
3015 2531 3151 2585 opus
3190 2529 3273 2573 est
3326 2530 3433 2572 tam

1837 2593 2000 2645 multa
2034 2594 2253 2649 dicere?
2283 2608 2504 2668 pr0pter
2550 2617 2710 2670 quem
2754 2606 3062 2676 unigenitus
3117 2611 3207 2667 Dei
3265 2613 3436 2670 Filius

1836 2684 1996 2737 homo
2028 2685 2198 2740 faetus
2229 2699 2332 2752 est,
2362 2699 2417 2743 et
2446 2693 2677 2748 occisus.

1902 2781 1956 2835 9..
1985 2780 2184 2835 (In-ritas
2213 2800 2333 2853 ergo
2377 2786 2664 2854 proximum
2713 2794 3124 2849 commendatur.
3165 2796 3352 2853 Tltccw
3389 2816 3434 2853 r1

1830 2876 2057 2945 reliquie:
2091 2878 2468 2947 apostolorum.
2491 2912 2558 2921 —
2585 2880 2767 2955 Cogita
2798 2895 2995 2957 quanta
3014 2888 3158 2943 Deus
3179 2905 3434 2958 operatus

1833 2966 1901 3020 sit
1920 2983 2015 3034 pro
2028 2970 2201 3025 salute
2218 2971 2516 3037 hominum,
2536 2984 2589 3029 et
2613 2977 2818 3033 nullum
2840 2979 3109 3050 despicias
3128 2983 3403 3041 hominem
3419 3002 3432 3049 ς

1833 3059 1927 3113 sed
1957 3070 2241 3131 postquam
2274 3063 2379 3119 hoc
2405 3067 2686 3135 spirituale
2717 3070 2986 3126 theatrum
3038 3077 3272 3132 solutum
3318 3082 3430 3135 fue-

1835 3151 1921 3214 rit,
1945 3166 2128 3220 qumre
2149 3154 2295 3208 illum
2315 3157 2404 3226 qui
2436 3158 2628 3222 abfuit,
2662 3171 2716 3215 et
2743 3177 2809 3217 ne
2842 3166 2988 3233 prius
3020 3166 3250 3225 desistas
3272 3188 3431 3241 qnam

1833 3242 1983 3299 illum
2015 3244 2305 3301 adduxeris
2334 3256 2388 3302 et
2415 3250 2570 3303 matri
2600 3253 2946 3322 conjunxcris
2966 3300 2980 3323 ,
3011 3268 3172 3329 atque
3216 3277 3243 3313 a
3296 3264 3436 3317 ltt:t|.t

1831 3338 2223 3394 Consuetutliue
2250 3339 2561 3407 abduxeris,
2587 3354 2640 3399 et
2666 3348 2936 3415 captivum
2969 3353 3269 3408 servaveris
3292 3394 3306 3417 ,
3352 3367 3432 3408 at-

1833 3445 1937 3499 que
1965 3433 2304 3487 submersum
2333 3434 2382 3487 iu
2414 3452 2561 3490 mare
2588 3442 2911 3507 extraxeris,
2934 3451 3033 3497 eta
3064 3443 3195 3500 feris
3218 3458 3434 3517 captum

1833 3521 1900 3573 ah
1929 3522 2251 3578 immanibus
2284 3524 2477 3581 belluis
2501 3529 3023 3602 liheraveris.Quam
3040 3538 3185 3592 enim
3201 3542 3433 3607 veniam,

1834 3629 1994 3681 quam
2031 3614 2405 3673 defensionem
2430 3619 2726 3677 habueris?
2750 3625 2830 3679 Ad
2859 3629 3228 3697 apostolorum
3256 3633 3441 3688 thecas

1836 3708 2081 3761 venimus
2108 3726 2123 3761 :
2158 3708 2402 3766 videmus
2442 3714 2517 3785 (α)
2561 3715 2800 3785 ipsorum
2829 3720 3047 3776 vulnera
3073 3732 3128 3778 et
3150 3724 3399 3795 stigmata
3423 3772 3437 3791 ,

1836 3802 2149 3870 :-anguinem
2205 3802 2461 3859 ﬂuentem
2516 3821 2651 3861 auro
2706 3811 3126 3881 pretiosiorem,
3175 3816 3441 3882 catenas,

1838 3892 2068 3960 flagella,
2103 3906 2303 3949 mortes
2332 3897 2697 3965 quotidianus,
2730 3917 2865 3971 quas
2896 3920 2991 3971 pro
3023 3905 3267 3961 Ecclesia
3298 3914 3440 3978 passi

1838 3993 1962 4038 sunt
1995 4005 2006 4037 :
2043 3986 2189 4040 Pauli
2222 3988 2544 4057 discipulum
2576 3992 2773 4061 ubique
2815 4009 2937 4047 cum
2988 3995 3159 4051 Paulo
3205 3999 3441 4053 circum-

1836 4086 2166 4144 currentem,
2200 4091 2253 4133 et
2282 4084 2540 4150 magistro
2569 4085 2913 4153 :equandutu,
2949 4089 3284 4161 vitulumque
3314 4108 3440 4148 cum

1840 4174 2299 4242 taurojugatum;
2326 4176 2480 4243 primi
2527 4179 2891 4256 apostolorum
2922 4183 3162 4247 fratrem,
3210 4185 3442 4252 piscato-

1839 4280 1984 4329 rem,
2040 4267 2128 4335 qui
2176 4282 2428 4335 sagenam
2457 4270 2773 4339 explicavit,
2829 4285 2881 4327 et
2926 4275 3174 4332 homines
3218 4292 3315 4346 pro
3361 4282 3443 4347 pi-

1846 4356 2024 4410 scibus
2051 4358 2288 4426 piscatus
2314 4372 2396 4417 est
2416 4380 2430 4429 ;
2451 4362 2723 4436 Evangelii
2746 4380 3051 4436 praeconem
3079 4389 3091 4425 :
3115 4378 3167 4422 et
3199 4371 3349 4439 quasi
3386 4372 3437 4424 in

1842 4460 1997 4518 prato
2026 4450 2093 4505 de
2120 4451 2236 4521 ejus
2266 4455 2545 4522 praeclaris
2574 4458 2738 4525 gestis
2764 4461 3023 4513 lattemur.
3058 4461 3159 4528 Qui
3190 4477 3315 4516 vero
3342 4480 3441 4519 no.-

1841 4542 2230 4608 deseruerunt,
2289 4562 2552 4617 equorum
2612 4551 3059 4608 irrationabilium
3109 4566 3441 4624 spectatores

1838 4636 2046 4703 sedent,
2069 4640 2330 4693 conviciis
2358 4650 2409 4694 et
2428 4643 2769 4695 Conlttmeliis
2792 4658 2851 4696 se
2881 4654 3069 4700 mutuo
3093 4647 3438 4719 impotentes,

1841 4729 2077 4785 furorem
2128 4741 2184 4785 et
2228 4748 2482 4802 pugnam,
2542 4751 2661 4804 qua:
2709 4736 2909 4789 nullam
2939 4753 3158 4793 causam
3212 4741 3439 4809 haheat,

1842 4822 2226 4889 incendentes,
2267 4826 2749 4893 gaudio_fruentes
2788 4828 2929 4897 quod
2964 4831 3327 4887 miserabilius
3355 4846 3441 4891 cst

1843 4915 1957 4983 ipsi»
1984 4914 2169 4969 dolore
2190 4960 2202 4979 ,
2241 4917 2308 4971 de
2354 4920 2554 4988 aurigis
2596 4920 2891 4975 victoribus
2919 4923 3006 4986 ,tle
3034 4926 3283 4994 equis”
3331 4927 3439 4981 fra-

1839 5010 1937 5064 ctis
1971 5025 2109 5078 :qno
2140 5011 2265 5079 quid
2300 5012 2722 5068 irrationabilius
2745 5014 2937 5069 fuerit?
2960 5016 3068 5071 Cur
3094 5034 3278 5088 qumso
3303 5037 3433 5089 gatt~

1839 5100 1974 5156 des?
2002 5116 2097 5157 cur
2114 5104 2375 5165 exsultas,
2420 5118 2515 5157 cur
2533 5105 2717 5158 exsilis
2739 5146 2753 5171 ,
2786 5117 2839 5161 et
2864 5106 2990 5164 inde
3021 5108 3175 5164 Lrlus
3208 5111 3437 5167 desceno

1839 5195 1955 5249 dis?
1978 5193 2055 5248 Tu
2070 5211 2199 5249 vero
2212 5211 2305 5249 cur
2317 5194 2487 5261 doles,
2511 5206 2558 5251 et
2580 5214 2690 5267 pra:
2715 5199 2921 5268 pudore
2943 5210 2995 5255 te
3019 5203 3261 5257 occultas
3277 5214 3437 5273 caput

1841 5289 2125 5356 inclinans,
2156 5292 2499 5361 animumque
2534 5301 2680 5346 tuum
2705 5294 2970 5359 lacerans,
3001 5297 3145 5366 quod
3176 5297 3264 5352 ille
3289 5299 3437 5363 vicit,

1837 5383 2045 5436 ctalter
2074 5382 2245 5435 victus
2284 5383 2405 5435 est?
2436 5394 2491 5437 et
2520 5384 2647 5455 quid
2697 5386 2811 5439 lucc
2839 5386 2903 5440 ad
2940 5388 3035 5441 te?
3078 5404 3235 5459 quam
3276 5392 3443 5445 ratio-

1840 5489 1965 5528 nem
1997 5472 2194 5528 habere
2218 5473 2386 5543 pOSsit
2413 5473 2528 5528 hinc
2552 5490 2648 5530 seu
2677 5477 2915 5541 tristitia,
2948 5492 3044 5533 seu
3079 5480 3301 5534 laetitia?
3330 5497 3440 5551 quo

1840 5566 2105 5635 supplicio
2149 5576 2372 5636 uterque
2404 5567 2546 5637 digni
2580 5582 2685 5621 non
2716 5568 2921 5623 fueritis
2944 5610 2958 5632 ,
2990 5586 3112 5623 cum
3139 5572 3316 5625 anima
3351 5582 3440 5628 tua

1838 5658 2078 5728 quotidie
2125 5657 2175 5710 in
2220 5657 2359 5711 vitiis
2412 5658 2699 5723 volutetur,
2748 5659 2799 5712 id
2842 5658 2970 5712 nihil
3036 5676 3162 5714 cura
3192 5703 3206 5724 ,
3262 5661 3441 5731 deque

1838 5751 2158 5805 animalibus
2212 5751 2701 5817 it‘t‘atiOuahilibus,
2753 5752 2926 5821 deque
2955 5752 3265 5808 hominibus
3308 5755 3437 5825 ipsis

1903 5915 1975 5975 (ιι)
2003 5914 2091 5963 γει
2122 5915 2165 5962 iu
2196 5916 2380 5977 pit-tura
2408 5913 2485 5963 vel
2514 5928 2601 5976 ιον
2630 5915 3044 5979 imaginationem.

2939 5992 3012 6054 26
