4068 6432
714 458 820 515 5l9

714 573 874 624 etiam
925 567 1133 623 ratione
1182 562 1521 622 carentibus,
1554 557 1755 630 gaudes
1803 552 1887 609 vel
1927 547 2277 608 doles?.Sed

714 675 780 713 ne
810 672 995 714 rursus
1023 665 1187 712 totam
1216 649 1524 709 concionem
1558 650 1610 704 in
1641 647 1759 703 hmo
1782 644 2113 700 insumentes
2143 650 2279 695 tem-

714 763 812 819 pus
862 758 1138 811 teramus,
1189 744 1402 799 illorum
1448 739 1788 808 correptione
1830 744 2023 791 vestrm
2070 730 2279 786 caritati

710 837 1101 897 commendata.
1129 834 1194 889 iis
1220 848 1341 903 qua:
1386 830 1546 885 hodie
1592 830 1727 883 lecta
1774 833 1898 881 sunt
1922 825 2112 879 demus
2142 835 2276 889 ope-

712 946 846 991 ram,
872 938 928 983 et
949 928 1001 982 in
1031 926 1427 994 Seripturarum
1446 922 1742 975 divinarum
1764 925 1970 987 pratum
1991 928 2085 967 vos
2120 912 2276 966 indu-

705 1034 827 1074 cere
857 1016 1175 1074 conabimur
1203 1032 1217 1067 :
1250 1029 1371 1069 nam
1404 1012 1490 1067 illa
1536 1019 1687 1080 prato
1726 1015 1851 1062 sunt
1875 1004 2093 1060 similia.
2125 1002 2274 1057 Sicut

700 1112 844 1167 enim
875 1111 929 1165 in
958 1117 1113 1179 prato
1141 1106 1337 1162 diversi
1368 1104 1527 1160 liores
1549 1111 1689 1162 sunt,
1718 1112 1907 1153 omnes
1944 1105 2120 1155 autem
2152 1093 2269 1163 pul-

702 1200 953 1255 cherrimi
977 1199 1293 1269 spectatoris
1320 1195 1504 1248 oculos
1520 1192 1793 1245 attrahunt
1821 1205 1835 1240 :
1865 1187 1935 1241 ita
1963 1195 2015 1240 et
2045 1186 2095 1239 in
2126 1182 2271 1238 Scri-

700 1295 871 1364 pturis
902 1292 1097 1348 divinis
1144 1289 1325 1343 videre
1362 1294 1463 1341 est.
1496 1284 1624 1338 Nam
1672 1282 1857 1336 beatus
1887 1280 2049 1333 David
2100 1277 2165 1330 ad
2208 1288 2268 1329 se

700 1396 933 1440 mentem
951 1391 1185 1438 nostram
1202 1375 1438 1440 attrahit,
1460 1385 1515 1430 et
1531 1372 1884 1442 apostolicum
1906 1368 2104 1424 dictum
2124 1368 2263 1421 circa

698 1474 1067 1535 Timotheum;
1097 1469 1421 1537 insuperque
1437 1465 1610 1519 audax
1641 1462 1732 1517 ille
1763 1461 1925 1515 Isaias
1946 1459 2013 1513 de
2032 1458 2261 1512 humana

695 1573 881 1618 natura
910 1558 1316 1632 philosophans,
1350 1556 1669 1624 litorumque
1698 1551 1953 1626 Dominus
1977 1549 2134 1603 Jesus
2178 1548 2263 1600 di-

694 1655 926 1723 scipulos
954 1653 1253 1720 alloquens,
1283 1662 1346 1702 ac
1374 1647 1558 1700 dicens
1590 1662 1603 1697 :
1638 1641 1817 1697 Messi:
1843 1640 2043 1711 quidem
2076 1640 2253 1699 multa,

692 1743 913 1814 operarii
960 1751 1127 1795 autem
1171 1739 1322 1809 pauci
1366 1735 1595 1809 (Μαιιιι.
1641 1733 1695 1789 9.
1725 1734 1855 1803 57).
1889 1734 1999 1802 Age
2032 1730 2259 1799 igitur,si

692 1836 886 1905 placet,
913 1833 1015 1888 hoc
1036 1831 1233 1888 dictum
1260 1832 1311 1882 in
1337 1827 1567 1883 medium
1596 1825 1937 1888 adducentes,
1964 1822 2077 1889 ejus
2104 1834 2260 1874 sensa

687 1928 1015 1995 explicemus
1048 1922 1188 1978 :etsi
1241 1922 1381 1976 enim
1433 1919 1593 1974 breve
1637 1916 1836 1971 dictum
1879 1914 2006 1969 illud
2053 1926 2155 1976 est,
2206 1920 2262 1968 at

688 2022 901 2086 pelagus
944 2017 1262 2068 immensum
1290 2008 1673 2065 sententiarum
1720 2005 1873 2059 uobis
1910 2004 2083 2059 olfert.
2118 2003 2257 2071 Qua-

688 2116 903 2176 propter
954 2105 1020 2160 ad
1066 2105 1241 2175 ipsum
1296 2118 1416 2155 eum
1470 2115 1661 2168 magno
1708 2098 1885 2152 studio
1914 2096 2255 2152 accedamus.

684 2200 819 2270 Quia
847 2200 990 2255 enim
1022 2198 1171 2259 vidit,
1204 2195 1395 2265 inquit,
1428 2191 1821 2248 multitudinem
1852 2190 2111 2245 divulsatn
2132 2232 2147 2255 ,
2178 2189 2259 2244 di-

686 2297 757 2348 cit
785 2291 1062 2362 discipulis
1088 2306 1101 2343 :
1135 2289 1315 2343 Messis
1344 2286 1547 2357 quidem
1574 2288 1733 2339 multa
1757 2326 1771 2351 ,
1819 2285 2039 2354 operarii
2091 2294 2257 2337 autem

688 2384 853 2443 pauci.
887 2384 1015 2448 Qum
1044 2381 1252 2441 messis,
1288 2378 1372 2432 dic
1403 2378 1553 2441 mihi,
1585 2384 1641 2430 et
1666 2390 1763 2429 cur
1791 2376 1869 2429 sic
1890 2376 2028 2429 hanc
2057 2374 2257 2428 doctri-

684 2490 803 2526 nam
832 2472 1078 2527 vocavit?
1119 2468 1263 2543 atqui
1296 2468 1484 2521 messis
1534 2468 1607 2520 rei
1653 2466 1774 2521 linis
1814 2477 1917 2521 est.
1967 2465 2253 2533 Postquam

686 2567 821 2621 enim
845 2580 1027 2621 semen
1050 2563 1101 2617 in
1116 2563 1289 2617 sinum
1309 2571 1462 2615 terra:
1479 2559 1677 2629 jactum
1704 2558 2017 2612 lmmiditatc
2037 2559 2254 2613 fruitum

678 2666 779 2720 est,
798 2654 990 2710 deinde
1006 2654 1365 2708 humectatum
1383 2660 1435 2705 et
1456 2649 1691 2704 inflatum
1707 2648 2032 2717 adiacentem
2058 2658 2251 2701 terram

676 2746 987 2815 «iectipavit;
1034 2754 1223 2815 postea
1279 2744 1331 2796 in
1382 2741 1675 2795 divisiones
1724 2739 1920 2793 multas
1958 2752 2249 2807 expansum

677 2842 730 2890 iu
760 2833 1076 2907 profundum
1104 2832 1310 2887 radices
1339 2844 1465 2885 suas
1490 2830 1670 2885 misit:
1714 2828 1939 2899 primum
1966 2827 2250 2897 prospicito

683 2926 999 2998 superﬁcie;
1028 2922 1221 2981 deinde
1247 2921 1520 2993 paulatim,
1551 2921 1683 2985 sole,
1717 2919 1894 2990 pluvia
1920 2928 1974 2974 et
1994 2933 2119 2973 aere
2145 2934 2246 2972 nu-

677 3021 859 3074 tritum
886 3016 1277 3088 germinatione
1306 3023 1464 3069 terra:
1495 3021 1715 3082 augetur
1734 3052 1749 3076 ,
1788 3021 1843 3067 et
1869 3010 2099 3067 efficitur
2126 3010 2245 3081 qui-

671 3110 791 3163 dem
811 3108 1041 3177 primum
1070 3105 1235 3161 herba
1256 3104 1437 3159 virens
1455 3143 1473 3169 ,
1501 3112 1557 3158 et
1602 3112 1784 3157 tenera
1831 3100 1956 3157 folia
2007 3102 2240 3166 emittit;

670 3197 865 3254 deinde
893 3197 1229 3251 immaturam
1257 3194 1458 3265 spicam
1508 3192 1663 3249 ellcrt
1688 3233 1703 3259 ,
1749 3201 1803 3247 et
1843 3192 2076 3247 instante
2122 3207 2245 3247 vere

668 3304 856 3346 rursus
882 3287 1142 3359 paulatim
1170 3294 1492 3341 maturatum
1520 3284 1587 3341 ad
1629 3285 1875 3356 stipulam
1914 3294 1975 3340 et
2014 3286 2241 3352 aristas,

667 3382 879 3452 plenum
898 3378 1134 3434 fructum
1161 3375 1356 3432 reddit.
1385 3374 1537 3432 Tunc
1566 3375 1781 3431 demum
1824 3375 2055 3446 agricola
2078 3416 2093 3440 ,
2143 3375 2239 3431 fal-

668 3486 787 3525 cem
815 3483 1037 3537 acuens,
1064 3480 1333 3522 messores
1359 3475 1670 3536 congregat,
1715 3474 1769 3520 et
1812 3465 2096 3521 collectum
2128 3464 2240 3521 fru-

674 3574 820 3620 ctum
859 3563 911 3617 in
938 3561 1099 3617 domo
1124 3558 1363 3629 deponit.
1394 3557 1581 3613 Messio
1610 3566 1690 3613 est
1719 3558 1879 3628 igitur
1918 3558 2038 3611 linis
2065 3560 2240 3612 omnis

674 3655 871 3711 laboris
895 3662 952 3711 et
992 3653 1347 3723 agriculturtc.
1394 3649 1673 3716 Quomodo
1711 3664 1873 3718 ergo,
1921 3664 2138 3719 quaeso,
2185 3648 2237 3703 id

674 3759 902 3801 messem
929 3751 1103 3810 vocat,
1126 3756 1246 3796 cum
1274 3755 1361 3797 res
1388 3740 1563 3795 adhuc
1581 3740 1631 3793 iu
1660 3740 1934 3809 prooemiis
1982 3748 2035 3794 et
2076 3739 2239 3793 mitiis

667 3839 848 3895 esset?
872 3836 1120 3905 Impietas
1137 3835 1278 3890 enim
1310 3834 1504 3903 ubique
1529 3842 1791 3887 terrarum
1817 3831 2191 3886 dominabatur
2221 3849 2234 3885 :

668 3946 775 3984 arze
796 3928 1088 3987 ardebant,
1116 3935 1169 3980 et
1196 3924 1335 3979 idola
1365 3922 1744 3985 adorabantur,
1788 3920 1947 3977 Jesus
1970 3922 2237 3991 despicie-

670 4022 844 4082 batur,
867 4028 921 4073 et
948 4015 1206 4087 profunda
1226 4031 1329 4070 nox
1356 4014 1533 4070 omnia
1554 4008 1903 4069 continebat:
1935 4014 2105 4069 hiems
2124 4023 2239 4070 erat

668 4110 878 4170 acerba,
910 4123 1060 4164 mare
1107 4107 1517 4177 tempestatibus
1544 4106 1798 4176 agitatum
1821 4146 1835 4169 ,
1868 4108 2042 4161 ventis
2072 4107 2237 4162 vehe-

666 4200 931 4256 mentibus
957 4201 1239 4254 humanam
1273 4201 1431 4253 vitam
1464 4199 1802 4254 turbantibus
1825 4238 1839 4260 ,
1868 4199 2010 4254 vitiis
2056 4209 2235 4269 tyran-

668 4294 844 4347 uidem
875 4293 1245 4348 exercentibus
1267 4332 1282 4355 ,
1313 4292 1684 4361 immersisque
1713 4292 1980 4347 omnibus.
2030 4292 2235 4362 Ubique

666 4385 810 4438 enim
833 4382 1132 4447 fornicatio,
1154 4382 1470 4437 adulterium
1499 4390 1552 4436 et
1570 4382 1785 4436 lascivia
1807 4400 1820 4435 :
1842 4382 2035 4451 ubique
2063 4384 2237 4436 avari-

667 4476 760 4537 tia,
790 4474 1009 4543 rapinae,
1035 4472 1174 4529 bella
1210 4492 1221 4527 :
1254 4473 1470 4542 sanguis
1496 4471 1547 4525 iu
1574 4482 1733 4535 terra,
1759 4473 1973 4541 sanguis
2001 4474 2051 4525 iu
2078 4474 2232 4537 mari,

666 4565 882 4635 sanguis
903 4580 1088 4621 eorum
1118 4566 1207 4633 qui
1250 4563 1488 4618 immersi
1535 4561 1763 4627 fuerant,
1799 4572 1853 4617 et
1877 4564 2052 4619 credes
2102 4566 2236 4620 istuc

667 4656 952 4709 intulerant
982 4654 1119 4708 bella
1146 4653 1442 4723 frequentia
1470 4662 1523 4708 et
1545 4670 1765 4724 pngnm,
1798 4656 2086 4725 civilesque
2126 4673 2234 4712 cae-

661 4746 777 4807 des,
823 4742 1000 4797 cades
1044 4744 1256 4813 inquam
1307 4743 1554 4798 omnibus
1608 4745 2234 4803 exsecrabiliorcsutam

671 4836 832 4888 etiam
858 4832 950 4887 lilii
989 4833 1609 4903 idolisimmolabantnr;
1639 4845 1824 4889 natura
1870 4837 2231 4906 ignorabatur,

664 4925 911 4995 cognatio
942 4926 1311 4981 invertebatur
1344 4944 1356 4979 :
1392 4926 1583 4995 ubique
1631 4928 1921 4997 przecipitia
1954 4941 2000 4985 et
2030 4932 2230 4999 scopuli

663 5027 719 5071 et
746 5031 872 5071 saxa
904 5016 1118 5071 latentia
1146 5016 1363 5085 gratia;
1394 5026 1447 5073 et
1479 5017 1656 5073 nullus
1704 5018 1863 5072 homo
1909 5019 2234 5089 gubernator

576 5102 581 5107 “
664 5119 778 5163 erat
812 5126 824 5161 :
860 5109 968 5163 imo
996 5109 1377 5179 gubernatores
1410 5110 1560 5178 pauci
1610 5110 1660 5164 in
1692 5109 1998 5165 Judtcorum
2038 5122 2229 5181 gente;

667 5217 825 5257 nemo
855 5215 983 5255 vero
1005 5209 1117 5255 erat
1154 5202 1241 5270 qui
1282 5200 1522 5266 audiret,
1570 5202 1743 5256 nautis
1779 5201 1919 5257 inter
1963 5218 2022 5257 se
2052 5214 2233 5259 mutuo

663 5290 1106 5361 disceptantibus,
1140 5300 1192 5345 et
1217 5290 1387 5346 altero
1414 5292 1639 5346 alterum
1664 5294 2070 5348 concidentibus
2092 5307 2145 5350 et
2181 5298 2230 5351 iu

663 5398 810 5437 mare
866 5382 1339 5453 prmcipitantibus.
1394 5383 1603 5437 Etenim
1664 5383 1910 5455 Scytlire,
1956 5386 2229 5451 Thraces,

664 5473 850 5536 Mauri,
882 5473 1013 5536 Indi,
1044 5471 1241 5536 Persm,
1269 5472 1547 5539 Sarmatte,
1577 5484 1631 5529 et
1656 5476 1742 5545 qui
1774 5475 2032 5531 Graeciam
2064 5489 2117 5532 ct
2144 5480 2231 5548 qui

663 5563 882 5633 Epirum
908 5561 1229 5629 incolebant,
1268 5574 1320 5618 et
1345 5564 1519 5618 onmis
1547 5564 1657 5620 fere
1702 5582 1818 5635 qua:
1849 5570 1947 5621 sub
1984 5568 2117 5622 crclo
2152 5579 2233 5624 est

662 5664 822 5721 terra,
851 5655 1125 5710 dmmoncs
1154 5654 1403 5721 colebat,
1434 5666 1485 5711 ct
1512 5656 1579 5711 ab
1605 5659 1949 5714 cxsecrandis
1980 5660 2085 5713 illis
2120 5662 2229 5729 spi-

658 5747 849 5802 ritibus
879 5750 1054 5803 omnia
1098 5747 1598 5818 pessutudabantur,
1644 5751 1790 5819 regio
1832 5752 2053 5819 qumvis,
2107 5753 2231 5807 urbs

654 5850 708 5893 et
729 5840 1017 5908 desertum,
1044 5850 1182 5895 terra
1218 5848 1268 5893 ct
1295 5854 1457 5905 mare,
1490 5840 1727 5896 barbaria
1757 5851 1808 5895 ct
1830 5840 2051 5909 Grmcia,
2080 5860 2229 5900 mer

1448 444 1506 501 S.
1543 438 1817 511 JOANNlS
1854 432 2330 493 CllllYSOSTOMl
2369 432 2681 488 ARClllEP.
2724 430 3255 489 CUNSTANTINOP.
3856 427 3941 481 Siti

2392 556 2492 609 tes,
2545 545 2714 602 saltus
2760 557 2815 603 et
2866 548 3068 603 colles:
3101 564 3203 603 una
3256 547 3565 605 Judmorttm
3621 548 3794 608 natio,
3842 563 3939 615 quae

2386 635 2635 706 pietatem
2684 638 2875 692 sectari
2931 638 3249 703 videbatur,
3302 637 3593 710 prophetas
3639 636 3862 691 habebat
3898 650 3941 691 rt

2383 726 2578 784 divinae
2608 729 2930 797 cognitionis
2958 744 3119 799 parva
3157 729 3405 795 semina;
3450 745 3635 783 verum
3681 730 3767 783 illa
3811 731 3939 796 lapsu

2382 819 2637 889 temporis
2666 820 2853 873 obruta
2881 832 3055 887 erant,
3081 830 3137 877 et
3162 820 3415 877 doctores
3444 822 3617 893 gentis
3640 821 3779 874 illius
3804 836 3941 873 arru-

2379 918 2585 966 satores
2609 912 2787 967 acerbi
2819 923 3156 983 peccatorum
3188 913 3292 967 illis
3316 912 3440 969 facti
3468 924 3625 976 sunt;
3655 929 3716 966 ae
3761 914 3937 968 nedum

2378 1002 2513 1059 alios
2566 1004 2843 1060 erudirent
2900 1015 2955 1061 et
3008 1004 3077 1060 ad
3140 1006 3392 1076 pietatem
3460 1006 3837 1068 instituerent,
3894 1017 3939 1055 ut

2378 1094 2540 1148 etiam
2593 1096 2711 1149 aliis
2760 1096 3081 1151 olfuidiculo
3113 1105 3239 1151 tunc
3283 1107 3457 1152 erant.
3506 1097 3572 1151 Et
3619 1099 3717 1151 hoc
3772 1096 3937 1151 dcc'a-

2376 1199 2505 1239 rans
2550 1186 2811 1257 propheta
2858 1186 3115 1243 dicebat:
3151 1188 3372 1258 Propter
3422 1206 3509 1243 vos
3571 1206 3750 1243 nomen
3794 1206 3935 1241 mrum

2374 1276 2754 1343 blasphematur
2815 1278 2869 1332 in
2931 1280 3160 1350 gentibus
3223 1280 3394 1351 (hei.
3452 1281 3541 1337 52.
3586 1282 3639 1338 5.
3685 1281 3836 1335 Rom.
3889 1280 3930 1332 Ξ,

2369 1366 2499 1439 ει).

2439 1459 2491 1513 3.
2533 1459 2812 1527 Quomodo
2856 1478 3018 1533 ergo,
3052 1478 3174 1518 cum
3214 1473 3293 1518 tot
3320 1465 3456 1518 mala
3486 1465 3672 1520 orbem
3703 1478 3930 1530 occupa.

2367 1561 2513 1615 rent,
2545 1567 2606 1608 ac
2629 1554 2865 1608 nondum
2895 1556 3097 1609 semina
3120 1556 3263 1625 jacta
3294 1555 3513 1610 fuissent
3542 1556 3779 1625 (ubique
3804 1556 3932 1608 enim

2366 1644 2555 1710 spinze,
2591 1645 2792 1708 tribuli,
2842 1645 3023 1699 herba:
3066 1646 3286 1714 nosim),
3338 1646 3575 1700 nonduin
3656 1659 3928 1715 cxpvtrga'a

2368 1744 2541 1800 terra,
2576 1751 2748 1806 neque
2790 1747 2969 1792 aratro
3018 1738 3254 1792 admisso
3284 1738 3539 1808 nulloque
3566 1738 3711 1792 sulco
3764 1738 3926 1789 farto:

2363 1825 2631 1895 quomodo
2650 1868 2664 1892 ,
2696 1827 2912 1897 inquam
2935 1869 2948 1890 ,
2980 1829 3045 1882 tie,
3073 1843 3249 1883 messe
3276 1828 3511 1897 loquitur
3541 1839 3593 1880 et
3620 1829 3766 1890 dicit,
3805 1827 3929 1879 stu--

2362 1918 2431 1971 sis
2456 1918 2611 1971 multa
2632 1919 2657 1971 ἵ
2678 1928 2735 1974 et
2764 1914 2862 1973 cur
2893 1921 2970 1974 sic
2985 1920 3329 1990 Evangelium
3379 1921 3578 1973 vocat?
3606 1921 3757 1973 (Zur?
3800 1920 3930 1985 Qu»-

2362 2009 2502 2061 niam
2532 2026 2619 2065 res
2659 2011 2729 2064 ita
2752 2012 3029 2080 disposita:
3060 2022 3243 2075 erant,
3292 2022 3345 2067 et
3388 2012 3649 2065 missurus
3701 2022 3819 2065 erat
3873 2012 3926 2062 il-

2362 2100 2443 2157 los
2494 2118 2587 2169 per
2646 2110 2815 2157 totum
2857 2106 3074 2169 orbem;
3110 2105 3395 2160 verisimile
3433 2114 3610 2159 autem
3654 2116 3770 2160 erat
3820 2104 3928 2158 illos

2364 2192 2604 2248 turbatos
2644 2193 2851 2259 fuisse,
2901 2206 2954 2249 et
2998 2210 3179 2251 secum
3224 2198 3555 2267 reputavisse
3602 2213 3661 2251 ac
3696 2196 3927 2251 dixisse:

2360 2282 2638 2349 Quomodo
2663 2300 2790 2340 vero
2818 2285 2931 2339 fieri
2974 2294 3185 2357 potest,
3216 2302 3337 2342 cum
3360 2288 3608 2342 undecim
3640 2297 3841 2342 tantum
3866 2290 3927 2339 si-

2358 2386 2477 2427 mus
2506 2374 2523 2441 (
2554 2390 2689 2427 unus
2725 2376 2867 2428 enim
2901 2391 2927 2428 τι
2960 2376 3175 2431 diabolo
3206 2387 3395 2445 captus
3422 2379 3578 2446 est),
3615 2378 3805 2432 idiotas
3828 2418 3843 2443 ,
3876 2380 3927 2430 il-

2357 2462 2594 2517 literatus
2616 2506 2630 2527 ,
2656 2482 2937 2535 pauperes,
2966 2468 3249 2534 obscuros,
3282 2469 3454 2523 nudos
3476 2510 3490 2534 ,
3519 2486 3677 2523 uuam
3705 2473 3925 2524 tunicam

2359 2554 2613 2611 habentes
2633 2599 2647 2619 ,
2682 2558 2975 2626 nudipech
2998 2601 3012 2622 ,
3050 2576 3158 2613 nou
3192 2575 3380 2614 zonam
3401 2600 3416 2625 ,
3447 2576 3552 2615 non
3581 2562 3805 2630 virgam,
3831 2578 3924 2613 non

2356 2647 2570 2701 obolum
2631 2649 2898 2713 ferentes,
2956 2659 3012 2703 ttt
3074 2660 3243 2704 totum
3308 2651 3564 2705 mundum
3625 2668 3926 2721 percurrere

2355 2740 2625 2793 valeamus
2666 2741 2743 2795 sic
2772 2740 3088 2809 dispositum
3117 2783 3130 2806 ,
3180 2743 3460 2813 ipsumque
3506 2759 3534 2796 a
3586 2744 3749 2798 veteri
3801 2760 3922 2798 con-

2352 2828 2633 2883 suctudine
2694 2830 2957 2895 avellere,
3020 2842 3075 2885 et
3118 2830 3185 2885 ad
3233 2834 3357 2888 novi
3416 2832 3745 2888 Testamenti
3798 2834 3923 2901 dog-

2352 2927 2492 2973 mata
2523 2920 2774 2975 indueere
2793 2964 2807 2988 ,
2853 2930 2907 2976 ct
2950 2924 3283 2993 peregrinam
3313 2924 3599 2994 quamdam
3630 2925 3919 2981 doctrinam

2350 3013 2620 3068 inculcare
2640 3014 2663 3065 i
2682 3014 3020 3083 quandOuam
3044 3018 3225 3085 spinas
3246 3018 3540 3074 avellemus
3556 3020 3580 3073 ?
3597 3021 3920 3089 quandonam

2349 3104 2552 3158 semina
2590 3105 2885 3173 iaciemus?
2911 3107 3125 3176 quando
3161 3117 3392 3162 mentem
3423 3123 3611 3164 eorum
3659 3120 3714 3165 ut
3744 3127 3920 3183 agrum

2348 3194 2623 3248 colemus?
2647 3194 2859 3264 quando
2886 3196 3137 3252 reddetur
3153 3198 3511 3269 semen‘lquis
3537 3216 3636 3255 nos
3660 3217 3763 3256 non
3790 3203 3922 3256 abri-

2349 3284 2493 3354 piet?
2514 3285 2633 3354 quis
2660 3300 2762 3339 non
2793 3301 2887 3355 per
2912 3288 3201 3358 praecipitia
3229 3289 3374 3344 dabit
3394 3290 3418 3343 τ
3438 3292 3709 3361 quomodo
3734 3292 3921 3363 poteri-

2347 3389 2464 3428 mus
2491 3374 2572 3428 vel
2597 3390 2656 3428 os
2684 3376 2917 3443 aperire,
2948 3387 3113 3442 stare,
3134 3378 3431 3448 disputare,
3463 3396 3780 3452 comparere
3806 3395 3920 3437 ante

2346 3474 2425 3519 tot
2464 3464 2632 3519 millia
2664 3466 2975 3522 hominum?
3014 3470 3283 3540 quomodo
3315 3478 3664 3543 tyrannorum
3695 3475 3919 3529 furorem

2345 3555 2792 3625 comprimcmus,
2821 3560 3151 3628 populorum
3191 3563 3642 3627 insurrectiones,
3677 3564 3918 3634 philoso-

2344 3641 2581 3711 phorum
2612 3648 3119 3713 argumentationes
3139 3690 3152 3713 ,
3188 3650 3469 3706 rhetorum
3512 3653 3918 3723 eloquentiam.

2344 3734 2684 3803 prtejudicati
2716 3736 2885 3791 animi
2907 3741 3269 3808 tyrannidem,
3292 3745 3491 3798 veteris
3512 3746 3920 3801 consuetudinis

2344 3824 2795 3888 vim,dtemonum
2812 3828 3276 3891 insidias.animas
3292 3835 3437 3888 mille
3455 3837 3919 3893 morbisal’l‘eetas?

2343 3932 2443 3972 nos
2473 3916 2631 3988 igitur
2660 3918 2944 3987 undecim,
2971 3921 3241 3991 quomodo
3270 3938 3460 3980 omnes
3492 3926 3580 3995 qui
3615 3941 3710 3995 per
3738 3928 3916 3981 orbem

2341 4017 2465 4061 sunt
2510 4008 2873 4078 corrigemus,
2920 4010 3099 4066 idiota:
3142 4013 3446 4082 sapientes,
3485 4016 3610 4069 nudi
3656 4028 3915 4081 armatos,

2341 4101 2539 4155 subditi
2574 4101 2863 4171 principes,
2888 4104 2978 4172 qui
3010 4119 3171 4159 uuam
3204 4114 3447 4161 tenemus
3470 4107 3705 4178 linguam
3734 4112 3919 4165 adu-ra

2339 4207 2430 4247 sus
2458 4193 2765 4248 innumeras
2791 4194 2999 4264 linguas
3025 4196 3360 4267 disputantes
3380 4241 3394 4263 ,
3429 4212 3482 4255 et
3513 4203 3774 4259 adversus
3799 4222 3919 4277 geu-

2342 4295 2421 4339 tes
2452 4285 2703 4339 barbaras
2732 4283 3064 4356 diversaeque
3094 4286 3459 4360 lingumiquis
3482 4307 3586 4345 non
3614 4293 3771 4361 feret,
3793 4313 3921 4367 quo.

2340 4392 2458 4432 rum
2496 4394 2563 4432 ne
2605 4377 2819 4445 quidem
2851 4378 3089 4448 linguam
3122 4380 3423 4453 intelligere
3453 4386 3668 4454 possit?
3712 4403 3780 4443 ne
3827 4389 3919 4444 hoc

2339 4484 2519 4524 secum
2570 4478 2879 4539 reputantes
2919 4473 3278 4540 turbarentur,
3314 4476 3661 4547 Evangelium
3694 4496 3916 4537 messem

2338 4560 2658 4628 appellavit;
2691 4574 2755 4615 ac
2784 4562 2827 4615 si
2862 4559 3069 4617 diceret
3099 4562 3329 4618 :Omuia
3354 4577 3607 4637 apparata
3630 4582 3775 4637 sunt,
3807 4588 3918 4627 om-

2342 4654 2425 4706 nia
2455 4652 2696 4707 ordinata
2720 4669 2737 4707 :
2762 4653 2827 4709 ad
2856 4664 3094 4724 paratam
3120 4671 3217 4711 vos
3245 4654 3515 4714 fruetuum
3543 4662 3917 4721 collectionem

2339 4745 2492 4798 mitto
2522 4760 2535 4795 :
2570 4742 2759 4798 eodem
2805 4743 2921 4815 ipso
2948 4744 3037 4801 die
3062 4756 3115 4801 et
3141 4748 3411 4803 seminare
3440 4760 3493 4805 et
3534 4761 3743 4810 metere
3776 4766 3920 4825 pote-

2339 4835 2474 4889 ritis.
2498 4834 2649 4889 Sicut
2679 4834 2838 4905 igitur
2878 4838 3112 4906 agricola
3143 4837 3210 4894 ad
3238 4855 3469 4895 messem
3513 4844 3703 4913 exiens
3730 4850 3918 4917 gaudet

2340 4934 2393 4982 et
2421 4927 2573 4981 Imtus
2602 4926 2868 4993 exsultat,
2902 4928 3115 4984 labores
3148 4940 3202 4985 et
3235 4929 3581 4989 difficultates
3610 4952 3717 4991 non
3748 4942 3919 4994 consi-

2340 5018 2533 5072 drraus
2556 5058 2572 5081 ,
2600 5016 2694 5072 sed
2725 5018 2877 5086 quasi
2907 5019 2973 5073 ad
3000 5030 3316 5090 proventum
3349 5035 3596 5093 paratum
3622 5027 3882 5085 festinans
3906 5074 3916 5088 .

2337 5121 2391 5165 et
2421 5110 2483 5164 ad
2514 5125 2720 5165 annuos
2777 5111 2978 5166 fructus
3021 5128 3276 5178 currens,
3307 5125 3361 5170 ct
3411 5119 3542 5173 nihil
3572 5131 3656 5175 est
3689 5122 3788 5192 ipsi
3838 5127 3919 5177 im-

2339 5203 2629 5272 pedimenti
2678 5203 2756 5257 vel
2794 5202 2983 5269 obicis,
3025 5205 3165 5260 nulla
3214 5205 3377 5262 futuri
3424 5209 3785 5280 iuccrlitudo;
3821 5233 3918 5270 non

2340 5295 2540 5349 imbres
2559 5337 2572 5359 ,
2602 5294 2922 5365 grandines,
2954 5296 3168 5352 siccitas
3193 5341 3205 5363 ,
3238 5315 3343 5355 non
3372 5302 3544 5357 malus
3573 5304 3664 5360 ille
3690 5305 3917 5363 locusta-

2338 5405 2451 5443 rmn
2504 5389 2777 5443 exercitus
2809 5406 2821 5440 :
2850 5405 2969 5443 nam
3003 5392 3092 5461 qui
3140 5394 3302 5447 messi
3348 5392 3438 5447 dat
3492 5410 3745 5465 operam,
3795 5403 3917 5456 nihil

2338 5480 2444 5532 tale
2496 5479 2828 5548 suspicatur;
2886 5480 3007 5535 ideo
3066 5482 3293 5538 choreas
3338 5496 3593 5555 agentes,
3654 5496 3916 5549 exsultan-

2342 5578 2422 5622 tes
2450 5610 2463 5633 ,
2520 5570 2791 5625 laboribus
2847 5572 3162 5628 incumbunt
3205 5594 3218 5631 :
3272 5575 3344 5631 ita
3388 5586 3442 5632 et
3484 5595 3601 5647 vos,
3647 5584 3755 5638 iino
3803 5601 3916 5641 cum

2341 5659 2527 5726 majori
2556 5660 2828 5730 voluptate
2871 5663 2921 5717 in
2956 5665 3138 5720 orbem
3168 5668 3317 5723 exire
3345 5684 3564 5726 necesse
3599 5684 3703 5730 est.
3740 5676 3919 5734 Mess'w

2340 5753 2482 5807 enim
2510 5764 2590 5809 est
2622 5771 2707 5809 res
2748 5757 2890 5811 istam
2913 5798 2927 5821 ,
2959 5759 3149 5813 messis
3191 5761 3410 5815 multam
3455 5762 3658 5819 habens
3704 5768 3916 5824 facill-

2344 5859 2479 5906 tem.
2531 5870 2557 5903 τε
2586 5854 2717 5907 regis
2744 5869 2861 5921 qum
2905 5863 3111 5923 paratas
3162 5853 3313 5909 vobis
3356 5868 3616 5913 monstrat
3658 5875 3873 5934 segetis
