4068 6416
115 389 207 450 5.21

120 511 255 576 inqui
304 507 497 564 solum
547 510 794 571 oportet,
863 512 983 551 non
1012 494 1280 549 laborare.
1324 489 1544 547 Fuenori
1605 486 1730 542 date

120 601 242 653 mihi
303 600 601 668 linguam,
665 592 871 661 inquit,
927 597 982 643 et
1034 584 1282 641 videbitis
1329 582 1559 638 fructum
1614 594 1726 632 nta-

122 702 291 744 turtuu
327 690 384 743 in
429 688 581 757 regia
612 685 807 739 horrea
860 670 1157 735 inductum.
1207 677 1330 731 Ideo
1362 677 1578 729 mittens
1609 671 1729 724 illos

120 792 298 852 [antea
327 821 343 845 ,
392 779 618 835 dicebat
660 792 673 831 :
716 775 850 830 Ecce
897 790 990 845 ego
1039 772 1293 825 vobiscum
1338 784 1451 821 sum
1496 766 1728 820 omnibus

120 878 293 929 dtebus
318 890 491 943 usque
516 871 585 925 ad
617 868 1101 925 consummationem
1138 863 1316 918 ateculi
1370 860 1603 934 (Matth.
1632 857 1724 912 28.

118 966 225 1035 20).
257 964 383 1034 Ipse
415 964 567 1020 enim
598 971 715 1018 erat
739 960 827 1029 qui
859 957 1097 1015 difﬁcilia
1124 954 1299 1009 facilia
1345 951 1640 1014 reddebat,
1675 958 1731 1002 ct

120 1059 257 1127 quod
292 1056 569 1129 prapheta
611 1053 856 1119 dicebat,
892 1051 1001 1122 Ego
1036 1056 1155 1103 ante
1182 1058 1229 1107 te
1260 1048 1422 1111 vado,
1453 1053 1503 1099 et
1537 1050 1731 1097 montes

120 1150 469 1219 rutnplanabo
493 1146 648 1216 (I'sai.
673 1147 763 1202 45.
781 1144 869 1215 2);
891 1143 1007 1197 haec
1029 1139 1288 1211 apostolis
1306 1135 1547 1193 sensibili
1569 1132 1730 1187 modo

122 1242 476 1311 contigerunt
504 1258 517 1293 :
548 1239 771 1308 przeibat
800 1235 902 1289 illis
945 1233 1191 1290 Christus
1211 1272 1227 1298 ,
1258 1238 1315 1285 et
1341 1232 1483 1282 viatn
1518 1226 1730 1280 facilem

121 1332 407 1387 reddebat.
440 1331 559 1386 Hoc
584 1339 638 1385 et
660 1342 886 1397 magnus
914 1326 1005 1381 ille
1032 1338 1213 1396 praeco
1235 1321 1401 1377 Isaias
1423 1317 1732 1390 signiﬁcans

123 1426 331 1480 dicebat
366 1444 381 1478 :
432 1424 618 1477 Omnia
658 1422 803 1475 callis
847 1418 1159 1487 implebitur,
1202 1426 1247 1469 et
1289 1415 1453 1468 omnis
1499 1429 1643 1466 mons
1685 1421 1732 1466 et

122 1518 262 1569 collis
296 1514 666 1568 Itnrttiliabitur
689 1511 851 1583 (lani.
882 1512 972 1566 40.
1004 1510 1062 1579 ι)
1088 1528 1101 1562 :
1128 1523 1235 1563 non
1268 1506 1338 1561 de
1378 1504 1652 1559 montibus
1678 1510 1733 1558 et

122 1610 347 1664 COiiibllS
376 1609 649 1677 lnquens;
683 1619 856 1674 neque
883 1603 1025 1659 enim
1049 1601 1151 1657 hoc
1179 1599 1433 1670 contigit;
1458 1595 1551 1653 scd
1578 1612 1731 1651 arro-

124 1710 306 1769 gantes
328 1744 343 1767 ,
377 1699 604 1754 inflatos
633 1707 687 1753 et
714 1696 881 1751 altum
926 1692 1198 1764 sapientes
1226 1690 1489 1746 montium
1516 1687 1732 1743 nomine

124 1793 342 1847 iudicat.
361 1790 573 1845 Verum
595 1802 785 1843 omnes
806 1787 1051 1843 Christus
1070 1782 1396 1847 humiliavit,
1431 1779 1733 1834 humilitate

124 1899 236 1952 qua:
252 1881 598 1937 sublimitate
626 1880 779 1949 plena
793 1884 971 1944 est,et
994 1884 1205 1930 montes
1232 1870 1507 1943 planitiem
1522 1867 1728 1925 eﬁ‘ecit:

127 1975 197 2027 sic
222 1983 409 2027 autem
435 1980 595 2027 vocat
617 1977 955 2039 arrogantes,
974 1983 1081 2022 non
1108 1975 1326 2037 prOpter
1348 1963 1729 2018 sublimitatem

129 2067 319 2122 utentis
353 2066 577 2120 illorum
598 2108 611 2131 ,
647 2063 743 2118 sed
776 2071 996 2134 propter
1037 2061 1424 2115 infructuosam
1470 2072 1732 2126 arrogan-

129 2160 285 2221 tiam,
319 2169 376 2214 ct
427 2158 773 2214 sterilitatem
808 2156 1037 2220 animm,
1087 2162 1247 2222 atque
1295 2165 1606 2206 sermonum
1652 2150 1731 2203 in-

132 2254 565 2307 sensibilitatem.
608 2248 1071 2317 Quemadmodum
1119 2248 1259 2302 enim
1300 2260 1457 2299 mons
1499 2245 1731 2299 fructum

130 2362 230 2399 nun
259 2345 477 2409 tulerit,
505 2344 583 2399 sic
615 2358 789 2413 neque
820 2339 1158 2412 arrogantia:
1186 2340 1294 2392 imo
1319 2352 1449 2393 vero
1480 2351 1585 2391 non
1612 2335 1689 2390 sic
1713 2376 1729 2399 ,

132 2439 218 2491 Sed
252 2438 430 2492 multo
458 2437 698 2508 gravius.
732 2435 884 2490 Mons
911 2434 1054 2489 enim
1088 2448 1191 2487 non
1236 2430 1469 2485 fructum
1514 2430 1729 2493 tulerit;

134 2530 442 2601 atrogantia
474 2546 604 2585 vero
636 2545 743 2584 non
770 2528 946 2583 solum
980 2542 1086 2580 non
1112 2525 1204 2580 dat
1243 2523 1474 2578 fraetum
1495 2562 1509 2585 ,
1545 2521 1641 2576 sed
1670 2520 1736 2574 il-

139 2623 239 2675 lum
276 2623 365 2693 qui
396 2622 614 2677 exsistit
645 2630 697 2675 ut
726 2626 1022 2675 marcescat
1049 2615 1234 2681 efﬁcit,
1265 2626 1317 2669 et
1339 2614 1732 2684 germinantem

136 2714 366 2768 exsiccat
392 2732 405 2767 :
429 2714 574 2768 sicut
603 2728 634 2767 e
662 2710 933 2767 contrario
958 2708 1235 2762 humilitas
1265 2723 1370 2761 nun
1401 2706 1561 2763 modo
1584 2706 1733 2759 illum

141 2804 220 2871 qui
250 2814 428 2859 exstat
460 2805 695 2860 fructum
724 2802 891 2871 fovet,
921 2803 1013 2858 sed
1034 2803 1194 2857 etiam
1219 2815 1343 2854 eum
1375 2799 1463 2869 qui
1491 2814 1593 2852 non
1618 2805 1735 2852 erat

136 2896 347 2965 gignere
368 2898 535 2953 solet.

206 2988 256 3041 Δ.
298 2979 509 3044 Eorum
576 3003 707 3043 vero
749 3002 869 3057 qua:
937 2986 1174 3041 diximus
1238 2984 1487 3053 exempla
1540 2996 1733 3050 magna

141 3087 256 3133 sunt
286 3080 595 3150 pharisarus
629 3088 683 3134 et
713 3079 1048 3150 publicanus.
1101 3078 1194 3132 Ille
1236 3075 1380 3132 enim
1429 3089 1551 3129 cum
1584 3088 1734 3127 arru-

144 3171 309 3237 gantia
354 3171 699 3234 ascendens,
761 3185 870 3224 non
925 3170 1086 3224 modo
1123 3184 1229 3223 non
1288 3167 1515 3222 fructum
1575 3179 1737 3234 pepe—

146 3266 209 3314 rit
227 3304 240 3325 ,
270 3263 364 3318 sed
387 3264 556 3318 etiam
583 3262 727 3334 quod
756 3262 892 3333 frugi
916 3262 1092 3317 iuerat
1116 3260 1353 3330 perdidit
1377 3277 1389 3313 :
1417 3258 1736 3330 publicanus

151 3368 307 3423 vero,
333 3372 541 3413 vacuus
567 3372 688 3411 cum
728 3366 873 3411 esset
913 3363 971 3411 et
994 3354 1129 3409 nihil
1158 3354 1285 3410 boni
1312 3354 1563 3417 haberet,
1600 3368 1739 3422 prce-

147 3445 341 3503 clarum
380 3466 520 3522 opus
545 3450 647 3506 sibi
678 3449 995 3520 fecitzquia
1041 3450 1184 3505 enim
1234 3449 1409 3503 solum
1457 3446 1736 3517 ingemuit,

150 3546 200 3592 ct
226 3540 479 3599 inclinato
508 3544 684 3614 capite
709 3558 771 3600 se
801 3543 1058 3598 miserum
1090 3541 1424 3612 pra-dicavit,
1456 3538 1740 3595 descendit

151 3632 308 3687 multa
337 3635 532 3703 plenus
571 3636 817 3704 iustitia,
865 3644 922 3690 et
963 3635 1016 3690 in
1050 3634 1153 3689 hoc
1197 3632 1521 3704 pharisteum
1572 3646 1735 3703 supe-

153 3735 287 3777 rans.
318 3724 594 3785 titantem
628 3725 682 3779 id
707 3741 774 3781 ex
810 3726 941 3795 ipsis
972 3726 1133 3781 rebus
1154 3724 1381 3781 videatis
1400 3766 1413 3787 .
1447 3733 1501 3779 et
1534 3724 1584 3778 in
1613 3738 1740 3778 cer-

154 3811 216 3865 tis
262 3818 510 3883 personis
557 3818 908 3887 conspiciatis
950 3818 1038 3872 ubi
1080 3827 1351 3877 montem,
1399 3815 1490 3871 ubi
1541 3816 1735 3870 collem

154 3901 388 3962 Christus
419 3908 760 3975 humiliarit,
809 3908 1034 3963 Paulum
1074 3924 1261 3962 rursus
1289 3908 1504 3961 inducat
1533 3920 1736 3962 sermo.

158 3991 245 4050 llic
268 3999 410 4055 enim
444 4002 804 4058 tentoriorum
836 4002 1028 4057 artifex
1060 4004 1210 4073 (nam
1244 4002 1473 4057 libenter
1501 4001 1619 4071 ejus
1647 4015 1737 4055 ar-

158 4091 258 4139 tem
286 4104 429 4159 sape
476 4108 750 4160 memoro,
797 4103 854 4148 ut
893 4094 1071 4148 discas
1122 4103 1295 4148 artem
1328 4109 1436 4148 non
1482 4092 1736 4149 dedecori

157 4188 305 4260 esse.
331 4181 424 4236 sed
453 4184 624 4239 otium
670 4192 725 4238 et
764 4186 1163 4239 accusationem
1196 4194 1250 4240 et
1278 4186 1483 4240 crimen
1525 4183 1689 4255 esse)
1721 4200 1736 4240 :

160 4263 238 4321 hic
260 4268 434 4342 itaque
464 4275 661 4332 Paulus
689 4290 810 4329 cum
838 4276 1110 4331 Salamine
1141 4286 1318 4340 esset,
1352 4291 1473 4330 cum
1509 4291 1741 4345 procon-

160 4359 264 4413 sule
289 4366 517 4432 quodam
557 4377 614 4422 et
657 4368 817 4423 simul
862 4384 984 4424 cum
1025 4384 1182 4439 mago
1224 4371 1491 4441 colloquia
1526 4369 1729 4426 habuit.

162 4448 348 4521 ltuplex
374 4470 491 4515 erat
528 4460 903 4531 przecipitium,
963 4463 1270 4532 arrogantia
1322 4478 1352 4516 a
1409 4463 1736 4534 principatu,

161 4549 210 4591 et
231 4542 462 4605 doctrina
493 4566 525 4606 a
550 4567 725 4622 mago.
758 4552 827 4608 Et
853 4554 975 4623 quia
1008 4554 1225 4609 videbat
1252 4554 1643 4610 exsecrandam
1675 4556 1739 4609 il-

162 4627 255 4686 lam
289 4646 341 4691 et
370 4641 738 4713 impudentem
789 4646 985 4704 feranr:
1015 4647 1319 4715 proconsuli
1354 4646 1740 4717 impedimento

162 4732 271 4777 esse
291 4766 303 4789 .
330 4740 381 4784 et
406 4733 706 4790 doctrinam
734 4750 888 4791 suam
915 4738 1259 4808 intercipere,
1288 4739 1409 4793 audi
1439 4740 1567 4809 quid
1592 4740 1739 4797 dicat

165 4811 336 4873 lvlenus
363 4823 567 4894 Spiritu
590 4838 781 4882 saneto
806 4846 819 4882 :
854 4829 898 4884 0
921 4831 1068 4902 plene
1094 4832 1232 4884 omni
1259 4832 1377 4884 dolo
1408 4841 1453 4885 et
1476 4834 1613 4886 omni
1636 4834 1740 4904 fal-

165 4904 301 4998 ldft'a,
324 4916 393 4980 ﬁli
411 4919 602 4975 diaboli
635 4922 771 4994 (Act.
798 4924 884 4979 15.
907 4924 959 4979 9.
982 4925 1089 4998 l0).
1111 4925 1225 4979 Non
1243 4928 1384 4980 enim
1411 4930 1735 4983 contumelia

164 4994 364 5059 allicere
385 5024 599 5081 semper
629 5014 827 5068 malum
856 5024 958 5079 est,
984 5018 1077 5071 sed
1100 5018 1217 5073 sine
1233 5033 1391 5073 causa
1411 5021 1736 5075 contumelia

165 5084 361 5151 a“icere
382 5115 396 5152 :
414 5098 540 5157 huic
567 5102 711 5157 enim
738 5117 959 5175 peccato
996 5110 1319 5179 supplicium
1346 5111 1552 5167 addixit
1572 5112 1732 5169 Chri-

163 5188 266 5280 stus
334 5203 451 5248 cum
471 5207 660 5252 contra
678 5241 692 5264 ,
718 5200 761 5253 si
786 5201 907 5271 quis
936 5213 1113 5258 autem
1139 5207 1458 5276 congruenti
1488 5216 1735 5280 tempore

166 5268 256 5329 hoc
283 5278 418 5353 facit,
455 5288 724 5345 medicum
757 5268 1017 5361 imitatur,
1050 5296 1138 5366 qui
1161 5268 1465 5367 appet-iuno
1493 5268 1736 5372 tempore

164 5377 315 5438 θεαί.
346 5386 397 5431 et
438 5384 681 5439 sectione
723 5387 928 5442 saniem
968 5387 1136 5458 ejicit.
1187 5391 1299 5447 lloc
1325 5393 1484 5463 igitur
1530 5396 1732 5454 Paulus

374 5470 493 5531 facit
522 5495 534 5530 :
557 5476 611 5531 Ν
616 5495 683 5532 οη
709 5478 898 5534 desinis
923 5495 1139 5537 evertere
1162 5486 1266 5539 vias
1289 5485 1499 5543 Domini
1523 5492 1731 5545 rectas?

275 5564 421 5655 "Orba
449 5580 533 5624 tua
560 5586 666 5626 non
690 5575 964 5641 sustinuit,
983 5592 1015 5631 ο
1034 5577 1194 5632 Paule
1228 5597 1240 5632 :
1271 5580 1410 5637 infer
1437 5583 1727 5655 quemdam

169 5641 499 5748 >jllogismum
545 5666 939 5735 apostolicum,
974 5680 1157 5725 averte
1203 5641 1471 5743 linguam:
1516 5693 1578 5732 os
1608 5677 1726 5748 ejus

172 5727 382 5834 Idistruc,
415 5755 578 5811 malus
608 5754 785 5810 ﬂuxus
815 5760 962 5814 siste.
990 5762 1126 5827 Quid
1153 5727 1309 5834 igitur
1339 5727 1509 5823 facit?
1537 5727 1727 5827 Osten-

172 5822 282 5883 tiCDS
317 5851 411 5895 non
441 5860 623 5903 mutu
674 5848 918 5908 homines
966 5856 998 5925 ιι
1021 5856 1063 5911 si
1095 5856 1289 5915 bellum
1324 5878 1478 5931 eme,
1513 5866 1620 5935 ait,
1656 5867 1724 5921 Et

842 380 889 436 Ι
932 375 1234 441 ιιοιιιιιΑ,
1277 373 1341 429 IN
1385 368 1614 437 lLLUD,
1658 368 1732 424 Ml

1840 367 1899 424 lS
1940 367 2203 437 ρυιυειι
2243 368 2503 437 ιιυιτΑ,
2546 370 2698 427 ETC.

3330 371 3437 430 5‘22

1838 500 1971 538 nunc
2008 501 2121 538 ecce
2147 502 2328 540 manus
2360 485 2574 540 Domini
2658 502 2809 556 super
2851 498 2899 542 te
2943 485 3191 557 (Act.'l3.
3224 507 3276 544 υ.
3316 492 3372 544 ll
3394 511 3427 554 ι.

1838 578 1953 646 Ipse
1984 578 2125 632 enim
2154 578 2242 634 ille
2269 579 2359 648 qui
2382 579 2535 647 dixit,
2572 578 2839 636 Vobiscum
2859 599 2973 637 sum
2995 586 3229 639 omnibus
3252 584 3431 639 diebus

1838 669 2052 737 (Matth.
2077 671 2167 726 28.
2200 671 2329 739 20),
2361 685 2487 728 tunc
2516 674 2686 729 Paulo
2712 675 2932 740 aderat,
2963 684 3018 729 et
3045 676 3435 745 hancAposto—

1833 762 1916 816 lus
1948 764 2150 820 habens
2181 766 2629 835 promissionem,
2665 767 2882 823 invocat
2911 768 3059 822 illum
3093 776 3148 822 et
3176 779 3430 838 precatur

1836 866 1893 910 ut
1924 856 2114 911 vindex
2167 857 2267 923 sit,
2298 866 2357 912 ut
2388 858 2525 914 ferat
2552 874 2708 928 Opem
2738 867 2805 913 et'
2835 859 3216 929 impedimenta
3256 861 3429 918 tollat.

1836 948 1903 1003 Et
1935 968 2072 1005 nunc
2101 968 2213 1006 ecce
2254 968 2436 1006 manus
2468 951 2673 1005 Domini
2706 969 2862 1022 super
2892 964 2959 1007 te.
2988 953 3195 1021 Quanta
3225 954 3435 1012 Christi

1834 1043 2216 1112 attemperatio
2244 1030 2261 1096 ε’
2289 1052 2487 1113 quanta
2530 1043 2675 1097 Pauli
2716 1043 2910 1101 fiducia
2943 1044 2956 1098 !
2989 1045 3262 1113 quomodo
3302 1060 3430 1101 sen—

1838 1138 2056 1193 tentiam
2076 1136 2297 1193 ferendo
2315 1137 2522 1207 plagam
2548 1136 2729 1203 infert,
2748 1148 2798 1192 et
2817 1136 3067 1192 Christus
3082 1123 3262 1192 statim
3286 1140 3434 1193 dicto

1836 1228 2070 1283 annuit?
2096 1228 2233 1294 Quid
2263 1238 2368 1294 ειμι,
2397 1228 2585 1281 Manus
2619 1228 2866 1282 Domini?
2894 1228 2985 1283 Vis
3010 1232 3287 1285 contraria
3310 1248 3406 1299 per

1834 1325 2063 1379 cutiens.
2099 1321 2232 1392 ipsis
2273 1324 2416 1377 enim
2451 1324 2646 1393 ubique
2674 1323 2898 1387 aderat,
2944 1334 3174 1394 paratus.
3216 1325 3283 1379 ad
3335 1324 3437 1380 ob.-

1835 1415 2190 1487 sequendutn,
2242 1426 2295 1469 et
2336 1429 2566 1469 messem
2600 1415 2704 1469 illis
2750 1416 3027 1485 negotium
3061 1417 3298 1483 faciens,
3330 1434 3437 1472 non

1835 1503 2020 1565 sitiens
2053 1523 2147 1563 eos
2198 1507 2448 1562 laborare
2492 1518 2585 1561 aut
2630 1508 2811 1561 vexari
2839 1550 2850 1568 ,
2897 1509 2993 1563 sed
3040 1523 3135 1562 sua
3180 1507 3437 1563 aﬂ'era-us.

1837 1600 1904 1655 Et
1933 1601 2066 1655 stetit
2090 1616 2255 1654 aecus
2274 1640 2289 1665 ,
2318 1616 2420 1653 non
2443 1600 2617 1654 videns
2662 1600 2731 1653 ad
2771 1611 2989 1671 tempus.
3036 1600 3284 1657 Vidistin‘
3309 1618 3439 1673 sup;

1835 1693 2054 1764 pliciutn
2085 1708 2206 1747 cum
2254 1692 2625 1760 benignitate?
2653 1692 2953 1748 admonitio
2984 1693 3130 1748 enini
3153 1737 3167 1759 ,
3199 1710 3306 1750 non
3327 1713 3440 1765 ‘pu—

1837 1785 1969 1840 nitio
2017 1798 2133 1841 erat
2160 1786 2250 1841 illa
2297 1786 2599 1850 sententia;
2628 1785 2904 1845 correctio
2930 1827 2943 1849 ,
2978 1801 3087 1840 non
3116 1786 3436 1843 destructio.

1840 1875 1964 1932 Ideo
1996 1890 2103 1931 n'on
2150 1892 2367 1931 manum
2415 1876 2619 1930 aridam
2655 1876 2819 1944 fecit,
2870 1893 2975 1933 non
3017 1879 3253 1948 linguam
3303 1883 3439 1933 tttaln

1837 1969 2000 2025 verba
2033 1969 2339 2040 loquentem
2368 1970 2620 2033 exscidit,
2651 1986 2755 2023 non
2784 1986 2941 2025 crura
2962 1971 3147 2025 mutila
3170 1970 3315 2035 fecit,
3345 1974 3441 2027 scd

1836 2063 2024 2117 oculos
2056 2063 2221 2132 ipsus.
2253 2062 2387 2129 Quia
2417 2063 2562 2116 enim
2614 2062 2703 2116 ille
2733 2062 2857 2117 inde
2902 2073 3121 2117 sanatus
3166 2072 3248 2119 est
3288 2067 3443 2118 etab

1836 2155 2041 2210 erroris
2095 2154 2177 2207 via
2236 2166 2289 2209 et
2371 2155 2679 2223 pernicioso
2754 2170 2917 2211 cursu
2979 2155 3280 2217 liberatus,
3341 2156 3443 2210 huc

1838 2247 2012 2317 ipsum
2064 2247 2413 2318 pharmaeum
2461 2248 2721 2317 apponit,
2772 2262 2836 2302 ac
2876 2248 2920 2302 si
2975 2247 3182 2303 diceret
3212 2267 3223 2302 :
3252 2245 3443 2303 Curre-

1837 2338 1958 2393 bam
1991 2346 2046 2393 et
2072 2353 2175 2409 ego
2206 2339 2346 2394 male
2368 2380 2383 2405 ,
2431 2348 2484 2394 et
2514 2349 2741 2394 mortem
2786 2339 3035 2394 minabar
3078 2341 3253 2395 oculis
3278 2358 3290 2393 ε
3320 2340 3444 2394 ideo

1836 2414 2317 2487 recte‘excazcatus
2353 2446 2509 2496 sunt,
2538 2441 2595 2484 ut
2626 2431 2817 2486 melius
2844 2430 3109 2487 viderem.
3144 2430 3255 2486 llo‘c
3276 2431 3440 2487 etiam

1839 2524 1931 2579 tibi
1961 2522 2310 2593 pharmacum
2340 2539 2575 2596 appono,
2596 2533 2651 2579 et
2667 2525 2908 2580 externis
2937 2533 2987 2580 te
3004 2524 3176 2581 oculis
3202 2540 3437 2591 exeeco,

1839 2625 1895 2669 ut
1925 2616 2166 2672 internus
2179 2616 2367 2672 oculos
2392 2617 2652 2687 aperiam.
2676 2616 2830 2672 Tunc
2849 2617 2899 2671 id
2930 2617 3074 2687 quod
3103 2616 3303 2673 factum
3330 2618 3443 2672 fuc-

1843 2718 1929 2763 rat
1954 2708 2145 2765 videns
2191 2710 2503 2779 proconsul,
2534 2709 2786 2765 credidit.
2827 2710 3071 2764 Vidisun‘
3112 2720 3353 2765 montem
3388 2710 3439 2762 in

1843 2801 2120 2873 planitiem
2167 2819 2419 2871 versum,
2465 2814 2519 2858 et
2544 2803 2738 2858 collem
2793 2802 3171 2870 humiliatnm,
3206 2817 3441 2857 messem

1840 2895 2156 2965 perfectam,
2214 2904 2270 2950 et
2320 2893 2527 2965 frugem
2578 2905 2844 2965 paratam,
2894 2895 3127 2950 fruetntn
3168 2906 3440 2951 maturum

1837 2991 2148 3054 collectum,
2177 2998 2233 3044 et
2263 2989 2485 3045 Paulum
2505 2988 2635 3043 nihil
2666 2988 3000 3044 laborantem
3025 3004 3124 3044 nec
3144 2989 3441 3055 defessum,

1838 3082 1934 3137 sed
1962 3082 2191 3154 simplici
2224 3083 2393 3139 verbo
2420 3082 2796 3154 proconsulem
2842 3098 3044 3155 sagena
3088 3084 3395 3155 capientem
3422 3085 3445 3138 ἲ

1842 3173 1969 3230 Ideo
1998 3188 2229 3229 messem
2255 3175 2803 3246 vocatEvangelium,
2832 3175 2903 3231 ob
2929 3176 3264 3232 celeritatem
3297 3185 3352 3233 et
3378 3176 3447 3231 [ιι-

1840 3268 2097 3323 cilitatem
2126 3283 2286 3338 quam
2320 3267 2453 3339 ipsis
2480 3267 2774 3338 praebebat.

1913 3362 1969 3417 5.
1995 3359 2231 3414 Eunuchi
2258 3359 3021 3433 Candacia‘hittoria.—Sic‘et
3049 3364 3334 3419 eunuchus
3356 3364 3450 3421 ille

1842 3452 2101 3508 barbarus
2119 3462 2172 3509 et
2194 3453 2517 3525 alienigena,
2535 3453 2627 3524 qui
2650 3453 2703 3508 in
2731 3462 3000 3525 potestate
3023 3469 3215 3525 magna
3236 3455 3445 3510 consti-

1846 3554 1993 3600 tutus
2038 3554 2179 3611 erat,
2210 3561 2408 3617 sagena
2443 3555 2632 3616 captus
2661 3546 2781 3602 fuit.
2828 3546 2954 3603 Non
2983 3547 3093 3603 illic
3122 3548 3207 3603 vel
3236 3558 3449 3617 tempus

1842 3640 1924 3692 vel
1942 3639 2093 3694 labor
2115 3641 2418 3711 insunipttts
2437 3640 2535 3697 fuit
2552 3658 2567 3696 :
2586 3642 2677 3696 ubi
2697 3640 2840 3696 enim
2861 3641 3141 3713 Philippus
3158 3644 3210 3698 in
3226 3652 3447 3709 currum

1842 3733 2119 3798 ascendit,
2155 3734 2440 3805 ipsumque
2468 3734 2755 3792 instituere
2781 3738 2983 3807 erepit;
3018 3737 3129 3794 imo
3158 3749 3450 3809 antequam

1843 3825 2201 3890 ascenderet,
2244 3825 2379 3881 illud
2425 3826 2727 3895 admirare,
2777 3828 3054 3898 quomodo
3094 3829 3375 3885 barbarus.
3394 3838 3453 3886 et

1842 3918 2142 3989 alienigena
2167 3961 2182 3984 ,
2218 3935 2247 3974 a
2290 3918 2528 3989 potentia
2555 3935 2651 3975 sua
2696 3920 2915 3980 inflatus
2946 3923 3077 3994 (non
3110 3924 3255 3979 enim
3285 3938 3450 3993 parva

1843 4009 1944 4078 ipsi
1964 4018 2198 4079 potestas
2228 4010 2350 4064 data
2374 4010 2596 4083 fuerat),
2612 4027 2926 4082 pauperem,
2946 4014 3279 4083 mendicum,
3300 4016 3450 4087 igno-

1846 4110 1981 4170 tum,
2020 4118 2179 4173 quem
2217 4118 2319 4159 nec
2346 4092 2835 4175 viderat‘umquam
2859 4146 2874 4172 ,
2904 4121 3005 4162 nee
3035 4108 3451 4169 inconsortium

1843 4194 2173 4261 admiserat,
2221 4196 2403 4250 statim
2460 4207 2625 4268 atque
2667 4198 2841 4265 vidit,
2896 4200 3110 4255 vocavit
3163 4216 3311 4268 eum,
3363 4220 3453 4258 se-

1843 4303 2077 4359 cumque
2114 4289 2408 4345 aseendcre
2451 4305 2517 4346 ac
2569 4290 2766 4347 sedere
2800 4291 2961 4362 jussit
2989 4295 3191 4368 (Act.c.
3215 4297 3289 4369 8).
3315 4295 3453 4365 Quis

1844 4379 1961 4435 hmo
1988 4380 2154 4437 fecit?
2185 4381 2281 4438 lile
2310 4385 2400 4453 qui
2428 4383 2649 4440 dixerat
2676 4426 2692 4451 ,
2727 4385 2838 4457 Ego
2863 4386 3117 4443 vobiscum
3146 4407 3260 4443 sum
3282 4393 3452 4446 omni-

1844 4474 1936 4530 bus
1954 4476 2129 4530 diebus
2150 4492 2309 4547 usque
2327 4476 2397 4529 ad
2414 4479 2903 4534 consummationem
2919 4481 3123 4552 ποιαί(
3136 4482 3324 4537 Matth.
3354 4483 3449 4540 28.

1843 4565 1938 4637 20)
1970 4586 1982 4620 :
2019 4568 2109 4623 ille
2151 4569 2445 4639 gratiorem
2483 4586 2764 4626 accessum
2809 4572 3009 4639 efﬁcit,
3044 4574 3333 4631 barbarum
3380 4577 3451 4632 ad

1845 4662 2334 4733 philoSOphandum
2387 4665 2692 4735 apparavit,
2736 4678 2977 4722 montem
3007 4668 3352 4738 humiliavit,
3395 4684 3453 4729 et

1847 4754 2089 4823 ignotum
2142 4766 2272 4810 noto
2311 4758 2504 4825 quovis
2559 4758 2961 4814 familiarioretn
3020 4765 3321 4819 constituit.
3372 4765 3452 4821 Ne

1846 4858 2135 4917 utrumque
2184 4863 2608 4920 przetercurras,
2675 4868 2853 4925 neque
2908 4850 3221 4927 simplicem
3278 4858 3453 4915 histo-

1843 4942 1977 4994 riam
2031 4957 2143 4997 retn
2198 4957 2320 4997 esse
2375 4956 2531 5013 putes
2553 4985 2566 5009 ,
2601 4943 2696 4999 sed
2735 4947 2911 5017 cogita
2941 4950 3016 5002 rei
3052 4957 3213 5003 tantae
3241 4954 3450 5021 magni-

1843 5035 2105 5090 tudinem.
2154 5036 2288 5091 Nam
2340 5039 2383 5093 si
2412 5038 2502 5107 qui
2550 5054 2694 5095 nunc
2732 5049 2860 5095 sunt
2904 5042 3211 5113 principes,
3262 5046 3451 5101 ﬁdeles

1841 5144 1964 5184 cum
1992 5130 2101 5183 sint
2133 5139 2187 5185 et
2207 5130 2274 5184 ad
2317 5132 2678 5187 humilitatem
2710 5134 2942 5189 instituti
2980 5134 3223 5206 nihilque
3254 5138 3447 5193 barba-

1842 5237 1960 5275 rum
1990 5221 2250 5277 habentes
2272 5264 2285 5285 ,
2319 5222 2612 5291 noluerint,
2648 5240 2753 5279 non
2787 5226 2910 5281 dico
2938 5227 3177 5297 ignotum
3206 5238 3261 5285 et
3283 5246 3443 5300 pcre-

1840 5314 2054 5384 grinum
2084 5355 2099 5379 ,
2130 5314 2229 5369 sed
2258 5329 2357 5369 nec
2382 5331 2445 5369 ex
2475 5314 2835 5372 familiaribus
2876 5320 3183 5390 quempiam
3213 5320 3368 5378 facile
3392 5324 3444 5377 in

1842 5406 1959 5461 foro
1995 5421 2178 5461 secum
2214 5407 2406 5463 sedere
2436 5426 2450 5463 :
2481 5410 2756 5480 quomodo
2788 5412 2877 5467 ille
2924 5414 3313 5486 peregrinum?
3346 5434 3444 5472 ne-

1838 5514 1943 5569 que
1974 5499 2118 5554 enim
2140 5500 2300 5555 ﬁnem
2324 5500 2515 5557 faciam
2546 5502 2660 5558 [nec
2679 5503 2927 5571 dicendi;
2959 5508 3329 5578 peregrinum,
3358 5512 3441 5565 iu-

1837 5606 2038 5662 quam,
2090 5606 2249 5661 quem
2306 5608 2598 5664 numquam
2654 5594 2899 5662 viderat,
2958 5600 3158 5666 vilem,
3212 5613 3443 5672 aspectu

1837 5683 2267 5753 despiciendum,
2302 5684 2449 5741 hunc
2486 5696 2541 5742 et
2587 5690 2882 5744 ascendere
2933 5701 2987 5745 ct
3025 5709 3209 5748 secum
3252 5698 3448 5755 sedere

1834 5775 2014 5845 jussit,
2049 5784 2103 5830 et
2130 5778 2247 5846 ejus
2277 5778 2469 5847 lingua!
2495 5779 2723 5834 salutem
2757 5798 2907 5837 suam
2936 5785 3208 5839 commisit
3231 5830 3246 5853 ,
3280 5789 3444 5845 disci-

1841 5872 1991 5941 pulus
2022 5869 2135 5925 fieri
2169 5888 2356 5943 passus
2383 5887 2458 5929 est
2485 5916 2495 5934 .
2527 5885 2578 5928 et
2606 5885 2754 5943 ιιηςτιι
2781 5914 2793 5939 ,
2819 5877 3097 5941 obsecrat,
3133 5890 3424 5950 precatur:
3453 5899 3464 5906 '
