4068 6410
667 375 772 431 5‘25

671 487 886 542 Obsecro
933 497 1012 553 te,
1053 481 1224 556 inquit
1245 491 1269 547 ,'
1302 479 1366 536 de
1403 497 1502 551 quo
1549 480 1794 551 propheta
1842 480 1949 533 liceo
2002 476 2220 544 loquitur

671 577 807 645 (Act.
835 577 890 634 8.
918 575 1050 646 διν
1077 583 1132 629 et
1155 573 1296 636 dicta
1324 586 1445 628 cum
1473 570 1764 626 attentione
1788 568 1949 624 multa
1977 565 2212 637 percipit.

670 667 850 737 Neque
879 666 978 719 hoc
1007 671 1207 719 tantum
1228 703 1243 729 ,
1289 662 1689 732 sed'acceptum
1717 673 1822 715 non
1865 655 2219 727 procrastina-

670 760 765 822 vit,
795 771 898 811 non
928 754 1150 821 distulit,
1185 768 1292 808 non
1321 752 1476 819 dixit,
1503 751 1558 806 lu
1590 751 1813 819 patriam
1847 761 2016 803 meam
2039 759 2220 800 rever-

668 859 768 912 tar,
795 847 982 902 videbo
1001 846 1348 916 philosOpbos
1389 857 1536 901 meos
1567 851 1623 899 et
1641 842 1922 897 familiares
1941 849 1996 894 et
2030 852 2224 907 cogna-

668 947 749 990 tos
790 935 971 1005 :quod
1001 935 1151 990 multi
1189 934 1604 990 Christianorum
1642 945 1780 986 nunc
1814 930 1998 986 dicunt
2032 927 2100 981 ad
2129 927 2224 981 ba-

671 1029 860 1094 ptisma
892 1027 1066 1081 vocati
1098 1044 1111 1080 :
1141 1026 1397 1082 Revertar
1415 1025 1467 1079 ln
1497 1024 1739 1093 patriam,
1758 1021 1948 1077 videbo
1978 1033 2220 1081 uxorem,

671 1119 858 1174 videbo
887 1117 1028 1172 ﬁlios
1052 1131 1170 1172 curn
1201 1116 1436 1186 cognatis
1462 1114 1597 1169 meis
1625 1130 1640 1168 :
1669 1113 1772 1166 illis
1795 1109 2143 1181 prmsentibus
2170 1118 2224 1162 et

669 1224 878 1264 mecttm
909 1207 1100 1263 festum
1135 1205 1523 1262 celebrantibus
1543 1247 1558 1272 ,
1611 1203 1691 1258 sic
1713 1201 2029 1272 baptismate
2056 1199 2218 1265 fruar,

666 1304 744 1355 sic
781 1301 964 1372 gratiae
989 1299 1256 1370 particeps
1276 1311 1390 1352 ero.
1442 1297 1513 1351 At
1534 1309 1640 1350 non
1687 1294 1776 1350 ille
1805 1291 2063 1348 barbarus
2099 1297 2224 1344 tunc

668 1392 783 1446 inec
812 1390 964 1455 dixit,
996 1388 1209 1444 tametsi
1236 1386 1448 1442 Iudaeus
1476 1393 1639 1451 esset,
1669 1393 1725 1440 et
1741 1382 1807 1437 ad
1832 1381 2052 1436 multaut
2078 1378 2223 1433 loco;

666 1497 781 1534 rum
810 1478 1205 1535 observantiam
1233 1484 1288 1531 et
1313 1475 1513 1531 cultum
1534 1472 1828 1536 institutus,
1857 1467 2222 1525 cummaxime

671 1572 978 1642 frequenter
1026 1570 1125 1640 ipsi
1153 1567 1478 1624 insonuisset
1515 1566 1690 1620 locum
1735 1561 1878 1616 illum
1931 1561 2221 1615 observan-

664 1661 791 1715 dum
828 1674 969 1726 esse,
998 1659 1224 1728 ideoque
1253 1671 1494 1727 magnam
1529 1649 2004 1725 peregrinationem
2043 1662 2223 1703 susce-

669 1755 836 1823 pisset
858 1791 874 1817 ,
907 1751 1036 1805 utin
1063 1765 1168 1821 quo
1194 1749 1312 1803 loco
1335 1748 1572 1816 iusserat
1593 1745 1730 1799 Deus
1749 1782 1765 1808 ,
1796 1741 2043 1796 adoraret
2071 1756 2084 1792 :
2130 1738 2224 1792 sed

672 1843 850 1896 statim
876 1841 1034 1895 talem
1047 1836 1485 1894 consuetudinem
1503 1833 1779 1904 abjicicns,
1802 1839 1857 1886 et
1871 1845 1898 1884 a
1923 1829 2011 1884 tali
2036 1829 2224 1884 obser-

666 1933 877 1985 vatione
906 1927 1160 1984 recedens
1181 1942 1195 1988 ;
1215 1940 1334 1980 cum
1352 1938 1529 1980 sermo
1544 1919 1815 1977 absolutus
1827 1927 1990 1987 esset,
2009 1928 2062 1974 et
2076 1917 2224 1987 juxta

667 2023 802 2074 viam
835 2020 1031 2076 fontem
1053 2018 1300 2082 videret,
1347 2015 1479 2069 dixit
1505 2033 1517 2069 :
1555 2014 1683 2067 Ecce
1705 2029 1887 2083 aquam
1918 2010 2080 2081 :quid
2109 2027 2227 2079 pro-

669 2111 797 2163 hibet
827 2127 901 2163 me
953 2108 1202 2179 baptizari
1255 2108 1390 2177 (Act.
1435 2106 1486 2160 8.
1543 2103 1673 2174 36)?
1720 2101 1959 2157 Vidistin'
1998 2115 2224 2156 messem

665 2217 850 2257 rursus
880 2199 1211 2254 confectam?
1236 2197 1468 2253 vidistin’
1492 2195 1690 2250 nullum
1715 2195 2037 2264 insumptum
2066 2193 2227 2247 fuisse

668 2303 878 2361 tempus
922 2290 1014 2346 sed
1059 2300 1288 2358 terram,
1329 2288 1506 2344 statim
1557 2296 1715 2358 atque
1754 2302 1936 2343 semen
1982 2285 2223 2353 admisit,

663 2395 720 2439 et
765 2384 966 2455 spicam
1008 2391 1306 2439 comantem
1351 2382 1593 2437 emisisse
1645 2389 1699 2435 et
1759 2390 2018 2434 maturam
2070 2393 2225 2432 uvam

667 2477 874 2532 luisse?
904 2475 1036 2530 Ecce
1076 2490 1258 2544 aquam
1281 2515 1297 2541 ,
1347 2473 1534 2544 inquit.
1561 2471 1677 2527 Non
1729 2487 1907 2526 nturos
1945 2471 2224 2541 quaesivit,

674 2583 777 2620 nun
809 2574 1003 2621 tectum
1053 2579 1304 2630 aureum,
1356 2578 1461 2618 non
1510 2562 1944 2618 vestimentorum
2001 2575 2227 2631 appara-

668 2668 778 2711 tum
803 2697 818 2722 ,
860 2652 962 2711 non
988 2656 1229 2720 calceos;
1271 2654 1365 2710 sed
1391 2655 1508 2725 quia
1536 2655 1768 2710 animum
1796 2664 2032 2724 paratum
2066 2652 2231 2708 babe-

671 2749 759 2802 bat
788 2757 836 2802 et
863 2746 1084 2802 ardebat
1107 2745 1372 2801 desiderio
1397 2745 1772 2813 alacritateque
1787 2758 2041 2799 accensus
2071 2757 2224 2808 erat,

666 2839 731 2892 ad
763 2840 980 2907 gratiam
1012 2838 1189 2892 statim
1229 2836 1486 2900 accurrit,
1528 2844 1581 2890 et
1606 2834 1878 2890 doctorem
1911 2834 2130 2904 urgebat
2171 2843 2228 2888 ut

667 2928 732 2982 ad
767 2928 1083 2997 baptismum
1133 2928 1301 2996 ipsum
1337 2926 1660 2993 adduceret,
1690 2936 1847 2995 atque
1886 2925 1977 2978 illa
2006 2925 2225 2978 immor-

669 3021 791 3071 talia
828 3029 882 3073 et
934 3017 1204 3071 tremenda
1249 3017 1496 3088 mysteria
1534 3017 1630 3070 sibi
1669 3015 1955 3071 conferret.
1997 3014 2227 3071 ldeoille

667 3125 880 3178 quoque
907 3109 1084 3161 statim
1111 3109 1317 3174 annuit,
1346 3107 1671 3162 alacritatem
1698 3106 1996 3175 approbans
2014 3147 2030 3174 ,
2058 3115 2110 3159 ct
2136 3106 2228 3159 ba-

671 3200 886 3267 ptizavit
919 3199 1085 3252 illum.
1109 3197 1310 3253 idcirco
1343 3212 1569 3253 messem
1597 3207 1750 3252 vocat
1771 3197 2127 3267 Evangelium,
2159 3197 2228 3251 ob

666 3290 965 3342 facilitatem
1007 3303 1162 3358 quam
1203 3288 1329 3357 ipsis
1357 3286 1638 3358 praébebat.
1671 3287 1802 3342 Nam
1840 3297 1892 3342 et
1922 3289 2048 3344 alibi
2079 3304 2222 3358 quo-

668 3394 770 3448 que
825 3379 952 3432 dicit
988 3378 1127 3448 quod
1180 3377 1334 3433 dictis
1383 3378 1532 3432 Pauli
1579 3378 1915 3434 attenderem
1959 3397 1970 3430 :
2022 3380 2216 3434 etenim

1365 371 1422 426 S.
1459 368 1730 426 JUANNIS
1772 361 2236 423 CIIRYSOSTOMI
2277 360 2584 415 ARCHIEI'.
2625 358 3152 414 CUNSTANTIN‘OP.

1812 3522 3808 3550 Ἢ

3807 354 3928 413 δὲι

2331 471 2584 524 Dominus
2623 466 2827 538 aperuit
2855 483 2951 523 cor
2986 485 3168 524 eorum
3220 479 3276 524 ut
3308 469 3644 526 attenderem
3691 472 3760 526 iis
3787 489 3924 542 quae

2326 557 2635 613 dicebautur
2678 557 2888 614 abillo.
2937 557 3074 613 Cum
3105 569 3281 615 autem
3312 560 3466 614 audis
3508 561 3646 631 quod
3695 572 3926 617 montes

2327 653 2564 708 bumiliet
2584 693 2598 714 ,
2639 665 2864 707 messem
2891 652 3077 717 faciat,
3107 662 3376 708 maturum
3407 654 3636 708 fructum
3670 656 3879 709 reddat
3906 697 3922 720 ,

2326 754 2379 798 et
2421 742 2638 795 multam
2681 752 2830 812 paret
2875 742 3218 810 facilitatem,
3272 760 3340 800 ne
3389 745 3674 800 credentes
3731 748 3927 815 pris-es

2328 832 2569 885 maximis
2594 833 2845 900 Operibus
2875 850 2888 887 :
2927 849 3100 902 neque
3130 833 3274 889 enim
3305 836 3412 889 vim
3445 836 3715 891 inferebat
3747 836 3925 890 liber-

2328 921 2458 985 tati,
2511 936 2683 991 neque
2743 922 2966 976 liberum
3028 923 3306 979 arbitrium
3360 924 3760 992 labefactabat,
3817 927 3924 980 sed

2325 1011 2745 1080 cooperabatur,
2785 1012 3041 1081 iuvabat,
3089 1027 3306 1068 manum
3351 1014 3623 1071 tendebat.
3673 1014 3819 1070 Nam
3877 1017 3924 1070 si

2326 1107 2494 1154 tetum
2525 1101 2666 1155 illius
2691 1110 2855 1168 esset,
2885 1101 3018 1156 nihil
3044 1103 3326 1174 impediret
3378 1106 3663 1174 quominus
3709 1122 3926 1162 omnes

2325 1190 2459 1246 salvi
2501 1191 2692 1248 fierent
2721 1211 2734 1247 :
2766 1208 2906 1248 nunc
2949 1203 3125 1249 autem
3187 1193 3333 1251 aliud
3360 1196 3504 1252 illius
3544 1207 3657 1251 erat
3689 1237 3705 1260 ,
3754 1198 3922 1251 aliud

2324 1296 2508 1337 eorum
2559 1284 2645 1353 qui
2693 1283 3017 1341 accedebant
3056 1304 3069 1341 :
3117 1285 3483 1342 accedentium
3542 1302 3736 1358 nempe
3784 1289 3923 1343 vel-

2327 1372 2434 1428 lent
2459 1381 2512 1427 et
2538 1374 2793 1443 eligerent
2817 1389 2879 1429 ac
2921 1376 3144 1431 multam
3184 1377 3529 1434 ostenderent
3572 1380 3920 1434 alacritatem

2325 1472 2378 1517 et
2394 1477 2703 1532 generosam
2733 1466 2928 1533 iidem;
2963 1468 3054 1523 Dei
3073 1477 3272 1534 autem,
3290 1469 3431 1539 quod
3454 1469 3593 1524 bona
3612 1470 3919 1542 praberet,

2327 1561 2381 1606 et
2406 1552 2743 1609 manifestum
2773 1555 3024 1613 redderet
3048 1572 3354 1614 sermonem
3373 1560 3678 1632 claramque
3700 1561 3918 1616 doctri-

2325 1658 2468 1709 nam,
2487 1646 2794 1716 scminaque
2809 1648 3030 1716 jaceret,
3049 1659 3104 1704 et
3127 1649 3364 1705 auditum
3379 1650 3592 1720 iuvaret
3609 1650 3674 1706 ad
3695 1651 3918 1706 fructus

2327 1736 2708 1791 maturitatem.
2763 1735 2886 1794 Ιιιρθ
2907 1739 3067 1810 igitur
3096 1742 3277 1796 omnia
3308 1744 3610 1813 cogitantes
3631 1784 3648 1808 ,
3699 1743 3771 1804 ad
3803 1747 3918 1800 vir-

2329 1827 2452 1879 tutis
2501 1825 2736 1882 laborcm
2785 1830 2959 1898 ipsum
3012 1834 3336 1900 accipiamus
3379 1833 3721 1903 adiutorem,
3783 1849 3918 1904 qua:

2329 1926 2507 1970 nostra
2553 1927 2678 1972 sunt
2745 1918 3052 1977 inferentes.
3106 1922 3239 1977 Nam
3282 1925 3329 1979 si
3385 1940 3499 1980 rem
3545 1936 3652 1980 tam
3711 1925 3917 1980 diffici-

2330 2006 2434 2060 lem
2487 2008 2556 2062 ita
2610 2008 2765 2065 facile
2820 2011 3079 2080 perfecit,
3130 2029 3238 2068 non
3299 2016 3350 2069 in
3407 2031 3510 2070 una
3564 2017 3646 2071 vel
3695 2016 3916 2071 duabus

2328 2098 2412 2150 vel
2442 2099 2621 2168 viginti
2649 2101 2949 2158 civitatibus
2969 2144 2984 2168 ,
3016 2103 3107 2159 sed
3149 2120 3244 2174 per
3273 2115 3439 2160 totum
3465 2109 3672 2172 orbem,
3711 2108 3915 2177 praedi-

2331 2189 2596 2244 cationem
2621 2193 2824 2246 scilicet
2869 2202 2921 2248 et
2972 2194 3296 2259 doctrinam,
3328 2207 3381 2252 et
3426 2198 3538 2266 ipsa
3573 2213 3665 2265 per
3712 2210 3911 2261 totam,

2330 2299 2488 2352 queat
2507 2285 2585 2339 sol
2603 2287 2837 2354 respicit,
2867 2297 3062 2341 terram
3089 2303 3294 2357 sparsa,
3315 2291 3738 2361 pulcherrimum
3767 2293 3914 2348 hunc

2333 2374 2531 2442 profert
2562 2374 2786 2430 fructum
2819 2395 2831 2430 :
2866 2377 3038 2446 palam
3065 2389 3143 2433 est
3165 2395 3285 2434 eum
3313 2381 3378 2434 ad
3407 2383 3619 2436 virtutis
3651 2381 3912 2438 ferendus

2332 2465 2551 2522 sudores
2599 2467 2753 2522 nobis
2777 2483 2930 2538 opem
2961 2471 3186 2524 laturum
3215 2487 3356 2536 esse,
3386 2474 3675 2528 dummodo
3713 2490 3784 2528 ne
3815 2491 3910 2528 su-

2334 2557 2439 2626 pini
2474 2558 2555 2612 vel
2587 2558 2838 2614 socordes
2863 2560 3028 2614 simus
3049 2578 3164 2628 nos,
3186 2563 3279 2618 sed
3308 2565 3351 2617 si
3378 2573 3556 2618 nostra
3583 2566 3744 2619 simul
3773 2581 3911 2619 con-

2333 2647 2558 2701 feramus
2581 2687 2598 2712 ,
2648 2664 2836 2718 nempe
2873 2650 3199 2706 alacritatem
3221 2695 3236 2717 ,
3267 2669 3448 2706 curam
3481 2697 3496 2721 ,
3550 2655 3907 2722 voluntatem,

2331 2738 2729 2806 cogitationem,
2745 2742 2968 2810 vigilias,
2993 2743 3424 2810 sollicitudinem,
3447 2746 3533 2801 sia
3553 2751 3912 2803 saecularibus

2334 2829 2492 2881 rebus
2514 2844 2608 2882 nos
2629 2830 3017 2896 abstraltamus,
3044 2833 3086 2885 si
3111 2848 3407 2901 qureramus
3440 2835 3636 2898 futura,
3661 2839 3705 2891 si
3727 2841 3909 2907 qttoti-

2331 2919 2416 2974 die
2430 2921 2539 2990 ipsa
2555 2932 2890 2991 appetamus.
2913 2924 2966 2979 Si
2984 2927 3254 2986 enimhzec
3269 2939 3514 2983 accurate
3534 2930 3908 2990 cxhibeamus,

2333 3015 2489 3068 etiam
2513 3030 2628 3084 qu:e
2656 3015 2796 3069 illius
2828 3027 2949 3070 sunt
2976 3029 3300 3088 sequentur;
3328 3021 3502 3075 etillis
3533 3038 3686 3091 opem
3724 3024 3910 3081 [επ-«ιιιο

2334 3107 2471 3160 tibus
2514 3107 2651 3162 bona
2695 3109 2922 3163 crcleszia
2975 3125 3401 3180 consequemur:
3434 3132 3550 3184 qua:
3583 3119 3784 3170 utinam
3815 3137 3911 3173 th

2333 3213 2517 3254 omnes
2565 3201 2954 3270 nanciseamur,
3009 3207 3173 3273 gratia
3224 3216 3278 3261 et
3325 3207 3649 3278 benignitate
3696 3210 3912 3265 ῡυιηῑιιί

2333 3291 2497 3343 nostri
2524 3290 2650 3346 Jesu
2675 3290 2891 3358 Christi,
2918 3295 3001 3348 cui
3029 3295 3196 3365 gloria
3230 3300 3602 3368 etimperium.
3636 3304 3684 3354 in
3713 3305 3911 3358 sucula

2332 3384 2667 3439 stcculorum.
2700 3388 2890 3442 Amen.

3827 3537 3900 3547 —-.

1982 3625 2323 3687 HOMILIA
2372 3628 2465 3690 XI
2508 3628 2615 3712 (a).

677 3781 920 3851 Ejusdem
964 3779 1171 3832 humilia
1215 3777 1419 3842 habita,
1467 3785 1730 3846 postquam
1780 3776 1914 3828 alius
1959 3774 2229 3826 admodum

748 3887 899 3926 senex
918 3870 1238 3924 contionatus
1268 3872 1431 3939 fuerat
1459 3883 1477 3920 :
1515 3869 1576 3919 de
1604 3864 1852 3918 Eleazaro
1885 3874 1929 3918 et
1959 3865 2021 3917 de
2048 3874 2232 3933 septem

745 3963 931 4028 pueris.

744 4055 796 4106 l.
836 4053 1004 4119 Quam
1037 4051 1273 4121 speciosa
1321 4059 1403 4104 est
1441 4048 1552 4103 haec
1590 4047 1877 4117 spiritualis
1923 4047 2038 4099 olea
2071 4059 2233 4098 zeum

672 4144 804 4199 rami
823 4143 937 4213 ejus
951 4141 1344 4205 consenuerint,
1364 4147 1623 4194 maturum
1644 4146 1818 4193 tamen
1838 4137 1989 4192 nobis
2007 4135 2232 4189 fructum

675 4236 813 4290 tulit!
833 4235 947 4289 Non
970 4234 1108 4290 enim
1129 4234 1260 4288 tales
1275 4239 1393 4286 sunt
1412 4232 1600 4301 plantae
1621 4240 1796 4294 terrae,
1815 4231 1999 4300 quales
2016 4230 2235 4284 arbores

678 4325 934 4380 Ecclesia:
963 4341 974 4376 :
1006 4323 1107 4378 illae
1137 4338 1362 4394 namque
1407 4337 1524 4376 cum
1552 4319 1618 4374 ad
1646 4329 1953 4375 vetustatem
1980 4335 2234 4389 pervene-

682 4425 830 4479 runt,
861 4423 983 4469 tunc
1017 4412 1262 4468 foliorum
1301 4412 1524 4481 plurima
1571 4411 1837 4478 amittunt,
1872 4412 2232 4466 immaturum-

677 4525 779 4577 que
824 4519 878 4562 et
907 4522 1076 4561 tarum
1108 4506 1336 4562 ofl‘erunt
1358 4505 1608 4560 fructum.
1640 4504 1746 4560 illa:
1788 4514 1984 4567 autem,
2017 4520 2136 4558 cum
2165 4504 2230 4556 ad

675 4608 1003 4655 senectutem
1029 4598 1284 4662 venerint,
1328 4608 1449 4651 tunc
1491 4597 1719 4650 maxime
1746 4595 1967 4649 fructum
2007 4594 2230 4648 ubertim

682 4696 876 4747 ferunt.
929 4691 1080 4756 Quod
1127 4702 1268 4747 certe
1320 4692 1496 4745 videre
1547 4699 1626 4743 est
1678 4690 1727 4743 iu
1777 4689 1868 4742 illo
1925 4690 2010 4757 qui
2067 4687 2220 4740 hodie

681 4789 929 4855 loquutus
984 4793 1065 4838 est
1118 4801 1131 4837 :
1181 4782 1402 4852 ideoque
1459 4793 1629 4837 tacere
1685 4781 1811 4835 mihi
1866 4781 2034 4834 visum
2089 4790 2169 4833 est
2216 4800 2225 4831 :

678 4875 957 4944 oportebat
999 4874 1175 4941 enim,
1218 4882 1293 4928 tot
1327 4873 1540 4927 senibus
1584 4871 1930 4940 prtcsentibus
1961 4871 2045 4939 qui
2091 4870 2228 4937 loqui

676 4968 907 5028 scirent,
934 4965 1194 5033 iuniorem
1217 4963 1511 5033 quiescere.
1562 4966 1630 5018 lta
1665 4979 1758 5017 nos
1803 4962 2049 5016 erudiunt
2091 4962 2230 5015 Scri-

675 5068 845 5123 ptura:
894 5058 1125 5111 divinae:
1173 5072 1294 5110 nam
1341 5070 1460 5110 cum
1497 5054 1760 5123 juniorem
1789 5054 2129 5123 alloquuntur
2155 5055 2232 5105 rli—

674 5160 803 5203 cunt
835 5166 846 5202 :
884 5149 1124 5217 Loquere,
1142 5149 1341 5218 juvenis
1359 5191 1371 5213 ,
1403 5147 1453 5201 in
1480 5157 1566 5199 tua
1591 5164 1740 5201 causa
1763 5189 1775 5210 ,
1801 5149 1882 5201 vix
1909 5148 1981 5199 bis
2005 5147 2047 5199 si
2072 5149 2228 5198 inter-

671 5251 881 5312 rogatus
933 5241 1135 5309 fueris:
1182 5240 1338 5294 multa
1387 5239 1557 5310 paucis
1601 5240 1750 5290 dicito
1784 5237 1964 5306 (Ereti.
2005 5237 2088 5291 39..
2143 5237 2228 5291 10.

677 5334 789 5402 Η).
840 5330 1046 5386 Seniori
1094 5337 1267 5384 autem
1313 5344 1415 5384 nou
1463 5345 1580 5384 cum
1628 5327 1717 5382 tali
1763 5329 2097 5382 distinctione
2155 5329 2228 5379 lu-

674 5423 872 5491 quitur,
917 5421 1009 5476 sed
1041 5419 1185 5474 illum
1234 5420 1442 5474 dimittit
1472 5432 1525 5474 ut
1565 5421 1677 5474 sine
1714 5421 1798 5474 bis
1828 5419 2063 5473 terminis
2111 5435 2228 5472 cur—

675 5524 754 5568 rat
781 5531 792 5567 :
828 5523 881 5568 et
907 5513 1165 5569 dictorum
1194 5512 1352 5569 etiam
1379 5514 1698 5583 voluptatem
1723 5555 1738 5579 ,
1771 5516 1814 5567 si
1846 5529 1964 5566 cum
1996 5513 2226 5582 pruden-

734 5669 805 5728 (η)
831 5670 1003 5720 Habita
1037 5679 1110 5720 est
1135 5673 1285 5735 pridie
1310 5670 1419 5735 festi
1441 5671 1816 5722 blaehabtcorum
1838 5672 1962 5735 quod
1995 5670 2237 5734 [Inomin-

673 5744 716 5778 rt;
728 5745 853 5781 enSts
878 5735 1077 5796 Augusti
1102 5747 1128 5782 a
1147 5733 1325 5784 Graecis
1350 5733 1639 5785 celebratur.

2337 3774 2406 3825 tia
2434 3777 2709 3847 loquatur,
2740 3784 3008 3841 admirans
3030 3827 3046 3853 ,
3073 3789 3151 3843 sic
3172 3790 3346 3844 aiebat
3380 3811 3393 3845 :
3428 3790 3659 3860 Loquere
3680 3833 3696 3856 ,
3721 3810 3910 3860 senex,

2338 3868 2426 3921 tibi
2453 3885 2664 3940 namque
2692 3877 2918 3929 convenit
2936 3916 2950 3939 ,
2975 3879 3028 3930 in
3058 3893 3295 3933 accurata
3312 3883 3521 3934 scientia
3552 3899 3570 3934 :
3603 3893 3648 3936 et
3667 3884 3913 3951 impedies

2338 3965 2528 4016 musica
2559 3963 2743 4033 (Eccli.
2781 3967 2867 4020 52.
2895 3968 2945 4022 4.
2972 3967 3050 4038 5).
3089 3970 3223 4035 Quid
3254 3972 3354 4026 sibi
3388 3974 3498 4027 vult
3525 3974 3676 4040 illud,
3711 3973 3779 4028 Et
3810 3979 3907 4029 int-

2341 4053 2506 4122 pcdies
2549 4056 2775 4109 musica?
2824 4056 2995 4124 Tibia,
3027 4061 3230 4115 cithara
3284 4071 3338 4116 et
3393 4064 3605 4129 ﬁstulte,
3671 4081 3775 4120 non
3833 4069 3905 4122 ita

2347 4159 2536 4199 suaves
2561 4146 2895 4203 audientibus
2939 4160 3092 4216 sunt,
3137 4160 3196 4204 ut
3239 4153 3466 4207 senioris
3523 4155 3761 4211 doctrina
3783 4173 3904 4213 cum

2338 4247 2581 4291 accurata
2630 4239 2848 4293 scientia
2899 4242 3126 4309 prolata.
3159 4241 3430 4312 Scriptura
3473 4247 3614 4299 enim
3665 4249 3905 4317 volupta-

2340 4337 2442 4379 tem
2495 4343 2808 4396 comparans
2860 4331 3151 4398 voluptati,
3209 4333 3342 4388 hanc
3395 4336 3483 4388 illa
3537 4337 3692 4405 longe
3742 4341 3902 4406 majo~

2339 4433 2450 4472 rem
2495 4421 2595 4472 vim
2625 4435 2872 4474 exercere
2915 4421 3076 4489 dicit;
3129 4424 3263 4478 lianc
3306 4427 3557 4492 vincere,
3614 4429 3759 4482 illam
3805 4431 3899 4500 ipsi

2337 4511 2544 4566 cedere.
2628 4513 2746 4565 Ideo
2802 4512 2961 4577 dicit,
3024 4513 3276 4582 lmpedies
3348 4519 3578 4580 musica;
3642 4521 3744 4575 hoc
3788 4531 3897 4586 est,

2339 4621 2440 4657 nou
2473 4604 2613 4659 sines
2657 4604 2746 4657 illa
2796 4620 3126 4675 comparere,
3155 4606 3533 4664 obtenebrabis
3564 4611 3672 4678 illa,
3715 4612 3899 4666 obum-

2338 4695 2535 4747 brabis.

2409 4787 2669 4842 Auditores
2710 4790 3120 4858 Chrysostomum
3164 4793 3329 4859 ipsum
3384 4793 3563 4845 audire
3612 4795 3893 4862 cupiebant.

2339 4879 2743 4934 Illac/zabrcorum
2769 4887 2924 4951 festus
2951 4883 3079 4936 dies.
3101 4913 3170 4921 ——
3188 4884 3312 4937 ideo
3339 4899 3434 4938 nos
3460 4901 3669 4953 quoque
3696 4899 3896 4956 oporte-

2337 4977 2425 5030 bat
2465 4990 2634 5030 tacere
2655 4988 2707 5030 et
2750 4977 2935 5031 audire
2961 5021 2975 5041 ,
3024 4977 3167 5030 hunc
3196 4988 3374 5031 autem
3410 4978 3551 5046 loqui
3582 4989 3636 5032 et
3665 4980 3849 5036 docere
3879 5002 3891 5036 :

2336 5083 2359 5120 s
2398 5068 2449 5131 tl,
2479 5069 2617 5136 quod
2648 5082 2790 5136 smpe
2815 5067 2922 5121 dixi
2957 5108 2971 5130 ,
3000 5068 3102 5122 hoc
3131 5084 3271 5122 nunc
3299 5069 3458 5121 etiam
3483 5069 3654 5122 dicam
3688 5089 3703 5122 :
3735 5087 3893 5141 neque

2338 5169 2565 5214 vestram
2618 5160 2728 5213 fero
2760 5158 3130 5228 tyrannidem,
3175 5173 3346 5228 neque
3376 5159 3566 5212 lterum
3615 5163 3890 5215 necessita-

2338 5259 2442 5302 tem
2470 5268 2480 5299 :
2518 5249 2637 5301 ideo
2666 5263 2850 5302 rursus
2880 5249 2943 5302 ad
2975 5257 3264 5301 consuetos
3296 5263 3486 5302 cursus
3516 5265 3600 5303 me
3627 5264 3886 5319 comparo,

2336 5356 2446 5394 rem
2492 5339 2794 5405 difficilem,
2830 5340 3083 5409 loquendi
3111 5354 3335 5410 nempe,
3374 5356 3493 5394 cum
3543 5341 3706 5394 multa
3740 5342 3888 5396 facili-

2338 5441 2441 5487 tate
2499 5441 2766 5495 tractans,
2826 5447 2931 5484 non
2979 5441 3196 5499 propter
3248 5445 3392 5484 meas
3448 5430 3763 5494 facultates,
3804 5432 3886 5486 sed

2336 5538 2546 5594 propter
2599 5535 2827 5577 vestram
2879 5524 3204 5577 audientium
3264 5524 3612 5576 alacritatem.
3683 5525 3804 5579 Nam
3841 5536 3882 5578 et

2335 5635 2502 5688 uapor
2528 5618 2591 5670 ad
2627 5627 2822 5672 tantam
2850 5617 3258 5687 profunditatem
3290 5615 3549 5669 deductus
3581 5632 3758 5672 sermo
3785 5619 3879 5685 (ιι),

2400 5733 2470 5795 (u)
2499 5732 2612 5793 Qute
2639 5735 2713 5782 tur.
2743 5734 2975 5782 indicetur
3002 5730 3193 5780 bomilia
3216 5745 3308 5781 non
3333 5732 3448 5780 satis
3471 5733 3779 5792 perspicuth
3803 5745 3883 5785 est.
