4068 6422
170 370 281 424 ζὲῧ

173 506 289 538 μου
329 482 646 537 suffocatus
672 481 751 527 est
774 513 787 533 ,
822 481 873 524 et
901 476 1104 521 tantum
1137 462 1355 532 pelagus
1382 470 1653 516 emensus,
1692 467 1793 502 non

176 578 548 643 ttatt'ragium
578 579 765 638 passus
782 570 893 617 .est.
944 559 1117 612 Causa
1158 563 1335 607 autem
1373 559 1456 602 ρει
1486 545 1627 643 quod
1672 554 1798 643 nus:

174 684 359 737 quam
626 673 724 712 nec
749 668 873 709 saxa
906 647 1147 711 latentia,
1176 658 1276 697 nec
1303 638 1509 708 scapuli
1544 635 1671 696 sint,
1701 630 1793 731 sed

184 731 411 827 ubique
443 767 593 808 mare
617 751 734 820 ipso
755 754 907 815 portu
930 737 1267 809 tranquillius
1294 731 1495 787 invenit
1528 746 1540 781 :
1568 736 1622 780 et
1642 738 1793 793 quam

182 850 453 919 zephyro
475 843 708 915 quodam
737 838 803 893 ad
821 827 1373 906 proraminsulllante,
1400 831 1797 919 Vesl‘ro‘ttcmpe

178 910 461 996 audiendi
483 910 685 995 studio,
702 930 767 984 ad
786 922 1129 995 tranquillum
1146 926 1356 990 portum
1372 910 1791 983 appellebamus.

180 1033 401 1089 Statim
448 1028 593 1083 enim
636 1034 798 1093 atque
825 1034 892 1075 ex
917 1030 1014 1072 ore
1042 1020 1231 1069 nostro
1270 1022 1449 1063 sermo
1491 1000 1799 1093 prol‘ereba-

185 1136 324 1190 tur,
402 1132 594 1174 omnes
652 1091 860 1183 supinis
914 1108 1065 1162 illum
1131 1100 1378 1157 manibus
1434 1091 1793 1190 excipiebant,

180 1182 418 1272 etiarnsi
468 1210 690 1266 multam
722 1182 965 1258 haberet
1017 1191 1388 1253 dil’licultatem
1429 1205 1444 1246 :
1485 1184 1606 1240 talis
1654 1182 1799 1266 enim

194 1322 389 1377 nuper
418 1310 539 1359 erat
566 1296 957 1356 sententiarum
1006 1297 1197 1344 natura
1229 1301 1247 1343 :
1272 1289 1507 1335 attamen
1533 1272 1793 1377 alacrita-t

186 1400 270 1454 tis
286 1366 681 1466 :magnitudine
705 1398 759 1442 et
800 1382 997 1441 mentis
1037 1378 1267 1435 attentio
1298 1390 1419 1429 cum
1468 1366 1796 1425 accurationi

186 1464 428 1560 magna;
458 1493 511 1542 et
534 1485 586 1540 in
624 1480 809 1537 labore
832 1476 990 1532 nobis
1017 1464 1571 1560 solatiumAattulistis,
1599 1471 1653 1560 et
1684 1473 1800 1529 quae

190 1552 458 1636 difficilia
480 1582 655 1637 erant,
683 1570 855 1625 facilia
883 1563 1214 1622 reddidistis.
1245 1558 1430 1627 Neque
1457 1555 1600 1609 enim
1626 1552 1677 1605 in
1708 1565 1801 1619 pe-

189 1683 373 1736 tram,
406 1681 583 1737 neque
612 1665 665 1718 in
690 1661 896 1731 spinas,
918 1669 1091 1726 neque
1112 1666 1262 1707 secu‘
1286 1649 1424 1704 viam
1441 1644 1634 1702 cadere
1659 1642 1804 1742 sine-

192 1763 373 1824 batis;
394 1760 492 1815 sed
523 1755 703 1812 omnia
734 1754 784 1805 in
810 1751 1002 1820 pingue
1023 1755 1076 1801 et
1101 1741 1421 1815 profundum
1446 1750 1632 1791 arvum
1662 1741 1806 1787 exct-

206 1852 483 1924 piebatis,
524 1849 579 1903 in
620 1841 936 1916 profundum
968 1851 1161 1905 nempe
1200 1842 1394 1887 vestra:
1435 1824 1800 1924 mentis-.lldeo

193 1916 442 2013 singulis
459 1938 645 1995 diebus
661 1942 895 1991 comatos
912 1940 1119 1999 segetes
1139 1924 1399 1987 videmus,
1424 1918 1643 1989 zephyri
1662 1916 1800 1978 loco,

208 2005 463 2105 Spiritus
489 2030 634 2085 auris
664 2025 971 2087 inuutritas,
1001 2029 1053 2074 et
1089 2018 1356 2072 theatrum
1378 2011 1533 2065 nobis
1562 2005 1803 2078 quotidie

194 2102 561 2196 splendidum
612 2120 885 2176 effectum.
934 2114 1163 2182 Ideoque
1205 2108 1368 2163 hodie
1412 2102 1805 2196 przetermissas

197 2192 472 2286 reliquias
490 2225 763 2267 resumere
776 2206 1043 2262 volebam.
1067 2201 1172 2258 Sed
1196 2199 1322 2271 quid
1343 2196 1569 2252 faciam?
1590 2192 1805 2249 Macha-

197 2285 456 2361 hmorum
486 2302 684 2357 chorus
704 2309 809 2354 stat
827 2306 950 2351 ante
977 2293 1162 2349 oculos
1190 2306 1361 2355 meos,
1382 2298 1435 2344 et
1454 2289 1659 2357 fulgore
1688 2285 1805 2339 vul-

199 2411 405 2451 nerum
437 2408 655 2451 suorum
689 2398 926 2445 mentem
956 2402 1128 2441 meam
1159 2384 1461 2449 illustrans,‘
1485 2378 1551 2430 ad
1578 2377 1807 2446 pulchri.

200 2488 459 2542 tudinem
507 2499 658 2540 suam
711 2484 945 2553 linguam
987 2486 1222 2532 nostram
1272 2480 1448 2526 vocat.
1494 2468 1600 2525 Sed
1642 2482 1803 2524 nemo

198 2592 523 2634 sermonem
575 2586 631 2629 ut
677 2570 1114 2642 intempestivum
1169 2566 1472 2637 improbet,
1520 2563 1642 2632 quia
1681 2576 1801 2614 cum

200 2669 409 2724 horum
436 2666 788 2723 certaminum
820 2664 937 2718 dies
961 2660 1231 2718 crastinus
1258 2659 1357 2725 sit,
1387 2655 1545 2711 hodie
1573 2666 1805 2707 coronas

200 2760 485 2814 nectimus
511 2798 527 2821 ,
578 2765 633 2810 ct
655 2765 781 2809 ante
826 2751 951 2808 belli
998 2758 1208 2819 tempus
1250 2758 1511 2816 tropatum
1542 2744 1802 2814 prtcdica-

202 2866 356 2905 mus.
403 2848 460 2905 Si
516 2848 657 2904 enim
710 2862 831 2902 cum
888 2844 1087 2912 nuptiae
1128 2842 1500 2902 celebrantur,
1551 2837 1640 2907 qui
1696 2850 1800 2889 una

202 2950 451 3006 coeunt,
486 2948 611 2994 ante
649 2938 792 2993 diem
840 2938 1170 3004 assignatum
1203 2941 1257 2987 et
1303 2931 1568 2987 thalamos
1613 2936 1804 2996 parant

202 3046 265 3090 et
298 3034 519 3089 coronis
540 3032 732 3087 domos
754 3037 952 3084 ornant
980 3036 1139 3097 atque
1170 3024 1357 3077 aulaeis
1393 3039 1405 3075 :
1442 3022 1609 3075 multo
1632 3020 1803 3089 magis

204 3142 313 3181 nos
353 3126 461 3180 hoc
504 3126 677 3194 ipsum
708 3122 967 3178 faciemus
992 3161 1005 3184 ,
1050 3126 1251 3188 quanto
1294 3116 1454 3170 etiam
1496 3114 1667 3183 magis
1692 3112 1803 3181 spi-

205 3220 437 3275 rituales
468 3227 593 3271 sunt
617 3215 700 3269 ba:
729 3214 928 3281 nuptiae
954 3253 969 3276 ,
1011 3226 1117 3265 non
1153 3210 1371 3262 homine
1402 3220 1625 3261 uxorem
1653 3246 1667 3268 ,
1702 3203 1801 3258 sed

207 3309 327 3363 Deo
351 3308 564 3362 animas
592 3306 866 3361 hominum
906 3302 1007 3357 sibi
1049 3302 1429 3370 desponsante.
1465 3297 1803 3367 Quapropter

209 3416 326 3454 non
383 3398 720 3453 aberraverit
762 3396 852 3467 qui
902 3403 1198 3464 martyrum
1254 3392 1489 3445 animam
1546 3401 1799 3456 spensam

208 3491 448 3556 dixerit,
480 3503 733 3558 sponsam
775 3501 970 3555 nempe
1008 3484 1342 3555 spiritualem
1373 3480 1673 3549 :siquidem
1706 3492 1803 3547 pro

210 3584 343 3637 dote
381 3584 692 3651 sanguinem
736 3579 1001 3645 alierum,
1046 3577 1227 3632 dotem
1291 3588 1580 3643 numquam
1632 3571 1794 3625 absu-

212 3674 492 3730 tnendam.
538 3672 648 3729 Sed
696 3671 911 3727 laudum
962 3680 1173 3740 tempus
1212 3668 1277 3721 ad
1318 3667 1460 3721 diem
1513 3664 1801 3720 crastinam

215 3782 321 3821 nos
353 3774 631 3836 exspectet
660 3782 674 3819 :
706 3764 865 3820 hodie
889 3778 1019 3818 vero
1049 3762 1371 3816 inﬁrmiores
1394 3759 1611 3813 iratrutn
1637 3755 1806 3812 corri-

212 3873 434 3928 gemus.
482 3857 616 3925 Quia
668 3857 810 3912 enim
860 3855 1014 3910 ntulti
1060 3870 1125 3908 ex
1158 3852 1574 3920 simplicioribus
1625 3856 1807 3903 mente

214 3946 613 4011 claudicantes,
637 3946 705 4001 ab
732 3945 988 4001 Ecclesim
1018 3944 1249 3998 inimicis
1278 3944 1511 4005 attracti,
1544 3954 1649 3992 non
1678 3952 1807 3993 con-

214 4048 502 4110 gruentem
550 4039 619 4094 de
666 4041 868 4092 sanctis
898 4037 1046 4091 hisce
1088 4035 1393 4104 opinionem
1435 4032 1659 4093 habent;
1712 4044 1807 4084 ne-

216 4147 326 4201 que
367 4130 488 4186 illos
533 4131 586 4184 itt
634 4131 843 4200 reliquo
885 4138 1181 4200 martyrum
1220 4127 1387 4181 choro
1414 4130 1804 4187 annumerant,

214 4222 461 4277 dicentes
480 4262 496 4288 ,
529 4235 633 4275 non
664 4236 760 4290 pro
788 4219 1001 4274 Christo
1052 4220 1197 4288 ipsos
1225 4230 1539 4287 sanguinem
1566 4213 1803 4277 fudisse,

215 4312 312 4368 sed
342 4326 440 4381 pro
466 4311 583 4383 lege
607 4320 661 4367 et
688 4325 783 4382 pro
813 4312 1094 4381 scripturis
1124 4325 1243 4381 qua:
1274 4310 1325 4363 in
1354 4308 1471 4378 lege
1494 4315 1669 4371 erant,
1706 4320 1805 4376 pro

220 4403 399 4457 suillis
434 4402 685 4457 carnibus
721 4401 991 4471 jugulatos
1038 4417 1052 4454 ε
1102 4414 1199 4469 age
1250 4413 1379 4469 ergo
1426 4398 1807 4467 cogitationem

217 4494 435 4549 illorum
452 4492 804 4561 corrigamus.
830 4491 1009 4561 Turpe
1038 4506 1269 4561 namque
1295 4498 1440 4550 esset
1470 4490 1590 4543 illos
1619 4488 1809 4543 festum

217 4584 574 4649 celebrantes,
606 4583 936 4638 celebritatis
963 4598 1179 4637 causam
1216 4582 1491 4651 ignorare.

292 4675 346 4729 2.
371 4675 440 4732 Ut
463 4690 529 4731 ne
547 4691 674 4745 ergo
703 4676 736 4729 ii
760 4677 848 4745 qui
877 4676 966 4729 tali
989 4676 1177 4730 morbo
1199 4675 1441 4728 laborant
1470 4676 1521 4728 in
1541 4673 1813 4729 communi

219 4769 461 4824 omnium
489 4768 671 4823 laztitia
690 4768 788 4823 soli
818 4768 1051 4832 doleant,
1078 4768 1171 4823 sed
1190 4769 1394 4823 sincera
1414 4780 1589 4821 mente
1610 4769 1815 4837 pugiles

221 4860 345 4914 illos
372 4858 786 4927 amplectantur,
816 4860 1033 4930 etpuris
1074 4860 1240 4914 oculis
1263 4844 1381 4913 illos
1412 4860 1623 4913 videant
1648 4878 1660 4911 :
1686 4858 1811 4927 quid

220 4950 432 5005 illorum
462 4959 668 5004 mentes
691 4951 1214 5006 concitaverithodie
1235 4951 1596 5015 traducentes,
1623 4950 1672 5004 id
1696 4950 1811 5004 elli-

220 5042 429 5096 ciemus
445 5050 632 5096 utcras
644 5041 852 5097 sincera
868 5052 1045 5097 mente
1061 5052 1111 5095 et
1130 5058 1259 5111 puro
1276 5043 1453 5095 animo
1473 5042 1730 5097 accedant
1746 5040 1813 5096 ad

218 5134 553 5203 spiritualem
576 5134 960 5188 celebritatem.
991 5135 1280 5188 Enimvero
1308 5149 1408 5202 ego
1431 5144 1635 5187 tantum
1664 5134 1817 5188 abest

222 5233 285 5279 ut
322 5238 563 5279 recusem
605 5224 932 5279 Blaccabmos
967 5225 1176 5280 caeteris
1209 5227 1529 5294 martyribus
1559 5240 1818 5279 annume-

222 5330 365 5378 rare,
385 5317 611 5371 utetiam
629 5315 1017 5384 Splendidiores
1036 5318 1153 5369 illos
1166 5331 1283 5370 esse
1296 5317 1489 5369 dicam.
1506 5317 1655 5370 Tunc
1668 5315 1815 5370 enim

219 5416 688 5471 conuertat/erunt,
704 5420 823 5459 cum
838 5406 1071 5460 nondum
1090 5416 1255 5477 porta:
1272 5423 1427 5460 acrem
1449 5406 1624 5459 fracta.-
1638 5415 1817 5460 CSSCIlt

222 5514 394 5568 neque
419 5499 585 5554 vectis
603 5497 815 5553 ferreus
841 5502 1142 5554 abstractus
1166 5520 1178 5552 :
1204 5516 1324 5555 cum
1343 5500 1517 5554 adhuc
1540 5512 1815 5568 peccatum

221 5594 611 5655 dominaretur,
644 5602 697 5646 et
718 5592 1021 5647 maledictio
1050 5593 1282 5662 vigeret;
1308 5604 1461 5662 atque
1481 5609 1601 5648 cum
1620 5594 1814 5647 diaboli

222 5701 313 5737 arx
338 5683 515 5737 adhuc
534 5691 726 5745 Staret,
760 5681 986 5735 necdum
1019 5684 1136 5735 talis
1160 5683 1371 5737 virtutis
1403 5684 1481 5734 via
1504 5683 1623 5736 trita
1648 5694 1811 5737 εεευι.

225 5772 365 5829 Ἀρνεί·
407 5775 551 5829 enim
607 5773 691 5827 vel
723 5771 1008 5830 admodum
1047 5774 1252 5844 pueruli
1294 5784 1345 5828 ct
1374 5776 1602 5845 virginea
1634 5780 1811 5830 ntu‘te

992 355 1053 401 Μ
1094 343 1395 404 th)LlLl.\,
1442 343 1527 394 DF.
1570 335 2065 415 liLEAZMlo‘ET
2108 335 2378 391 SEPTEM
2420 334 2687 391 PUElliS.

3391 333 3493 385 5'26

1902 462 2099 501 lt‘ltL'I‘u:
2130 461 2181 502 et
2211 450 2445 517 innUpla:
2477 451 2525 502 itt
2564 448 2813 502 omnibus
2838 448 2981 502 orbis
3009 450 3265 518 partibus,
3298 461 3486 502 contra

1901 542 2086 591 tttttl'lis
2134 539 2465 609 tyrannidem
2513 547 2894 595 concertavere
2935 558 2949 594 :
2984 548 3107 593 tunc
3150 552 3332 594 autem
3366 551 3493 593 ante

1874 628 2096 682 —Christi
2126 630 2435 694 adventum,
2466 632 2626 684 etiam
2659 632 2690 684 ii
2713 633 2802 700 qui
2829 632 2959 699 justi
2984 641 3171 695 erant,
3204 631 3492 686 admodum

1902 722 2044 775 illam
2074 722 2447 775 formidabant.
2474 722 2683 792 Moyses
2700 722 2841 777 enim
2862 722 3021 791 hujus
3039 724 3231 776 timore
3254 724 3457 792 attingit
3480 741 3493 775 :

1900 812 2081 867 llclias
2108 829 2201 880 per
2227 813 2573 883 quadraginta
2604 814 2811 867 dierum
2844 814 2982 867 viam
3010 823 3292 883 propterea
3321 813 3453 883 fugit
3478 832 3490 866 :

1900 916 1954 960 et
1985 906 2251 959 Abraham
2293 905 2592 973 patriarcha
2633 905 2753 959 ideo
2789 920 3010 959 uxorem
3044 905 3298 958 manebat
3324 914 3379 958 ιιι
3425 921 3485 959 se

1900 1012 2138 1051 sororem
2168 996 2401 1062 diceret,
2456 1012 2558 1051 non
2593 1012 2833 1051 uxorem.
2865 996 3059 1066 Ecquis
3102 1006 3314 1065 Oportet
3354 996 3492 1050 alios

1900 1089 2113 1145 dicere?
2160 1090 2274 1158 ipse
2329 1105 2556 1156 namque
2598 1090 2786 1145 I'etrus
2836 1089 2907 1144 ita
2960 1102 3187 1144 mortem
3233 1091 3492 1156 timebat,

1901 1190 1961 1236 ttt
1987 1198 2053 1236 ne
2078 1183 2313 1235 ostiaria:
2346 1182 2563 1250 quidem
2591 1183 2764 1237 minas
2796 1182 2981 1236 tulerit
3008 1200 3021 1235 :
3054 1182 3309 1237 terribilis
3341 1198 3496 1236 nam-

1900 1290 2006 1344 que
2051 1289 2197 1327 mors
2224 1281 2339 1327 erat
2365 1284 2419 1327 et
2450 1275 2747 1338 inaccessa,
2778 1290 2900 1329 cum
2928 1274 3166 1328 nondum
3200 1274 3348 1327 nervi
3380 1273 3496 1343 ejus

1902 1365 2104 1419 exsccti
2136 1365 2358 1419 fuissent
2388 1380 2487 1417 nec
2522 1375 2758 1434 potestas
2786 1364 2904 1435 ejus
2925 1364 3125 1419 soluta.
3162 1365 3411 1419 Attamen
3444 1364 3495 1417 hi

1902 1465 2062 1523 tunc,
2114 1458 2329 1527 quando
2378 1458 2465 1512 illa
2522 1467 2626 1511 tam
2684 1456 2998 1515 terribiliter
3037 1458 3304 1527 spirabat,
3352 1458 3495 1511 illam

1905 1560 2344 1619 expugnaverunt
2372 1557 2426 1603 et
2454 1549 2789 1604 devicerunt.
2819 1549 2955 1617 Quia
2996 1550 3139 1604 enim
3170 1550 3281 1619 jam
3313 1550 3494 1619 solju-

1905 1641 2063 1695 stitia:
2086 1641 2320 1694 oriturus
2350 1649 2485 1707 crat,
2510 1640 2649 1710 quod
2671 1641 2724 1694 in
2744 1640 2946 1709 vulgari
2964 1640 3052 1695 die
3081 1642 3158 1702 lit,
3185 1640 3347 1695 etiam
3372 1648 3497 1693 tunc

1906 1732 2127 1799 Contigit
2158 1748 2171 1783 :
2216 1732 2353 1783 sicut
2382 1733 2525 1785 enim
2554 1732 2667 1784 sole
2699 1730 2934 1784 nondum
2966 1740 3279 1799 apparente,
3313 1729 3495 1783 laetum

1908 1832 2085 1875 tamen
2144 1822 2299 1877 nobis
2348 1821 2638 1876 diluculum
2688 1829 2955 1891 apparet,
3001 1831 3216 1875 etcum
3259 1819 3497 1875 nondum

1907 1913 2113 1968 solares
2141 1913 2273 1967 radii
2324 1914 2431 1967 sint
2462 1911 2774 1977 manifesti,
2828 1911 2917 1965 lux
2984 1912 3255 1965 radiorum
3312 1912 3496 1980 procul

1909 2005 2097 2058 orbem
2133 2005 2397 2058 illuminat
2431 2024 2442 2057 :
2477 2004 2617 2058 idem
2647 2012 2700 2055 et
2728 2011 2854 2056 tunc
2899 2002 3139 2072 contigit.
3172 2003 3305 2068 Quia
3351 2001 3495 2055 enim

1907 2102 2235 2153 advcnlttrus
2262 2107 2378 2152 erat
2397 2096 2741 2168 Soljuslititn,
2763 2095 2977 2149 tandem
2999 2093 3235 2148 diuturni
3266 2094 3499 2163 torporis

1906 2190 2144 2244 tenchrre
2202 2188 2578 2254 solvebantur,
2635 2188 2736 2243 etsi
2784 2186 3021 2240 nondum
3075 2196 3396 2255 apparuerat
3446 2188 3495 2238 in

1904 2296 2089 2347 carne,
2122 2282 2214 2337 sed
2247 2297 2413 2352 prope
2444 2292 2635 2337 eratet
2677 2280 2830 2351 quasi
2856 2280 2908 2333 in
2939 2278 3243 2349 prooemiis,
3290 2287 3345 2331 et
3383 2276 3496 2347 jam

1905 2390 1995 2430 res
2022 2376 2163 2444 ipsas
2187 2374 2454 2443 tangebat.

1981 2467 2239 2521 Probatur
2266 2466 2593 2521 Macltabwos
2621 2484 2711 2538 pro
2728 2465 2929 2521 Christo
2952 2481 3127 2534 passos
3143 2462 3495 2529 esse—Quod

1907 2560 2069 2630 igitur
2122 2576 2370 2631 tnagnam
2427 2559 2777 2615 cxhiburrint
2828 2559 3083 2611 virtutem
3116 2597 3131 2621 ,
3194 2556 3246 2609 in
3305 2555 3497 2609 talibus

1907 2663 2282 2709 concertantes
2330 2652 2685 2721 temporibus,
2719 2650 2941 2705 omnino
2980 2649 3156 2719 palam
3201 2656 3283 2702 est
3312 2664 3325 2698 :
3356 2645 3497 2714 quod

1906 2762 2036 2801 vero
2062 2746 2221 2800 etiam
2250 2760 2347 2816 pro
2393 2743 2610 2800 Christo
2649 2741 2873 2797 vulnera
2904 2740 3234 2809 acceperint,
3259 2736 3361 2791 hoc
3386 2736 3497 2805 jam

1906 2841 2279 2897 demonstrare
2306 2840 2565 2894 conabor.
2591 2838 2701 2891 Cur
2721 2836 2888 2902 enim,
2908 2834 2996 2889 dic
3014 2832 3168 2898 tnihi,
3191 2835 3329 2901 passi
3348 2830 3499 2884 sunt?

1905 2931 2037 3001 legis
2068 2946 2226 2985 causa
2255 2972 2268 2995 ,
2304 2930 2535 3000 inquies,
2592 2938 2648 2983 et
2696 2927 3087 2997 scripturarum
3132 2938 3255 2995 quae
3301 2924 3353 2977 in
3408 2922 3499 2978 illa

1905 3032 2078 3079 erant.
2104 3022 2161 3077 Si
2189 3010 2316 3093 ergo
2356 3018 2965 3091 apparuerithristum
3001 3018 3177 3087 legem
3222 3015 3367 3069 illaut
3399 3014 3499 3069 de-

1904 3116 2072 3182 disse,
2102 3130 2281 3170 annon
2313 3115 2662 3183 cOnSpicuum
2694 3122 2776 3168 est
2798 3110 2919 3165 illos
2946 3125 3044 3179 pro
3073 3110 3189 3179 lege
3213 3109 3497 3178 patientes,

1906 3224 2005 3281 pro
2030 3208 2335 3279 lcgislatore
2356 3209 2529 3263 totam
2562 3207 2703 3260 illam
2732 3204 3089 3260 constantiam
3113 3214 3163 3258 et
3189 3202 3498 3272 patientiam

1904 3299 2256 3355 exhibuisse?
2286 3300 2399 3369 Age
2420 3313 2571 3369 ergo,
2596 3297 2697 3351 hoc
2716 3295 2876 3351 hodie
2900 3295 3209 3366 probemus,
3224 3293 3499 3349 Chrismm

1906 3407 2099 3463 nempe
2129 3407 2251 3448 esse
2290 3392 2378 3463 qui
2410 3391 2580 3461 legem
2609 3390 2774 3445 dedit.
2816 3387 2946 3456 Quis
2959 3403 3088 3458 ergo
3116 3387 3230 3441 hare
3250 3386 3424 3441 dixit?
3451 3385 3501 3440 ls

1906 3488 1995 3555 qtti
2030 3487 2143 3540 hate
2187 3486 2352 3555 probe
2384 3484 2587 3539 sciebat
2613 3492 2666 3537 et
2694 3497 2829 3537 nova
2856 3491 2910 3536 et
2936 3492 3137 3546 vetera,
3166 3481 3380 3545 Paulus,
3412 3496 3501 3533 or-

1907 3582 1989 3637 bis
2013 3581 2233 3635 doctor:
2260 3580 2550 3635 Corinthiis
2575 3592 2805 3647 namque
2825 3576 3089 3648 scribens,
3116 3576 3193 3629 sic
3220 3575 3456 3644 loquitur
3484 3591 3497 3625 :

1908 3673 2049 3727 Nolo
2079 3683 2247 3726 autem
2290 3689 2375 3725 vos
2418 3673 2672 3741 ignorare,
2718 3673 2925 3741 fratres,
2970 3669 3089 3739 quia
3131 3677 3297 3736 patres
3342 3668 3504 3721 nostri

1908 3782 2078 3819 omnes
2118 3764 2209 3817 sub
2249 3763 2379 3816 nube
2405 3764 2642 3832 fuerunt,
2674 3772 2719 3815 et
2743 3778 2916 3816 omnes
2959 3777 3046 3831 per
3079 3776 3219 3813 mare
3266 3756 3501 3812 Rubrum

1910 3856 2238 3917 transierunt,
2276 3864 2320 3908 et
2343 3870 2513 3908 omnes
2537 3855 2591 3906 in
2616 3852 2795 3924 Moyse
2819 3851 3060 3923 baptizati
3083 3861 3198 3904 sunt
3224 3850 3276 3903 in
3306 3852 3437 3904 nube
3458 3860 3503 3903 rt

1909 3948 1960 4000 in
1990 3948 2135 4012 muri,
2165 3957 2209 4000 et
2233 3963 2404 4001 omnes
2422 3946 2649 3999 eumdem
2674 3946 2839 3998 cibum
2874 3943 3195 4012 spiritualctn
3224 3947 3504 3994 mundum-

1909 4050 2084 4093 verunt
2109 4041 2125 4109 (
2157 4042 2203 4095 l.
2223 4037 2342 4095 Cor.
2368 4038 2453 4093 lO.
2478 4038 2575 4092 1-5
2601 4038 2644 4108 ),
2668 4036 2735 4092 de
2762 4052 2954 4090 manna
2978 4035 3230 4101 l0quetts,
3258 4044 3303 4087 et
3332 4050 3504 4087 onmcs

1910 4133 2140 4187 eumdem
2192 4141 2364 4201 potum
2404 4130 2719 4204 spiritualem
2774 4128 3021 4190 biberunt,
3072 4129 3264 4193 aquam
3318 4125 3505 4179 dicens

1913 4225 2082 4287 illam,
2107 4239 2226 4293 qua:
2246 4240 2275 4277 e
2300 4233 2446 4292 petra
2470 4221 2640 4275 ﬂuxit.
2664 4218 2865 4274 Deinde
2886 4229 3166 4288 postquam
3192 4218 3506 4272 ostenderat

1912 4315 2184 4369 Christum
2217 4313 2331 4368 ltzec
2362 4312 2627 4367 mirabilia
2658 4310 2847 4365 fecisse
2870 4350 2884 4373 ,
2913 4310 3188 4377 subjnnxit
3220 4324 3232 4359 :
3262 4307 3504 4361 Bibcbunt

1914 4408 2044 4460 enim
2077 4422 2140 4460 ea:
2176 4404 2429 4475 spirituali
2455 4412 2787 4473 consequente
2823 4416 2909 4455 eos
2949 4409 3129 4466 petra:
3153 4410 3296 4469 petra
3339 4413 3503 4452 autem

1914 4509 2019 4551 erat
2048 4498 2277 4552 Christus
2306 4498 2324 4563 (
2354 4494 2491 4550 Ibid.
2527 4513 2577 4548 υ.
2610 4496 2643 4549 4
2669 4492 2710 4565 ).
2742 4494 2805 4547 Et
2831 4493 2953 4563 jure
2983 4502 3130 4546 certe
3169 4508 3181 4544 :
3219 4509 3322 4546 non
3364 4494 3506 4547 enim

1918 4600 2081 4658 petrae
2112 4598 2297 4642 natura
2328 4588 2605 4642 emittebat
2646 4600 2838 4655 aquam
2890 4593 2944 4639 et
2984 4584 3173 4638 ﬂuvios
3231 4585 3371 4645 illos.
3412 4585 3505 4639 sed

1916 4680 2112 4735 Christi
2140 4681 2381 4748 op:~ratio
2412 4678 2637 4747 lapidem
2689 4677 3000 4747 percutiens
3054 4675 3230 4730 fontes
3259 4676 3509 4729 emittere

1917 4774 2113 4842 coegit.
2146 4773 2269 4827 Ideo
2327 4773 2489 4826 etiam
2540 4771 2871 4842 spiritualem
2928 4780 3134 4838 petram
3188 4772 3419 4835 vocavit,
3454 4780 3507 4823 et

1920 4864 2065 4932 ipsos
2107 4874 2384 4933 sequntam
2417 4878 2538 4917 esse
2566 4862 2739 4916 dixit:
2781 4862 2998 4916 sensilis
3030 4876 3159 4916 vero
3207 4871 3353 4930 pelta
3402 4878 3506 4915 non

1918 4955 2180 5022 sequitur,
2212 4953 2305 5008 sed
2335 4954 2385 5006 in
2417 4954 2535 5006 loco
2561 4965 2666 5006 uno
2695 4952 2904 5006 stabilis
2930 4962 3013 5005 est
3047 4968 3060 5003 :
3092 4952 3184 5006 sed
3208 4954 3377 5004 virtus
3398 4954 3507 5012 illa.

1918 5062 2036 5115 qua:
2068 5046 2260 5114 ubique
2286 5045 2438 5099 adest
2478 5055 2529 5099 et
2557 5045 2738 5098 omnia
2761 5052 2931 5107 creat,
2969 5044 3080 5112 ipsa
3110 5055 3314 5112 petram
3348 5046 3515 5113 rupit.

1919 5137 2071 5203 Quod
2098 5138 2141 5191 si
2173 5136 2287 5191 ha-c
2313 5136 2475 5190 verba
2508 5151 2614 5189 non
2639 5134 2774 5191 ferat
2799 5134 3037 5200 Judzeus,
3068 5150 3167 5204 age
3194 5137 3305 5189 suis
3335 5137 3505 5204 ipsum

1920 5230 2084 5283 armis
2103 5230 2397 5296 capiamus,
2432 5228 2566 5281 nihil
2589 5244 2654 5282 ex
2680 5228 2867 5295 Paulo,
2894 5228 3054 5282 Petro
3078 5238 3131 5283 et
3160 5229 3389 5291 Joanne.
3411 5230 3504 5284 sed

1921 5336 1982 5373 ex
2012 5318 2287 5388 prophetis
2315 5334 2433 5372 cum
2482 5319 2572 5372 illo
2623 5318 2980 5387 disputantes,
3016 5330 3072 5373 ut
3120 5320 3289 5375 diseat
3330 5322 3510 5378 literas

1922 5426 2086 5480 penes
2111 5411 2279 5471 illum,
2311 5425 2465 5464 sensa
2495 5425 2623 5465 vero
2649 5425 2816 5479 penes
2843 5426 2940 5465 nos
2969 5427 3108 5467 esse.

1994 5503 2046 5553 5.
2076 5503 2205 5565 Quis
2250 5516 2379 5569 ergo
2422 5502 2806 5569 prophetarum
2858 5502 2972 5557 haec
3010 5503 3176 5570 dicit,
3209 5506 3350 5575 quod
3399 5508 3512 5575 ipse

1923 5600 2075 5645 vetus
2098 5590 2503 5645 Testamentum
2535 5592 2783 5647 dederit?
2811 5592 3073 5648 Jeremias
3103 5596 3193 5664 qui
3224 5612 3290 5651 ex
3324 5608 3507 5657 venite

1922 5683 2282 5737 sam-tilicatus
2326 5691 2441 5747 est,
2484 5686 2573 5753 qui
2625 5685 2675 5739 in
2723 5694 3003 5755 juventute
3050 5689 3266 5743 claruit.
3316 5688 3414 5745 Ubi
3463 5703 3519 5747 et

1923 5776 2228 5846 quomodo?
2258 5776 2392 5831 Audi
2426 5778 2584 5833 verba
2623 5778 2761 5850 ejus,
2794 5788 2847 5836 et
2876 5795 2942 5835 ea
2973 5780 3127 5836 dictis
3158 5780 3304 5839 clare
3342 5782 3509 5843 disce.
