4068 6412
561 353 666 410 527

564 469 822 530 Qnmnam
887 467 1043 538 igitur
1106 475 1228 520 sunt
1281 463 1476 520 verba?
1534 459 1667 516 Ecce
1722 460 1828 514 dies
1890 459 2134 521 reniunt,

567 555 690 610 dicit
738 555 1001 612 Dominus.
1034 558 1112 611 Ab
1134 558 1291 610 initio
1321 556 1500 610 statim
1546 553 1842 609 auditorem
1875 550 2049 619 erigit,
2082 557 2133 601 et

568 647 893 701 audientium
921 663 1134 702 sensum
1179 648 1395 712 excitat,
1428 645 1716 702 ostendens
1739 658 1847 698 non
1890 657 1982 697 sua
2014 656 2134 695 esse

570 741 749 805 verba,
767 741 859 795 sed
885 756 943 796 se
972 740 1230 794 mittentis
1263 741 1373 795 Dei.
1400 740 1528 794 Ecce
1555 739 1660 792 dies
1682 738 1901 792 veniunt.
1932 733 2135 789 Deinde

568 832 827 903 signifiCat
851 849 909 887 se
940 832 1008 888 de
1054 833 1240 887 futuris
1276 833 1434 888 rebus
1477 831 1641 901 loqui.
1674 827 1952 917 Quomodo
1980 841 2129 896 ergo,

569 927 611 976 si
666 924 732 978 de
789 924 978 977 futuris
1027 924 1297 994 loquitur,
1335 923 1496 979 Vetus
1559 923 1957 976 Testamentum
2022 919 2136 984 ipse

570 1012 756 1066 dedit?
797 1015 1059 1082 Exspecta
1119 1025 1173 1068 et
1219 1031 1284 1068 ne
1343 1013 1572 1068 turberis
1625 1023 1854 1081 tuncque
1900 1009 2138 1063 veritatis

569 1106 908 1177 splendorem
960 1107 1184 1161 videbis.
1236 1108 1368 1161 Cum
1425 1107 1566 1160 cuitu
1623 1104 1738 1159 bmc
1786 1103 2135 1169 dicebantur,

573 1201 650 1252 lex
680 1199 799 1251 data
831 1208 943 1253 erat
981 1209 1035 1252 et
1076 1199 1266 1252 violata
1297 1195 1487 1262 fuerat,
1512 1195 1715 1251 Novum
1768 1210 1896 1250 vero
1945 1193 2135 1250 Testa-

571 1301 805 1343 mentum
855 1289 1109 1351 nondum.
1144 1290 1234 1343 llis
1279 1304 1407 1359 ergo
1460 1289 1601 1344 clare
1633 1290 1684 1341 in
1731 1297 1909 1342 mente
1959 1295 2133 1340 vestra

567 1383 862 1451 depositis,
920 1383 1240 1436 solutionem
1307 1383 1533 1452 accipite
1582 1381 1950 1436 difficultatum
2003 1393 2142 1446 quas

570 1473 721 1527 llllllll
766 1472 1043 1542 objiciunt.
1102 1473 1229 1527 Ecce
1270 1473 1376 1526 dies
1417 1474 1651 1535 veniunt,
1706 1471 1824 1524 dicit
1865 1469 2135 1535 Dominus,

570 1580 803 1631 pra-scus
853 1574 1062 1633 tempus
1105 1565 1428 1634 signiﬁcans,
1482 1576 1527 1619 et
1563 1564 1830 1632 disponam
1876 1562 2010 1616 vobis
2061 1571 2133 1616 te-

566 1667 866 1709 stamentum
909 1673 1107 1721 novum,
1155 1673 1253 1709 non
1293 1656 1566 1711 secundant
1606 1666 1956 1710 testamentum
2004 1654 2140 1723 quod

568 1747 792 1813 disposui
835 1748 1059 1816 patribus
1098 1750 1270 1802 uestris
1319 1749 1464 1817 (ler.
1507 1750 1593 1802 51.
1636 1749 1725 1802 5|.
1779 1749 1848 1802 32
1875 1749 1912 1818 ).
1968 1747 2141 1803 luter-

569 1852 700 1909 rt-go
751 1839 1029 1899 Judmum.
1085 1840 1350 1910 interrogo
1400 1839 1665 1893 inﬁrmum
1716 1839 1956 1904 fratrem,
2012 1839 2144 1906 Quis

569 1945 764 1984 tiovum
814 1929 961 1984 dedit
1003 1930 1442 1985 Testamentum?
1471 1932 1661 1986 Procul
1720 1931 1882 1986 dubio
1922 1945 2144 2002 respon-

568 2021 770 2076 debunt
799 2022 977 2089 ambo,
1011 2024 1150 2089 quod
1177 2022 1424 2079 Christus
1451 2025 1678 2080 dederit.
1707 2025 1848 2096 Ergo
1882 2025 1966 2080 hic
1992 2035 2141 2080 vetus

569 2115 726 2168 etiam
776 2114 942 2170 dedit.
1002 2116 1134 2171 Nam
1177 2119 1265 2187 qui
1324 2119 1457 2172 dixit
1488 2161 1501 2182 ,
1550 2118 1831 2188 Disponam
1878 2128 2145 2173 testamen-

569 2217 672 2257 tum
700 2220 902 2271 norum,
929 2224 1028 2260 non
1056 2210 1329 2262 secundum
1361 2218 1707 2262 testamentum
1736 2210 1872 2278 quod
1896 2210 2141 2277 disposui,

568 2298 800 2354 ostendit
829 2315 886 2354 se
913 2301 1072 2354 etiam
1119 2302 1243 2355 illud
1282 2302 1494 2356 dedisse
1525 2320 1537 2356 :
1565 2318 1694 2372 ergo
1733 2304 2008 2373 utriusque
2043 2304 2146 2358 Te-

568 2393 815 2447 stamenti
847 2408 982 2447 unus
1005 2394 1279 2463 legislator
1299 2404 1398 2449 est.
1436 2396 1499 2448 Et
1523 2395 1880 2464 quandonam,
1916 2411 2099 2466 quaiso
2128 2437 2143 2461 ,

568 2493 722 2536 vetus
750 2482 1146 2538 Testamentum
1173 2482 1470 2553 disposuit?
1503 2484 1571 2538 In
1609 2489 1690 2538 die
1728 2503 1828 2555 qua
1869 2503 2022 2540 manu
2047 2504 2145 2555 ap-

571 2573 812 2642 prehendi
834 2589 936 2637 eos,
959 2585 1015 2627 ut
1041 2575 1300 2629 educerem
1325 2575 1440 2629 illos
1460 2577 1521 2631 de
1542 2587 1674 2629 terra
1698 2575 1914 2648 ﬁgypti
1937 2577 2141 2648 (Ibid.).

574 2666 706 2722 \‘ide
755 2667 1023 2734 quomodo
1068 2676 1121 2721 et
1161 2667 1464 2722 facilitatem
1501 2670 1734 2723 Ostendit
1781 2670 2062 2737 educendi,
2094 2679 2147 2726 et

570 2755 908 2811 dilectionem
949 2771 1121 2821 suam,
1152 2766 1204 2812 et
1229 2758 1526 2813 eductionis
1570 2761 1935 2826 securitatem,
1980 2763 2146 2832 quod-

572 2861 675 2916 que
707 2847 898 2916 ipsein
931 2847 1160 2919 Egyva
1213 2851 1380 2906 smnia
1427 2852 1676 2904 miracula
1720 2861 1973 2920 patraret.
2013 2852 2144 2909 Cum

573 2939 715 2991 enim
741 2938 887 3002 dicit,
920 2938 1131 2992 Manum
1153 2958 1320 2994 eorum
1350 2943 1679 3011 apprehendi,
1707 2957 1759 2996 ut
1783 2945 2039 2998 educerem
2066 2962 2148 3000 eos

577 3030 639 3082 de
674 3039 806 3082 terra
834 3029 1071 3100 Egypti,
1116 3032 1368 3087 miracula
1412 3035 1586 3088 omnia
1635 3037 1896 3104 signilieat
1929 3056 1942 3090 :
1975 3037 2146 3092 exitus

575 3119 716 3174 enim
749 3121 836 3175 ille
882 3136 976 3190 per
1017 3121 1105 3176 ilia
1143 3124 1401 3192 Stupenda
1449 3126 1697 3181 miracula
1733 3127 1904 3182 faclus
1949 3138 2048 3183 est.
2083 3128 2148 3182 Et

573 3211 673 3279 ipsi
700 3228 800 3266 non
839 3225 1218 3281 permanserunt
1263 3217 1314 3269 in
1361 3227 1648 3272 testamento
1689 3237 1796 3273 meo
1825 3239 1842 3283 ;
1869 3231 1916 3276 et
1944 3239 2033 3291 ego
2063 3240 2149 3279 ne-

574 3302 709 3368 glexi
736 3318 841 3366 eos,
880 3303 1000 3358 dicit
1041 3304 1286 3374 Dominus
1304 3307 1524 3380 ‘(Ibid.).
1569 3309 1719 3376 Quod
1746 3313 1902 3381 igitur
1933 3314 2052 3367 novi
2093 3324 2149 3370 et

575 3395 768 3448 veteris
795 3394 1119 3451 Testamenti
1157 3413 1292 3453 unus
1320 3401 1388 3453 sit
1437 3400 1740 3470 legislator,
1777 3404 1898 3458 hine
1927 3405 2149 3461 manife—

575 3495 712 3540 stum
757 3497 857 3541 cst.
906 3487 1001 3542 llic
1044 3504 1169 3543 vero
1199 3491 1242 3544 si
1271 3492 1388 3561 quis
1415 3492 1610 3548 dictum
1638 3505 1890 3550 accurate
1937 3499 2147 3568 prospi-

574 3579 696 3638 ciat,
741 3577 934 3632 videbit
979 3580 1147 3648 ipsum
1189 3597 1291 3634 non
1337 3583 1540 3639 modica
1587 3587 1897 3644 difﬁcultate
1928 3590 2144 3659 plenum

575 3685 712 3724 esse.
745 3671 875 3724 Nam
912 3689 1029 3726 cum
1057 3689 1269 3729 causam
1316 3677 1461 3741 dicit,
1491 3681 1558 3733 ob
1590 3697 1745 3750 quam
1778 3684 1918 3737 aliud
1956 3684 2145 3740 Testa-

573 3770 810 3815 mentum
839 3761 1054 3817 daturus
1083 3774 1206 3830 est,.
1230 3783 1421 3820 novum
1453 3769 1578 3823 illud
1625 3783 1794 3833 vocat,
1825 3773 1874 3825 id
1903 3783 2000 3836 est,
2032 3784 2146 3828 stu-

573 3853 800 3919 pendum
831 3872 844 3907 :
875 3869 1016 3919 nam,
1041 3854 1339 3925 Disponam.
1361 3859 1548 3928 inquit,
1571 3871 1917 3916 testamentum
1941 3882 2142 3929 norum,

574 3960 671 3997 non
736 3946 1008 4000 secundum
1056 3959 1404 4003 testamentum
1450 3954 1584 4020 quod
1643 3955 1869 4023 disposui
1920 3958 2146 4022 putribus

573 4053 762 4105 eorum,
809 4039 1046 4104 quoniam
1091 4039 1186 4106 ipsi
1216 4058 1313 4094 non
1344 4057 1727 4112 permanserunt
1773 4049 1821 4100 in
1854 4058 2145 4104 testamento

572 4142 722 4190 meo;
766 4137 812 4180 et
849 4144 937 4198 ego
980 4132 1174 4200 neglexi
1219 4149 1302 4208 eos
1324 4177 1336 4197 ,
1368 4135 1490 4187 dicit
1521 4136 1786 4190 Dominus.
1837 4140 1992 4207 Atqui
2027 4142 2144 4197 ideo

572 4218 689 4271 illos
713 4219 883 4288 puniri
913 4222 1208 4288 oportebat,
1236 4234 1606 4296 extremasque
1641 4245 1822 4296 [urnas
1857 4232 2142 4287 intoleran-

569 4309 801 4376 dumque
839 4309 1020 4364 subire
1063 4313 1401 4380 supplicium,
1449 4318 1586 4384 quod
1636 4329 1752 4386 post
1793 4331 1932 4374 tanta
1984 4324 2033 4376 in
2061 4325 2142 4377 sui

567 4399 791 4466 gratiam
825 4399 957 4453 facta
983 4401 1254 4467 miracola,
1278 4415 1328 4457 et
1353 4405 1470 4472 lege,
1492 4421 1726 4476 accepta,
1755 4428 1858 4465 non
1891 4417 2143 4469 meliores

568 4490 849 4544 evaserint.
884 4491 1077 4546 Verum
1123 4493 1206 4548 hic
1255 4511 1358 4548 non
1410 4513 1591 4564 pinnas
1639 4502 1703 4555 ab
1754 4504 1854 4556 illis
1897 4512 2137 4574 espetit;

569 4581 676 4635 imo
707 4591 756 4635 ct
787 4584 983 4651 majora
1017 4601 1173 4653 quam
1206 4587 1348 4656 prius
1381 4589 1678 4659 pollicetur.
1713 4594 1993 4661 Oportr-ret
2021 4601 2138 4668 qniv

567 4675 686 4727 dem
716 4675 888 4730 adhuc
920 4676 1074 4732 hodie
1106 4679 1261 4748 hujus
1286 4682 1614 4737 difﬁcultatis
1642 4689 1958 4743 solutionem
1983 4695 2140 4747 alier-

568 4782 663 4829 re;
692 4767 785 4821 sed
823 4768 943 4836 quia
973 4771 1040 4822 ad
1071 4771 1224 4824 aliam
1254 4788 1364 4826 rem
1391 4791 1487 4828 nos
1519 4791 1696 4830 sermo
1725 4779 1932 4846 imitat,
1967 4795 2013 4836 et
2067 4787 2135 4838 ita

569 4858 814 4911 volumus
845 4872 936 4911 vos
970 4859 1263 4925 instituere,
1297 4875 1350 4916 ut
1380 4881 1487 4919 nea
1517 4867 1667 4922 nobis
1698 4873 1872 4925 omnia
1900 4873 2133 4943 diseatis,

569 4949 660 4999 sed
684 4958 736 5001 et
765 4965 793 5003 a
821 4953 969 5003 ratiis
995 4952 1122 5019 ipsis
1153 4955 1452 5019 inveniatis,
1487 4962 1584 5012 hoc
1610 4961 1761 5014 vobis
1792 4968 2135 5032 qurerendum

566 5048 618 5091 ω
647 5041 1017 5096 inveniendum
1068 5044 1329 5112 relinquo.
1476 5060 1652 5106 autem
1703 5054 1988 5109 viderimus
2043 5074 2136 5112 vos

569 5132 941 5198 perquisirisse
968 5149 1063 5189 nec
1087 5136 1372 5198 invenisse,
1406 5147 1528 5192 tunc
1550 5152 1602 5194 et
1625 5144 1721 5210 ipsi
1747 5160 1932 5198 manus
1959 5150 2132 5213 porri-

564 5237 749 5292 gemus
783 5241 796 5276 :
831 5240 885 5274 ιιι
916 5240 1041 5278 vero
1085 5229 1244 5279 etiam
1287 5227 1491 5284 facilius
1535 5232 1770 5287 invenire
1817 5239 2048 5303 possitis.
2082 5249 2134 5292 et

563 5317 851 5383 apostolica
884 5317 1015 5376 loca.
1053 5320 1102 5372 in
1131 5323 1279 5389 queis
1310 5326 1537 5376 maxime
1572 5327 1880 5382 thesaurum
1913 5342 1964 5384 et
1987 5331 2130 5386 diffi-

563 5407 771 5457 cultatis
788 5406 945 5475 hujus
968 5409 1284 5463 solutionem
1316 5414 1551 5468 invenire
1578 5425 1679 5479 est,
1702 5417 1811 5484 jam
1835 5421 1979 5473 vobis
1998 5440 2134 5492 pne-

561 5499 745 5550 uunlio
773 5515 784 5548 :
816 5501 863 5551 iu
901 5502 1140 5568 epistolis
1165 5517 1352 5570 nempe
1387 5505 1452 5558 ad
1481 5505 1772 5571 Romanos,
1810 5511 1873 5564 ad
1917 5513 2129 5568 Galatas

559 5599 609 5641 et
631 5588 694 5640 ad
725 5589 975 5646 llebraios
998 5594 1094 5646 hoc
1112 5606 1476 5661 argumentum
1499 5609 1732 5655 tractans
1758 5605 1843 5657 ille
1863 5605 2126 5660 dissolvit.

561 5680 622 5731 lit
653 5680 871 5735 studiosi
901 5684 1092 5753 quique
1132 5692 1399 5753 poterunt,
1423 5689 1674 5756 epistolas
1705 5693 1821 5746 illas
1844 5694 2123 5763 adeuntes,

559 5773 878 5829 solutionem
937 5777 1078 5832 illam
1126 5778 1404 5847 invenire,
1460 5782 1505 5837 si
1561 5784 1962 5855 insequentibus
2016 5792 2124 5851 die-

1306 352 1363 406 S.
1402 346 1679 406 JOANNIS
1714 339 2187 400 CllllYSOSTUMl
2228 339 2545 396 AlltlillEP.
2585 342 3118 402 CONSTANTINOP.

3719 350 3844 403 528

2243 453 2360 515 bus,
2411 454 2802 524 intempestivis
2849 459 3081 516 cmlibus
3125 469 3181 518 et
3220 463 3502 519 inutilibus
3544 467 3849 537 colloquiis

2244 560 2346 597 non
2379 561 2473 600 vos
2497 547 2774 615 dederitis,
2804 553 2898 605 sed
2929 553 3195 610 dictorum
3221 555 3574 613 meditatione
3603 572 3846 626 cperam

2242 639 2434 698 dantes
2460 643 2769 703 thesaurum
2797 648 3113 708 elfoderitis.
3139 654 3253 712 Hoc
3299 655 3510 712 interim
3540 658 3846 716 insolulusn

2243 734 2624 805 relinquentes.
2671 741 2738 794 ad
2774 744 3051 813 sequentia
3098 747 3524 818 progrediamur.
3569 751 3846 818 Quanam

2249 824 2335 878 illa
2377 829 2543 880 sunt?
2595 829 2848 892 Quoniam
2877 835 2973 888 hoc
2997 845 3070 890 est
3095 845 3464 904 testamentum,
3487 845 3624 912 quod
3652 843 3856 912 dispoa.

2246 935 2363 970 nam
2398 921 2554 982 vobis,
2585 923 2708 976 dicit
2739 924 2987 981 Dominus
3021 943 3041 981 :
3073 926 3368 1000 Dansleges
3388 949 3522 987 meas
3571 935 3624 986 in
3669 943 3851 988 mente

2246 1026 2440 1076 eorum,
2473 1022 2516 1065 ct
2548 1015 2599 1066 iu
2630 1016 2782 1070 corde
2809 1033 2978 1072 eorum
3009 1018 3290 1075 describam
3313 1039 3419 1077 eas.
3451 1023 3517 1077 Et
3546 1041 3649 1079 non
3679 1026 3847 1080 doce-

2247 1102 2366 1155 bunt
2416 1108 2756 1177 unusquisque
2784 1111 2937 1165 civem
2970 1129 3150 1183 suum,
3181 1125 3229 1168 et
3253 1119 3591 1186 unusquisque
3616 1123 3850 1190 fratrem

2243 1208 2413 1260 suum,
2445 1194 2616 1252 elidens
2647 1215 2666 1253 :
2691 1199 2949 1271 Cognosce
2974 1203 3252 1259 Dominum
3283 1222 3304 1260 :
3330 1208 3451 1278 quia
3466 1226 3643 1265 omnes
3671 1213 3848 1266 scient

2244 1300 2323 1338 me
2351 1303 2381 1338 α
2410 1303 2566 1356 parvo
2606 1307 2760 1360 usque
2783 1292 2852 1346 ad
2895 1311 3136 1367 magnum
3163 1313 3334 1352 eorum
3356 1339 3374 1367 ,
3413 1301 3532 1370 quia
3578 1305 3849 1372 propitius

2245 1391 2330 1428 ero
2359 1378 2704 1443 iniquitatibus
2732 1399 2904 1437 eorum
2949 1393 2996 1439 et
3033 1389 3255 1457 peccatis
3301 1406 3497 1456 eorum,
3552 1405 3598 1446 et
3641 1393 3848 1460 iniqui-

2246 1477 2405 1520 tutunt
2453 1486 2626 1524 eorum
2658 1488 2761 1527 non
2807 1476 3112 1532 recordabar
3156 1482 3378 1550 amplius
3420 1482 3580 1556 (Jer.
3614 1487 3705 1541 3L
3742 1486 3844 1542 3'5.

2245 1559 2314 1613 3t
2345 1561 2380 1621 ).
2439 1559 2570 1615 Cum
2619 1563 2843 1620 dixisset
2898 1577 3051 1624 vetus
3099 1570 3498 1629 Testamentum
3539 1577 3685 1645 quod
3734 1578 3846 1634 de-

2245 1649 2508 1716 dit;cnm
2559 1653 2783 1710 dixisset
2829 1673 3024 1714 novum
3069 1664 3211 1732 quod
3255 1664 3476 1721 daturus
3517 1679 3638 1735 est;
3673 1669 3850 1739 hujus

2242 1740 2352 1809 jam
2385 1743 2837 1811 pulchritudinem
2883 1749 3160 1822 describit,
3188 1755 3460 1828 ipsiusque
3489 1758 3849 1816 characteres

2246 1835 2510 1900 ostendit,
2567 1849 2622 1892 et
2675 1840 2901 1912 insignia
2945 1844 3242 1916 frequentia
3286 1851 3526 1921 apponit,
3581 1861 3642 1906 ut
3692 1858 3847 1913 scias

2247 1934 2442 1994 quanta
2470 1928 2538 1982 sit
2568 1929 2866 1987 differentia
2895 1949 3088 1990 novum
3113 1937 3252 1993 inter
3276 1950 3331 1994 et
3356 1952 3510 1997 vetus
3534 1960 3549 2009 ;
3581 1945 3850 2004 diﬂ‘eren-

2248 2019 2342 2082 tia,
2365 2035 2469 2073 non
2488 2025 2865 2092 contrarietas;
2883 2040 3079 2099 quanta
3100 2033 3226 2086 novi
3249 2037 3645 2106 exsuperantia,
3665 2057 3815 2111 quau
3830 2072 3848 2085 -

2250 2121 2335 2165 tus
2373 2114 2642 2183 splendor,
2671 2129 2901 2188 quantus
2927 2121 3102 2193 fulgor
3126 2124 3388 2181 donorum
3420 2139 3474 2185 et
3514 2134 3724 2199 gratim.

2322 2204 2375 2258 4.
2405 2204 2630 2272 Quinam
2660 2224 2790 2279 ergo
2815 2221 2938 2266 sunt
2965 2215 3086 2269 novi
3120 2217 3501 2276 characteres?
3527 2222 3672 2278 Daus
3705 2226 3847 2296 letng

2250 2313 2384 2350 meas
2410 2298 2460 2351 in
2484 2310 2647 2353 mente
2668 2318 2859 2368 eorum,
2900 2313 2946 2357 et
2976 2306 3028 2359 in
3055 2308 3205 2362 corde
3227 2325 3399 2364 eorum
3425 2311 3699 2366 inscribam
3731 2333 3844 2370 eus.

2253 2387 2418 2444 Vetus
2461 2391 2600 2446 enim
2643 2393 2727 2448 lex
2776 2397 2827 2449 in
2870 2396 3066 2455 tabulis
3107 2401 3334 2471 lapideis
3376 2406 3573 2476 scripta
3603 2417 3757 2473 erat;
3787 2422 3850 2465 et

2250 2482 2373 2550 quia
2425 2483 2609 2550 prima;
2658 2488 2852 2544 tabulae
2907 2493 3192 2550 confracta:
3251 2494 3432 2562 fuere,
3463 2499 3598 2555 alias
3647 2518 3846 2560 rursus

2251 2575 2489 2639 paravit;
2523 2586 2720 2632 etcum
2772 2580 2842 2635 ibi
2888 2581 3071 2639 literas
3119 2587 3509 2658 inseulpsisset,
3559 2593 3846 2651 ἄθεοι-11ηῐῆ

2248 2661 2479 2733 Moyses,
2524 2667 2920 2726 insensibilitati
2966 2676 3337 2747 recipientium
3397 2692 3585 2738 natura
3630 2686 3845 2742 similes

2252 2754 2456 2810 tabulas
2510 2757 2730 2815 bibi-ns.
2791 2762 2994 2820 Novum
3037 2777 3213 2824 autem
3243 2787 3348 2826 non
3390 2771 3460 2850 ita
3495 2791 3509 2827 :
3539 2789 3645 2830 non
3691 2781 3842 2834 enim

2253 2846 2443 2901 tabula:
2471 2849 2747 2921 insculpta:
2777 2854 3010 2922 fuerunt,
3042 2875 3163 2914 cum
3195 2878 3389 2919 novum
3431 2846 3841 2926 Testamentum

2251 2933 2434 2991 datum
2477 2951 2596 3006 est;
2662 2944 2758 2998 sed
2802 2948 3069 3016 quomodo
3127 2961 3182 3007 et
3233 2969 3336 3024 qua
3391 2956 3642 3013 ratione?
3698 2962 3843 3018 Audi

2251 3026 2449 3083 Lucam
2478 3044 2780 3089 narrantem
2811 3056 2822 3090 :
2861 3038 3027 3094 Erant
3048 3059 3220 3099 ontnes
3250 3049 3554 3104 unanimiter
3579 3054 3631 3105 in
3661 3055 3842 3109 eodem

2252 3125 2380 3188 loco,
2414 3128 2578 3194 inquit
2609 3145 2620 3180 :
2655 3139 2703 3181 et
2728 3133 2894 3200 factus
2930 3143 3003 3188 est
3032 3147 3238 3205 repente
3264 3139 3326 3193 de
3351 3141 3476 3196 ctelo
3509 3160 3666 3200 sonus
3702 3158 3839 3200 tans-

2249 3232 2398 3286 quum
2435 3221 2744 3275 advenientis
2781 3225 2991 3294 spiritus
3039 3225 3342 3286 vehementis
3369 3248 3390 3286 :
3413 3244 3461 3288 et
3489 3251 3842 3306 apparuerunt

2248 3309 2352 3363 illis
2393 3310 2672 3381 dispertita:
2713 3314 2902 3385 linguai
2929 3327 3184 3390 tamquam
3233 3324 3365 3393 ignis
3385 3341 3406 3380 :
3431 3335 3478 3379 et
3509 3328 3640 3382 sedit
3679 3347 3842 3401 supra

2251 3401 2476 3469 singulos
2502 3419 2710 3469 eorum;
2749 3415 2795 3458 et
2842 3409 3023 3478 repleti
3048 3423 3166 3466 sunt
3208 3430 3381 3471 omnes
3412 3417 3611 3488 Spiritu
3636 3433 3835 3487 sancto,

2251 3501 2296 3543 et
2335 3505 2589 3560 cwperunt
2615 3496 2752 3566 loqui
2791 3499 2942 3553 uariis
2976 3502 3198 3572 linguis,
3225 3518 3375 3576 prout
3420 3509 3647 3578 Spiritus
3684 3515 3839 3569 dabat

2249 3585 2415 3650 eloqui
2441 3586 2542 3639 illis
2588 3592 2605 3656 (
2639 3589 2750 3642 Act.
2782 3590 2834 3644 2.
2867 3592 2966 3646 1-4
2993 3596 3034 3663 ).
3071 3594 3254 3651 Videu'
3279 3601 3549 3667 quomodo
3564 3602 3675 3672 jam
3707 3607 3836 3660 olim

2246 3679 2507 3744 Propheta
2541 3683 2640 3735 hoc
2669 3683 2814 3739 clare
2845 3689 3254 3756 praenuntiavit,
3289 3692 3359 3746 ita
3391 3699 3615 3763 loquens
3648 3714 3660 3748 :
3693 3696 3837 3753 Duus

2248 3767 2382 3836 leges
2426 3786 2560 3824 meas
2605 3772 2656 3824 in
2705 3788 2866 3828 mente
2899 3794 3107 3844 eorum,
3142 3788 3188 3833 et
3229 3783 3282 3833 in
3322 3786 3473 3838 corde
3518 3802 3692 3841 eorum
3749 3791 3834 3842 ἱκ-

2247 3859 2462 3913 scribam
2489 3863 2625 3916 illas.
2671 3864 2898 3932 Spiritus
2943 3872 3082 3924 enim
3113 3875 3282 3941 graiia
3311 3892 3341 3928 a
3369 3876 3478 3931 Deo
3507 3877 3627 3934 data
3652 3922 3668 3946 ,
3698 3891 3757 3936 ut
3783 3885 3834 3938 in

2251 3956 2515 4008 umntilus
2545 3972 2728 4010 eorum
2761 3959 2981 4026 habitet,
3014 3966 3294 4022 Columnas
3312 3969 3834 4028 illos-eﬂecilviven-

2248 4052 2345 4109 les,
2391 4056 2444 4100 et
2491 4048 2654 4115 gloria
2703 4062 2934 4106 mentem
2990 4055 3292 4123 adumbrat,
3345 4063 3466 4131 quia
3512 4065 3708 4119 missus
3751 4079 3834 4123 est

2245 4135 2311 4189 ad
2355 4138 2770 4205 prmdicandum,
2828 4142 2945 4196 Non
2994 4147 3046 4197 in
3096 4151 3346 4218 sapientia
3397 4154 3563 4218 uerbi,
3625 4167 3680 4209 ut
3732 4175 3833 4212 non

2246 4243 2506 4284 evacuatur
2535 4248 2661 4286 crus
2687 4234 2872 4289 Christi
2895 4255 2914 4300 ;
2943 4247 2995 4291 et
3035 4255 3241 4309 rursus,
3276 4243 3504 4298 Stultum
3536 4249 3652 4317 fecit
3694 4249 3832 4307 Deus

2245 4323 2546 4388 sapientium
2596 4326 2748 4395 hujus
2795 4329 2969 4381 mundi
3003 4328 3079 4398 (l.
3111 4329 3228 4385 Cor.
3283 4335 3334 4388 1.
3380 4337 3469 4391 l7.
3523 4349 3569 4392 et
3615 4340 3746 4409 20);
3777 4357 3832 4398 et

2246 4412 2439 4480 ubique
2489 4428 2698 4468 rrnCem
2753 4431 2957 4473 circum
2989 4435 3187 4480 versat.
3223 4427 3489 4492 Quoniam
3523 4431 3690 4494 enim,
3747 4436 3828 4486 in-

2244 4505 2374 4571 quit,
2409 4500 2580 4556 luctari
2613 4507 2754 4575 signa
2792 4517 2966 4576 petunt
2991 4553 3002 4565 .
3032 4521 3075 4563 et
3127 4514 3291 4567 Graeci
3342 4521 3641 4584 sapientium
3685 4541 3827 4590 qua!-

2247 4609 2397 4655 rum;
2450 4612 2537 4648 nos
2591 4607 2758 4651 um‘etn
2807 4602 3144 4668 prwdtcamus
3197 4604 3456 4662 Christum
3502 4615 3823 4680 cruci/imm,

2245 4686 2436 4737 «'ltflu.'l$
2467 4689 2666 4752 quidem
2710 4692 3028 4758 scandalum,
3063 4699 3292 4764 gentibus
3321 4713 3488 4756 autem
3511 4708 3824 4774 stuttitimu;

2243 4780 2365 4844 ipsis
2398 4797 2507 4831 utro
2534 4785 2718 4834 vocalis
2747 4781 2946 4837 Judwis
2974 4797 3022 4838 et
3047 4789 3276 4858 gentibus
3303 4791 3560 4848 Chriitum
3599 4798 3694 4851 Dei
3721 4803 3821 4852 vis»

2243 4881 2395 4924 Intern
2439 4884 2481 4925 et
2520 4872 2611 4924 Dei
2658 4877 2955 4944 sapientiam
2983 4882 3140 4949 :qnt’a
3183 4883 3319 4950 quod
3354 4893 3563 4940 stultum
3607 4900 3680 4944 est
3727 4890 3824 4946 Dei

2239 4963 2514 5030 δίιρὶερέεέιιδ
2559 4966 2838 5019 hominibus
2888 4978 2997 5028 est;
3038 4981 3084 5021 et
3126 4973 3264 5038 quod
3311 4976 3571 5043 inﬁrmum
3613 4994 3685 5034 est
3732 4982 3823 5036 Dei

2241 5056 2419 5118 {artius
2452 5066 2522 5106 est
2549 5055 2833 5112 hominibus
2872 5057 2976 5129 (ib.
3005 5077 3049 5113 υ.
3082 5061 3317 5133 22-25);
3370 5068 3590 5122 slultum
3639 5072 3727 5126 Det
3767 5087 3820 5128 et

2241 5148 2504 5200 infirmum
2539 5149 2627 5201 Dei
2661 5167 2873 5206 crucem
2899 5169 3115 5222 vocans,
3141 5173 3246 5211 non
3270 5161 3389 5228 quia
3411 5163 3629 5217 stultum
3655 5183 3670 5230 ς
3703 5183 3816 5222 nam

2238 5243 2362 5310 quid
2412 5244 2512 5297 hoc
2563 5245 2892 5313 sapientius?
2945 5263 3118 5316 neque
3161 5252 3286 5320 quia
3333 5253 3644 5320 infirmum;
3696 5262 3815 5327 quid

2237 5336 2376 5388 enim
2413 5339 2511 5388 hoc
2559 5337 2792 5390 fortius?
2821 5339 2912 5393 sed
2964 5341 3359 5400 incredulorum
3401 5349 3708 5416 opinionem
3739 5372 3816 5408 re-

2235 5425 2432 5491 ferens,
2476 5441 2633 5495 quam
2665 5444 2724 5479 ea
2752 5429 2816 5481 de
2847 5445 2902 5484 re
2945 5430 3262 5487 habuerunt.
3299 5436 3634 5507 Quapropter
3658 5425 3811 5499 etiam

2236 5516 2480 5585 Superius
2508 5518 2716 5571 dicebat
2750 5538 2763 5572 :
2798 5520 2981 5574 Sermo
3003 5524 3135 5576 enim
3164 5528 3322 5581 crucis
3345 5532 3666 5597 peremttibus
3690 5539 3811 5590 stul-

2240 5607 2348 5659 titiu
2393 5617 2491 5671 est,
2542 5609 2756 5662 salutem
2811 5616 3221 5680 consequentibus
3263 5617 3361 5673 Dei
3405 5622 3562 5679 virtus
3607 5638 3678 5680 est
3725 5629 3811 5696 (l.

2241 5699 2356 5752 Cor.
2385 5700 2436 5754 l.
2472 5701 2579 5770 18).
2610 5702 2713 5758 Sed
2737 5721 2841 5758 non
2873 5721 2901 5758 a
2929 5711 3284 5776 pereuntibus
3311 5713 3380 5770 de
3429 5718 3592 5773 rebus
3617 5722 3810 5790 judicia

2238 5796 2454 5852 tuenda
2488 5806 2648 5859 sunt;
2682 5797 3112 5871 quandoquidem
3140 5805 3178 5863 ii
3209 5808 3300 5882 qui
3338 5808 3679 5875 inﬁrmantur
3708 5823 3808 5878 mel
