4082 6430
255 360 370 419 5:57

253 479 567 548 ἔρχονται,
615 477 778 547 λέγει
823 477 1058 544 Κύριος.
1109 475 1203 529 Ἐκ
1250 476 1549 548 προοιμίων
1598 474 1801 536 εὐθέως
1845 474 1940 524 ἀν-

1090 358 1156 414 Xl
1199 357 1507 423 IIOMILIA,
1552 359 1639 413 DE
1677 354 2044 411 ELEAZARO
2085 354 2173 410 ΕΤ
2214 354 2490 414 SEPTEM
2529 362 2800 421 Ρυειιις.

3629 361 3733 419 5‘28

2049 468 2254 535 ταύτας
2281 472 2495 543 ἡμέρας
2537 473 2612 545 μὴ
2639 474 2918 543 συλλόγοις
2947 476 3198 546 ἀκαίροις
3239 477 3372 547 μηδὲ
3396 477 3734 548 ἀδολεσχίαιε

258 563 450 634 ίστησι
483 565 573 617 τὸν
606 563 904 634 ἀκροατὴν,
940 565 1032 617 καὶ
1063 562 1318 633 διεγείρει
1364 563 1432 616 τὰ
1466 562 1790 634 φρονήματα
1832 559 1944 613 τῶν
2045 558 2326 630 ἀνονήτοις
2373 562 2601 624 ἑαυτοὺς
2653 561 2810 625 δῶτε,
2863 562 2998 616 ἀλλὰ
3045 565 3111 634 τῇ
3151 564 3391 637 μιρίμνῃ
3434 565 3543 618 τῶν
3579 565 3730 638 [399]

253 651 598 715 ἀκουόντων,
646 650 858 713 δεικνὺς
922 650 1003 703 ὅτι
1044 650 1142 703 οὐκ
1187 647 1351 702 αὑτοῦ
1395 648 1474 714 τά,
1508 649 1748 720 ῥήματα,
1789 643 1940 717 [598]

255 739 402 792 ἀλλά
423 739 515 792 τοῦ
542 739 944 802 ἀπεσταλκότος
969 739 1129 792 αὐτὸν
1151 738 1307 793 Θεοῦ.
1337 739 1482 792 ἰδοὺ
1503 739 1713 808 ἡμέραι
1737 739 1942 806 ἔρχον-

253 845 381 880 ται.
420 822 552 882 Εἶτα
589 827 876 888 δείκνυσιν,
907 827 987 880 ὃτι
1026 829 1153 899 περὶ
1194 826 1494 898 μελλόντων
1531 827 1662 897 ἡμῖν
1691 825 1939 894 διαλέγε-

253 931 358 966 ται
400 915 758 984 πραγμάτων.
798 913 921 977 Πῶς
951 910 1063 978 οῦν,
1096 916 1144 967 εί
1191 914 1318 984 περὶ
1371 912 1670 984 μελλόντων
1699 913 1941 980 διαλέγε-

253 1019 378 1066 ται,
411 1004 507 1073 τὴν
541 1001 804 1067 Παλαιὰν,
836 1003 1020 1073 φησὶν,
1059 1002 1218 1064 αὐτὸς
1256 1001 1460 1067 ἐδωκες
1507 1001 1822 1072 Ἀνάμεινον
1847 1002 1940 1054 καὶ

257 1089 346 1160 μὴ
371 1089 608 1159 θορύὸει,
648 1091 739 1143 καὶ
767 1090 887 1142 τότε
915 1089 1034 1159 ὄψει
1069 1090 1256 1158 σαφῶς
1277 1093 1376 1160 τῆς
1405 1088 1664 1158 ἀληθείας
1690 1087 1788 1159 τὴν
1808 1088 1942 1158 λαμ-

255 1178 491 1246 πηδόνα.
527 1178 654 1230 Ὀτε
691 1180 798 1249 γὰρ
829 1178 1000 1230 ταῦτα
1026 1176 1262 1245 ἐλέγετο,
1299 1179 1328 1229 6
1361 1177 1523 1247 νόμος
1551 1173 1620 1248 ἦν
1656 1175 1940 1246 δεδομένος

255 1265 362 1318 καὶ
398 1265 755 1337 παραὸαθεὶς,
787 1267 821 1336 ή
857 1265 912 1318 δέ
941 1264 1115 1335 Καινὴ
1147 1265 1378 1318 οὐδέπω.
1413 1265 1598 1317 Ταῦτα
1625 1264 1803 1316 τοίνυν
1837 1280 1936 1316 σα-

253 1351 384 1420 φῶς
414 1353 503 1405 ἐπὶ
534 1355 654 1415 ταῖς
677 1351 938 1415 διανοίαις
971 1351 1124 1422 ὑμῶν
1151 1351 1559 1420 ἐναποθέμενοι,
1583 1349 1801 1420 δέχεσθε
1839 1350 1938 1421 τὴν

252 1438 418 1492 λύσιν
441 1439 548 1491 τῶν
570 1439 781 1502 πολλοῖς
803 1438 1265 1509 διαπορουμένων.
1310 1438 1466 1493 Ἰδοὺ
1492 1437 1701 1507 ἡμέραι
1730 1437 1940 1505 ἔρχον-

253 1544 379 1589 ται,
411 1529 568 1597 λέγει
601 1526 838 1595 Κύριος,
868 1527 956 1580 τὸν
983 1528 1222 1598 παρόντα
1255 1513 1668 1597 καιρὸνἚῲῶν,
1694 1525 1790 1578 καί
1820 1525 1939 1577 δια-

252 1615 521 1682 θήσομαι
559 1615 702 1683 ὑμῖν
739 1615 1034 1682 διαθήκην
1084 1613 1322 1680 καινὴν,
1362 1616 1434 1668 οὐ
1485 1613 1636 1668 κατὰ
1674 1612 1788 1680 τὴν
1813 1611 1936 1665 δια-

250 1702 458 1768 θήκην
482 1703 562 1770 ἢν
591 1702 867 1771 διεθέμην
901 1703 1024 1768 τοῖς
1048 1704 1347 1770 πατράσιν
1370 1701 1556 1771 ὑμῶν.
1602 1703 1820 1771 Ἑρωτῶ
1845 1702 1936 1755 τὸν

266 1791 548 1856 Ἰουδαῖον,
582 1791 769 1860 ἐρωτῶ
798 1791 890 1843 τὸν
922 1791 1252 1844 ἀσθενοῦντα
1293 1790 1538 1859 ἀδελφὸν,
1577 1791 1660 1854 τίς
1694 1790 1790 1860 τήν
1816 1807 1937 1843 και-

251 1877 359 1946 νὴν
393 1877 559 1929 ἑδωκε
595 1877 901 1947 διαθήκην;
937 1879 1162 1941 Πάντως
1198 1879 1315 1948 ἐρεῖ
1341 1879 1465 1948 πᾷς,
1495 1879 1575 1930 ὅτι
1613 1879 1642 1930 6
1679 1876 1930 1947 Χριστός.

251 1965 471 2017 Οὐκοῦν
506 1957 662 2028 οὗτος
693 1965 787 2018 καὶ
827 1963 926 2035 τὴν
967 1965 1198 2018 παλαιάν
1221 1983 1234 1995 ·
1268 1968 1297 2018 6
1323 1967 1432 2033 γὰρ
1470 1964 1662 2027 εἰπὼν,
1691 1965 1774 2016 ὃτι
1806 1967 1936 2016 Δια-

251 2052 517 2120 θήσομαι
544 2051 836 2120 διαθήκην
865 2053 1104 2118 καινὴν,
1135 2055 1207 2106 οὐ
1229 2052 1376 2106 κατὰ
1403 2052 1516 2120 τὴν
1539 2051 1832 2119 διαθήκην
1857 2053 1938 2118 ὴν

251 2141 559 2209 διεθέμην,
606 2141 804 2208 ἔδειξεν
839 2143 920 2194 ὅτι
962 2143 1222 2212 κάκείνην
1257 2143 1415 2206 αὐτὸς
1465 2143 1701 2197 διέθετο·
1742 2143 1936 2196 οὐκοῦν

251 2229 588 2297 ἀμφοτέρων
632 2230 741 2282 τῶν
789 2229 1062 2299 διαθηκῶν
1103 2224 1186 2291 εἷς
1232 2232 1262 2284 6
1298 2231 1610 2301 νομοθέτης.
1663 2231 1770 2284 Καὶ
1804 2233 1934 2284 πότε

249 2316 464 2371 διέθετο
487 2319 584 2388 τὴν
612 2319 867 2383 παλαιάν,
899 2319 1021 2372 εἰπέ
1058 2337 1147 2389 μοι
1174 2336 1188 2385 ;
1238 2321 1335 2372 Ἐν
1361 2319 1551 2388 ἡμέρᾳ
1584 2320 1934 2390 ἐπιλαϐομέ-

251 2421 372 2458 νου
403 2423 522 2473 μου
550 2404 656 2472 τῆς
691 2408 887 2475 χειρὸς
913 2406 1111 2462 αὐτῶν
1139 2406 1454 2478 ἐξαγαγεῖν
1489 2408 1712 2474 αὐτοὺς
1733 2409 1800 2461 ἐκ
1823 2407 1936 2477 γῆς

249 2493 581 2562 Δίγύπτου.
628 2494 722 2547 Ἰδέ
755 2495 871 2556 πῶς
897 2495 991 2547 καὶ
1015 2493 1111 2564 τὴν
1138 2495 1384 2548 εὐκολίαν
1413 2494 1582 2562 ἔδειξε
1607 2496 1706 2566 τῆς
1729 2495 1930 2561 ἐξόδου,

252 2580 354 2632 καὶ
387 2581 485 2648 τὴν
536 2580 917 2651 φιλοστοργίαν
949 2583 1048 2652 τὴν
1090 2581 1279 2645 αὐτοῦ,
1317 2581 1411 2634 καὶ
1459 2583 1558 2653 τὴν
1602 2581 1787 2636 ἄδειαν
1837 2585 1935 2653 τῆς

250 2667 379 2721 τότε
409 2669 763 2739 ὀιεξαγωγῆς,
794 2670 887 2722 καὶ
915 2671 996 2723 ὅτι
1021 2670 1198 2722 πάντα
1228 2669 1390 2732 αὐτὸς
1411 2671 1842 2743 ἐθαυματούργει
1866 2672 1935 2725 τά

252 2757 318 2808 ἐν
343 2758 622 2827 Αἰγύπτῳ.
658 2755 747 2826 Τῷ
781 2758 889 2828 γάρ
926 2760 1121 2822 εἰπεῖν,
1165 2758 1633 2828 Ἐπιλαὸομένου
1671 2776 1790 2828 μου
1825 2757 1936 2826 τῆς

252 2844 458 2912 χειρὸς
487 2842 685 2897 αὐτῶν
703 2845 1020 2915 ἐξαγαγεῖν
1048 2845 1269 2911 αὐτοὺς
1293 2845 1361 2898 ἐκ
1384 2845 1498 2914 γῆς
1516 2846 1840 2913 Αἰγύπτου,
1864 2846 1934 2898 τὰ

255 2929 515 2999 θαύματα
537 2932 715 2985 πάντα
741 2930 1010 3001 ἐδήλωσεν
1029 2949 1041 2962 ·
1078 2935 1110 3003 ἡ
1139 2933 1248 3002 γὰρ
1277 2931 1454 2998 ἔξοδος
1489 2933 1670 3004 ἐκείνη
1703 2933 1792 2987 διά
1823 2932 1934 2988 τῶν

255 3019 504 3088 σημείων
551 3019 657 3070 τῶν
700 3019 1020 3090 παραδόξων
1058 3021 1282 3074 ἐκείνων
1329 3019 1558 3088 ἐγίνετο.
1609 3020 1720 3073 Καὶ
1764 3020 1935 3076 αὐτοὶ

252 3108 369 3159 οὐκ
401 3105 713 3174 ἐνέμειναν
744 3107 818 3175 τῇ
861 3105 1114 3175 διαθήκῃ
1140 3124 1282 3176 μου,
1323 3107 1483 3176 κάγὼ
1520 3108 1800 3177 ἠμέλησα
1825 3111 1934 3162 αὐ-

253 3195 397 3260 τῶν,
430 3197 590 3266 λέγει
633 3199 869 3265 Κύριος.
905 3197 1028 3253 Ὀτι
1064 3198 1164 3268 μὲν
1208 3194 1303 3253 οῦν
1337 3199 1532 3270 καινῆς
1559 3200 1654 3254 καὶ
1697 3201 1934 3265 παλαιᾶς

252 3282 523 3354 διαθήκης
551 3279 631 3347 εἷς
663 3287 691 3338 6
725 3285 1043 3356 νομοθέτης,
1080 3285 1330 3340 ἐντεῦθεν
1358 3287 1535 3358 δῆλον.
1581 3287 1848 3344 Ἐνταῦθα
1875 3292 1933 3345 δέ

254 3371 312 3422 εί
332 3388 416 3434 τις
461 3371 704 3442 ἀκριῦῶς
751 3373 964 3426 κατεῖδε
1011 3374 1071 3426 τὸ
1103 3374 1409 3445 εἰρημένον,
1439 3371 1579 3430 οἶδεν
1612 3379 1693 3431 ὃτι
1741 3380 1804 3432 οὐ
1836 3380 1933 3448 τῆς

251 3459 526 3529 τυχούσης
558 3460 791 3530 ἀπορίας
823 3461 1016 3529 γέμειο
1059 3463 1234 3531 λέγων
1274 3463 1382 3534 γὰρ
1413 3465 1511 3532 τὴν
1540 3467 1738 3533 αίτίαν,
1771 3467 1837 3519 δι’
1869 3470 1933 3539 ἢν

259 3547 444 3616 μέλλει
497 3547 698 3601 διδόναι
751 3549 1014 3619 διαθήκην
1047 3552 1258 3615 ἑτέραν,
1301 3553 1494 3623 καινὴν
1538 3555 1707 3624 αὐτὴν
1756 3551 1930 3620 εἶπεν,

252 3635 502 3688 τουτέστι
534 3635 862 3706 παράδοξονο
890 3639 1252 3708 Διαθήσομαι
1289 3639 1416 3711 γὰρ,
1455 3642 1610 3712 φησὶ,
1641 3642 1933 3711 διαθήκην

254 3724 496 3792 καινὴν,
533 3727 605 3779 οὐ
639 3727 789 3780 κατὰ
816 3725 932 3793 τὴν
951 3727 1245 3796 διαθήκην
1268 3728 1348 3796 ἢν
1375 3729 1652 3800 διεθέμην
1677 3733 1799 3799 τοῖς
1823 3751 1934 3787 πα-

254 3811 475 3880 τράσιν
505 3811 722 3876 αὐτῶν,
756 3815 844 3867 ὅτι
874 3816 1042 3869 αὺτοί
1073 3818 1186 3870 οὐκ
1215 3817 1527 3886 ἐνέμειναν
1557 3819 1632 3888 τῇ
1677 3821 1930 3893 διαθήκῃ

249 3916 372 3967 μου
395 3915 408 3928 ·
438 3899 596 3967 κάγὼ
635 3900 918 3968 ἠμέλησα
953 3902 1172 3964 αὐτῶν,
1203 3903 1365 3974 λέγει
1408 3908 1642 3974 Κύριος.
1681 3909 1790 3963 Καὶ
1825 3911 1932 3981 μὴν

252 3985 346 4038 διά
373 3985 530 4038 τοῦτο
562 3988 759 4051 αὐτοὺς
790 3988 1117 4059 κολασθῆναι
1144 3990 1270 4055 ἔδει,
1301 3993 1394 4044 καὶ
1419 3995 1516 4064 τὴν
1545 3996 1782 4068 ἐσχάτην
1814 3998 1933 4052 δοῦ-

253 4088 346 4126 ναι
383 4071 561 4142 δίκην,
605 4073 698 4126 καὶ
731 4075 997 4146 τιμωρίαν
1045 4077 1342 4148 ὑποστῆναι
1383 4079 1484 4152 τήν
1521 4082 1815 4154 ἀφόρητον,
1851 4087 1933 4140 ὅτι

251 4161 528 4213 τοσούτων
558 4161 964 4228 ἀπολαύσαντες
995 4164 1308 4235 θαυμάτων,
1340 4168 1434 4220 καὶ
1463 4168 1626 4238 νόμον
1653 4170 1930 4237 λαϐόντες,

252 4247 557 4316 οὐδαμόθεν
583 4247 830 4317 ἐγένοντο
869 4250 1131 4319 βελτίους.
1175 4253 1314 4306 Ἀλλ’
1338 4250 1441 4311 ὧδε
1481 4257 1581 4326 μὲν
1616 4259 1811 4322 αὐτοὺς
1833 4260 1932 4314 οὐκ

253 4335 478 4386 ἀπαιτεῖ
506 4334 681 4404 δίκην,
712 4335 847 4388 ἀλλὰ
877 4338 970 4389 καὶ
1003 4338 1222 4406 μείζονα
1251 4341 1641 4410 ἐπαγγέλλεται
1663 4345 1770 4400 τῶν
1801 4364 1934 4419 προ·

251 4421 451 4492 τέρων.
480 4422 629 4475 Ἔδει
663 4424 759 4494 μὲν
788 4420 881 4477 οὖν
923 4425 1016 4477 καὶ
1056 4427 1292 4498 σήμερον
1320 4430 1621 4500 ἐπαγαγεῖν
1653 4437 1719 4505 τῇ
1751 4436 1934 4489 διαπο-

256 4511 416 4579 ρήσει
459 4509 633 4582 ταύτῃ
666 4512 766 4582 τὴν
819 4513 991 4577 λύσιν,
1038 4514 1152 4566 ἀλλ’
1184 4518 1368 4586 ἐπειδὴ
1418 4520 1512 4570 καὶ
1557 4521 1693 4591 πρὸς
1745 4522 1931 4594 ἓτερον

250 4601 282 4666 ή
294 4599 389 4667 μίν
415 4598 442 4649 6
467 4597 623 4666 λόγος
655 4601 955 4667 ἐπείγεται,
989 4603 1082 4654 καὶ
1115 4601 1415 4673 βουλόμεθα
1444 4607 1589 4676 ὑμᾶς
1633 4609 1927 4676 παιδεύειν,

252 4689 397 4742 ῶστε
435 4689 508 4760 μὴ
557 4692 684 4760 παρ’
711 4692 868 4761 ἡμῶν
903 4695 1078 4746 πάντα
1131 4695 1444 4763 μανθάνειν,
1478 4699 1612 4752 ἀλλά
1649 4701 1744 4753 καὶ
1789 4703 1932 4754 οίκο-

253 4777 348 4829 θεν
379 4788 403 4816 ι
449 4777 739 4848 εὑρίσκειν,
785 4779 942 4831 τοῦτο
977 4782 1106 4850 ὑμῖν
1139 4783 1534 4854 καταλιμπάνω
1573 4787 1804 4857 ζητῆσαι
1840 4790 1932 4840 καὶ

252 4866 455 4934 εὑρεῖν.
506 4866 632 4920 Ἐὰν
680 4867 733 4920 δὲ
777 4869 974 4937 ἴδωμεν
1001 4869 1340 4940 ζητήσαντας
1375 4873 1493 4942 μὲν,
1527 4875 1625 4946 οὐχ
1673 4877 1931 4948 εὑρόντας

249 4953 334 5015 δὲ,
361 4952 479 5004 τότε
511 4954 606 5005 καὶ
646 4955 800 5007 αὐτοὶ
829 4959 1014 5024 χεῖρας
1047 4957 1308 5027 ὀρέξομεν
1336 4975 1350 4988 ·
1382 4959 1524 5014 ὥστε
1557 4963 1615 5015 δέ
1658 4965 1750 5017 καὶ
1775 4966 1931 5018 εὐκο-

252 5039 502 5110 λωτέραν
550 5042 679 5111 ὑμῖν
710 5044 962 5110 γενέσθαι
1003 5045 1100 5116 τὴν
1138 5046 1377 5117 εὕρεσιν,
1407 5050 1502 5103 καὶ
1546 5051 1614 5105 τά
1659 5054 1834 5124 χωρία
1865 5053 1933 5106 τὰ

251 5129 610 5192 ἁποστολικά,
657 5132 714 5183 ἐν
751 5126 833 5194 οἷς
884 5133 1119 5201 μάλιστὰ
1159 5135 1273 5187 ἐστι
1317 5136 1407 5189 τὸν
1441 5137 1712 5209 θησαυρὸν
1751 5141 1932 5211 εὑρεῖν

252 5216 352 5267 καὶ
386 5215 483 5283 τῆς
515 5217 910 5287 ἐπαπορήσεως
947 5220 1147 5291 ταύτης
1168 5222 1268 5291 τὴν
1307 5221 1480 5284 λύσιν,
1513 5225 1612 5295 ήδη
1643 5227 1768 5294 ὑμῖν
1796 5245 1929 5297 προ-

249 5302 534 5370 αγορεύωο
567 5305 626 5355 ἐν
666 5307 731 5372 τῇ
768 5306 792 5342 b
822 5306 958 5375 πρὸς
998 5307 1299 5376 Ῥωμαίους
1341 5310 1620 5380 ἐπιστολῇ,
1659 5315 1750 5365 καὶ
1795 5317 1931 5384 πρός

253 5389 524 5452 Γαλάτας,
567 5390 660 5442 καὶ
703 5392 834 5460 πρὸς
873 5391 1173 5461 Ἐϐραίους,
1216 5396 1366 5447 τουτὶ
1403 5398 1462 5449 τὸ
1491 5399 1782 5466 κεφάλαιον
1821 5402 1931 5466 θεὶς

251 5477 486 5530 διέλυσε.
526 5479 631 5530 Καὶ
653 5479 764 5531 ὅσοι
792 5480 1085 5546 φιλόπονοι,
1123 5483 1439 5551 δυνήσονται
1486 5487 1801 5552 ἐπελθόντες
1837 5492 1932 5553 τὰς

253 5565 548 5628 ἐπιστολὰς
595 5566 693 5634 τὴν
727 5567 877 5619 λύσιν
910 5571 1158 5639 φωρᾶσαι
1196 5571 1419 5641 ταύτην,
1455 5574 1548 5627 ἐὰν
1579 5575 1675 5638 τὰς
1728 5580 1930 5646 μεταξὺ

319 5729 344 5790 Ρ
376 5727 505 5790 Γιιτί.
534 5731 716 5774 οἴκοθεν
740 5747 783 5776 τι
811 5733 1054 5790 εὑρίσκειν.

315 5788 343 5830 δ
371 5789 655 5840 1.ριι(·ηι1ιιιῐι
683 5788 980 5845 πιιοαγοξινῦιυ
1005 5799 1074 5843 οτι
1103 5801 1146 5844 έν
1171 5815 1186 5840 τ
1204 5817 1224 5853 ς

2047 647 2351 717 εἰρημένων
2403 649 2852 720 προσηλωμένοι,
2904 651 2996 704 τὸν
3054 651 3330 723 θησαυρὸν
3374 651 3728 724 ἀνορύττητε.

2047 734 2218 788 Τοῦτο
2269 735 2408 800 τέως
2443 737 2636 792 ἄλυτον
2680 739 2929 808 ἀφέντες.
2962 739 3057 793 ἐπὶ
3105 740 3174 793 τά
3207 740 3335 812 ἐξῆς
3379 740 3725 812 βαδιούμεθα.

2045 823 2179 876 Τίνα
2221 823 2275 878 δὲ
2302 824 2370 878 τὰ
2413 825 2570 896 ἐξῆς;
2615 828 2733 881 Ὀτι
2762 827 2914 894 αὕτη
2949 829 2986 896 ή
3027 828 3305 899 διαθήκη,
3343 827 3424 896 ῆν
3448 829 3730 895 διαθήσοο

2039 926 2147 978 μαι
2175 909 2337 976 ὑμῖν,
2363 911 2526 981 λέγει
2557 915 2773 981 Κύριος
2792 931 2805 944 °
2835 914 3040 982 διδοὺς
3076 917 3300 985 νόμους
3323 933 3446 985 μου
3479 918 3566 981 εἰς
3599 915 3730 970 διά-

2043 1012 2218 1050 νοιαν
2242 996 2460 1062 αὐτῶν,
2497 1000 2591 1052 καὶ
2630 1001 2727 1053 ἐπὶ
2768 1002 3017 1069 καρδίας
3043 1002 3244 1057 αὐτῶν
3281 1002 3589 1074 ἐπιγράψω
3619 1005 3727 1058 αὺ-

2044 1085 2204 1150 τούς.
2241 1082 2355 1138 Καί
2402 1087 2474 1139 οὐ
2498 1086 2584 1155 μὴ
2621 1086 2979 1151 διδάξουσιν
3009 1089 3270 1158 ἕκαστος
3317 1090 3426 1144 τὸν
3470 1092 3730 1158 πολίτην

2044 1171 2251 1236 αὐτοῦ,
2302 1171 2400 1226 καὶ
2459 1172 2719 1240 ἕκαστος
2768 1175 2874 1228 τὸν
2925 1176 3195 1246 ἀδελφὸν
3240 1177 3453 1242 αὐτοῦ,
3498 1176 3726 1247 λέγων·

2042 1258 2234 1312 Γνῶθι
2266 1260 2371 1314 τὸν
2395 1263 2636 1328 Κύριον·
2679 1263 2766 1316 ὅτι
2793 1264 3017 1330 πάντες
3039 1265 3364 1334 εἰδήσουσί
3385 1282 3462 1335 με
3488 1266 3605 1320 ἀπὸ
3630 1283 3728 1335 μι-

2044 1345 2192 1415 κροῦ
2220 1346 2332 1412 ἕως
2347 1347 2617 1418 μεγάλου
2639 1349 2858 1413 αὐτῶν,
2887 1351 2973 1404 δτι
3004 1353 3178 1418 ἵλεως
3210 1354 3422 1422 ἔσομαι
3452 1351 3583 1419 ταῖς
3604 1352 3731 1408 ἀδι-

2043 1435 2201 1500 κίαις
2228 1436 2448 1501 αὐτῶν,
2481 1437 2578 1490 καί
2612 1438 2730 1491 τῶν
2761 1439 3062 1506 ἁμαρτιῶν
3090 1440 3290 1494 αὐτῶν
3315 1442 3410 1494 καί
3444 1439 3564 1493 τῶν
3589 1441 3733 1497 ἀνο-

2039 1520 2194 1589 μιῶν
2230 1523 2430 1577 αὐτῶν
2452 1527 2523 1578 οὐ
2559 1525 2640 1594 μὴ
2683 1527 2938 1595 μνησθῶ
2970 1528 3076 1584 ἔτι.
3117 1528 3301 1582 Εἰπὼν
3335 1528 3570 1582 παλαιὰν
3607 1529 3729 1583 δια-

2044 1609 2236 1680 θήκην,
2273 1614 2340 1684 ἢν
2393 1613 2628 1666 ἔδωκεν·
2669 1614 2838 1668 εἰπὼν
2884 1617 2978 1668 καὶ
3019 1616 3167 1680 νέαν,
3192 1617 3259 1688 ἢν
3292 1616 3475 1686 μέλλει
3506 1617 3728 1682 διδόναι,

2045 1697 2353 1768 ὑπογράφει
2382 1700 2444 1771 δὴ
2473 1702 2567 1754 καὶ
2596 1703 2695 1772 τὴν
2741 1703 3048 1773 εὐμορφίαν
3086 1705 3277 1773 αὐτῆς,
3311 1705 3407 1757 καὶ
3455 1704 3730 1758 δείκνυσιν

2042 1786 2213 1858 αὐτῆς
2241 1790 2366 1851 τοὺς
2393 1794 2771 1860 χαρακτῆρας,
2799 1791 2891 1843 καὶ
2915 1791 2982 1843 τὰ
3015 1793 3318 1862 παράσημα
3349 1791 3628 1862 ἐπάλληλα
3655 1793 3732 1846 τί-

2043 1873 2222 1944 θησιν,
2247 1877 2334 1929 ἵνα
2360 1877 2539 1947 μάθῃς
2566 1879 2732 1932 πόσον
2757 1880 2815 1932 τὸ
2847 1879 3103 1951 διάφορον
3129 1881 3230 1951 τῆς
3251 1881 3440 1951 καινῆς
3470 1880 3607 1952 πρὸς
3628 1879 3729 1954 τὴν

2043 1963 2304 2027 παλαιάν,
2333 1967 2394 2019 τὸ
2423 1967 2701 2039 διάφορον,
2732 1969 2794 2021 οὐ
2826 1969 2886 2022 τὸ
2915 1969 3155 2022 ἐναντίον
3174 1985 3188 1999 ·
3222 1970 3365 2039 πόση
3396 1970 3429 2039 ἡ
3459 1969 3726 2041 ὑπεροχὴ,

2043 2052 2183 2120 πόση
2211 2053 2245 2123 ἡ
2265 2052 2589 2123 λαμπηδὼν,
2624 2055 2767 2124 πόση
2794 2057 2830 2123 ἡ
2851 2055 3109 2125 ἀστραπὴ
3129 2055 3238 2109 τῶν
3260 2056 3479 2127 δωρεῶν
3510 2057 3728 2128 καὶτῆς

2040 2139 2282 2211 χάριτος.

2110 2227 2172 2281 δ’.
2215 2228 2369 2291 Τίνες
2397 2221 2492 2281 οῦν
2529 2227 2578 2281 οἰ
2611 2229 2960 2300 χαρακτῆρες
2992 2231 3090 2302 τῆς
3122 2231 3349 2301 καινῆςς
3378 2231 3591 2300 Διδοῦς
3623 2232 3727 2287 νό-

2036 2333 2193 2384 μους
2216 2335 2336 2386 μου
2379 2320 2466 2384 εἰς
2503 2318 2776 2372 διάνοιαν
2802 2319 3022 2381 αὐτῶν,
3061 2320 3159 2373 καί
3190 2319 3286 2373 έπί
3321 2321 3595 2389 καρδίαις
3620 2325 3730 2377 αὐ-

2040 2400 2159 2454 τῶν
2189 2402 2498 2472 ἐπιγράψω
2534 2405 2776 2470 αὐτούς.
2829 2406 2888 2458 ὐ
2927 2405 3027 2475 μὲν
3064 2405 3172 2477 γὰρ
3213 2407 3442 2472 παλαιὸς
3476 2409 3641 2479 νόμος
3668 2411 3729 2465 ἐν

2041 2489 2206 2554 πλαξὶ
2236 2489 2467 2554 λιθίναις
2507 2493 2745 2562 ἐγράφη,
2781 2494 2876 2546 καὶ
2914 2493 3099 2564 ἐπειδὴ
3133 2495 3188 2548 αἰ
3231 2495 3448 2564 πρῶται
3477 2498 3730 2568 συνετρί-

2041 2576 2217 2647 ϐησαν
2243 2578 2468 2640 πλάκες,
2498 2579 2690 2650 ἐτέρας
2711 2579 2875 2634 πάλιν
2900 2581 3157 2651 ἐκόλαψε,
3193 2583 3286 2635 καὶ
3315 2584 3431 2636 ἐκεῖ
3453 2585 3521 2638 τά
3553 2585 3731 2656 γράμ-

2044 2681 2190 2734 ματα
2221 2665 2552 2736 ἐγχαράξας,
2585 2667 2869 2720 κατέϐαινε
2896 2667 3150 2739 Μωῦσῆς,
3186 2668 3423 2738 συγγενῆ
3453 2670 3553 2740 τῆς
3576 2671 3732 2725 ἀναι-

2043 2751 2273 2821 σθησίας
2301 2751 2408 2805 τῶν
2441 2752 2748 2822 δεχομένων
2785 2753 2880 2819 τὴν
2911 2753 3072 2823 φύσιν
3105 2755 3213 2808 τῶν
3232 2755 3431 2809 δέλτων
3457 2757 3617 2827 ἔχων.
3659 2759 3728 2812 Ἦ

2039 2836 2096 2890 δέ
2129 2839 2290 2910 καινὴ
2334 2841 2432 2910 οὐχ
2471 2839 2672 2903 οὕτως·
2719 2841 2779 2894 οὐ
2813 2842 2920 2911 γάρ
2957 2841 3166 2906 πλάκες
3202 2843 3602 2915 ἐκολάφθησαν,
3635 2847 3728 2902 ὅτε

2041 2927 2074 2990 ἠ
2110 2927 2271 2997 καινὴ
2314 2927 2547 2997 διαθήκη
2597 2927 2817 2990 ἐδίδοτο,
2865 2929 3002 2983 ἀλλά
3056 2930 3174 2995 πῶς
3215 2932 3310 2985 καὶ
3354 2933 3461 2986 τίνι
3499 2935 3726 3007 τρόπῳς

2044 3014 2241 3066 Ἀκουε
2273 3014 2366 3066 τοῦ
2393 3016 2576 3068 Λουκᾶ
2603 3014 2964 3085 διηγουμένου
2989 3032 3002 3047 ·
3035 3013 3234 3072 *Ησαν
3261 3019 3486 3087 πάντες
3513 3025 3732 3093 ὁμοθυο

2034 3101 2234 3169 μαδὸν
2264 3102 2360 3155 ἐπὶ
2398 3102 2464 3154 τὸ
2500 3101 2671 3163 αὐτὸ,
2707 3104 2841 3172 φησί
2868 3121 2881 3133 ·
2910 3104 3009 3157 καὶ
3037 3104 3274 3174 ἐγένετο
3316 3106 3485 3176 ἄφνω
3513 3111 3582 3164 ἐκ
3619 3111 3729 3166 τοῦ

2041 3189 2304 3256 οὐρανοῦ
2351 3189 2522 3258 φωνὴ
2548 3191 2708 3244 ’ὡσεὶ
2743 3192 3078 3260 φερομένης
3113 3194 3310 3262 πνοῆς
3353 3197 3594 3264 βιαίας*
3627 3201 3725 3254 καὶ

2040 3274 2330 3343 ὤφθησαν
2371 3275 2579 3340 αὐτοῖς
2620 3276 3088 3346 διαμεριζίιεναι
3127 3280 3402 3350 γλῶσσαι
3439 3285 3582 3338 ὠσεί
3612 3302 3727 3340 1w-

2031 3364 2144 3428 ρός
2168 3377 2181 3389 ·
2214 3358 2460 3413 έκάθισέ
2487 3377 2549 3413 τε
2575 3360 2667 3428 ἐφ’
2699 3361 2808 3414 ἕνα
2845 3361 3110 3415 ἕκαστον
3140 3363 3360 3428 αὐτῶν,
3403 3367 3501 3420 καί
3533 3367 3725 3437 ἐπλή-

2039 3451 2283 3515 σθησαν
2315 3449 2660 3516 Πνεύματος
2702 3449 2896 3518 ἁγίου.
2934 3451 3028 3503 καί
3069 3450 3332 3517 ἤρξαντο
3361 3453 3725 3522 φθέγγεσθαι

2038 3535 2366 3601 γλώσσαις,
2405 3534 2599 3599 καθὼς
2634 3535 2698 3588 τὸ
2743 3535 2987 3603 Πνεῦμα
3029 3537 3232 3592 ἐδίδου
3288 3539 3511 3605 αὐτοῖς.
3559 3542 3726 3614 Ὁρᾷς

2040 3619 2157 3683 πῶς
2199 3619 2356 3673 τοῦτο
2386 3621 2590 3674 ἄνωθεν
2619 3623 2648 3673 ὁ
2679 3625 2966 3694 προφήτης
3011 3625 3199 3692 σαφῶς
3245 3625 3723 3698 πρωνεφώνησεν,

2038 3706 2212 3769 οὑτως
2235 3707 2405 3760 είπών
2424 3725 2437 3738 ·
2461 3707 2671 3774 Διδοὺς
2697 3711 2922 3778 νόμους
2950 3728 3070 3779 μου
3094 3714 3182 3778 εἰς
3205 3711 3479 3768 διάνοιαν
3504 3714 3727 3782 αὐτῶν,

2038 3794 2139 3849 καί
2183 3795 2280 3848 ὲπί
2325 3794 2594 3864 καρδίαις
2631 3797 2831 3851 αὐτῶν
2872 3799 3183 3868 ἐπιγράψω
3227 3804 3473 3869 αὐτούς.
3520 3805 3582 3856 Ἢ
3618 3804 3728 3877 γάρ

2037 3882 2134 3936 τοῦ
2167 3883 2482 3952 Πνεύματος
2511 3886 2672 3955 χάρις
2702 3889 2732 3957 ή
2763 3888 2913 3957 παρά
2938 3887 3032 3941 τοῦ
3061 3888 3195 3941 Θεοῦ
3225 3889 3442 3944 δοθεῖσα
3467 3896 3587 3954 ταῖς
3619 3893 3732 3948 δια-

2039 3971 2210 4035 νοίαις
2258 3971 2440 4026 αὐτῶν
2489 3970 2918 4044 εγκαθῆσθαι,ε,
2971 3976 3172 4047 στήλας
3216 3979 3415 4041 αὐτοὺς
3470 3982 3728 4052 ἐποίησεν

2038 4063 2338 4135 ἐμψύχους.
2377 4066 2439 4088 ⁸⁸·
2474 4067 2568 4119 καὶ
2597 4069 2664 4136 τῇ
2697 4065 2905 4138 διανοίᾳ
2937 4068 3250 4133 ἐπισκιάζει
3285 4073 3349 4141 τῇ
3375 4070 3503 4142 δόξῃ
3533 4072 3724 4125 αὐτοῦ’

2038 4151 2120 4204 διδ
2149 4153 2240 4205 καὶ
2272 4151 2478 4222 ἔλεγεν,
2515 4154 2597 4207 δτι
2637 4155 2918 4224 ἀπεστάλη
2953 4156 3263 4226 κηρύττειν,
3296 4160 3407 4211 οὐκ
3437 4160 3507 4211 ἐν
3537 4161 3727 4230 σοφίᾳ

2037 4242 2246 4309 λόγου,
2288 4241 2388 4294 ira
2426 4243 2512 4310 μὴ
2544 4242 2774 4310 κενωθῇ
2805 4247 2836 4296 o'
2857 4244 3120 4310 σταυρὸς
3145 4244 3252 4298 τοῦ
3295 4247 3556 4313 Χριστοῦ
3580 4265 3591 4276 '
3627 4249 3723 4302 καὶ

2039 4329 2224 4396 πάλιν,
2273 4329 2607 4400 Ἐμώρανεν
2645 4334 2677 4384 ὀ
2717 4331 2862 4396 Θεὸς
2909 4330 3027 4398 τὴν
3068 4333 3294 4400 σοφίαν
3331 4333 3438 4387 τοῦ
3486 4334 3724 4402 κόσμου

2038 4419 2292 4472 τούτουο
2325 4419 2418 4472 καὶ
2457 4418 2570 4472 ἄνω
2603 4420 2696 4473 καὶ
2745 4421 2894 4472 κάτω
2929 4421 3016 4474 τὸν
3054 4422 3290 4492 σταυρὸν
3343 4425 3722 4495 περιστρέφει.

2052 4505 2286 4573 Ἐπειδὴ
2319 4506 2447 4576 γὰρ,
2506 4508 2692 4575 φησιν,
2733 4507 3001 4561 Ἰουδαῖοι
3054 4508 3274 4576 σημεῖα
3320 4510 3577 4573 αἰτοῦσι,
3622 4513 3723 4564 καὶ

2041 4588 2341 4656 Ἕλληνες
2385 4594 2610 4657 σοφίαν
2653 4588 2958 4656 ζητοῦσιν,
3012 4591 3184 4660 ἡμεῖς
3231 4593 3300 4646 δὲ
3354 4596 3726 4664 κηρύττομεν

2038 4677 2298 4744 Χριστὸν
2329 4677 2807 4746 ἐσταυρωμένον,
2858 4679 3171 4745 Ἰουδαίοις
3200 4680 3317 4748 μὲν
3345 4682 3720 4744 σκάνδαλον.

2039 4764 2243 4818 ἔθνεσι
2273 4765 2340 4818 δὲ
2360 4767 2610 4834 μωρίαν,
2638 4766 2844 4830 αὐτοῖς
2871 4766 2938 4818 δὲ
2958 4766 3084 4832 τοῖς
3106 4768 3374 4835 κλητοῖς,
3412 4771 3723 4837 Ἰουδαίοις

2040 4853 2140 4906 καί
2181 4854 2459 4918 Ἕλλησι,
2511 4852 2770 4921 Χριστὸν
2805 4853 2952 4906 Θεοῦ
3003 4854 3261 4924 δύναμιν
3293 4857 3388 4910 καί
3427 4859 3574 4921 Θεοῦ
3614 4877 3721 4914 σο-

2039 4941 2185 5008 ρίαν
2207 4955 2219 4969 ·
2251 4941 2341 4994 ὅτι
2367 4941 2436 4993 τὸ
2454 4941 2655 5008 μωρὸν
2676 4940 2781 4995 τοῦ
2809 4941 2957 4994 Θεοῦ
2987 4943 3334 5011 σοφώτερον
3355 4943 3473 4996 τῶν
3501 4945 3725 5015 ἀνθρώ-

2039 5044 2168 5080 πων
2192 5029 2343 5093 ὲστὶ,
2375 5029 2470 5082 καί
2503 5029 2568 5082 τὸ
2599 5029 2852 5095 ἀσθενὲς
2880 5030 2987 5084 τοῦ
3019 5031 3166 5085 Θεοῦ
3195 5034 3585 5102 ἰσχυρότερον
3608 5033 3725 5088 τῶν

2039 5117 2366 5184 ἀνθρώπων
2421 5117 2554 5171 ἐστί
2576 5134 2588 5147 ·
2630 5118 2812 5188 μωρὸν
2859 5117 2994 5172 Θεοῦ
3050 5119 3146 5172 καὶ
3198 5120 3423 5185 ἀσθενὲς
3469 5122 3604 5177 Θεοῦ
3631 5124 3725 5178 τὸν

2043 5205 2277 5275 σταυρὸν
2323 5204 2624 5274 ὀνομάζων,
2670 5208 2770 5260 οὐκ
2804 5209 2989 5280 ἐπειδὴ
3037 5211 3250 5282 μωρόν’
3288 5212 3340 5264 τί
3374 5212 3483 5282 γάρ
3532 5212 3723 5266 τούτου

2043 5292 2388 5363 σοφώτερον;
2432 5294 2550 5345 οὐδέ
2585 5297 2769 5364 ἐπειδὴ
2815 5297 3070 5360 ἀσθενέςο
3110 5299 3162 5350 τί
3197 5298 3306 5368 γάρ
3348 5300 3537 5352 τούτου
3575 5302 3724 5371 ίσχυο

2042 5379 2295 5450 ρότερον;
2330 5381 2464 5432 ἀλλά
2491 5381 2591 5451 τὴν
2623 5383 2732 5434 τῶν
2769 5386 3014 5438 ἀπίστων
3053 5387 3309 5439 ὑπόνοιαν
3337 5389 3721 5455 ἀπαγγέλλων,

2040 5466 2108 5534 ἣν
2145 5463 2289 5536 εἶχον
2320 5470 2447 5540 περὶ
2474 5470 2566 5522 τοῦ
2605 5472 2949 5541 πράγματος.
2985 5473 3074 5526 Διὸ
3104 5476 3198 5527 καὶ
3228 5475 3488 5545 άνωτέρω
3516 5476 3721 5543 ἔλεγεν·

2053 5555 2107 5604 '0
2141 5557 2325 5624 λόγος
2353 5557 2461 5626 γὰρ
2497 5560 2528 5610 ό
2562 5558 2668 5612 τοῦ
2701 5560 2969 5626 σταυροῦ
2995 5562 3118 5628 τοῖς
3139 5563 3258 5632 μὲν
3279 5563 3722 5632 ἀπολλυμένοις

2106 5686 2126 5712 ⁸
2156 5683 2274 5759 ςρά.
2303 5688 2596 5759 έχκαθὲσξὶαι.
2621 5691 3058 5759 μυᾷθῇἒγκαθῆσθαι
3085 5695 3244 5746 fat:ch
3273 5698 3506 5759 Opurluit.
3534 5694 3718 5758 Perpe-

2045 5761 2143 5793 rum
2173 5747 2472 5855 Βῦηιιιίίιήιιιὶ
2501 5747 2846 5803 ἐγκαίησθεῗσα.
2879 5747 3008 5805 [μετ’.

2112 5808 2173 5822 ””
2202 5844 2211 5855 .
2251 5813 2454 5855 Amr-«2..
2479 5815 2647 5855 ἠε-ιιιιει

2202 5808 2454 5860 “Amr-'51..
2479 5815 2647 5862 ἰιι-ιιιιςι
