4068 6474
208 488 309 541 {1‘20

208 623 488 679 acerbum
509 638 660 679 esse
682 631 908 695 putant;
933 636 1116 675 verum
1142 622 1243 675 hoc
1262 622 1432 674 morhi
1458 622 1612 689 culpa
1633 633 1733 675 est.
1758 638 1861 673 null

208 717 391 769 mellis
422 717 697 771 crimen.
738 714 816 769 Ita
844 724 898 769 et
919 730 1047 768 crux
1077 714 1316 768 externis
1345 714 1507 767 stulta
1540 730 1624 767 res
1653 712 1864 766 videtur

207 826 353 875 esse,
410 809 519 863 sed
577 825 713 863 non
758 820 861 863 est.
908 808 1108 863 Deinde
1152 817 1436 877 postquam
1470 810 1705 861 ostendit
1756 824 1862 861 ttull

205 904 374 958 modo
403 917 529 957 non
579 903 823 957 stultam
861 916 971 956 rem
1000 916 1143 965 esse,
1172 899 1267 954 sed
1316 898 1604 954 admodum
1652 900 1863 967 sapien-

205 1007 339 1059 tem,
372 1010 485 1050 nec
517 994 714 1049 modo
743 1008 847 1047 non
881 992 1168 1053 infirmam,
1202 990 1296 1045 sed
1328 989 1618 1045 admodum
1646 991 1858 1055 fortem,

202 1093 326 1160 ejus
346 1090 652 1159 prmclara
690 1096 835 1158 gesta
866 1095 1138 1155 comparat
1160 1099 1281 1139 cum
1302 1084 1596 1150 creatione,
1617 1098 1739 1137 cum
1765 1098 1853 1137 ve-

205 1187 307 1238 teri
330 1184 738 1239 Testamento
761 1190 814 1235 et
837 1196 958 1233 cum
980 1189 1202 1232 externa
1223 1177 1507 1247 sapientia;
1526 1184 1580 1230 et
1601 1176 1857 1240 ostendit,

201 1277 352 1346 quod
402 1292 477 1331 ea
514 1290 664 1344 qua:
697 1287 867 1342 neque
898 1270 1109 1324 interna
1154 1269 1419 1337 sapientia
1449 1268 1653 1323 invenit
1686 1281 1859 1336 neque

199 1376 465 1428 externa,
525 1379 727 1431 neque
756 1378 786 1416 a
814 1362 1086 1417 creatione
1129 1361 1280 1413 multi
1334 1360 1608 1413 hominum
1656 1359 1859 1415 didice-

203 1469 349 1522 runt,
408 1473 617 1528 neque
652 1472 683 1510 a
713 1456 880 1511 veteri
927 1454 1275 1509 Testamento
1320 1452 1509 1506 lucrati
1549 1470 1563 1506 :
1596 1453 1743 1517 inec,
1778 1453 1859 1505 in-

199 1568 398 1621 quam,
456 1551 613 1605 illud
672 1552 844 1619 ipsum
893 1547 1035 1618 quod
1084 1549 1304 1602 stultum
1335 1556 1387 1601 et
1420 1544 1687 1600 infirmum
1736 1562 1855 1602 esse

201 1650 435 1704 videtur
485 1650 780 1718 potuerit;
812 1647 954 1717 quod
996 1646 1229 1713 videtur,
1285 1648 1525 1715 inquam,
1566 1661 1671 1700 non
1715 1647 1855 1715 quod

199 1754 308 1796 est.
342 1742 750 1812 Quapropter,
780 1757 903 1795 cum
953 1757 1018 1795 ex
1069 1740 1228 1794 rebus
1261 1741 1389 1809 ipsis
1435 1740 1855 1794 demonstratio-

203 1850 330 1887 nem
397 1834 653 1897 habeat,
703 1850 822 1888 cum
866 1832 1054 1887 fiducia
1104 1833 1266 1886 multa
1309 1833 1373 1886 ad
1427 1849 1655 1903 pugnam
1706 1837 1851 1899 esit,

203 1940 237 1993 p
273 1926 390 1977 imo
425 1937 646 1979 contra
678 1936 957 1979 externam
1000 1926 1339 1994 sapientiam.
1390 1926 1594 1988 dicens.
1631 1926 1727 1980 ι’ὺὶ
1769 1944 1850 1980 suo

205 2019 356 2086 piens
392 2017 584 2090 (Ibid.
626 2035 672 2073 υ.
705 2018 996 2087 9.0)?Quid
1023 2019 1120 2073 sibi
1152 2019 1263 2072 vult
1294 2018 1445 2085 illud,
1482 2018 1579 2073 Ubi
1608 2020 1855 2088 sapiens?

207 2114 285 2163 Ac
313 2112 361 2164 si
391 2112 656 2177 diceret,
682 2112 782 2167 Ubi
826 2122 952 2165 sunt
978 2112 1065 2165 illa
1097 2104 1586 2181 philosophorum?
1612 2113 1700 2167 ubi
1730 2112 1855 2167 rhe-

209 2212 425 2267 torum,
475 2204 583 2258 ubi
632 2204 1015 2273 sophistarum,
1063 2203 1150 2256 ubi
1200 2204 1515 2256 oratorum?
1560 2204 1855 2259 Facessmtt

209 2297 398 2347 tmmia
435 2310 508 2349 ac
555 2295 838 2364 perierunt
868 2304 922 2348 et
952 2310 1242 2349 evanuere.
1276 2294 1405 2349 Nam
1456 2295 1525 2349 ila
1572 2296 1850 2363 Splendida

214 2386 310 2441 fuit
346 2388 623 2454 victoria,
657 2399 711 2441 nt
742 2388 951 2455 illajam
977 2405 1043 2443 nc
1073 2398 1423 2458 compareant
1452 2390 1693 2459 quidem.
1728 2389 1851 2444 Ideo

212 2482 323 2535 illis
356 2482 646 2535 omnibus
679 2492 949 2548 tamquam
990 2483 1162 2550 pulvis
1192 2482 1489 2551 dissipatis,
1525 2483 1593 2536 ita
1624 2484 1854 2537 interro-

214 2584 302 2640 gat
328 2582 387 2626 et
419 2574 505 2627 ait
540 2592 555 2625 :
600 2571 699 2627 Ubi
725 2572 928 2642 sapiens
952 2572 977 2624 ?
1007 2573 1269 2642 Apparuit
1295 2588 1449 2638 crux,
1476 2584 1529 2627 et
1555 2574 1639 2627 illa
1670 2576 1849 2628 omnia

213 2666 401 2720 soluta
456 2676 643 2720 sunt:
674 2667 910 2720 insonuit
961 2666 1300 2735 pnedicatio,
1337 2678 1391 2723 et
1439 2668 1643 2722 facilius
1689 2685 1847 2737 quam

216 2772 444 2811 aranea:
478 2758 598 2812 tela
629 2756 881 2824 dissipata
915 2769 1061 2812 sunt.
1101 2757 1197 2812 Ubi
1247 2760 1493 2827 sapiens?
1520 2759 1621 2814 Ubi
1653 2760 1849 2815 verbo—

218 2862 337 2900 rum
388 2848 625 2903 fastus?
656 2847 744 2903 ubi
791 2849 1049 2903 facundia:
1101 2850 1491 2918 pulchritudo?
1523 2852 1609 2903 uhi
1661 2852 1847 2917 sophi-

216 2950 465 2996 sinatnm
521 2942 802 3012 gravitas?
873 2941 959 2996 ubi
1010 2943 1301 2996 verborum
1348 2943 1475 2996 vis?
1529 2944 1615 2996 ubi
1668 2945 1844 3012 lingua

219 3042 379 3085 acuta
400 3034 425 3086 ?
461 3035 561 3089 ubi
596 3044 895 3098 conventus
914 3044 964 3089 et
984 3035 1314 3089 Consessns?
1345 3035 1436 3089 illa
1457 3036 1633 3089 omnia
1668 3035 1849 3089 detra-

220 3134 305 3177 cta
356 3138 516 3192 sunt,
566 3128 875 3199 perierunt,
909 3138 1159 3195 corrupta
1190 3136 1333 3190 sunt,
1379 3127 1647 3190 abierunt,
1698 3136 1845 3195 terga

222 3214 530 3273 dederunt.
584 3218 686 3274 Ubi
726 3220 929 3273 scriba?
956 3218 1055 3273 Ubi
1105 3234 1192 3272 res
1240 3218 1580 3281 Judzeorum,
1632 3218 1847 3287 inquit?

226 3308 314 3360 illa
355 3314 534 3367 etiam
583 3313 712 3366 vicit
753 3312 1103 3380 prmdicatio,
1156 3321 1208 3366 et
1250 3312 1541 3365 occultavit
1581 3312 1719 3364 sicut
1764 3311 1846 3365 sol

230 3401 511 3459 umbram.
549 3403 684 3458 Nam
729 3419 848 3471 qua:
882 3418 977 3471 per
1025 3412 1225 3456 tantum
1258 3412 1466 3472 tempus
1499 3402 1579 3455 lex
1613 3416 1716 3454 non
1748 3416 1843 3469 po-

231 3495 329 3547 tuit
360 3496 415 3548 in
452 3514 562 3551 una
614 3507 795 3566 gente,
849 3497 967 3551 haec
1014 3511 1136 3549 eum
1189 3495 1375 3563 majori
1432 3495 1668 3563 potentia
1716 3509 1847 3549 crux

233 3584 436 3656 nblqne
460 3588 712 3658 perfecit,
734 3598 949 3656 peccata
973 3589 1209 3651 solvens,
1225 3588 1485 3657 justitiam
1507 3586 1843 3657 impertiens,

231 3687 459 3733 sanctos
490 3679 726 3735 reddens
756 3680 1023 3744 homines,
1080 3678 1169 3733 Dei
1222 3679 1581 3747 cognitionem
1610 3680 1843 3744 docens,

236 3767 300 3821 ad
350 3773 552 3827 cmlum
586 3788 746 3828 manu
800 3773 1023 3827 ducens.
1071 3773 1273 3827 Deinde
1319 3772 1555 3828 Judaicis
1595 3774 1796 3828 relictis
1828 3816 1841 3837 ,

234 3860 298 3913 ad
329 3867 601 3932 gentilitia
624 3867 794 3920 venit:
819 3864 916 3920 Ubi
934 3866 1243 3935 conquisitor
1260 3866 1414 3933 hujus
1434 3868 1607 3920 surculi
1626 3866 1846 3934 (Ibid.)?

241 3952 335 4009 llic
366 3958 659 4013 haereticos
683 3957 1007 4021 subindicat,
1042 3969 1094 4011 et
1123 3973 1218 4013 eos
1247 3957 1335 4027 qui
1364 3958 1688 4028 syllogismis
1713 3959 1845 4013 abu-

238 4056 423 4105 tuntur
459 4073 473 4107 :
508 4054 598 4125 qui
632 4052 861 4107 antehac
903 4052 1116 4122 quidem
1144 4053 1333 4121 gladiis
1355 4053 1619 4106 acutiores
1645 4061 1799 4106 erant
1826 4093 1840 4115 ,

243 4151 522 4209 postquam
556 4154 733 4197 autem
778 4158 907 4197 crux
952 4144 1215 4213 apparuit,
1248 4142 1452 4196 facilius
1482 4158 1645 4213 quam
1676 4144 1849 4198 lutum

239 4227 432 4297 deiecti
477 4244 626 4288 sunt.
676 4235 859 4288 Annon
908 4236 1114 4289 stultam
1173 4235 1289 4303 fecit
1334 4233 1474 4287 Deus
1536 4236 1843 4303 sapientiam

244 4318 395 4389 hujus
428 4327 612 4379 mundi
644 4328 661 4397 (
693 4326 829 4379 Ibid.
864 4327 921 4394 )?
949 4326 1156 4381 Rursus
1199 4335 1383 4380 contra
1412 4324 1642 4392 gentiles
1670 4340 1727 4379 se
1753 4341 1842 4381 ac-

240 4411 421 4482 cingit.
482 4417 620 4485 Quid
651 4419 751 4472 sibi
784 4418 917 4483 vnit,
964 4418 1188 4473 Stultum
1216 4418 1379 4487 fecit?
1427 4416 1655 4471 Stultam
1689 4432 1843 4471 mon-

242 4507 427 4561 stravit
466 4526 483 4562 :
516 4508 633 4563 talis
677 4511 820 4563 enim
861 4518 999 4564 erat.
1048 4509 1111 4562 Et
1153 4509 1383 4578 ipsorum
1425 4518 1471 4561 et
1521 4516 1842 4577 peccatorum

240 4592 440 4653 illorum
494 4610 539 4653 et
581 4602 904 4670 iniquitatum
947 4618 1048 4655 non
1083 4600 1385 4655 tecordabor
1412 4602 1633 4668 amplius
1678 4600 1811 4671 (Jer.

240 4680 326 4739 3i.
355 4688 477 4760 35).
512 4689 620 4744 Sed
666 4691 927 4761 propheta
961 4692 1177 4761 quidem
1226 4691 1436 4746 Veteris
1465 4692 1619 4747 nobis
1660 4692 1837 4746 lanam

245 4781 478 4843 Speciem
506 4779 787 4837 describit:
812 4781 1312 4852 Apostolusautem,
1342 4783 1465 4852 quia
1488 4798 1608 4837 cum
1637 4784 1838 4840 Jndreis

244 4878 433 4937 pugnat
461 4914 476 4937 ,
505 4888 535 4925 e
576 4873 794 4941 regione
838 4884 1062 4942 utraque
1113 4874 1259 4942 ponit
1288 4892 1300 4926 :
1332 4875 1579 4943 superius
1621 4876 1837 4945 quidem

250 4960 391 5016 nobis
412 4964 573 5024 dixit,
600 4963 720 5016 Non
736 4965 787 5016 in
815 4965 998 5017 tubulis
1021 4966 1253 5035 lapideis,
1273 4967 1366 5019 sed
1389 4967 1440 5019 in
1463 4968 1647 5021 tabulis
1669 4969 1839 5023 cordis

247 5056 534 5108 carnalibus
562 5073 579 5119 ;
607 5055 691 5109 hic
712 5065 912 5120 autem,
949 5056 1070 5109 Non
1098 5058 1273 5123 litera,
1313 5059 1400 5111 sed
1422 5060 1661 5127 spiritus;
1692 5061 1838 5115 (itera

249 5142 371 5196 enim
401 5146 612 5213 occidit,
645 5134 856 5215 spiritus
882 5157 1049 5202 autem
1081 5148 1301 5216 vivi/icat
1332 5148 1408 5219 (2.
1441 5150 1557 5203 Cor.
1591 5152 1643 5206 3.
1674 5153 1725 5205 ’5.
1756 5151 1831 5222 6).

314 5236 363 5291 5.
399 5240 456 5294 ln
484 5238 710 5293 sabbato
747 5240 965 5308 collegit
1004 5242 1122 5310 quis
1157 5242 1329 5310 ligna,
1365 5251 1419 5296 et
1450 5244 1712 5312 lapidatus
1754 5256 1839 5301 est

255 5325 425 5396 (Num.
458 5332 544 5389 l5.
580 5331 669 5388 32.
699 5331 811 5404 56).
839 5332 1096 5389 Vidistine
1121 5335 1389 5406 quomodo
1418 5337 1568 5391 litera
1602 5338 1831 5407 occidat,

1062 486 1125 540 XI
1166 484 1469 547 llOllll.l\,
1518 480 1603 536 DE
1644 477 2012 537 ELEAIARO
2053 479 2142 535 ET
2183 480 2458 538 SEPTEM
2501 482 2766 539 PUERiS.
3467 491 3569 545 531.)

1979 620 2025 673 id
2056 629 2160 687 est,
2199 620 2282 674 lex
2312 623 2540 692 puniat?
2578 623 2727 678 disce
2753 624 3024 693 quomodo
3066 627 3286 694 Spiritus
3314 630 3569 685 virilicet.

1978 711 2255 780 Ingressus
2282 721 2365 767 est
2393 714 2656 782 quispiam
2692 715 2838 769 mille
2866 717 3025 768 tnalis
3057 718 3265 784 plenus,
3298 722 3387 789 qui
3418 736 3570 775 scor-

1976 810 2115 855 latus
2146 814 2249 867 cst,
2280 806 2477 873 rapuit,
2506 820 2701 859 avarus
2730 807 2851 873 fuit,
2883 808 3115 874 adulter,
3142 814 3289 865 omni
3318 814 3571 883 nequitia:

1972 898 2155 965 generi
2173 898 2454 962 obnoxius,
2471 899 2579 968 jam
2603 910 2878 955 emortuus
2902 912 3123 971 peccato
3144 921 3156 956 :
3178 904 3350 973 ipsum
3376 908 3570 976 accipit

1969 992 2201 1059 Spiritus
2240 993 2410 1062 gratia
2456 993 2522 1047 ad
2570 995 2882 1059 lavacrum,
2927 1005 2981 1048 et
3012 1005 3364 1051 scortatorem
3400 998 3568 1052 lilium

1974 1084 2065 1139 Dei
2099 1084 2297 1152 efticit,
2331 1094 2386 1139 et
2424 1101 2545 1148 eum
2572 1129 2586 1149 ,
2620 1086 2711 1156 qui
2754 1089 2804 1140 in
2855 1089 3090 1156 peccatis
3129 1098 3378 1144 mortuus
3413 1100 3564 1155 erat,

1969 1178 2227 1234 viviticat.
2259 1179 2368 1231 lloc
2400 1178 2504 1232 sibi
2534 1179 2648 1233 vult
2676 1179 2812 1234 illud
2839 1222 2853 1245 ,
2888 1180 3117 1250 Spiritus
3148 1182 3388 1252 viviﬁeat.
3416 1180 3568 1248 Qun-

1968 1270 2130 1325 modo
2156 1278 2334 1324 autem
2365 1270 2638 1327 vivificat?
2662 1272 2780 1328 Non
2814 1287 3003 1343 poenas
3035 1284 3378 1344 peccatorum
3406 1291 3569 1345 repe-

1970 1376 2111 1431 tens,
2140 1366 2435 1421 secundum
2468 1366 2593 1420 illud
2617 1368 2902 1435 Propheta:
2929 1368 3133 1423 dictum
3156 1387 3169 1423 :
3192 1368 3459 1441 PrOpitius
3484 1386 3572 1423 ero

1966 1458 2315 1528 iniquitatibus
2344 1474 2519 1510 eorum
2546 1499 2556 1519 ,
2592 1469 2638 1511 et
2685 1469 3006 1527 peccatorum
3050 1476 3223 1514 eorum
3254 1471 3299 1514 et
3326 1461 3571 1531 iniquita-

1967 1564 2070 1602 tum
2109 1566 2283 1602 eorum
2312 1566 2413 1603 non
2442 1550 2747 1604 recordabor
2772 1552 3016 1620 amplius.
3061 1552 3339 1623 Interroga
3381 1568 3571 1608 rursus

1963 1643 2228 1707 iud-.eum,
2256 1643 2470 1697 ubinam
2499 1642 2603 1696 hoc
2625 1642 2822 1697 factum
2849 1646 2918 1699 sit
2942 1645 2994 1699 in
3023 1645 3141 1715 lege
3164 1645 3287 1700 :sed
3312 1646 3360 1699 id
3385 1655 3570 1700 osten-

1962 1736 2089 1789 dere
2123 1752 2227 1791 non
2260 1735 2451 1804 possit.
2484 1736 2612 1789 Nam
2643 1746 2697 1791 et
2722 1738 2810 1805 qui
2844 1736 2983 1806 ligna
3016 1738 3329 1809 collegerat,
3361 1738 3569 1809 lapida-

1964 1837 2047 1881 tus
2092 1827 2208 1891 fuit,
2253 1838 2307 1881 et
2345 1825 2660 1881 fornicatrix
2705 1829 3145 1895 Comburcbatur,
3176 1838 3229 1884 et
3253 1828 3463 1901 Moyses
3495 1834 3565 1885 ob

1962 1929 2238 1990 peccatum
2268 1934 2430 1974 unum
2455 1936 2486 1976 a
2515 1930 2655 1975 terra
2685 1922 3060 1991 promissionis
3082 1922 3287 1977 excidit
3314 1941 3325 1976 :
3352 1924 3405 1977 in
3435 1939 3563 1995 gra-

1962 2013 2047 2067 tia:
2078 2022 2256 2067 autem
2288 2020 2530 2083 tempore
2551 2054 2564 2077 ,
2598 2014 2688 2082 qui
2730 2013 2875 2069 mille
2903 2016 3114 2069 scelera
3146 2027 3517 2084 perpclrat'ttttl
3544 2060 3559 2084 ,

1961 2123 2056 2177 per
2084 2107 2335 2177 baptismi
2364 2108 2683 2162 beneﬁcium
2716 2108 3078 2172 viviﬁcantur,
3114 2108 3369 2179 nullaque
3396 2126 3564 2179 expe-

1963 2200 2090 2254 titur
2120 2199 2388 2254 scelerum
2416 2213 2596 2268 pmna.
2628 2198 2860 2269 Ideoque
2883 2198 3079 2253 Paulus
3101 2198 3315 2254 dicebat
3339 2218 3353 2255 :
3382 2198 3561 2255 Nolite

1956 2309 2129 2347 errare
2158 2309 2176 2346 :
2204 2310 2361 2362 neque
2388 2292 2656 2363 fornicarii
2674 2333 2689 2358 ,
2723 2308 2881 2361 neque
2910 2292 3087 2346 molles
3113 2334 3128 2358 ,
3168 2309 3328 2363 neque
3355 2310 3561 2347 mascu-

1960 2387 2124 2439 lorum
2156 2385 2523 2450 ccncubitorcs,
2554 2401 2717 2454 neque
2741 2385 2984 2449 adulteri,
3018 2402 3176 2454 neque
3205 2386 3366 2455 fures,
3401 2404 3561 2457 neque

1956 2479 2118 2541 avari,
2149 2494 2307 2545 neque
2337 2476 2542 2542 ebriosi,
2571 2494 2733 2542 neque
2759 2476 3015 2543 maledici,
3047 2494 3206 2547 neque
3230 2495 3440 2548 rapaces
3472 2497 3556 2533 re-

1954 2586 2109 2639 gnant
2132 2567 2228 2622 Dei
2249 2568 2594 2639 possidebunt.
2624 2567 2688 2621 Et
2712 2568 2818 2623 hazc
2838 2571 3047 2638 quidam
3068 2571 3222 2624 eratis
3248 2586 3266 2624 :
3286 2571 3376 2625 sed
3396 2571 3557 2626 abluti

1954 2661 2093 2720 estis.
2123 2661 2211 2713 sed
2235 2660 2541 2727 sancti/icati
2563 2660 2699 2726 estis,
2727 2660 2817 2713 sed
2832 2661 3108 2730 justi/icati
3131 2662 3250 2716 estis
3276 2664 3329 2715 in
3353 2664 3558 2718 nomine

1954 2750 2163 2804 Domini
2187 2751 2311 2804 Jesu
2340 2751 2455 2805 etin
2474 2750 2668 2822 Spiritu
2691 2751 2789 2806 Dei
2809 2755 2969 2807 nostri
2995 2756 3015 2825 (
3046 2755 3095 2809 l.
3127 2754 3244 2809 Cor.
3270 2755 3323 2809 6.
3348 2756 3474 2812 9-H
3513 2758 3553 2826 ).

1959 2843 2228 2908 Vidistin‘,
2253 2858 2412 2913 quam
2442 2844 2725 2913 splendeat
2754 2847 3126 2916 prOpheticum
3154 2848 3284 2903 illud
3316 2868 3327 2904 :
3363 2849 3555 2921 PrOpi-

1954 2939 2053 2991 tius
2075 2956 2159 2991 ero
2183 2938 2533 3007 iniquitatibus
2553 2941 2772 2993 eorum?
2793 2956 2953 3009 quam
2979 2941 3178 3013 fulgeat
3199 2944 3554 3013 apostolicum

1954 3032 2079 3085 illud
2104 3074 2117 3096 ,
2153 3032 2383 3101 Spiritus
2408 3033 2670 3101 vivi/icat?
2699 3033 2790 3088 Vis
2817 3044 2869 3090 et
2898 3035 3045 3091 aliud
3073 3036 3305 3102 discere,
3335 3050 3555 3107 aposto-

1953 3123 2061 3177 lum
2094 3139 2286 3192 nempe
2314 3125 2535 3178 Paulum
2567 3124 2915 3195 loquentem,
2951 3129 3223 3198 quomodo
3268 3130 3358 3185 ille
3402 3130 3555 3185 brevi

1955 3225 2196 3285 tempore
2214 3216 2398 3279 orbem
2423 3231 2558 3286 pene
2588 3226 2757 3273 totum
2784 3221 3129 3289 peragravit?
3160 3222 3283 3277 audi
3305 3224 3452 3277 illum
3472 3223 3557 3278 di-

1950 3316 2159 3361 centem
2197 3327 2209 3362 :
2242 3306 2268 3359 1
2277 3320 2327 3360 ια
2358 3319 2413 3361 ut
2443 3310 2505 3362 ab
2535 3308 2824 3364 Jerusalem
2851 3312 2920 3365 ad
2948 3311 3221 3383 Illyricum
3254 3315 3554 3384 repleverim

1932 3397 2303 3470 Evangelium;
2331 3412 2383 3455 et
2412 3418 2624 3457 rursum
2652 3444 2667 3468 ,
2702 3404 2752 3456 Ν
2759 3422 2856 3458 unc
2882 3422 2996 3460 vero
3021 3408 3233 3462 ulterius
3261 3408 3425 3463 locum
3452 3424 3555 3465 non

1952 3493 2139 3546 habens
2171 3495 2221 3546 in
2251 3494 2328 3547 Itis
2358 3497 2670 3565 regionibus,
2702 3499 3031 3567 cupiditatem
3062 3486 3229 3555 autem
3256 3502 3447 3556 habens
3474 3504 3555 3556 vi-

1951 3585 2105 3637 dendi
2133 3602 2217 3638 ros
2242 3626 2258 3651 ,
2292 3602 2406 3639 cum
2437 3588 2486 3639 in
2518 3587 2828 3657 Hispaniam
2858 3591 3117 3659 proﬁcisci
3142 3608 3371 3659 coepero,
3405 3610 3557 3664 spero

1951 3692 2029 3727 me
2061 3675 2227 3728 videre
2257 3692 2341 3730 vos
2371 3720 2385 3743 ,
2420 3680 2463 3731 si
2492 3678 2627 3732 vobis
2660 3682 2881 3748 primum
2921 3699 2985 3735 ea:
3015 3694 3160 3752 parte
3190 3686 3379 3755 fruitus
3407 3690 3557 3756 [uero

1954 3765 2128 3833 (Rom.
2162 3769 2250 3822 15.
2280 3768 2363 3823 l9.
2390 3768 2502 3839 '25).
2529 3771 2681 3838 Quod
2712 3773 3064 3842 siApostolus
3092 3792 3230 3830 unus
3260 3786 3367 3831 tam
3402 3778 3553 3834 brevi

1953 3865 2192 3926 tempore
2216 3859 2472 3927 majorem
2499 3862 2645 3915 orbis
2669 3874 2876 3931 partem
2904 3867 3189 3934 percurrit,
3217 3869 3390 3937 cogita
3414 3886 3553 3940 quo-

1952 3950 2111 4003 modo
2137 3951 2295 4004 etiam
2326 3953 2416 4005 alii
2448 3955 2634 4009 orbem
2669 3966 2837 4010 totum
2868 3959 3017 4027 quasi
3047 3973 3247 4029 sagena
3268 3972 3551 4029 ceperunt.

1949 4042 2285 4113 Quapropter
2313 4045 2546 4110 dicebat,
2576 4047 2839 4117 Evangelii
2869 4052 3007 4120 quod
3033 4053 3367 4120 pra’dicatum
3397 4065 3471 4109 est
3498 4057 3554 4110 in

1949 4134 2086 4185 omni
2130 4146 2361 4189 creatura
2400 4154 2511 4205 qua:
2554 4139 2647 4192 sub
2694 4141 2818 4193 cwlo
2850 4152 2947 4203 est;
2989 4143 3364 4211 pr0pheticnm
3418 4147 3549 4202 illud

1951 4225 2309 4293 interpretans
2333 4247 2344 4280 :
2374 4228 2507 4293 Quia
2534 4246 2707 4283 omnes
2736 4234 2895 4285 scient
2922 4250 3002 4286 me
3030 4250 3059 4285 a
3089 4235 3277 4289 minori
3300 4253 3456 4307 usque
3484 4240 3553 4292 ad

1946 4333 2205 4387 maguum.
2234 4319 2336 4373 Sed
2361 4320 2500 4389 quod
2521 4321 2769 4376 Christus
2794 4323 2965 4393 legem
2985 4323 3196 4379 dederit
3222 4326 3347 4381 hinc
3371 4331 3547 4397 palam

1948 4419 2048 4472 est,
2080 4421 2130 4463 et
2160 4412 2300 4479 quod
2322 4412 2616 4467 Machaba-i
2647 4430 2743 4483 pro
2770 4414 2886 4485 lege
2910 4416 3173 4486 jugulati,
3201 4435 3298 4489 pro
3330 4421 3547 4491 legisla-

1949 4507 2063 4555 tore
2085 4503 2403 4570 sanguinem
2428 4503 2685 4571 fuderint,
2711 4504 2813 4559 hoc
2832 4522 3047 4578 quoque
3071 4506 3415 4565 manifestum
3444 4531 3456 4566 :
3479 4512 3549 4567 de

1944 4600 2338 4648 eteteroautem
2360 4596 2637 4650 caritatem
2668 4607 2900 4652 vestram
2932 4614 3084 4669 rogo,
3119 4612 3173 4655 ut
3202 4618 3323 4656 enm
3353 4605 3547 4658 alacri-

1948 4692 2054 4737 tate
2082 4686 2244 4738 tnulta
2278 4686 2345 4740 ad
2368 4686 2564 4741 festum
2595 4690 2866 4744 accedatis
2893 4708 2905 4743 :
2931 4693 3070 4747 sicut
3104 4709 3235 4764 apes
3265 4698 3333 4751 ab
3361 4698 3545 4751 alvea-

1945 4774 2090 4828 ribus
2103 4778 2313 4832 exsilite
2341 4778 2407 4831 ad
2436 4790 2731 4850 martyrum
2748 4782 2989 4847 vulnera,
3009 4798 3313 4856 eorumque
3331 4791 3543 4842 crucia-

1946 4877 2029 4920 tus
2051 4870 2492 4937 complectimmi,
2532 4872 2663 4925 nihil
2704 4886 2956 4929 curantes
3000 4876 3099 4930 via:
3128 4877 3541 4948 longitudinem.

1942 4958 2075 5013 Nam
2108 4962 2150 5015 si
2168 4963 2454 5016 Eleazarus
2484 4979 2648 5019 senex
2682 4965 2855 5035 ignem
2880 4982 3043 5021 ausus
3058 4978 3142 5022 est
3159 4969 3407 5038 aggredi,
3429 4972 3548 5026 etsi

1944 5052 2226 5108 beatorum
2258 5055 2449 5109 borum
2484 5066 2655 5111 mater
2696 5057 2748 5112 in
2780 5068 3021 5113 extrema
3054 5070 3331 5116 senectute
3364 5072 3541 5119 minos

1946 5160 2098 5213 passa
2130 5156 2213 5201 est
2242 5146 2459 5201 dolores
2484 5165 2497 5201 :
2524 5164 2685 5218 quam
2715 5149 3107 5216 defensionem,
3138 5167 3297 5225 quam
3326 5155 3542 5210 veniant

1944 5235 2228 5301 habebitis,
2254 5238 2296 5291 si
2327 5253 2425 5292 nec
2455 5254 2621 5309 pauca
2649 5242 2821 5297 stadia
2850 5246 3175 5312 percurratis
3198 5244 3264 5301 ad
3288 5246 3379 5301 illa
3398 5262 3536 5302 cun-

1942 5332 2211 5400 spiclenda
2238 5335 2533 5389 certamina
2548 5338 2616 5390 ?..
2632 5375 2645 5389 .
