4068 6414
574 438 670 494 551
1661 412 2035 473 ΒΕΥΕΙΗΑΜ
2097 410 2156 497 (ξι

2262 404 2449 463 ιιοιι.
2492 404 2705 461 EPISC.
3713 390 3799 446 333
3817 390 3845 440 ι

2030 589 2285 619 τευ-ι.-

709 593 2104 623 mm

576 612 1913 639 W—

1036 842 1391 907 MONITUM
1425 839 1505 901 IN
1547 834 1926 899 HOMlLIAM
1970 825 2415 898 SEVERIANI,
2457 813 2929 885 GABALORUM
2966 808 3359 883 EPISCOPI,

1162 958 1187 989 Ι

643 1063 798 1140 μοι]
844 1058 1129 1118 Severiaui
1164 1071 1284 1113 esse
1318 1055 1457 1110 banc
1488 1052 1603 1108 sive
1640 1047 1942 1105 orationem
1974 1045 2089 1099 sive
2136 1039 2415 1097 bontiliam
2447 1036 2607 1093 docet
2640 1030 3014 1087 Tlteodoretus
3044 1024 3259 1093 dialogo
3287 1021 3453 1077 tertio
3492 1017 3622 1088 Περὶ
3655 1016 3828 1070 an.

576 1184 725 1250 θοῦς,
757 1182 833 1237 De
868 1179 1172 1251 impetibili,
1213 1187 1347 1232 tom.
1378 1171 1467 1239 IV,
1498 1185 1619 1241 pag.
1650 1168 1776 1232 169,
1828 1163 2082 1222 editionis
2116 1156 2531 1220 Sirmondianae,
2570 1162 2628 1207 ut
2657 1147 3016 1206 indicabimus
3046 1142 3184 1199 inira
3213 1153 3314 1197 suo
3356 1138 3473 1192 loco
3504 1134 3659 1207 paulo
3692 1138 3846 1185 ante

578 1297 737 1352 tinctu
768 1292 1036 1357 botniliaz;
1076 1290 1128 1345 in
1167 1281 1547 1354 tuanuscriptis
1574 1295 1702 1335 vero
1726 1276 1984 1334 omnibus
2007 1272 2181 1331 sancti
2214 1267 2444 1326 Joannis
2481 1258 2854 1334 Cbrysostomi
2886 1270 3082 1314 nomen
3109 1267 3220 1325 pra
3262 1265 3325 1308 ee
3359 1248 3500 1306 fert:
3528 1247 3634 1302 into
3664 1245 3794 1315 jam
3822 1257 3854 1297 a

580 1411 767 1467 multis
797 1405 1007 1465 saeculis
1028 1398 1403 1474 L‘ltrysostomi
1436 1396 1655 1453 nomine
1700 1389 2105 1450 circumfertur.
2155 1384 2290 1442 Nam
2322 1384 2376 1438 in
2404 1379 2639 1454 epistola
2678 1373 2899 1433 Adriani
2933 1368 3145 1443 'papal
3202 1370 3270 1423 ad
3312 1364 3736 1424 Constantinum
3798 1367 3862 1414 et

580 1526 791 1587 irenen,
826 1517 1030 1575 Coucil.
1076 1524 1206 1571 tom.
1240 1510 1352 1577 VII,
1383 1525 1508 1581 pag.
1534 1506 1674 1572 H2,
1712 1503 1968 1561 editionis
1995 1498 2191 1563 Labb.,
2230 1496 2381 1553 locus
2425 1493 2653 1549 aﬁ‘ertur
2678 1489 2897 1547 nomine
2927 1483 3101 1551 sancti
3140 1480 3369 1538 Joannis
3422 1476 3856 1550 Cbrysostomi,

580 1640 763 1710 quies
794 1640 893 1693 bac
920 1634 1169 1691 oratione
1196 1639 1487 1700 excerptas
1518 1624 1742 1682 omnino
1768 1623 2005 1688 videtur,
2036 1633 2103 1674 ex
2147 1628 2437 1678 sermone,
2474 1621 2534 1667 ut
2577 1609 2649 1665 ibi
2697 1606 2923 1671 dicitur,
2965 1601 3064 1657 τοῦ
3104 1602 3185 1663 εις
3228 1598 3332 1671 τὴν
3379 1590 3703 1666 «apertam
3752 1586 3859 1642 τοῦ

582 1755 807 1828 σπόρου,
834 1754 890 1809 in
926 1750 1248 1806 Parabolam
1277 1746 1512 1802 seminis.
1551 1742 1725 1799 Verba
1754 1749 1933 1796 autem
1970 1738 2050 1792 sic
2074 1734 2156 1790 Ital

2262 1741 2309 1788 t:
2348 1728 2595 1799 Ἐνδυμα
2630 1720 2913 1797 βασιλικὸν
2960 1717 3056 1773 ἑὰν
3086 1712 3337 1785 ὑϐρίσῃς,
3373 1709 3495 1779 οὐχὶ
3520 1706 3609 1770 τὸν
3641 1701 3860 1758 ινδυό-

587 1894 749 1948 μενον
781 1874 945 1929 αὖτδν
973 1870 1245 1943 “pitag
1277 1868 1377 1922 οὐκ
1406 1862 1557 1927 οἶδας
1586 1864 1669 1916 δτι
1700 1862 1848 1921 ὅστις
1896 1857 1999 1931 τὴν
2043 1853 2231 1909 εἰκόνα
2254 1850 2353 1921 τὴν
2397 1851 2463 1902 ὲκ
2504 1845 2664 1913 ξύλου
2710 1840 2805 1897 καὶ
2835 1836 3145 1912 χρωμάτων
3186 1828 3439 1901 λοιδορεῖ,
3468 1824 3565 1895 οὐχ
3589 1821 3669 1885 ὡς
3707 1816 3861 1890 πρὸς

583 1998 792 2067 ἄψυχον
815 1994 1094 2064 τολμήσας
1120 1990 1392 2061 κρίνεται,
1426 1984 1563 2039 ἀλλὰ
1587 1982 1730 2037 κατὰ
1750 1978 1849 2036 τοῦ·
1873 1975 2180 2050 paetum;
2212 1970 2415 2035 δισσῶς
2439 1968 2550 2039 γὰρ
2589 1964 2669 2035 τῷ
2698 1961 2912 2035 βασιλεῖ
2962 1953 3271 2028 προσφέρῃ
3319 1947 3422 2019 τὴν
3466 1942 3645 2014 ὓϐριν.
3718 1937 3860 2005 Qua

586 2116 784 2171 ibidem
816 2114 894 2169 sie
926 2108 1116 2164 Latine
1148 2107 1445 2163 habentur:
1489 2101 1865 2156 Indumentum
1889 2093 2162 2165 imperiale
2191 2092 2236 2147 si
2280 2080 2617 2145 contumeliis
2647 2081 2915 2154 effeceris,
2950 2089 3123 2131 nonne
3155 2071 3204 2126 ei
3230 2068 3320 2141 qui
3371 2064 3611 2120 induitur
3650 2067 3857 2114 contu-

586 2236 773 2290 melius
812 2233 1057 2303 ἐποπτιιῖ
1090 2229 1259 2285 nescis
1284 2228 1410 2298 quia
1432 2225 1478 2279 si
1515 2224 1632 2294 quis
1662 2219 1883 2291 imagini
1913 2212 2248 2287 imperatoris
2285 2211 2541 2282 injuriatn
2565 2207 2747 2276 infert,
2779 2202 2847 2258 ad
2876 2201 3049 2271 ipsum
3097 2195 3491 2264 imperatorem,
3531 2182 3586 2235 id
3642 2187 3751 2243 est,
3783 2176 3859 2228 ad

588 2354 761 2425 ipsum
793 2352 1137 2423 principalem
1168 2360 1217 2405 et
1245 2348 1315 2400 ad
1355 2346 1469 2415 ejus
1496 2345 1809 2414 dignitatem
1837 2340 1994 2409 refert
2018 2336 2275 2407 injuriant
2301 2335 2327 2389 2
2360 2330 2529 2387 nescis
2564 2327 2705 2399 quod
2723 2325 2771 2380 si
2792 2324 2912 2394 quis
2948 2315 3189 2388 imagini,
3219 2328 3339 2383 qua:
3357 2326 3424 2367 ea:
3454 2310 3597 2380 ligno
3618 2316 3670 2359 et
3699 2298 3857 2356 colo-

588 2477 733 2533 ribus
764 2487 859 2541 est,
894 2472 1181 2539 ntaltdicit,
1216 2489 1317 2526 non
1356 2469 1626 2535 iudic..tttr
1650 2464 1805 2518 veluti
1838 2464 1884 2517 si
1935 2470 2115 2515 contra
2139 2456 2495 2513 inanimatam
2528 2447 2781 2521 quiddam
2807 2448 3226 2514 prwsuntptuose
3253 2449 3309 2489 se
3332 2424 3691 2503 gesserit,-sed
3726 2431 3859 2475 tan-

3220 2611 3265 2653 4

1762 2755 3803 2806 _______________________________.———-

1271 3242 1499 3298 SERMO

584 3367 659 3423 De
688 3364 885 3436 Sigillis
912 3363 1152 3416 librorum
1171 3398 1185 3421 ,
1217 3365 1263 3411 et
1287 3350 1537 3425 quantodo
1567 3346 1734 3401 Filius
1776 3340 1926 3396 Petri
1948 3380 1962 3403 ,
1997 3333 2152 3388 Pater

690 3429 825 3512 Filio
850 3453 1061 3522 offerat,
1088 3468 1147 3505 ac
1174 3450 1237 3503 de
1264 3444 1544 3503 Servatoris
1568 3435 1918 3495 incarnatione
1948 3429 2045 3502 (a).

658 3556 708 3609 ι.
737 3551 980 3620 Magnum
1004 3544 1070 3600 ad
1098 3544 1321 3597 salutem
1349 3537 1540 3591 animae
1564 3531 1815 3586 viaticum
1844 3532 1967 3580 sunt
1990 3533 2156 3575 sacra:

586 3645 901 3715 disciplima.
951 3639 1171 3695 Ferrum
1211 3633 1351 3690 enim
1393 3631 1570 3693 ferro,
1603 3625 1780 3679 anima
1823 3635 1951 3675 vero
1994 3615 2157 3669 verbo

586 3737 767 3791 divino
812 3733 1022 3788 acuitur
1056 3747 1068 3783 :
1103 3742 1237 3797 pane
1280 3735 1475 3791 corpus
1522 3718 1721 3780 alitur,
1768 3712 1931 3768 verbo
1976 3708 2156 3775 divino

582 3830 758 3883 anima
806 3825 1044 3878 ﬁrmatur
1068 3837 1082 3873 :
1106 3828 1159 3872 ut
1184 3815 1323 3878 ,dicit
1350 3813 1509 3866 etiam
1549 3808 1793 3877 Moyses,
1822 3802 2017 3857 divinae
2042 3798 2144 3851 dn-

584 3919 772 3971 ctrina:
808 3916 911 3968 vim
952 3910 1191 3965 altricem
1226 3902 1569 3960 subindicans
1602 3918 1617 3953 :
1652 3894 1772 3949 Non
1804 3895 1854 3946 in
1894 3891 2001 3944 solo
2029 3903 2159 3957 pane

583 4011 698 4063 vivit
730 4009 899 4069 homo,
931 4004 1019 4059 sed
1045 4003 1096 4056 in
1122 3998 1257 4053 omni
1286 3996 1431 4052 verba
1455 3992 1586 4063 quod
1617 3986 1842 4059 procedit
1871 3984 1933 4036 de
1961 3997 2045 4035 ore
2069 3978 2161 4031 Dei

588 4101 743 4167 (Deut
791 4099 847 4153 8.
875 4095 957 4166 '5).
1002 4093 1325 4148 Alimentum
1368 4087 1527 4155 igitur
1562 4080 1754 4135 anima:
1798 4074 2017 4130 verbum
2065 4069 2159 4123 Dei

582 4164 686 4246 est.
713 4189 842 4257 Quze
864 4164 1006 4241 enim
1031 4183 1096 4239 ad
1122 4181 1408 4250 imaginem
1429 4173 1590 4230 Verbi
1610 4168 1869 4225 creatoris
1897 4164 2033 4218 facta
2053 4170 2155 4227 est,

586 4283 793 4339 ratione
823 4287 1009 4333 ornata
1036 4316 1051 4339 ,
1083 4282 1137 4328 et
1165 4268 1468 4327 rationabili
1496 4266 1709 4336 dignata
1740 4259 1984 4314 libertate
2006 4295 2021 4319 ,
2052 4266 2159 4322 quo

589 4374 756 4443 magis
780 4369 995 4440 proprio
1011 4366 1267 4420 alimento
1288 4368 1479 4417 utatur,
1500 4368 1661 4425 quam
1685 4350 1847 4407 verbo
1869 4347 2156 4407 nutriente,

584 4435 917 4525 instituente,
945 4468 1000 4513 et
1023 4456 1087 4510 ad
1113 4452 1381 4526 propriam
1408 4447 1508 4501 sibi
1538 4445 1839 4499 libertatem
1866 4439 1975 4493 cito
2002 4435 2159 4491 resti-

585 4555 806 4612 tuente?
833 4550 1067 4607 Verbum
1109 4559 1272 4618 porro
1312 4540 1561 4604 dicimus,
1595 4536 1807 4596 fratres,
1843 4545 1948 4585 non
1978 4526 2161 4614 sOpbi-

583 4650 716 4703 stica
748 4644 1008 4715 gravitate
1040 4640 1103 4692 ad
1154 4632 1552 4705 persuasionem
1601 4625 2018 4683 concinnatum;
2065 4610 2158 4671 sed

584 4740 725 4810 quod
751 4711 877 4791 lidei
907 4730 1251 4802 simplicitate
1280 4723 1521 4780 veritatis
1550 4717 1912 4775 testimonium
1944 4711 2155 4765 habeat.

584 4805 773 4900 spuria
816 4828 1009 4897 quippe
1036 4821 1328 4892 reputanda
1362 4826 1443 4872 est
1472 4814 1646 4870 omnis
1675 4812 1846 4864 virtus
1875 4816 1931 4862 et
1959 4805 2080 4859 vitae
2105 4810 2160 4857 et

587 4923 764 4985 verbi,
793 4934 966 4990 qurea
995 4915 1174 4970 divino
1203 4912 1454 4981 Magistro
1482 4903 1743 4977 primitias
1775 4914 1881 4955 non
1909 4894 2116 4964 accepit
2141 4910 2154 4948 :

590 5028 637 5068 et
663 5023 916 5084 quantum
946 5007 1129 5062 umbra
1158 5020 1186 5057 ιι
1215 5018 1457 5071 corpore,
1486 5009 1541 5054 et
1562 4996 1827 5051 somnium
1857 5009 1885 5046 a
1913 4992 2154 5051 veritate,

586 5116 787 5158 Lttttttttt
814 5100 975 5156 distat
995 5114 1025 5151 a
1048 5112 1170 5151 vera
1198 5093 1288 5147 Dei
1316 5091 1591 5160 sapientia,
1624 5088 1709 5140 illa
1737 5077 1855 5155 qua:
1883 5084 1934 5137 in
1962 5078 2156 5135 mundo

585 5194 843 5265 sapientia
876 5186 1172 5260 reputatur.
1207 5188 1542 5252 Quapropter
1578 5180 1762 5234 l'eatns
1799 5175 1993 5231 Paulus
2018 5213 2032 5232 .
2064 5182 2157 5225 vas

580 5283 861 5342 electionis
886 5324 899 5347 ,
931 5280 1022 5351 qui
1052 5275 1338 5347 aliquando
1374 5284 1625 5341 egressus
1663 5277 1721 5323 ut
1761 5274 1973 5321 sanctos
2017 5260 2155 5316 male

585 5387 834 5445 caperet,
877 5375 989 5443 ipse
1032 5370 1252 5442 pulchre
1282 5375 1468 5437 captus
1495 5373 1578 5418 est
1606 5362 1670 5416 ad
1712 5361 1932 5415 salutem
1981 5356 2155 5410 homi-

585 5486 749 5534 num,
781 5467 916 5535 piant
956 5473 1010 5518 et
1053 5476 1230 5517 ventu
1273 5458 1572 5514 doetrinatn
1617 5454 1813 5522 spuria:
1842 5464 2152 5519 opponens,

582 5569 726 5618 elate
753 5558 963 5614 dicebat
997 5574 1009 5611 ε
1045 5554 1361 5623 Sapientiam
1386 5559 1556 5605 autem
1586 5545 1837 5616 loquimur
1875 5544 2003 5596 inter
2043 5558 2157 5611 pcr-

644 5767 715 5828 (n)
726 5762 899 5816 Collata
917 5774 1023 5828 eum
1037 5758 1228 5828 duobus
1238 5771 1349 5828 mss.
1362 5752 1675 5828 rgiislinus
1686 5754 1756 5828 sic
1771 5749 1959 5828 titulum
1975 5747 2110 5797 clior!

565 5828 621 5875 ι’»
637 5810 795 5891 dfert}.-
807 5810 1122 5890 generationis
1136 5818 1329 5882 Christi,
1345 5810 1705 5881 Cthsostomtts
1723 5814 1782 5863 de
1796 5825 1816 5862 ξ
1826 5810 1993 5877 ιςξιιιη

2271 3250 2432 3319 fectus
2461 3264 2480 3302 :
2507 3244 2821 3314 sapientiam
2845 3257 2963 3295 vero
2989 3255 3087 3291 non
3114 3236 3271 3302 hujus
3296 3230 3505 3291 surculi.
3528 3226 3616 3283 sed
3642 3226 3732 3280 Dei
3754 3241 3848 3276 sn-

2264 3316 2506 3399 pientiant
2548 3330 2599 3379 iu
2652 3322 2888 3394 mysterio
2931 3321 3006 3387 (l.
3040 3318 3157 3373 Cor.
3188 3317 3243 3371 2.
3271 3316 3355 3389 ϐ).
3401 3317 3671 3387 Sapientia
3716 3332 3845 3385 ergo

2260 3419 2414 3475 nobis
2442 3426 2525 3471 est
2564 3412 2873 3485 prophetica
2923 3410 3099 3481 lingua
3148 3418 3203 3464 et
3241 3407 3535 3480 apostolica
3576 3407 3846 3468 doctrina,

2260 3522 2418 3581 atque
2459 3506 2789 3576 evangelium
2832 3503 2981 3574 regni
3011 3543 3027 3569 ,
3072 3516 3281 3556 summa
3324 3499 3653 3554 rationabilis
3695 3509 3848 3568 pote-

2260 3603 2433 3659 statis.
2464 3597 2734 3669 Evangelii
2782 3611 2977 3651 nomcn
3024 3610 3146 3648 cum
3194 3592 3476 3659 audimus,
3512 3594 3732 3658 fratres,
3759 3591 3849 3646 di-

2260 3708 2420 3765 gnum
2444 3690 2601 3759 hujus
2627 3688 2858 3745 nominis
2880 3700 3096 3741 sensum
3124 3683 3503 3754 percipiamns.
3531 3682 3674 3736 Multi
3697 3699 3846 3737 nam-

2260 3799 2365 3853 que
2394 3783 2609 3836 nomina
2637 3794 2781 3848 stepe
2808 3794 2874 3833 cx
2902 3776 3108 3846 vulgari
3152 3790 3253 3828 usu
3300 3774 3600 3844 cogitantes
3623 3816 3635 3831 .
3668 3790 3841 3829 rerum

2264 3875 2500 3943 ipsarum
2532 3873 2637 3925 vim
2671 3872 2939 3940 ignorant.
2984 3866 3257 3935 Evangelii
3306 3874 3484 3918 autem
3531 3880 3721 3918 nomen
3752 3882 3839 3922 res

2264 3968 2375 4037 ipsa
2399 3964 2524 4035 quid
2545 3964 2614 4017 sit
2636 3962 2865 4016 indicat:
2887 3959 3199 4030 praeclaram
3222 3957 3367 4011 cnim
3387 3956 3530 4010 illam
3548 3956 3832 4013 Servatoris

2263 4056 2617 4113 oeconomiam
2645 4054 2797 4108 nobis
2820 4050 3119 4113 annuntiat,
3145 4048 3287 4118 quod
3314 4048 3453 4103 Deus
3473 4063 3567 4117 per
3583 4063 3833 4102 summam

2265 4149 2645 4219 benignitatem
2674 4144 2813 4215 apud
2842 4142 3088 4197 homines
3116 4122 3185 4197 sit
3212 4149 3476 4206 versatus,
3506 4154 3611 4194 non
3642 4151 3830 4195 interna

2265 4243 2350 4297 illa
2384 4242 2651 4311 dignitate
2690 4252 2785 4292 sua
2830 4236 3110 4305 deposita,
3164 4234 3260 4290 sed
3308 4234 3529 4289 salutari
3576 4244 3816 4305 assmnpt:

2265 4332 2632 4387 incarnatione
2656 4347 2668 4382 :
2694 4327 2935 4382 declarat
2963 4326 3117 4380 nobis
3134 4323 3487 4394 Evangelinm
3516 4365 3531 4389 ,
3561 4324 3697 4394 quod
3727 4341 3831 4378 tne-

2264 4425 2411 4479 dicus
2446 4437 2615 4493 a‘gros
2650 4420 2879 4484 adierit,
2917 4432 3022 4471 non
3063 4416 3364 4487 pltarmacis
3401 4425 3715 4477 curaturus,
3740 4418 3827 4472 scil

2265 4524 2395 4571 nutu
2418 4512 2716 4569 clementia:
2738 4526 2850 4565 sum
2874 4510 3234 4563 Valetudinem
3260 4508 3828 4563 inditnrus:annuntiat

2265 4607 2440 4671 nobis,
2469 4604 2609 4675 quod
2643 4603 2947 4658 errantibus
2976 4602 3055 4653 via
3088 4610 3382 4655 monstrata
3407 4599 3497 4662 sit,
3528 4601 3578 4653 in
3612 4601 3826 4653 tenebris

2263 4699 2576 4769 degentibus
2608 4696 2696 4750 lnx
2730 4694 3036 4766 apparuerit
3063 4734 3077 4757 ,
3111 4692 3410 4763 dc~peratis
3437 4692 3586 4746 salus
3610 4692 3824 4747 advene-

2262 4791 2349 4845 rit.
2384 4789 2513 4857 Quia
2559 4787 2700 4842 cnim
2744 4802 2774 4839 a
2823 4787 2936 4855 lege
2986 4784 3210 4839 instituti
3261 4798 3365 4836 non
3417 4783 3743 4853 resipuimus,
3772 4793 3822 4837 ct

2265 4881 2535 4953 pr0plietis
2578 4878 3005 4934 monstrantibus
3038 4892 3142 4931 non
3174 4876 3409 4931 revocati
3442 4890 3622 4930 sumus
3654 4876 3711 4929 ad
3739 4891 3821 4930 co-

2259 4975 2549 5046 gnitionem
2605 4972 2889 5035 veritatis,
2934 4985 3055 5024 cum
3110 4970 3350 5039 ingratus
3397 4978 3582 5023 noster
3630 4970 3819 5023 animus

2261 5068 2436 5122 omnia
2472 5067 2522 5119 in
2554 5064 2851 5134 periculum
2883 5061 3175 5129 conjiccrct
3206 5061 3541 5128 humanaque
3568 5060 3818 5114 Slllll‘Cl’lC-

2262 5168 2373 5224 ret;
2402 5158 2488 5211 ubi
2520 5157 2612 5212 Dei
2642 5154 2941 5225 benignitas
2971 5168 3067 5205 nos
3096 5152 3265 5217 vidit,
3297 5161 3349 5205 et
3380 5165 3409 5203 a
3441 5151 3574 5219 legis
3605 5150 3817 5204 instituto

2260 5250 2539 5315 deiecisse,
2561 5257 2614 5304 et
2630 5264 2658 5301 ει
2683 5245 3062 5316 prapltetarnm
3081 5242 3242 5297 ductu
3260 5240 3564 5303 deﬂexisse,
3585 5241 3816 5293 immensa

2263 5343 2499 5398 bonitate
2542 5357 2635 5396 sna
2674 5338 3022 5409 pervicaciam
3058 5346 3299 5390 nostram
3346 5334 3580 5397 devicit,
3605 5337 3815 5404 Plange-

2262 5437 2495 5505 linmqnc
2519 5432 2666 5503 rcgni
2694 5446 2793 5485 ceu
2821 5429 3083 5497 quoddam
3115 5427 3315 5497 regium
3342 5438 3537 5478 munus
3562 5440 3650 5491 per
3670 5434 3813 5478 totum

2260 5529 2443 5581 orbem
2476 5522 2780 5595 proposuit,
2815 5522 2970 5575 nobis
3001 5518 3236 5587 indignis
3265 5516 3446 5571 omnia
3479 5516 3697 5585 benigne
3720 5515 3815 5570 lar-

2260 5622 2398 5687 gitus
2427 5624 2529 5671 cst.
2564 5615 2764 5669 l'rotliit
2793 5626 2922 5682 ergo
2953 5610 3205 5665 salutaris
3241 5611 3407 5679 gratia
3435 5649 3450 5673 ,
3495 5624 3616 5678 qute
3653 5624 3816 5664 omnes

2265 5708 2555 5773 l-cneliciis,
2580 5707 2747 5777 iisque
2771 5705 2952 5769 variis,
2983 5702 3181 5766 aliccit,
3208 5714 3393 5756 servos
3418 5699 3679 5763 liberavit.
3706 5716 3816 5769 pau-

2268 5814 2421 5869 p‘ms
2472 5797 2690 5863 ditavit,
2747 5796 2963 5852 exsules
3015 5791 3261 5859 reduxit,
3314 5789 3550 5861 captivos
3593 5789 3813 5845 redemit.
