4068 6414
165 448 278 506 εεδ

171 568 363 624 omnia
395 565 653 620 omnibus
683 562 820 617 facta
849 567 930 614 cst
957 575 969 611 :
1001 571 1104 610 non
1145 552 1284 623 quod
1327 564 1426 605 nos
1463 547 1608 617 digni
1635 559 1783 599 esse-

168 676 294 714 mus
327 703 344 724 ,
377 658 475 712 sed
507 666 729 726 propter
756 653 1048 707 bonitatem
1076 662 1195 717 qua:
1226 642 1527 698 beneﬁcum
1554 639 1780 693 deceat:

167 753 260 819 qni
293 767 427 804 cum
461 749 531 801 sit
559 759 749 800 natura
792 743 1018 811 simplex
1044 782 1059 804 ,
1106 735 1442 792 indivisibilis
1468 777 1484 800 ,
1517 732 1605 801 qui
1638 729 1784 784 nulla

172 847 355 907 ﬁgura
385 841 751 906 exprimatur,
784 837 898 903 ipse
932 834 1069 886 Deus
1094 830 1160 883 de
1193 830 1321 888 lico,
1352 827 1527 893 imago
1555 819 1785 876 invisibi-

167 934 263 998 lis,
300 931 571 1000 Splendor
603 930 780 1000 gloria:
805 937 852 978 et
880 926 1044 994 ﬁgura
1073 919 1364 974 substantia:
1397 915 1584 985 (Hebr.
1619 915 1668 966 1.
1702 910 1782 980 5),

169 1024 421 1077 diversis
451 1022 754 1087 appellatur
779 1015 1112 1076 nominibus,
1143 1027 1248 1064 non
1279 1023 1397 1078 qum
1426 1015 1631 1060 natura:
1656 1019 1785 1058 cnn-

167 1117 428 1178 vcniant,
457 1113 551 1168 sed
579 1126 696 1182 quin
727 1107 1095 1162 beneﬁcentia:
1117 1108 1443 1170 competant.
1477 1099 1611 1163 Quia
1638 1096 1781 1149 enim

169 1209 364 1261 omnia
393 1207 626 1260 humana
649 1203 1023 1266 conciderunt,
1044 1201 1095 1252 in
1125 1213 1184 1252 se
1205 1195 1386 1251 omnia
1411 1191 1634 1260 suscipit
1662 1206 1786 1258 pro-

169 1299 417 1366 prietate
447 1295 678 1366 quadam
724 1292 1118 1362 appellationes
1150 1290 1266 1342 illas
1295 1285 1596 1355 suscipiens
1617 1323 1632 1348 ,
1663 1296 1784 1350 quae

166 1390 374 1458 gratia:
423 1387 602 1440 omnia
648 1385 926 1440 renovanti
967 1389 1300 1450 competant.
1348 1377 1544 1431 Fames
1586 1374 1784 1444 quippe

169 1494 378 1550 magna
410 1487 558 1543 erat,
590 1477 760 1530 fames
795 1475 962 1529 divini
1003 1471 1151 1526 verbi
1178 1512 1194 1536 ,
1230 1470 1397 1525 fames
1427 1482 1586 1536 quam
1625 1479 1785 1535 synao

166 1586 331 1638 goga:
374 1566 740 1621 comminatus
768 1573 852 1619 est
881 1565 1024 1617 Deus
1043 1602 1060 1628 ,
1092 1561 1278 1615 dicens
1304 1579 1316 1614 :
1342 1557 1546 1612 Mittunt
1576 1555 1646 1608 eis
1682 1570 1783 1605 non

168 1663 372 1731 famem
407 1660 578 1728 panis,
625 1674 788 1727 neque
827 1657 964 1709 sitim
1007 1669 1174 1725 aquw,
1206 1651 1296 1705 sed
1325 1653 1514 1722 [autem
1539 1644 1784 1700 audiendi

167 1752 320 1805 uerbi
355 1751 562 1803 Domini
591 1751 788 1818 (Amos.
818 1749 871 1803 8.
900 1747 1009 1817 il).

241 1845 304 1898 2.
341 1842 476 1899 Cum
499 1858 628 1912 ergo
655 1843 994 1910 conspiceret
1026 1848 1192 1894 totum
1223 1838 1411 1892 orbem
1460 1833 1600 1888 fame
1623 1831 1777 1886 labo-

168 1951 302 1991 rare
332 1946 388 1989 et
414 1935 680 1997 deiicere;
713 1933 852 2003 quod
877 1933 1020 1986 enim
1049 1939 1130 1985 est
1150 1930 1254 1984 cibi
1286 1928 1506 1997 penuria
1540 1924 1779 1994 corpori,

170 2028 420 2096 idipsnm
466 2036 550 2079 est
603 2025 901 2095 ignorantia
939 2024 1172 2086 animm;
1218 2020 1337 2075 fons
1385 2018 1477 2073 ille
1517 2017 1781 2071 bonorum

169 2134 278 2187 per
314 2117 603 2188 Evangelia
631 2118 859 2171 clamat:
893 2113 1005 2186 Ego
1031 2131 1143 2168 sum
1173 2114 1322 2181 panis
1343 2112 1429 2180 qui
1453 2109 1516 2162 de
1532 2109 1656 2163 (σξιο
1694 2108 1785 2160 de-

167 2210 412 2270 scendit,
443 2219 492 2262 et
531 2209 616 2276 qui
656 2208 744 2260 dat
771 2207 924 2259 vitam
965 2205 1154 2257 mundo
1194 2203 1370 2274 (Joan.
1400 2201 1453 2255 6.
1475 2201 1590 2270 .ll).
1624 2198 1783 2253 Panis

168 2303 382 2371 quippe
429 2301 641 2355 sensilis
669 2317 733 2354 ex
766 2311 934 2354 terra-
962 2298 1176 2368 prodit.
1211 2304 1269 2350 ut
1313 2293 1516 2350 dictum
1551 2302 1669 2357 est,
1712 2289 1782 2345 Ut

170 2396 371 2447 educas
401 2410 581 2461 panem
608 2393 671 2445 de
701 2402 835 2445 terra
870 2389 1041 2460 (Psal.
1071 2388 1194 2444 105.
1221 2387 1308 2456 Η)
1338 2405 1349 2439 :
1379 2385 1612 2439 etclestis
1654 2397 1783 2436 vero

173 2485 341 2553 panis
367 2501 431 2537 ex
476 2484 607 2537 catln
653 2483 880 2537 scaturit
910 2498 924 2536 :
960 2480 1071 2550 Ego
1099 2480 1241 2533 enim
1288 2494 1398 2530 sum
1427 2476 1575 2546 panis
1603 2475 1688 2544 qui
1719 2472 1783 2526 de

171 2577 310 2627 aeto
326 2574 602 2627 descendit.
622 2574 842 2627 Deserta
867 2574 1063 2642 quippe
1082 2580 1199 2625 erat
1215 2581 1352 2623 terra
1376 2568 1584 2632 sitiens,
1599 2565 1781 2619 divino

172 2667 442 2720 destituta
471 2666 671 2729 verbo,
721 2665 981 2732 spirituali
1029 2662 1341 2733 irrigatione
1383 2660 1607 2728 privata.
1642 2656 1781 2723 Quid

173 2757 360 2825 ergo?
390 2757 477 2808 ilia
511 2759 621 2823 ipsa
662 2757 851 2823 gratia,
885 2770 1004 2825 qua:
1034 2753 1292 2808 beneﬁcia
1325 2752 1554 2816 emittit,
1598 2751 1780 2804 excla-

175 2855 297 2898 mat
326 2861 340 2897 :
376 2846 436 2900 Si
465 2849 576 2910 quis
600 2847 728 2906 sitit.
758 2847 920 2899 ueniat
945 2845 1012 2897 ad
1039 2861 1118 2897 nte
1137 2858 1183 2896 et
1213 2842 1347 2897 bibat
1376 2841 1558 2908 (Joan.
1586 2842 1638 2895 7.
1663 2840 1777 2910 57).

173 2939 324 3004 Quia
367 2938 538 2990 enim'
566 2938 780 2990 diverso
822 2937 982 2990 modo
1021 2935 1326 2988 clamabant
1377 2933 1692 3002 pr0phette,
1725 2941 1782 2987 et

172 3033 364 3086 omnis
393 3041 701 3084 sanctorum
734 3030 930 3084 chorus
972 3029 1089 3097 ejus
1118 3030 1404 3081 adventum
1451 3026 1777 3093 expetebat,

172 3125 408 3179 dicens:
440 3122 610 3187 Deus,
645 3121 784 3175 Deus
825 3138 965 3176 meus
993 3121 1062 3172 ad
1093 3130 1140 3174 te
1164 3120 1227 3172 de
1269 3121 1382 3173 luce
1413 3119 1562 3188 vigilo
1589 3138 1606 3170 :
1627 3118 1780 3176 siticit

176 3216 365 3268 anima
419 3231 530 3267 mea
558 3215 627 3265 ad
672 3213 834 3266 Deum
882 3214 1046 3266 rivum
1079 3211 1254 3281 (Psal.
1285 3211 1374 3265 6‘2.
1403 3211 1456 3262 9..
1495 3220 1538 3261 et
1561 3212 1651 3263 41.
1677 3210 1734 3280 2)
1762 3227 1776 3276 ;

176 3317 238 3360 nt
269 3304 579 3359 ostenderet
602 3306 838 3372 seipsnm
866 3319 988 3358 esse
1018 3319 1176 3372 quem
1201 3304 1452 3356 sitiebant
1479 3303 1777 3382 prophetae,

178 3412 282 3465 per
317 3395 598 3464 Evangelia
630 3395 862 3448 clamat:
897 3395 959 3448 Si
982 3396 1094 3463 quis
1122 3396 1260 3457 sitit,
1306 3395 1468 3446 veniat
1495 3393 1562 3446 ad
1606 3409 1703 3456 me,
1735 3401 1781 3445 et

175 3488 344 3539 bibat.
380 3485 434 3539 Si
463 3487 582 3555 quis
611 3494 695 3538 est
722 3486 807 3538 illa
842 3485 1065 3540 alit-ctus
1095 3485 1387 3553 cupiditate
1433 3501 1552 3555 qua:
1580 3486 1657 3538 sic
1685 3501 1780 3539 ex-

180 3578 460 3647 primitur,
495 3577 666 3631 Sitivit
693 3578 744 3630 in
776 3587 822 3630 te
849 3579 1020 3630 anima
1051 3595 1192 3642 mea,
1229 3579 1407 3630 veniat
1455 3578 1520 3630 ad
1555 3594 1659 3633 me.
1690 3577 1781 3631 Vi-

177 3671 348 3724 debat
371 3683 555 3722 rursus
576 3669 761 3723 orbem
782 3670 999 3733 nudum,
1030 3684 1132 3722 non
1161 3685 1408 3738 corpore,
1435 3671 1528 3724 sed
1555 3673 1778 3726 virtute:

180 3761 405 3815 videbat
430 3759 699 3829 Opiﬁcium
724 3776 878 3814 suum
903 3802 918 3826 ,
964 3772 1020 3816 et
1047 3763 1299 3815 misertus
1328 3773 1411 3816 est
1435 3762 1551 3831 ejus
1572 3804 1584 3826 ,
1617 3780 1782 3833 seque

181 3854 364 3923 ipsum
388 3851 481 3906 dat
507 3851 663 3906 nudis
691 3853 1084 3916 indumentum,
1115 3864 1169 3906 ut
1189 3855 1299 3922 jam
1345 3863 1470 3908 ante
1500 3854 1732 3909 diximus
1765 3874 1777 3909 :

187 3945 512 4014 Quicumque
538 3944 589 3997 in
639 3944 896 3998 Christum
925 3945 1171 4013 baptismi
1221 3947 1336 3998 estis
1363 3988 1376 4009 ,
1411 3945 1664 4000 Christum
1697 3950 1780 4000 in-

181 4037 373 4091 duistis
402 4036 544 4105 (Cal.
575 4037 630 4090 3.
659 4035 779 4107 ‘27).
809 4036 1102 4090 Erraverat
1135 4045 1272 4091 terra
1304 4039 1442 4091 viam
1491 4055 1740 4108 quaerens
1765 4083 1779 4105 ,

185 4143 295 4182 nec
322 4129 600 4183 inveniens
644 4146 657 4181 :
694 4128 869 4182 omnis
909 4129 1109 4197 quippe
1141 4130 1317 4181 anima
1353 4145 1536 4184 semen
1573 4131 1781 4187 theolo-

185 4223 296 4290 gia:
325 4220 376 4273 in
425 4235 482 4274 se
514 4220 705 4284 habet;
738 4231 790 4275 et
822 4221 946 4273 licet
987 4222 1035 4272 in
1069 4237 1126 4274 se
1159 4221 1376 4275 haberet
1405 4264 1420 4286 ,
1469 4226 1779 4290 nesciebat,

185 4311 464 4380 quomodo
494 4311 543 4364 id
574 4311 714 4379 quod
744 4310 1082 4366 desiderabat
1110 4315 1463 4381 perquireret.
1494 4317 1627 4383 Quia
1654 4333 1782 4387 ergo

184 4411 436 4455 errantes
470 4405 606 4455 viam
637 4403 971 4471 ignorabant,
998 4402 1106 4472 Ego
1135 4421 1243 4456 sum
1271 4405 1349 4456 via
1381 4403 1557 4474 (Joan.
1586 4409 1744 4477 14.6)
1765 4451 1780 4475 ,

188 4495 387 4560 inquit.
426 4495 495 4547 At
522 4506 764 4550 mortuus
796 4496 898 4549 es?
930 4493 1043 4565 Ego
1093 4514 1207 4549 sunt
1261 4505 1560 4554 resurrectio
1582 4503 1599 4571 (
1620 4501 1779 4556 Joan.

186 4584 415 4657 “.25).
441 4586 508 4639 At
545 4586 788 4640 infirmus
818 4601 876 4640 es
900 4628 913 4649 ,
959 4599 1012 4640 et
1055 4588 1214 4642 ductu
1268 4606 1402 4659 opus
1435 4592 1639 4646 babes?
1672 4596 1783 4663 Ego

187 4691 314 4732 sum
345 4678 487 4744 virga
521 4677 588 4731 de
632 4679 813 4731 radice
839 4677 993 4732 Jesse
1015 4721 1030 4737 ,
1062 4696 1179 4748 quae
1207 4692 1472 4736 sustentat
1505 4685 1743 4739 inﬁrmos
1766 4731 1781 4753 ,

185 4770 260 4822 de
291 4784 392 4836 qua
419 4769 548 4821 dicit
577 4771 835 4837 prOplteta
864 4787 876 4821 :
906 4768 1060 4839 Virga
1090 4782 1174 4824 tua
1203 4783 1246 4824 et
1269 4773 1479 4828 baculus
1507 4786 1640 4842 tuus,
1670 4779 1782 4846 ipsa

186 4875 272 4910 me
296 4861 558 4912 consolata
585 4870 698 4912 sunt
729 4858 886 4928 (Isai.
912 4862 997 4914 ll.
1030 4861 1105 4930 -l).
1133 4863 1243 4914 Cur
1278 4866 1422 4933 virga
1443 4909 1456 4928 ,
1491 4882 1588 4920 cur
1621 4869 1782 4922 bacu-

187 4951 316 5006 lus?
348 4952 478 5018 Quia
497 4953 640 5006 omni
673 4953 816 5006 artati
838 4965 1151 5021 competunt
1181 4973 1194 5017 ;
1222 4957 1446 5023 juvenes
1475 4961 1779 5026 instituunt,

188 5060 353 5098 Senes
382 5046 613 5098 ﬁrmant.
648 5045 863 5110 Verum,
894 5061 926 5099 0
959 5048 1202 5108 Domine.
1232 5049 1548 5104 Esurientrm
1577 5071 1652 5106 me
1685 5071 1780 5105 nu-

191 5137 395 5193 triuisti.
429 5137 616 5190 sitienti
645 5150 816 5208 potum
845 5140 1048 5200 dedisti,
1083 5142 1272 5193 nntium
1299 5146 1559 5211 aperuisti,
1594 5165 1782 5200 erran-

192 5237 302 5280 tem
334 5227 612 5290 reduxisti,
644 5230 910 5281 inﬁrmum
935 5233 1278 5296 sustentasli;
1309 5237 1444 5287 viam
1479 5237 1780 5304 ingressus,

193 5317 412 5384 pietatis
456 5319 674 5387 vestigia
723 5331 1043 5388 assequutns
1093 5338 1211 5374 sum
1245 5341 1258 5374 :
1293 5335 1497 5392 portam
1542 5329 1784 5384 veritatis

193 5424 379 5477 qumro
412 5426 424 5462 :
454 5412 571 5479 quis
602 5410 889 5466 ostendet?
915 5411 1026 5482 Ego
1054 5431 1163 5466 sum
1186 5419 1366 5469 ostium
1403 5417 1581 5486 (Joan.
1605 5418 1688 5472 10.
1708 5419 1786 5490 9),

197 5513 295 5568 per
323 5515 405 5552 me
430 5500 656 5570 quisque
674 5502 739 5554 ad
769 5503 978 5556 I’atrem
1014 5504 1334 5572 ingreditur.
1364 5509 1464 5563 Per
1493 5516 1784 5580 tc,quare?

195 5591 354 5645 Porta
383 5605 501 5644 sum
530 5593 718 5646 salutis
745 5605 954 5662 aperta,
984 5612 1142 5663 quam
1174 5600 1366 5666 quarrit
1389 5601 1574 5655 beatus
1596 5604 1780 5670 David,

193 5682 284 5752 qui
317 5698 439 5737 cum
474 5685 668 5739 multas
697 5689 1020 5756 cogitasset,
1058 5707 1216 5743 unam
1252 5692 1496 5761 invenit,
1526 5707 1577 5749 ct
1611 5697 1784 5765 primo

195 5771 324 5826 dicit
356 5790 370 5826 :
399 5775 606 5842 Aperite
634 5779 760 5830 milii
789 5791 961 5850 portas
997 5783 1250 5851 justitiar;
1281 5786 1534 5854 ingressus
1584 5793 1633 5842 in
1662 5807 1745 5844 eas
1764 5831 1779 5854 ,

190 5861 475 5928 conﬁtebor
528 5864 746 5921 Domino
797 5870 967 5939 (l’sal.
1003 5874 1086 5924 l7.
1120 5875 1227 5942 l9).
1261 5878 1593 5934 Postulatum
1625 5897 1773 5936 asse-

499 5949 776 6016 ΡΑτιιοι..
825 5957 869 6015 (ἶ
885 5978 943 6020 n.
991 5961 1211 6023 LXIII.

1477 429 1564 486 DE
1603 421 1891 483 SlGlLLIS
1927 420 2180 477 SERMO.

3392 433 3493 490 655

1898 548 2095 610 qualus
2115 580 2131 606 ,
2161 546 2222 593 ut
2265 538 2472 594 invenit
2501 538 2553 595 id
2585 540 2729 611 quod
2778 557 2884 598 non
2912 547 3259 615 exspectabat
3288 590 3303 615 ,
3334 529 3492 606 unam

1899 628 2124 696 scilicet,
2159 649 2263 686 non
2293 634 2490 690 multas
2513 677 2527 698 ,
2562 637 2792 706 tepelita
2821 654 2953 694 voce
2982 641 3117 697 dicit
3143 660 3156 696 :
3195 642 3323 700 llaec
3348 660 3495 718 porta

1893 720 2148 788 Domini;
2190 725 2324 795 justi
2343 725 2613 781 intrabant
2659 728 2712 782 in
2756 745 2890 784 eam.
2941 732 3143 790 Deinde
3183 737 3494 806 pr0phetira

1893 816 2102 869 visione
2131 825 2186 870 et
2212 817 2374 870 animi
2401 818 2673 874 desiderio
2695 819 2840 876 intus
2858 823 3155 892 ingressus,
3178 829 3331 897 quasi
3353 830 3492 883 intra

1896 909 2094 978 regiam
2118 910 2468 983 constitutus,
2491 910 2786 983 Conﬁtebor
2819 917 2930 974 tibi.
2958 919 3154 988 inquit,
3185 921 3307 988 quia
3332 939 3495 977 exau-

1893 1001 2014 1054 disti
2038 1018 2136 1054 me.
2164 994 2278 1066 Dic,
2312 1005 2570 1073 prephcta
2594 1016 2650 1063 et
2682 1009 2955 1081 theologe,
2984 1016 3259 1072 conﬁteris
3280 1029 3335 1075 et
3371 1036 3491 1092 gra-

1896 1092 1995 1144 tias
2019 1093 2133 1159 agis
2170 1094 2324 1148 Deo?
2368 1095 2498 1163 quid
2529 1105 2939 1168 exspectatione
2972 1115 3057 1158 tua
3089 1106 3309 1177 dignum
3343 1111 3494 1167 inve-

1895 1183 2017 1236 nisti
2043 1182 2066 1235 ?
2092 1183 2192 1249 Qui
2226 1185 2450 1254 cupiunt
2471 1187 2521 1241 in
2543 1188 2761 1245 domum
2793 1194 2993 1264 regiam
3028 1196 3258 1268 ingredi,
3279 1214 3497 1271 sperant

1893 1287 1953 1327 se
1981 1274 2167 1328 oculos
2194 1276 2557 1332 exsatiatnros
2590 1295 2713 1334 esse
2742 1287 3093 1354 SpeCtacnlis,
3124 1291 3242 1346 auri
3270 1301 3329 1347 et
3355 1310 3499 1348 mar-

1901 1377 2112 1417 morum
2145 1363 2379 1434 fulgore,
2405 1366 2714 1425 divitiarum
2745 1376 2908 1430 variis
2934 1376 3158 1435 ﬂoribus
3182 1423 3198 1446 ,
3243 1385 3500 1441 satellitio

1892 1462 1948 1507 ct
1973 1457 2109 1509 solio
2137 1458 2306 1527 regio,
2332 1475 2518 1529 regum
2549 1466 2872 1522 n'tunerihus
2897 1485 2910 1523 :
2939 1468 3057 1524 hinc
3084 1472 3283 1542 singuli
3312 1477 3495 1532 videre

1893 1547 2193 1613 cupientes,
2227 1550 2430 1621 regiam
2462 1564 2745 1622 expetunt,
2774 1568 2830 1612 et
2854 1559 3133 1617 desiderio
3166 1565 3382 1622 ardent.
3415 1568 3495 1624 Tu

1895 1651 2029 1691 vero
2055 1639 2181 1706 quid
2210 1640 2490 1698 desideras
2518 1660 2706 1701 eorum
2732 1689 2748 1713 ,
2773 1665 2892 1720 qum
2935 1653 3212 1724 ingressus
3244 1673 3341 1727 per
3370 1675 3494 1730 por-

1894 1733 2001 1781 tam
2029 1729 2324 1786 invenisti?
2351 1735 2422 1789 de
2451 1751 2554 1805 qua
2579 1753 2637 1793 re
2663 1743 2864 1809 gratias
2893 1746 3053 1816 agis?
3082 1749 3210 1818 quid
3244 1769 3493 1825 magnum

1892 1821 2184 1878 invenisti?
2213 1826 2339 1894 quid
2393 1829 2687 1897 cupiditate
2730 1833 2992 1903 dignum?
3023 1845 3234 1912 explica
3279 1821 3496 1907 deside-

1892 1913 2030 1966 rium
2059 1925 2229 1978 tuum,
2259 1932 2327 1971 ne
2348 1917 2571 1976 Judaica
2602 1923 2933 1992 impudentia
2963 1934 3243 1990 veritatem
3285 1941 3494 1997 calum-

1891 2005 2091 2060 nietur.
2122 2006 2258 2074 Quid
2291 2010 2580 2066 invenisti?
2606 2018 2732 2085 quid
2763 2021 3061 2086 prtcdicas?
3089 2029 3214 2098 quid
3245 2033 3494 2090 miraris?

1890 2097 2200 2162 Christum,
2236 2101 2438 2170 inquit,
2475 2104 2686 2174 inveni,
2717 2107 2918 2167 Christi
2949 2097 3308 2176 (econumiam
3347 2129 3490 2194 vidi,

1891 2206 2082 2245 novam
2109 2195 2336 2266 gratiam
2362 2237 2377 2262 ,
2430 2214 2626 2253 novum
2659 2201 2974 2262 beneﬁcium
2998 2253 3012 2273 ,
3041 2214 3332 2282 gloriosam
3367 2238 3492 2291 pas-

1889 2285 2120 2349 sionem,
2151 2302 2409 2344 arcanum
2441 2296 2760 2364 mysterium
2783 2315 2798 2354 :
2822 2300 2937 2357 htne
2962 2305 3139 2374 video,
3167 2309 3281 2367 lucc
3304 2285 3490 2384 miror,

1891 2388 1992 2445 pro
2023 2375 2105 2428 his
2131 2379 2332 2447 gratias
2363 2397 2484 2452 ago,
2519 2384 2705 2440 dicens
2730 2407 2745 2443 :
2770 2389 3064 2461 Conﬁtebor
3091 2400 3204 2466 tibi,
3250 2407 3372 2471 quia
3399 2375 3490 2463 ex:

1887 2467 2078 2573 audisti
2101 2485 2200 2573 me,
2228 2480 2279 2573 et
2304 2474 2472 2543 factus
2498 2493 2551 2531 es
2570 2479 2695 2533 mihi
2714 2481 2766 2534 in
2783 2484 3004 2541 salutem
3023 2489 3196 2560 (Psal.
3223 2467 3347 2552 H7.
3371 2499 3488 2573 21).

1889 2556 2006 2612 Non
2063 2561 2184 2616 celo
2226 2564 2548 2624 beneﬁcium
2574 2612 2589 2636 ,
2627 2588 2735 2627 non
2767 2556 3049 2637 abscondo
3091 2586 3366 2660 salutem,
3395 2556 3490 2650 sed

1889 2656 2248 2750 mcottomiatn
2301 2665 2583 2718 annuntio.
2612 2665 2866 2736 Lapidem
2913 2691 3062 2745 quem
3093 2656 3492 2750 reprobaverunt

1887 2743 2202 2852 fdi/icantes
2227 2787 2241 2810 ,
2272 2749 2356 2852 hic
2381 2756 2552 2822 factus
2579 2766 2650 2811 est
2680 2759 2733 2812 in
2759 2743 3121 2835 caputianguli
3151 2743 3267 2842 '(lb.
3297 2793 3345 2830 ν.

1891 2835 2366 2908 Viden’quomodo
2392 2850 2684 2917 gratiarum
2703 2855 2846 2910 actio
2873 2856 3158 2919 historiam
3177 2835 3493 2938 aperueril?

1885 2928 2178 2999 Can/itebor
2213 2936 2321 3000 tibi,
2350 2943 2594 3006 quoniam
2631 2949 2886 3003 exaudiin
2908 2968 3007 3018 me,
3028 2965 3074 3007 et
3093 2928 3264 3029 [actus
3292 2979 3345 3016 es
3368 2967 3494 3020 nti/ti

1888 3024 1944 3078 in
1971 3027 2210 3083 salutent.
2245 3029 2498 3101 Lapidem
2529 3052 2677 3102 quem
2710 3024 3104 3109 reprobaverunt
3139 3053 3489 3125 azdiﬁcantes,

1889 3118 1970 3172 hic
1992 3119 2159 3189 factus
2186 3133 2259 3176 est
2280 3124 2334 3176 in
2362 3136 2517 3194 caput
2546 3132 2748 3200 anguli.
2779 3132 2969 3190 Viden‘
2992 3118 3268 3207 quomodo
3313 3118 3494 3206 munis

1889 3213 2273 3281 pr0pltetarutu
2304 3223 2639 3288 exspectatio
2687 3225 2858 3294 ipsam
2904 3237 3265 3292 oeconomiam
3316 3244 3491 3314 respi-

1888 3305 2016 3367 ciat,
2050 3317 2103 3359 et
2129 3307 2406 3364 Christum
2438 3312 2712 3371 desideret
2742 3318 2795 3372 in
2826 3320 3097 3398 synagoga
3130 3305 3447 3390 contentum
3472 3381 3489 3407 ,

1889 3397 1982 3452 sed
2012 3400 2151 3466 apud
2182 3410 2372 3470 gentes
2400 3405 2753 3464 celebratum.
2788 3411 2974 3483 Itaque
2997 3458 3012 3482 ,
3047 3397 3105 3474 ut
3130 3421 3197 3477 ad
3249 3397 3498 3496 prOpssi;

1892 3495 2001 3541 tum
2032 3501 2393 3559 revertamur,
2436 3498 2478 3548 si
2514 3509 2723 3566 portam
2750 3519 2988 3572 qtueras,
3022 3510 3299 3572 Christum
3337 3495 3491 3578 inve-

1891 3581 2026 3633 nics.
2060 3582 2124 3635 lit
2169 3599 2300 3639 sane
2324 3627 2339 3651 ,
2370 3587 2580 3657 inquies
2604 3633 2617 3655 ,
2649 3607 2801 3661 porta
2853 3610 2934 3653 est
2979 3602 3048 3657 ob
3105 3605 3491 3681 benignitatem

1890 3688 2060 3726 suam.
2095 3676 2198 3729 Sed
2231 3679 2351 3746 quia
2375 3697 2509 3748 opus
2540 3687 2714 3751 cstei,
2745 3690 2836 3756 qui
2865 3690 2919 3745 in
2950 3695 3156 3763 regiam
3184 3676 3322 3756 et'in
3355 3715 3495 3761 tem-

1891 3768 2038 3835 plum
2073 3768 2168 3822 Dt‘i
2198 3771 2520 3840 ingreditur,
2550 3787 2606 3830 ut
2656 3779 2937 3836 ductorem
2971 3801 3039 3841 eo
3068 3805 3179 3858 quo
3220 3791 3326 3850 fert
3371 3801 3494 3854 aui-

1891 3875 2008 3911 nnts
2041 3859 2234 3915 habeat
2269 3865 2453 3935 (nemo
2482 3869 2628 3924 enim
2668 3873 2733 3926 ad
2785 3874 2956 3932 altare
3004 3881 3266 3940 accedere
3310 3891 3490 3954 ausit,

1892 3951 1992 4003 nisi
2024 3953 2279 4008 sacerdos
2310 3956 2512 4028 adsit);
2541 3976 2662 4015 eum
2696 3981 2789 4031 per
2822 3979 3032 4036 portam
3073 3974 3350 4045 ingressus
3374 3951 3490 4038 (ne;

1892 4042 1964 4092 ris
1987 4083 2000 4105 ,
2030 4043 2203 4111 ipsmn
2235 4047 2572 4105 sacerdotem
2608 4054 2850 4112 invenies
2881 4102 2894 4124 ,
2931 4063 3022 4131 qui
3053 4072 3107 4119 te
3133 4042 3440 4127 ‘admoveat
3477 4095 3488 4127 :

1890 4131 1966 4182 Tt:
1996 4136 2138 4186 enim
2173 4152 2226 4188 es
2250 4141 2486 4193 sacerdos
2533 4144 2584 4195 in
2640 4157 2886 4202 retentum
2940 4156 3221 4210 secundum
3261 4164 3492 4218 ordinem

1893 4223 2269 4281 Melchisedech
2306 4229 2476 4299 (I’sul-
2513 4235 2638 4290 109.
2666 4239 2744 4309 4).
2775 4239 2880 4296 Sed
2916 4259 3052 4314 opus
3101 4247 3264 4307 habet
3303 4270 3491 4312 sacer-

1892 4317 1988 4370 dos
2037 4318 2206 4374 hostia
2259 4332 2311 4377 et
2357 4324 2606 4392 victima,
2641 4340 2699 4383 ut
2729 4332 2895 4388 Deum
2947 4342 3236 4409 propitium
3281 4349 3486 4404 reddat.

1893 4408 2009 4477 Ipse
2040 4411 2129 4463 tibi
2159 4413 2368 4466 victima
2403 4425 2486 4470 cst
2507 4435 2519 4468 :
2543 4418 2676 4473 Ecce
2690 4420 2868 4492 Agnus
2887 4425 3002 4493 Dei,
3035 4408 3126 4498 qui
3151 4435 3283 4490 tollit
3309 4457 3489 4508 pecca-

1892 4514 1996 4554 tum
2022 4505 2199 4557 mundi
2231 4505 2415 4575 (Joan.
2449 4510 2497 4562 1.
2518 4510 2631 4584 29).
2663 4514 2788 4569 ll:ec
2815 4522 2992 4576 omnia
3018 4537 3239 4595 propter
3269 4505 3320 4586 te
3338 4535 3491 4588 audi-

1889 4596 2009 4649 visti
2035 4597 2056 4649 ?
2084 4599 2207 4651 andi
2231 4599 2341 4667 jam
2395 4616 2617 4674 propter
2648 4608 2844 4675 ipsum.
2868 4613 2946 4668 Ne
2968 4617 3129 4673 sistas
3157 4622 3403 4680 intuitum
3441 4630 3490 4682 in

1890 4687 2175 4742 sacerdotii
2199 4691 2389 4746 ordine
2419 4735 2433 4759 ,
2468 4711 2535 4750 ne
2564 4702 2824 4766 reSpicias
2856 4705 3002 4760 illum
3043 4719 3099 4763 ut
3151 4717 3487 4776 saet-rdotem

1888 4781 2232 4844 adstantem;
2275 4787 2368 4840 sed
2421 4791 2634 4859 respice
2666 4793 2815 4849 illum
2849 4814 2948 4867 per
2975 4818 3126 4858 suam
3173 4808 3484 4879 dignitatem

1888 4891 2008 4928 cum
2050 4877 2208 4929 Patre
2238 4879 2542 4936 sedentem.
2580 4885 2777 4942 Verum
2808 4907 2874 4945 ne
2901 4895 3064 4963 adsit,
3100 4877 3342 4961 veritatis
3383 4912 3487 4966 ini-

1893 4967 2082 5028 micus,
2117 4967 2206 5035 qui
2237 4971 2338 5024 alia
2371 4974 2592 5040 adimat,
2626 4979 2731 5032 alia
2764 4984 2922 5038 eelet.

1961 5058 2149 5111 Contra
2181 5062 2415 5118 Arianos.
2448 5099 2517 5107 -—
2547 5070 2678 5126 Novi
2715 5073 3028 5138 ha‘reticum
3058 5093 3364 5161 quempiam
3399 5116 3490 5154 ve.

1891 5150 2063 5201 ritatis
2105 5147 2390 5208 inimicum
2438 5174 2582 5227 smpe
2633 5163 2882 5225 dixisse:
2930 5147 3122 5230 Viden’
3167 5147 3272 5238 min
3329 5147 3488 5256 posse

1891 5246 2198 5311 quempiam
2231 5250 2292 5298 ad
2325 5250 2538 5306 Patrem
2571 5259 2832 5317 accedere
2867 5265 2986 5321 sine
3019 5270 3198 5328 Filio?
3228 5246 3489 5338 mediam.

1893 5336 1966 5387 ris
1988 5339 2184 5406 quippe
2211 5341 2454 5397 ordinem
2489 5354 2635 5403 tenet
2665 5367 2728 5406 ac
2759 5358 3017 5425 ministri,
3041 5368 3129 5436 qui
3162 5386 3257 5426 eos
3285 5379 3375 5445 qui
3409 5395 3492 5432 sa~

1895 5430 2057 5481 lutem
2092 5447 2496 5502 consequuntur
2528 5441 2671 5498 Patri
2705 5447 2885 5505 oﬂert.
2916 5430 3072 5522 Quia-
3093 5464 3238 5516 enim
3278 5430 3489 5540 iitquiti,

1895 5536 2029 5622 nota
2071 5526 2343 5630 ιςτψίοιιιίςι
2386 5533 2670 5592 veritatem
2729 5543 3011 5614 'npnvaﬁ;
3063 5569 3235 5624 neque
3285 5526 3493 5630 paler";

1893 5613 2037 5666 enim
2071 5614 2300 5669 humana
2334 5630 2518 5674 natura
2548 5643 2642 5694 per
2670 5644 2728 5682 se
2750 5635 2815 5685 ad
2845 5613 3008 5694 Deum
3037 5613 3301 5706 accedere

1894 5706 2101 5758 medius
2129 5709 2266 5762 inter
2304 5724 2538 5769 creatam
2570 5729 2623 5773 et
2675 5723 2968 5784 incrcatam
3023 5745 3270 5796 naturam
3326 5706 3494 5803 Fit—iu;

1895 5797 2150 5852 mundum
2182 5799 2338 5856 oﬂert
2394 5807 2522 5863 Deo.
2557 5810 2602 5866 Ο

2653 5831 2847 5872 novam
2887 5823 3151 5885 insaniam
3181 5834 3195 5887 Ξ
3228 5851 3261 5889 o
3294 5853 3492 5896 novam

1895 5886 2122 5940 fabulam
2145 5893 2158 5944 !
2194 5897 2471 5953 exvellcns.
2492 5903 2527 5954 l’

2533 5917 2661 5958 λιι-ις
2728 5911 2944 5971 bonitas
2973 5924 3313 5989 periclitatur
3350 5934 3491 6002 apud

3062 6009 3143 6070 27
