  <div class='ocr_page' id='page_1' title='image "/cluster/home/n/w/nwhite01/storage/ocr_20150623/63/uva.x030486929/431.png"; bbox 0 0 4068 6414; ppageno 0'>
   <div class='ocr_carea' id='block_1_1' title="bbox 608 427 711 484">
    <p class='ocr_par' dir='ltr' id='par_1_1' title="bbox 608 427 711 484">
     <span class='ocr_line' id='line_1_1' title="bbox 608 427 711 484; baseline -0.039 0"><span class='ocrx_word' id='word_1_1' title='bbox 608 427 711 484; x_wconf 67' lang='lat'><strong>535</strong></span> 
     </span>
    </p>
   </div>
   <div class='ocr_carea' id='block_1_2' title="bbox 612 520 2172 609">
    <p class='ocr_par' dir='ltr' id='par_1_2' title="bbox 612 520 2172 609">
     <span class='ocr_line' id='line_1_2' title="bbox 612 520 2172 609; baseline -0.011 -15"><span class='ocrx_word' id='word_1_2' title='bbox 612 540 922 609; x_wconf 63' lang='lat' dir='ltr'><strong>itaretlcos,</strong></span> <span class='ocrx_word' id='word_1_3' title='bbox 944 536 1033 607; x_wconf 87' lang='lat' dir='ltr'><strong>qui</strong></span> <span class='ocrx_word' id='word_1_4' title='bbox 1061 529 1355 590; x_wconf 71' lang='lat' dir='ltr'><strong>divinitatis</strong></span> <span class='ocrx_word' id='word_1_5' title='bbox 1394 527 1700 599; x_wconf 82' lang='lat' dir='ltr'><strong>dignitatem</strong></span> <span class='ocrx_word' id='word_1_6' title='bbox 1728 525 2033 582; x_wconf 71' lang='lat' dir='ltr'><strong>obscurant.</strong></span> <span class='ocrx_word' id='word_1_7' title='bbox 2065 520 2172 577; x_wconf 77' lang='lat' dir='ltr'><strong>Vc-</strong></span> 
     </span>
    </p>
   </div>
   <div class='ocr_carea' id='block_1_3' title="bbox 612 617 2171 686">
    <p class='ocr_par' dir='ltr' id='par_1_3' title="bbox 612 617 2171 686">
     <span class='ocr_line' id='line_1_3' title="bbox 612 617 2171 686; baseline -0.011 -3"><span class='ocrx_word' id='word_1_8' title='bbox 612 644 728 683; x_wconf 79' lang='lat' dir='ltr'><strong>rum</strong></span> <span class='ocrx_word' id='word_1_9' title='bbox 759 629 1129 686; x_wconf 79' lang='lat' dir='ltr'><strong>luereticorum</strong></span> <span class='ocrx_word' id='word_1_10' title='bbox 1162 621 1368 678; x_wconf 86' lang='lat' dir='ltr'><strong>insania</strong></span> <span class='ocrx_word' id='word_1_11' title='bbox 1400 620 1626 686; x_wconf 86' lang='lat' dir='ltr'><strong>ferocit;</strong></span> <span class='ocrx_word' id='word_1_12' title='bbox 1661 617 1965 674; x_wconf 86' lang='lat' dir='ltr'><strong>Servatoris</strong></span> <span class='ocrx_word' id='word_1_13' title='bbox 1994 623 2171 668; x_wconf 86' lang='lat' dir='ltr'><strong>autem</strong></span> 
     </span>
    </p>
   </div>
   <div class='ocr_carea' id='block_1_4' title="bbox 614 705 2173 787">
    <p class='ocr_par' dir='ltr' id='par_1_4' title="bbox 614 705 2173 787">
     <span class='ocr_line' id='line_1_4' title="bbox 614 705 2173 787; baseline -0.008 -17"><span class='ocrx_word' id='word_1_14' title='bbox 614 728 847 787; x_wconf 85' lang='lat' dir='ltr'><strong>potestas</strong></span> <span class='ocrx_word' id='word_1_15' title='bbox 898 733 1000 772; x_wconf 92' lang='lat' dir='ltr'><strong>non</strong></span> <span class='ocrx_word' id='word_1_16' title='bbox 1056 714 1354 771; x_wconf 82' lang='lat' dir='ltr'><strong>minuitur.</strong></span> <span class='ocrx_word' id='word_1_17' title='bbox 1413 709 1579 781; x_wconf 83' lang='lat' dir='ltr'><strong>gloria</strong></span> <span class='ocrx_word' id='word_1_18' title='bbox 1631 723 1734 763; x_wconf 91' lang='lat' dir='ltr'><strong>non</strong></span> <span class='ocrx_word' id='word_1_19' title='bbox 1784 705 2173 774; x_wconf 71' lang='lat' dir='ltr'><strong>exetinguitur,</strong></span> 
     </span>
    </p>
   </div>
   <div class='ocr_carea' id='block_1_5' title="bbox 612 796 2170 875">
    <p class='ocr_par' dir='ltr' id='par_1_5' title="bbox 612 796 2170 875">
     <span class='ocr_line' id='line_1_5' title="bbox 612 796 2170 875; baseline -0.01 -13"><span class='ocrx_word' id='word_1_20' title='bbox 612 810 777 875; x_wconf 76' lang='lat' dir='ltr'><strong>gratia</strong></span> <span class='ocrx_word' id='word_1_21' title='bbox 825 822 931 862; x_wconf 87' lang='lat' dir='ltr'><strong>non</strong></span> <span class='ocrx_word' id='word_1_22' title='bbox 959 805 1237 861; x_wconf 74' lang='lat' dir='ltr'><strong>evertitur.</strong></span> <span class='ocrx_word' id='word_1_23' title='bbox 1269 803 1328 857; x_wconf 85' lang='lat' dir='ltr'><strong>Si</strong></span> <span class='ocrx_word' id='word_1_24' title='bbox 1358 817 1449 855; x_wconf 84' lang='lat' dir='ltr'><strong>nos</strong></span> <span class='ocrx_word' id='word_1_25' title='bbox 1474 841 1489 866; x_wconf 92' lang='lat'><strong>,</strong></span> <span class='ocrx_word' id='word_1_26' title='bbox 1542 798 1748 869; x_wconf 88' lang='lat' dir='ltr'><strong>inquit,</strong></span> <span class='ocrx_word' id='word_1_27' title='bbox 1791 796 2132 867; x_wconf 82' lang='lat' dir='ltr'><strong>negaverimus</strong></span> <span class='ocrx_word' id='word_1_28' title='bbox 2156 834 2170 859; x_wconf 91' lang='lat'><strong>,</strong></span> 
     </span>
    </p>
   </div>
   <div class='ocr_carea' id='block_1_6' title="bbox 613 887 2177 968">
    <p class='ocr_par' dir='ltr' id='par_1_6' title="bbox 613 887 2177 968">
     <span class='ocr_line' id='line_1_6' title="bbox 613 887 2177 968; baseline -0.009 -15"><span class='ocrx_word' id='word_1_29' title='bbox 613 902 699 955; x_wconf 82' lang='lat' dir='ltr'><strong>ille</strong></span> <span class='ocrx_word' id='word_1_30' title='bbox 741 900 907 968; x_wconf 79' lang='lat' dir='ltr'><strong>ﬁdelis</strong></span> <span class='ocrx_word' id='word_1_31' title='bbox 959 907 1123 950; x_wconf 84' lang='lat' dir='ltr'><strong>manet</strong></span> <span class='ocrx_word' id='word_1_32' title='bbox 1168 894 1263 967; x_wconf 72' lang='lat'><strong>(2.</strong></span> <span class='ocrx_word' id='word_1_33' title='bbox 1290 894 1418 949; x_wconf 85' lang='lat' dir='ltr'><strong>Tim.</strong></span> <span class='ocrx_word' id='word_1_34' title='bbox 1442 891 1494 946; x_wconf 73' lang='grc'>2.</span> <span class='ocrx_word' id='word_1_35' title='bbox 1528 892 1659 960; x_wconf 80' lang='lat' dir='ltr'><strong>l3):</strong></span> <span class='ocrx_word' id='word_1_36' title='bbox 1703 890 1935 959; x_wconf 87' lang='lat' dir='ltr'><strong>seipsnm</strong></span> <span class='ocrx_word' id='word_1_37' title='bbox 1982 887 2177 957; x_wconf 79' lang='lat' dir='ltr'><strong>quippe</strong></span> 
     </span>
    </p>
   </div>
   <div class='ocr_carea' id='block_1_7' title="bbox 614 980 2173 1061">
    <p class='ocr_par' dir='ltr' id='par_1_7' title="bbox 614 980 2173 1061">
     <span class='ocr_line' id='line_1_7' title="bbox 614 980 2173 1061; baseline -0.01 -18"><span class='ocrx_word' id='word_1_38' title='bbox 614 1006 805 1061; x_wconf 76' lang='lat' dir='ltr'><strong>negare</strong></span> <span class='ocrx_word' id='word_1_39' title='bbox 834 1005 938 1043; x_wconf 89' lang='lat' dir='ltr'><strong>non</strong></span> <span class='ocrx_word' id='word_1_40' title='bbox 971 998 1165 1059; x_wconf 85' lang='lat' dir='ltr'><strong>potest.</strong></span> <span class='ocrx_word' id='word_1_41' title='bbox 1200 986 1312 1039; x_wconf 89' lang='lat' dir='ltr'><strong>Una</strong></span> <span class='ocrx_word' id='word_1_42' title='bbox 1360 983 1509 1037; x_wconf 85' lang='lat' dir='ltr'><strong>sedet</strong></span> <span class='ocrx_word' id='word_1_43' title='bbox 1538 984 1607 1036; x_wconf 91' lang='lat' dir='ltr'><strong>ob</strong></span> <span class='ocrx_word' id='word_1_44' title='bbox 1652 980 1960 1051; x_wconf 89' lang='lat' dir='ltr'><strong>dignitatem</strong></span> <span class='ocrx_word' id='word_1_45' title='bbox 1991 991 2173 1038; x_wconf 87' lang='lat' dir='ltr'><strong>suam;</strong></span> 
     </span>
    </p>
   </div>
   <div class='ocr_carea' id='block_1_8' title="bbox 613 1070 2172 1139">
    <p class='ocr_par' dir='ltr' id='par_1_8' title="bbox 613 1070 2172 1139">
     <span class='ocr_line' id='line_1_8' title="bbox 613 1070 2172 1139; baseline -0.01 -5"><span class='ocrx_word' id='word_1_46' title='bbox 613 1092 716 1134; x_wconf 86' lang='lat' dir='ltr'><strong>stat</strong></span> <span class='ocrx_word' id='word_1_47' title='bbox 742 1094 873 1134; x_wconf 80' lang='lat' dir='ltr'><strong>vero</strong></span> <span class='ocrx_word' id='word_1_48' title='bbox 901 1090 960 1133; x_wconf 93' lang='lat' dir='ltr'><strong>ut</strong></span> <span class='ocrx_word' id='word_1_49' title='bbox 988 1076 1237 1132; x_wconf 79' lang='lat' dir='ltr'><strong>sacerdos</strong></span> <span class='ocrx_word' id='word_1_50' title='bbox 1265 1076 1335 1129; x_wconf 92' lang='lat' dir='ltr'><strong>ob</strong></span> <span class='ocrx_word' id='word_1_51' title='bbox 1364 1074 1465 1127; x_wconf 86' lang='lat' dir='ltr'><strong>sibi</strong></span> <span class='ocrx_word' id='word_1_52' title='bbox 1502 1073 1745 1130; x_wconf 60' lang='lat' dir='ltr'><strong>innatam,</strong></span> <span class='ocrx_word' id='word_1_53' title='bbox 1771 1070 2172 1139; x_wconf 81' lang='lat' dir='ltr'><strong>benignitatem.</strong></span> 
     </span>
    </p>
   </div>
   <div class='ocr_carea' id='block_1_9' title="bbox 681 1158 2175 1229">
    <p class='ocr_par' dir='ltr' id='par_1_9' title="bbox 681 1158 2175 1229">
     <span class='ocr_line' id='line_1_9' title="bbox 681 1158 2175 1229; baseline -0.01 -4"><span class='ocrx_word' id='word_1_54' title='bbox 681 1171 736 1227; x_wconf 79' lang='lat'><strong>5.</strong></span> <span class='ocrx_word' id='word_1_55' title='bbox 766 1170 831 1223; x_wconf 81' lang='lat' dir='ltr'><strong>Et</strong></span> <span class='ocrx_word' id='word_1_56' title='bbox 858 1185 967 1223; x_wconf 91' lang='lat' dir='ltr'><strong>rem</strong></span> <span class='ocrx_word' id='word_1_57' title='bbox 1012 1168 1199 1221; x_wconf 87' lang='lat' dir='ltr'><strong>miram</strong></span> <span class='ocrx_word' id='word_1_58' title='bbox 1226 1162 1529 1227; x_wconf 83' lang='lat' dir='ltr'><strong>considera,</strong></span> <span class='ocrx_word' id='word_1_59' title='bbox 1567 1163 1749 1218; x_wconf 78' lang='lat' dir='ltr'><strong>frater.</strong></span> <span class='ocrx_word' id='word_1_60' title='bbox 1779 1161 1910 1229; x_wconf 87' lang='lat' dir='ltr'><strong>Quia</strong></span> <span class='ocrx_word' id='word_1_61' title='bbox 1940 1160 1993 1213; x_wconf 93' lang='lat' dir='ltr'><strong>in</strong></span> <span class='ocrx_word' id='word_1_62' title='bbox 2038 1158 2175 1213; x_wconf 90' lang='lat' dir='ltr'><strong>servi</strong></span> 
     </span>
    </p>
   </div>
   <div class='ocr_carea' id='block_1_10' title="bbox 532 1236 2174 1317">
    <p class='ocr_par' dir='ltr' id='par_1_10' title="bbox 532 1236 2174 1317">
     <span class='ocr_line' id='line_1_10' title="bbox 532 1236 2174 1317; baseline -0.009 -3"><span class='ocrx_word' id='word_1_63' title='bbox 532 1236 550 1247; x_wconf 24' lang='grc' dir='ltr'><strong>λ</strong></span> <span class='ocrx_word' id='word_1_64' title='bbox 616 1259 856 1315; x_wconf 89' lang='lat' dir='ltr'><strong>ordinem</strong></span> <span class='ocrx_word' id='word_1_65' title='bbox 881 1269 935 1315; x_wconf 89' lang='lat' dir='ltr'><strong>et</strong></span> <span class='ocrx_word' id='word_1_66' title='bbox 963 1259 1189 1314; x_wconf 88' lang='lat' dir='ltr'><strong>ministri</strong></span> <span class='ocrx_word' id='word_1_67' title='bbox 1220 1258 1441 1311; x_wconf 88' lang='lat' dir='ltr'><strong>formam</strong></span> <span class='ocrx_word' id='word_1_68' title='bbox 1477 1253 1592 1309; x_wconf 63' lang='lat' dir='ltr'><strong>haec</strong></span> <span class='ocrx_word' id='word_1_69' title='bbox 1632 1253 1795 1307; x_wconf 86' lang='lat' dir='ltr'><strong>verba</strong></span> <span class='ocrx_word' id='word_1_70' title='bbox 1824 1251 2174 1317; x_wconf 87' lang='lat' dir='ltr'><strong>detorquent,</strong></span> 
     </span>
    </p>
   </div>
   <div class='ocr_carea' id='block_1_11' title="bbox 618 1339 2174 1415">
    <p class='ocr_par' dir='ltr' id='par_1_11' title="bbox 618 1339 2174 1415">
     <span class='ocr_line' id='line_1_11' title="bbox 618 1339 2174 1415; baseline -0.01 -8"><span class='ocrx_word' id='word_1_71' title='bbox 618 1353 780 1407; x_wconf 73' lang='lat' dir='ltr'><strong>Nemo</strong></span> <span class='ocrx_word' id='word_1_72' title='bbox 832 1354 963 1406; x_wconf 73' lang='lat' dir='ltr'><strong>venit</strong></span> <span class='ocrx_word' id='word_1_73' title='bbox 1000 1353 1065 1404; x_wconf 86' lang='lat' dir='ltr'><strong>ad</strong></span> <span class='ocrx_word' id='word_1_74' title='bbox 1109 1349 1311 1403; x_wconf 86' lang='lat' dir='ltr'><strong>Patrem</strong></span> <span class='ocrx_word' id='word_1_75' title='bbox 1336 1387 1350 1411; x_wconf 92' lang='lat'><strong>,</strong></span> <span class='ocrx_word' id='word_1_76' title='bbox 1380 1348 1476 1400; x_wconf 83' lang='lat' dir='ltr'><strong>nisi</strong></span> <span class='ocrx_word' id='word_1_77' title='bbox 1507 1362 1595 1415; x_wconf 86' lang='lat' dir='ltr'><strong>per</strong></span> <span class='ocrx_word' id='word_1_78' title='bbox 1642 1360 1720 1397; x_wconf 83' lang='lat' dir='ltr'><strong>me</strong></span> <span class='ocrx_word' id='word_1_79' title='bbox 1767 1342 1945 1413; x_wconf 78' lang='lat' dir='ltr'><strong>(Ioan.</strong></span> <span class='ocrx_word' id='word_1_80' title='bbox 1982 1341 2067 1394; x_wconf 72' lang='lat' dir='ltr'><strong>H.</strong></span> <span class='ocrx_word' id='word_1_81' title='bbox 2097 1339 2174 1409; x_wconf 85' lang='lat'><strong>6).</strong></span> 
     </span>
    </p>
   </div>
   <div class='ocr_carea' id='block_1_12' title="bbox 615 1434 2179 1506">
    <p class='ocr_par' dir='ltr' id='par_1_12' title="bbox 615 1434 2179 1506">
     <span class='ocr_line' id='line_1_12' title="bbox 615 1434 2179 1506; baseline -0.01 -6"><span class='ocrx_word' id='word_1_82' title='bbox 615 1445 972 1501; x_wconf 86' lang='lat' dir='ltr'><strong>necessarium</strong></span> <span class='ocrx_word' id='word_1_83' title='bbox 1003 1448 1084 1497; x_wconf 82' lang='lat' dir='ltr'><strong>est</strong></span> <span class='ocrx_word' id='word_1_84' title='bbox 1128 1442 1194 1496; x_wconf 88' lang='lat' dir='ltr'><strong>ad</strong></span> <span class='ocrx_word' id='word_1_85' title='bbox 1224 1440 1508 1494; x_wconf 71' lang='lat' dir='ltr'><strong>lucreticos</strong></span> <span class='ocrx_word' id='word_1_86' title='bbox 1548 1436 1833 1506; x_wconf 72' lang='lat' dir='ltr'><strong>impietatis</strong></span> <span class='ocrx_word' id='word_1_87' title='bbox 1860 1434 2062 1488; x_wconf 79' lang='lat' dir='ltr'><strong>crimen</strong></span> <span class='ocrx_word' id='word_1_88' title='bbox 2090 1448 2179 1486; x_wconf 81' lang='lat' dir='ltr'><strong>re-</strong></span> 
     </span>
    </p>
   </div>
   <div class='ocr_carea' id='block_1_13' title="bbox 618 1524 2172 1607">
    <p class='ocr_par' dir='ltr' id='par_1_13' title="bbox 618 1524 2172 1607">
     <span class='ocr_line' id='line_1_13' title="bbox 618 1524 2172 1607; baseline -0.01 -17"><span class='ocrx_word' id='word_1_89' title='bbox 618 1548 886 1607; x_wconf 83' lang='lat' dir='ltr'><strong>torquere.</strong></span> <span class='ocrx_word' id='word_1_90' title='bbox 913 1536 967 1590; x_wconf 85' lang='lat' dir='ltr'><strong>Si</strong></span> <span class='ocrx_word' id='word_1_91' title='bbox 998 1532 1137 1601; x_wconf 81' lang='lat' dir='ltr'><strong>quod</strong></span> <span class='ocrx_word' id='word_1_92' title='bbox 1168 1532 1309 1587; x_wconf 84' lang='lat' dir='ltr'><strong>Patri</strong></span> <span class='ocrx_word' id='word_1_93' title='bbox 1341 1529 1506 1585; x_wconf 88' lang='lat' dir='ltr'><strong>Filius</strong></span> <span class='ocrx_word' id='word_1_94' title='bbox 1534 1527 1745 1593; x_wconf 85' lang='lat' dir='ltr'><strong>oﬂ&#39;erat,</strong></span> <span class='ocrx_word' id='word_1_95' title='bbox 1779 1526 1829 1579; x_wconf 93' lang='lat' dir='ltr'><strong>id</strong></span> <span class='ocrx_word' id='word_1_96' title='bbox 1859 1524 2172 1593; x_wconf 81' lang='lat' dir='ltr'><strong>dignitatem</strong></span> 
     </span>
    </p>
   </div>
   <div class='ocr_carea' id='block_1_14' title="bbox 619 1614 2174 1689">
    <p class='ocr_par' dir='ltr' id='par_1_14' title="bbox 619 1614 2174 1689">
     <span class='ocr_line' id='line_1_14' title="bbox 619 1614 2174 1689; baseline -0.008 -11"><span class='ocrx_word' id='word_1_97' title='bbox 619 1628 892 1682; x_wconf 70' lang='lat' dir='ltr'><strong>offerentis</strong></span> <span class='ocrx_word' id='word_1_98' title='bbox 923 1625 1101 1689; x_wconf 89' lang='lat' dir='ltr'><strong>tollit;</strong></span> <span class='ocrx_word' id='word_1_99' title='bbox 1134 1625 1175 1677; x_wconf 79' lang='lat' dir='ltr'><strong>si</strong></span> <span class='ocrx_word' id='word_1_100' title='bbox 1206 1622 1415 1677; x_wconf 85' lang='lat' dir='ltr'><strong>Patrem</strong></span> <span class='ocrx_word' id='word_1_101' title='bbox 1444 1620 1627 1674; x_wconf 88' lang='lat' dir='ltr'><strong>videas</strong></span> <span class='ocrx_word' id='word_1_102' title='bbox 1656 1618 1793 1673; x_wconf 82' lang='lat' dir='ltr'><strong>Filio</strong></span> <span class='ocrx_word' id='word_1_103' title='bbox 1841 1614 2174 1678; x_wconf 81' lang='lat' dir='ltr'><strong>offerentem,</strong></span> 
     </span>
    </p>
   </div>
   <div class='ocr_carea' id='block_1_15' title="bbox 615 1706 2179 1785">
    <p class='ocr_par' dir='ltr' id='par_1_15' title="bbox 615 1706 2179 1785">
     <span class='ocr_line' id='line_1_15' title="bbox 615 1706 2179 1785; baseline -0.01 -12"><span class='ocrx_word' id='word_1_104' title='bbox 615 1720 739 1773; x_wconf 90' lang='lat' dir='ltr'><strong>illuc</strong></span> <span class='ocrx_word' id='word_1_105' title='bbox 766 1718 1089 1785; x_wconf 89' lang='lat' dir='ltr'><strong>impietatem</strong></span> <span class='ocrx_word' id='word_1_106' title='bbox 1116 1713 1379 1769; x_wconf 74' lang='lat' dir='ltr'><strong>extendis.</strong></span> <span class='ocrx_word' id='word_1_107' title='bbox 1404 1712 1630 1767; x_wconf 77' lang='lat' dir='ltr'><strong>Maxime</strong></span> <span class='ocrx_word' id='word_1_108' title='bbox 1665 1725 1793 1778; x_wconf 81' lang='lat' dir='ltr'><strong>ergo</strong></span> <span class='ocrx_word' id='word_1_109' title='bbox 1818 1748 1831 1771; x_wconf 89' lang='lat'><strong>,</strong></span> <span class='ocrx_word' id='word_1_110' title='bbox 1864 1707 1988 1761; x_wconf 88' lang='lat' dir='ltr'><strong>dum</strong></span> <span class='ocrx_word' id='word_1_111' title='bbox 2019 1706 2179 1774; x_wconf 85' lang='lat' dir='ltr'><strong>impie</strong></span> 
     </span>
    </p>
   </div>
   <div class='ocr_carea' id='block_1_16' title="bbox 613 1797 2176 1880">
    <p class='ocr_par' dir='ltr' id='par_1_16' title="bbox 613 1797 2176 1880">
     <span class='ocr_line' id='line_1_16' title="bbox 613 1797 2176 1880; baseline -0.01 -18"><span class='ocrx_word' id='word_1_112' title='bbox 613 1814 724 1880; x_wconf 83' lang='lat' dir='ltr'><strong>agis</strong></span> <span class='ocrx_word' id='word_1_113' title='bbox 768 1810 821 1864; x_wconf 90' lang='lat' dir='ltr'><strong>in</strong></span> <span class='ocrx_word' id='word_1_114' title='bbox 866 1807 1091 1873; x_wconf 72' lang='lat' dir='ltr'><strong>Filium,</strong></span> <span class='ocrx_word' id='word_1_115' title='bbox 1143 1806 1194 1859; x_wconf 91' lang='lat' dir='ltr'><strong>in</strong></span> <span class='ocrx_word' id='word_1_116' title='bbox 1248 1804 1455 1859; x_wconf 88' lang='lat' dir='ltr'><strong>Patrem</strong></span> <span class='ocrx_word' id='word_1_117' title='bbox 1509 1802 1862 1871; x_wconf 81' lang='lat' dir='ltr'><strong>blasphemas.</strong></span> <span class='ocrx_word' id='word_1_118' title='bbox 1899 1797 1965 1853; x_wconf 87' lang='lat' dir='ltr'><strong>Ut</strong></span> <span class='ocrx_word' id='word_1_119' title='bbox 2012 1810 2176 1866; x_wconf 89' lang='lat' dir='ltr'><strong>ergo,</strong></span> 
     </span>
    </p>
   </div>
   <div class='ocr_carea' id='block_1_17' title="bbox 617 1889 2175 1964">
    <p class='ocr_par' dir='ltr' id='par_1_17' title="bbox 617 1889 2175 1964">
     <span class='ocr_line' id='line_1_17' title="bbox 617 1889 2175 1964; baseline -0.012 -9"><span class='ocrx_word' id='word_1_120' title='bbox 617 1901 825 1964; x_wconf 81' lang='lat' dir='ltr'><strong>fratres,</strong></span> <span class='ocrx_word' id='word_1_121' title='bbox 854 1899 905 1951; x_wconf 92' lang='lat' dir='ltr'><strong>in</strong></span> <span class='ocrx_word' id='word_1_122' title='bbox 935 1897 1099 1952; x_wconf 91' lang='lat' dir='ltr'><strong>verbo</strong></span> <span class='ocrx_word' id='word_1_123' title='bbox 1131 1895 1341 1964; x_wconf 89' lang='lat' dir='ltr'><strong>pictatis</strong></span> <span class='ocrx_word' id='word_1_124' title='bbox 1362 1902 1415 1947; x_wconf 84' lang='lat' dir='ltr'><strong>et</strong></span> <span class='ocrx_word' id='word_1_125' title='bbox 1440 1892 1679 1946; x_wconf 77' lang='lat' dir='ltr'><strong>veritatis</strong></span> <span class='ocrx_word' id='word_1_126' title='bbox 1709 1889 2001 1958; x_wconf 88' lang='lat' dir='ltr'><strong>nequitiam</strong></span> <span class='ocrx_word' id='word_1_127' title='bbox 2025 1902 2175 1940; x_wconf 83' lang='lat' dir='ltr'><strong>coin-</strong></span> 
     </span>
    </p>
   </div>
   <div class='ocr_carea' id='block_1_18' title="bbox 618 1975 2182 2061">
    <p class='ocr_par' dir='ltr' id='par_1_18' title="bbox 618 1975 2182 2061">
     <span class='ocr_line' id='line_1_18' title="bbox 618 1975 2182 2061; baseline -0.012 -15"><span class='ocrx_word' id='word_1_128' title='bbox 618 1993 904 2061; x_wconf 83' lang='lat' dir='ltr'><strong>primamns</strong></span> <span class='ocrx_word' id='word_1_129' title='bbox 930 2030 943 2051; x_wconf 93' lang='lat'><strong>,</strong></span> <span class='ocrx_word' id='word_1_130' title='bbox 977 1997 1030 2042; x_wconf 87' lang='lat' dir='ltr'><strong>et</strong></span> <span class='ocrx_word' id='word_1_131' title='bbox 1079 1988 1217 2055; x_wconf 54' lang='lat' dir='ltr'><strong>piant</strong></span> <span class='ocrx_word' id='word_1_132' title='bbox 1263 1986 1579 2039; x_wconf 84' lang='lat' dir='ltr'><strong>sententiam</strong></span> <span class='ocrx_word' id='word_1_133' title='bbox 1625 1981 1959 2036; x_wconf 84' lang='lat' dir='ltr'><strong>declaremus</strong></span> <span class='ocrx_word' id='word_1_134' title='bbox 1986 1979 2003 2048; x_wconf 93' lang='lat'><strong>(</strong></span> <span class='ocrx_word' id='word_1_135' title='bbox 2030 1975 2182 2030; x_wconf 78' lang='lat' dir='ltr'><strong>Vivus</strong></span> 
     </span>
    </p>
   </div>
   <div class='ocr_carea' id='block_1_19' title="bbox 615 2071 2183 2149">
    <p class='ocr_par' dir='ltr' id='par_1_19' title="bbox 615 2071 2183 2149">
     <span class='ocr_line' id='line_1_19' title="bbox 615 2071 2183 2149; baseline -0.01 -12"><span class='ocrx_word' id='word_1_136' title='bbox 615 2095 686 2137; x_wconf 81' lang='lat' dir='ltr'><strong>est</strong></span> <span class='ocrx_word' id='word_1_137' title='bbox 714 2084 842 2136; x_wconf 86' lang='lat' dir='ltr'><strong>enim</strong></span> <span class='ocrx_word' id='word_1_138' title='bbox 870 2097 1029 2134; x_wconf 84' lang='lat' dir='ltr'><strong>sermo</strong></span> <span class='ocrx_word' id='word_1_139' title='bbox 1060 2078 1154 2133; x_wconf 92' lang='lat' dir='ltr'><strong>Dei</strong></span> <span class='ocrx_word' id='word_1_140' title='bbox 1175 2089 1219 2132; x_wconf 91' lang='lat' dir='ltr'><strong>et</strong></span> <span class='ocrx_word' id='word_1_141' title='bbox 1247 2078 1440 2149; x_wconf 48' lang='lat' dir='ltr'><strong>efﬁcax,</strong></span> <span class='ocrx_word' id='word_1_142' title='bbox 1465 2086 1510 2130; x_wconf 81' lang='lat' dir='ltr'><strong>et</strong></span> <span class='ocrx_word' id='word_1_143' title='bbox 1530 2074 1883 2145; x_wconf 82' lang='lat' dir='ltr'><strong>penetrabilior</strong></span> <span class='ocrx_word' id='word_1_144' title='bbox 1903 2072 2037 2126; x_wconf 84' lang='lat' dir='ltr'><strong>eunti</strong></span> <span class='ocrx_word' id='word_1_145' title='bbox 2069 2071 2183 2141; x_wconf 86' lang='lat' dir='ltr'><strong>gla-</strong></span> 
     </span>
    </p>
   </div>
   <div class='ocr_carea' id='block_1_20' title="bbox 616 2166 2181 2245">
    <p class='ocr_par' dir='ltr' id='par_1_20' title="bbox 616 2166 2181 2245">
     <span class='ocr_line' id='line_1_20' title="bbox 616 2166 2181 2245; baseline -0.008 -18"><span class='ocrx_word' id='word_1_146' title='bbox 616 2175 699 2227; x_wconf 85' lang='lat' dir='ltr'><strong>dio</strong></span> <span class='ocrx_word' id='word_1_147' title='bbox 725 2174 929 2242; x_wconf 88' lang='lat' dir='ltr'><strong>ancipiti</strong></span> <span class='ocrx_word' id='word_1_148' title='bbox 958 2170 1155 2245; x_wconf 70' lang='grc' dir='ltr'><strong>[Ηεὸτ.</strong></span> <span class='ocrx_word' id='word_1_149' title='bbox 1184 2172 1237 2225; x_wconf 73' lang='grc'>4.</span> <span class='ocrx_word' id='word_1_150' title='bbox 1265 2168 1372 2241; x_wconf 71' lang='grc'><strong>12]</strong></span> <span class='ocrx_word' id='word_1_151' title='bbox 1407 2188 1420 2223; x_wconf 90' lang='lat'><strong>:</strong></span> <span class='ocrx_word' id='word_1_152' title='bbox 1450 2169 1682 2239; x_wconf 88' lang='lat' dir='ltr'><strong>gladium</strong></span> <span class='ocrx_word' id='word_1_153' title='bbox 1704 2166 1987 2235; x_wconf 82' lang='lat' dir='ltr'><strong>ancipitem</strong></span> <span class='ocrx_word' id='word_1_154' title='bbox 2007 2172 2181 2227; x_wconf 88' lang='lat' dir='ltr'><strong>vocat,</strong></span> 
     </span>
    </p>
   </div>
   <div class='ocr_carea' id='block_1_21' title="bbox 616 2253 2187 2335">
    <p class='ocr_par' dir='ltr' id='par_1_21' title="bbox 616 2253 2187 2335">
     <span class='ocr_line' id='line_1_21' title="bbox 616 2253 2187 2335; baseline -0.008 -15"><span class='ocrx_word' id='word_1_155' title='bbox 616 2267 738 2335; x_wconf 84' lang='lat' dir='ltr'><strong>quia</strong></span> <span class='ocrx_word' id='word_1_156' title='bbox 769 2264 961 2335; x_wconf 91' lang='lat' dir='ltr'><strong>duplici</strong></span> <span class='ocrx_word' id='word_1_157' title='bbox 1006 2263 1167 2316; x_wconf 88' lang='lat' dir='ltr'><strong>utitur</strong></span> <span class='ocrx_word' id='word_1_158' title='bbox 1196 2275 1442 2317; x_wconf 85' lang='lat' dir='ltr'><strong>sermone</strong></span> <span class='ocrx_word' id='word_1_159' title='bbox 1466 2302 1479 2323; x_wconf 86' lang='lat'><strong>,</strong></span> <span class='ocrx_word' id='word_1_160' title='bbox 1498 2260 1601 2313; x_wconf 90' lang='lat' dir='ltr'><strong>alio</strong></span> <span class='ocrx_word' id='word_1_161' title='bbox 1633 2261 1909 2320; x_wconf 88' lang='lat' dir='ltr'><strong>lirmante,</strong></span> <span class='ocrx_word' id='word_1_162' title='bbox 1932 2255 2039 2309; x_wconf 88' lang='lat' dir='ltr'><strong>alio</strong></span> <span class='ocrx_word' id='word_1_163' title='bbox 2061 2253 2187 2308; x_wconf 89' lang='lat' dir='ltr'><strong>sub-</strong></span> 
     </span>
    </p>
   </div>
   <div class='ocr_carea' id='block_1_22' title="bbox 617 2347 2185 2415">
    <p class='ocr_par' dir='ltr' id='par_1_22' title="bbox 617 2347 2185 2415">
     <span class='ocr_line' id='line_1_22' title="bbox 617 2347 2185 2415; baseline -0.01 -5"><span class='ocrx_word' id='word_1_164' title='bbox 617 2365 886 2415; x_wconf 76' lang='lat' dir='ltr'><strong>vertente;</strong></span> <span class='ocrx_word' id='word_1_165' title='bbox 914 2353 1253 2407; x_wconf 82' lang='lat' dir='ltr'><strong>subvertente</strong></span> <span class='ocrx_word' id='word_1_166' title='bbox 1278 2350 1635 2414; x_wconf 83' lang='lat' dir='ltr'><strong>adversarios,</strong></span> <span class='ocrx_word' id='word_1_167' title='bbox 1666 2349 1909 2402; x_wconf 87' lang='lat' dir='ltr'><strong>lirmante</strong></span> <span class='ocrx_word' id='word_1_168' title='bbox 1931 2347 2185 2401; x_wconf 86' lang='lat' dir='ltr'><strong>domesti-</strong></span> 
     </span>
    </p>
   </div>
   <div class='ocr_carea' id='block_1_23' title="bbox 617 2436 2187 2513">
    <p class='ocr_par' dir='ltr' id='par_1_23' title="bbox 617 2436 2187 2513">
     <span class='ocr_line' id='line_1_23' title="bbox 617 2436 2187 2513; baseline -0.008 -12"><span class='ocrx_word' id='word_1_169' title='bbox 617 2463 709 2501; x_wconf 87' lang='lat' dir='ltr'><strong>cos</strong></span> <span class='ocrx_word' id='word_1_170' title='bbox 740 2445 884 2513; x_wconf 85' lang='lat' dir='ltr'><strong>iidei)</strong></span> <span class='ocrx_word' id='word_1_171' title='bbox 902 2462 913 2498; x_wconf 89' lang='lat'><strong>:</strong></span> <span class='ocrx_word' id='word_1_172' title='bbox 932 2444 1051 2497; x_wconf 89' lang='lat' dir='ltr'><strong>audi</strong></span> <span class='ocrx_word' id='word_1_173' title='bbox 1079 2444 1247 2511; x_wconf 90' lang='lat' dir='ltr'><strong>ipsum</strong></span> <span class='ocrx_word' id='word_1_174' title='bbox 1278 2443 1553 2496; x_wconf 84' lang='lat' dir='ltr'><strong>Dominum</strong></span> <span class='ocrx_word' id='word_1_175' title='bbox 1577 2440 1839 2494; x_wconf 87' lang='lat' dir='ltr'><strong>dicentem</strong></span> <span class='ocrx_word' id='word_1_176' title='bbox 1866 2456 1880 2493; x_wconf 90' lang='lat'><strong>:</strong></span> <span class='ocrx_word' id='word_1_177' title='bbox 1907 2436 2069 2490; x_wconf 83' lang='lat' dir='ltr'><strong>Nemo</strong></span> <span class='ocrx_word' id='word_1_178' title='bbox 2095 2452 2187 2506; x_wconf 83' lang='lat' dir='ltr'><strong>po-</strong></span> 
     </span>
    </p>
   </div>
   <div class='ocr_carea' id='block_1_24' title="bbox 618 2530 2187 2600">
    <p class='ocr_par' dir='ltr' id='par_1_24' title="bbox 618 2530 2187 2600">
     <span class='ocr_line' id='line_1_24' title="bbox 618 2530 2187 2600; baseline -0.009 -8"><span class='ocrx_word' id='word_1_179' title='bbox 618 2548 707 2593; x_wconf 80' lang='lat' dir='ltr'><strong>test</strong></span> <span class='ocrx_word' id='word_1_180' title='bbox 734 2538 894 2592; x_wconf 82' lang='lat' dir='ltr'><strong>venire</strong></span> <span class='ocrx_word' id='word_1_181' title='bbox 916 2534 983 2587; x_wconf 82' lang='lat' dir='ltr'><strong>ad</strong></span> <span class='ocrx_word' id='word_1_182' title='bbox 1002 2552 1079 2589; x_wconf 79' lang='lat' dir='ltr'><strong>me</strong></span> <span class='ocrx_word' id='word_1_183' title='bbox 1101 2574 1117 2600; x_wconf 92' lang='lat'><strong>,</strong></span> <span class='ocrx_word' id='word_1_184' title='bbox 1142 2534 1238 2586; x_wconf 78' lang='lat' dir='ltr'><strong>nisi</strong></span> <span class='ocrx_word' id='word_1_185' title='bbox 1260 2531 1414 2585; x_wconf 85' lang='lat' dir='ltr'><strong>Pater</strong></span> <span class='ocrx_word' id='word_1_186' title='bbox 1441 2548 1577 2585; x_wconf 84' lang='lat' dir='ltr'><strong>meus</strong></span> <span class='ocrx_word' id='word_1_187' title='bbox 1597 2530 1808 2585; x_wconf 77' lang='lat' dir='ltr'><strong>caelestis</strong></span> <span class='ocrx_word' id='word_1_188' title='bbox 1839 2530 2044 2582; x_wconf 74' lang='lat' dir='ltr'><strong>traxerit</strong></span> <span class='ocrx_word' id='word_1_189' title='bbox 2074 2542 2187 2580; x_wconf 83' lang='lat' dir='ltr'><strong>eum</strong></span> 
     </span>
    </p>
   </div>
   <div class='ocr_carea' id='block_1_25' title="bbox 619 2624 2187 2717">
    <p class='ocr_par' dir='ltr' id='par_1_25' title="bbox 619 2624 2187 2717">
     <span class='ocr_line' id='line_1_25' title="bbox 619 2624 2187 2717; baseline -0.007 -32"><span class='ocrx_word' id='word_1_190' title='bbox 619 2629 862 2703; x_wconf 82' lang='lat' dir='ltr'><strong>(Joan.6.</strong></span> <span class='ocrx_word' id='word_1_191' title='bbox 889 2629 1000 2699; x_wconf 73' lang='grc' dir='ltr'>ιι).</span> <span class='ocrx_word' id='word_1_192' title='bbox 1030 2625 1395 2717; x_wconf 65' lang='lat' dir='ltr'><strong>Necessarium</strong></span> <span class='ocrx_word' id='word_1_193' title='bbox 1425 2634 1600 2679; x_wconf 86' lang='lat' dir='ltr'><strong>autem</strong></span> <span class='ocrx_word' id='word_1_194' title='bbox 1622 2632 1723 2687; x_wconf 86' lang='lat' dir='ltr'><strong>est,</strong></span> <span class='ocrx_word' id='word_1_195' title='bbox 1754 2624 1961 2688; x_wconf 78' lang='lat' dir='ltr'><strong>fratres,</strong></span> <span class='ocrx_word' id='word_1_196' title='bbox 1990 2636 2187 2691; x_wconf 60' lang='lat' dir='ltr'><strong>eaquae</strong></span> 
     </span>
    </p>
   </div>
   <div class='ocr_carea' id='block_1_26' title="bbox 621 2714 2185 2789">
    <p class='ocr_par' dir='ltr' id='par_1_26' title="bbox 621 2714 2185 2789">
     <span class='ocr_line' id='line_1_26' title="bbox 621 2714 2185 2789; baseline -0.004 -17"><span class='ocrx_word' id='word_1_197' title='bbox 621 2729 913 2789; x_wconf 86' lang='lat' dir='ltr'><strong>opportuna</strong></span> <span class='ocrx_word' id='word_1_198' title='bbox 954 2727 1077 2772; x_wconf 82' lang='lat' dir='ltr'><strong>sunt</strong></span> <span class='ocrx_word' id='word_1_199' title='bbox 1094 2714 1359 2772; x_wconf 68' lang='lat' dir='ltr'><strong>haereticis</strong></span> <span class='ocrx_word' id='word_1_200' title='bbox 1387 2716 1567 2770; x_wconf 88' lang='lat' dir='ltr'><strong>dicere</strong></span> <span class='ocrx_word' id='word_1_201' title='bbox 1592 2754 1608 2779; x_wconf 86' lang='lat'><strong>,</strong></span> <span class='ocrx_word' id='word_1_202' title='bbox 1631 2726 1683 2769; x_wconf 92' lang='lat' dir='ltr'><strong>et</strong></span> <span class='ocrx_word' id='word_1_203' title='bbox 1707 2714 1843 2769; x_wconf 89' lang='lat' dir='ltr'><strong>hanc</strong></span> <span class='ocrx_word' id='word_1_204' title='bbox 1867 2714 2185 2768; x_wconf 87' lang='lat' dir='ltr'><strong>sententiam</strong></span> 
     </span>
    </p>
   </div>
   <div class='ocr_carea' id='block_1_27' title="bbox 621 2804 2186 2874">
    <p class='ocr_par' dir='ltr' id='par_1_27' title="bbox 621 2804 2186 2874">
     <span class='ocr_line' id='line_1_27' title="bbox 621 2804 2186 2874; baseline -0.005 -10"><span class='ocrx_word' id='word_1_205' title='bbox 621 2811 741 2865; x_wconf 88' lang='lat' dir='ltr'><strong>fidei</strong></span> <span class='ocrx_word' id='word_1_206' title='bbox 774 2809 894 2865; x_wconf 82' lang='lat' dir='ltr'><strong>liliis</strong></span> <span class='ocrx_word' id='word_1_207' title='bbox 918 2809 1201 2863; x_wconf 90' lang='lat' dir='ltr'><strong>inculcare.</strong></span> <span class='ocrx_word' id='word_1_208' title='bbox 1231 2808 1336 2862; x_wconf 90' lang='lat' dir='ltr'><strong>Cur</strong></span> <span class='ocrx_word' id='word_1_209' title='bbox 1358 2806 1499 2860; x_wconf 87' lang='lat' dir='ltr'><strong>illam</strong></span> <span class='ocrx_word' id='word_1_210' title='bbox 1517 2806 1835 2860; x_wconf 86' lang='lat' dir='ltr'><strong>oblationem</strong></span> <span class='ocrx_word' id='word_1_211' title='bbox 1862 2804 2186 2874; x_wconf 76' lang='lat' dir='ltr'><strong>unigenitum</strong></span> 
     </span>
    </p>
   </div>
   <div class='ocr_carea' id='block_1_28' title="bbox 622 2894 2188 2965">
    <p class='ocr_par' dir='ltr' id='par_1_28' title="bbox 622 2894 2188 2965">
     <span class='ocr_line' id='line_1_28' title="bbox 622 2894 2188 2965; baseline -0.006 -8"><span class='ocrx_word' id='word_1_212' title='bbox 622 2903 712 2957; x_wconf 82' lang='lat' dir='ltr'><strong>Dei</strong></span> <span class='ocrx_word' id='word_1_213' title='bbox 729 2901 956 2956; x_wconf 78' lang='lat' dir='ltr'><strong>Verbum</strong></span> <span class='ocrx_word' id='word_1_214' title='bbox 987 2900 1183 2965; x_wconf 84' lang='lat' dir='ltr'><strong>divisit,</strong></span> <span class='ocrx_word' id='word_1_215' title='bbox 1217 2899 1372 2953; x_wconf 91' lang='lat' dir='ltr'><strong>modo</strong></span> <span class='ocrx_word' id='word_1_216' title='bbox 1388 2897 1569 2953; x_wconf 82' lang='lat' dir='ltr'><strong>dicens</strong></span> <span class='ocrx_word' id='word_1_217' title='bbox 1582 2896 1649 2951; x_wconf 87' lang='lat' dir='ltr'><strong>ab</strong></span> <span class='ocrx_word' id='word_1_218' title='bbox 1663 2912 1720 2951; x_wconf 85' lang='lat' dir='ltr'><strong>se</strong></span> <span class='ocrx_word' id='word_1_219' title='bbox 1732 2895 1897 2962; x_wconf 81' lang='lat' dir='ltr'><strong>Patri,</strong></span> <span class='ocrx_word' id='word_1_220' title='bbox 1913 2894 2067 2950; x_wconf 90' lang='lat' dir='ltr'><strong>modo</strong></span> <span class='ocrx_word' id='word_1_221' title='bbox 2090 2895 2188 2949; x_wconf 88' lang='lat' dir='ltr'><strong>sibi</strong></span> 
     </span>
    </p>
   </div>
   <div class='ocr_carea' id='block_1_29' title="bbox 622 2985 2189 3058">
    <p class='ocr_par' dir='ltr' id='par_1_29' title="bbox 622 2985 2189 3058">
     <span class='ocr_line' id='line_1_29' title="bbox 622 2985 2189 3058; baseline -0.004 -13"><span class='ocrx_word' id='word_1_222' title='bbox 622 3007 651 3045; x_wconf 88' lang='lat' dir='ltr'><strong>a</strong></span> <span class='ocrx_word' id='word_1_223' title='bbox 678 2991 833 3046; x_wconf 83' lang='lat' dir='ltr'><strong>Patre</strong></span> <span class='ocrx_word' id='word_1_224' title='bbox 859 2989 1073 3045; x_wconf 75' lang='lat' dir='ltr'><strong>oll&#39;crri?</strong></span> <span class='ocrx_word' id='word_1_225' title='bbox 1104 3003 1274 3058; x_wconf 72' lang='lat' dir='ltr'><strong>neque</strong></span> <span class='ocrx_word' id='word_1_226' title='bbox 1312 2988 1454 3043; x_wconf 92' lang='lat' dir='ltr'><strong>enim</strong></span> <span class='ocrx_word' id='word_1_227' title='bbox 1472 3001 1532 3043; x_wconf 87' lang='lat' dir='ltr'><strong>ea</strong></span> <span class='ocrx_word' id='word_1_228' title='bbox 1549 3002 1664 3056; x_wconf 61' lang='lat' dir='ltr'><strong>quae</strong></span> <span class='ocrx_word' id='word_1_229' title='bbox 1679 2985 1745 3040; x_wconf 88' lang='lat' dir='ltr'><strong>ad</strong></span> <span class='ocrx_word' id='word_1_230' title='bbox 1776 2985 2006 3040; x_wconf 83' lang='lat' dir='ltr'><strong>divinam</strong></span> <span class='ocrx_word' id='word_1_231' title='bbox 2038 2994 2189 3038; x_wconf 84' lang='lat' dir='ltr'><strong>natu-</strong></span> 
     </span>
    </p>
   </div>
   <div class='ocr_carea' id='block_1_30' title="bbox 622 3075 2188 3151">
    <p class='ocr_par' dir='ltr' id='par_1_30' title="bbox 622 3075 2188 3151">
     <span class='ocr_line' id='line_1_30' title="bbox 622 3075 2188 3151; baseline -0.004 -14"><span class='ocrx_word' id='word_1_232' title='bbox 622 3098 735 3137; x_wconf 82' lang='lat' dir='ltr'><strong>ram</strong></span> <span class='ocrx_word' id='word_1_233' title='bbox 754 3081 1012 3151; x_wconf 89' lang='lat' dir='ltr'><strong>pertinent</strong></span> <span class='ocrx_word' id='word_1_234' title='bbox 1029 3078 1451 3143; x_wconf 85' lang='lat' dir='ltr'><strong>confunduntur;</strong></span> <span class='ocrx_word' id='word_1_235' title='bbox 1470 3075 1793 3133; x_wconf 81' lang='lat' dir='ltr'><strong>sedverbttm</strong></span> <span class='ocrx_word' id='word_1_236' title='bbox 1818 3076 2055 3131; x_wconf 87' lang='lat' dir='ltr'><strong>veritatis</strong></span> <span class='ocrx_word' id='word_1_237' title='bbox 2078 3076 2188 3144; x_wconf 85' lang='lat' dir='ltr'><strong>pla-</strong></span> 
     </span>
    </p>
   </div>
   <div class='ocr_carea' id='block_1_31' title="bbox 621 3167 2189 3235">
    <p class='ocr_par' dir='ltr' id='par_1_31' title="bbox 621 3167 2189 3235">
     <span class='ocr_line' id='line_1_31' title="bbox 621 3167 2189 3235; baseline -0.003 -10"><span class='ocrx_word' id='word_1_238' title='bbox 621 3187 745 3225; x_wconf 90' lang='lat' dir='ltr'><strong>num</strong></span> <span class='ocrx_word' id='word_1_239' title='bbox 772 3180 822 3223; x_wconf 91' lang='lat' dir='ltr'><strong>ct</strong></span> <span class='ocrx_word' id='word_1_240' title='bbox 847 3169 1147 3224; x_wconf 82' lang='lat' dir='ltr'><strong>distinctum</strong></span> <span class='ocrx_word' id='word_1_241' title='bbox 1166 3179 1266 3232; x_wconf 87' lang='lat' dir='ltr'><strong>est,</strong></span> <span class='ocrx_word' id='word_1_242' title='bbox 1296 3167 1423 3221; x_wconf 88' lang='lat' dir='ltr'><strong>niltil</strong></span> <span class='ocrx_word' id='word_1_243' title='bbox 1449 3169 1649 3221; x_wconf 87' lang='lat' dir='ltr'><strong>habens</strong></span> <span class='ocrx_word' id='word_1_244' title='bbox 1668 3167 1940 3235; x_wconf 90' lang='lat' dir='ltr'><strong>obliquum</strong></span> <span class='ocrx_word' id='word_1_245' title='bbox 1968 3180 2059 3219; x_wconf 88' lang='lat' dir='ltr'><strong>aut</strong></span> <span class='ocrx_word' id='word_1_246' title='bbox 2082 3178 2189 3221; x_wconf 83' lang='lat' dir='ltr'><strong>tor-</strong></span> 
     </span>
    </p>
   </div>
   <div class='ocr_carea' id='block_1_32' title="bbox 624 3256 2186 3328">
    <p class='ocr_par' dir='ltr' id='par_1_32' title="bbox 624 3256 2186 3328">
     <span class='ocr_line' id='line_1_32' title="bbox 624 3256 2186 3328; baseline -0.006 -10"><span class='ocrx_word' id='word_1_247' title='bbox 624 3273 830 3319; x_wconf 89' lang='lat' dir='ltr'><strong>tuosum</strong></span> <span class='ocrx_word' id='word_1_248' title='bbox 861 3280 872 3315; x_wconf 91' lang='lat'><strong>:</strong></span> <span class='ocrx_word' id='word_1_249' title='bbox 901 3260 1081 3314; x_wconf 69' lang='lat' dir='ltr'><strong>Otones</strong></span> <span class='ocrx_word' id='word_1_250' title='bbox 1099 3260 1237 3313; x_wconf 83' lang='lat' dir='ltr'><strong>enim</strong></span> <span class='ocrx_word' id='word_1_251' title='bbox 1272 3260 1360 3312; x_wconf 78' lang='lat' dir='ltr'><strong>via:</strong></span> <span class='ocrx_word' id='word_1_252' title='bbox 1375 3258 1577 3311; x_wconf 85' lang='lat' dir='ltr'><strong>Domini</strong></span> <span class='ocrx_word' id='word_1_253' title='bbox 1597 3268 1743 3311; x_wconf 73' lang='lat' dir='ltr'><strong>recto:</strong></span> <span class='ocrx_word' id='word_1_254' title='bbox 1766 3256 1933 3325; x_wconf 84' lang='lat' dir='ltr'><strong>(Psal.</strong></span> <span class='ocrx_word' id='word_1_255' title='bbox 1957 3256 2045 3313; x_wconf 63' lang='grc' dir='ltr'>Ἡ.</span> <span class='ocrx_word' id='word_1_256' title='bbox 2074 3258 2186 3328; x_wconf 88' lang='grc'>10).</span> 
     </span>
    </p>
   </div>
   <div class='ocr_carea' id='block_1_33' title="bbox 696 3350 2184 3423">
    <p class='ocr_par' dir='ltr' id='par_1_33' title="bbox 696 3350 2184 3423">
     <span class='ocr_line' id='line_1_33' title="bbox 696 3350 2184 3423; baseline -0.002 -17"><span class='ocrx_word' id='word_1_257' title='bbox 696 3352 831 3406; x_wconf 85' lang='lat' dir='ltr'><strong>Deus</strong></span> <span class='ocrx_word' id='word_1_258' title='bbox 856 3354 1104 3423; x_wconf 83' lang='lat' dir='ltr'><strong>quomodo</strong></span> <span class='ocrx_word' id='word_1_259' title='bbox 1130 3362 1243 3416; x_wconf 83' lang='lat' dir='ltr'><strong>stet,</strong></span> <span class='ocrx_word' id='word_1_260' title='bbox 1267 3350 1517 3417; x_wconf 86' lang='lat' dir='ltr'><strong>quomodo</strong></span> <span class='ocrx_word' id='word_1_261' title='bbox 1549 3350 1733 3403; x_wconf 81' lang='lat' dir='ltr'><strong>sedeat.</strong></span> <span class='ocrx_word' id='word_1_262' title='bbox 1758 3378 1825 3388; x_wconf 90' lang='lat'>—</span> <span class='ocrx_word' id='word_1_263' title='bbox 1860 3351 1992 3403; x_wconf 80' lang='lat' dir='ltr'><strong>Nunt</strong></span> <span class='ocrx_word' id='word_1_264' title='bbox 2020 3365 2151 3420; x_wconf 83' lang='lat' dir='ltr'><strong>ergo</strong></span> <span class='ocrx_word' id='word_1_265' title='bbox 2170 3392 2184 3415; x_wconf 95' lang='lat'><strong>,</strong></span> 
     </span>
    </p>
   </div>
   <div class='ocr_carea' id='block_1_34' title="bbox 626 3440 2191 3509">
    <p class='ocr_par' dir='ltr' id='par_1_34' title="bbox 626 3440 2191 3509">
     <span class='ocr_line' id='line_1_34' title="bbox 626 3440 2191 3509; baseline -0.003 -12"><span class='ocrx_word' id='word_1_266' title='bbox 626 3444 839 3509; x_wconf 76' lang='lat' dir='ltr'><strong>fratres,</strong></span> <span class='ocrx_word' id='word_1_267' title='bbox 864 3442 1042 3503; x_wconf 82' lang='lat' dir='ltr'><strong>Pater,</strong></span> <span class='ocrx_word' id='word_1_268' title='bbox 1077 3442 1235 3495; x_wconf 91' lang='lat' dir='ltr'><strong>modo</strong></span> <span class='ocrx_word' id='word_1_269' title='bbox 1262 3442 1453 3495; x_wconf 85' lang='lat' dir='ltr'><strong>sedens</strong></span> <span class='ocrx_word' id='word_1_270' title='bbox 1483 3441 1781 3509; x_wconf 87' lang='lat' dir='ltr'><strong>primasque</strong></span> <span class='ocrx_word' id='word_1_271' title='bbox 1822 3451 2026 3507; x_wconf 90' lang='lat' dir='ltr'><strong>tenens,</strong></span> <span class='ocrx_word' id='word_1_272' title='bbox 2046 3440 2191 3495; x_wconf 85' lang='lat' dir='ltr'><strong>obla-</strong></span> 
     </span>
    </p>
   </div>
   <div class='ocr_carea' id='block_1_35' title="bbox 625 3531 2185 3601">
    <p class='ocr_par' dir='ltr' id='par_1_35' title="bbox 625 3531 2185 3601">
     <span class='ocr_line' id='line_1_35' title="bbox 625 3531 2185 3601; baseline -0.002 -14"><span class='ocrx_word' id='word_1_273' title='bbox 625 3544 708 3588; x_wconf 83' lang='lat' dir='ltr'><strong>tos</strong></span> <span class='ocrx_word' id='word_1_274' title='bbox 739 3534 952 3601; x_wconf 85' lang='lat' dir='ltr'><strong>recipit;</strong></span> <span class='ocrx_word' id='word_1_275' title='bbox 987 3533 1143 3586; x_wconf 91' lang='lat' dir='ltr'><strong>modo</strong></span> <span class='ocrx_word' id='word_1_276' title='bbox 1173 3531 1306 3585; x_wconf 81' lang='lat' dir='ltr'><strong>Filio</strong></span> <span class='ocrx_word' id='word_1_277' title='bbox 1327 3572 1340 3592; x_wconf 91' lang='lat'><strong>,</strong></span> <span class='ocrx_word' id='word_1_278' title='bbox 1370 3532 1418 3584; x_wconf 90' lang='lat' dir='ltr'><strong>in</strong></span> <span class='ocrx_word' id='word_1_279' title='bbox 1469 3531 1612 3600; x_wconf 74' lang='lat' dir='ltr'><strong>regio</strong></span> <span class='ocrx_word' id='word_1_280' title='bbox 1645 3531 1825 3583; x_wconf 87' lang='lat' dir='ltr'><strong>habitu</strong></span> <span class='ocrx_word' id='word_1_281' title='bbox 1879 3532 2082 3585; x_wconf 88' lang='lat' dir='ltr'><strong>sedenti</strong></span> <span class='ocrx_word' id='word_1_282' title='bbox 2132 3543 2185 3585; x_wconf 89' lang='lat' dir='ltr'><strong>et</strong></span> 
     </span>
    </p>
   </div>
   <div class='ocr_carea' id='block_1_36' title="bbox 627 3622 2189 3696">
    <p class='ocr_par' dir='ltr' id='par_1_36' title="bbox 627 3622 2189 3696">
     <span class='ocr_line' id='line_1_36' title="bbox 627 3622 2189 3696; baseline 0 -18"><span class='ocrx_word' id='word_1_283' title='bbox 627 3627 823 3696; x_wconf 87' lang='lat' dir='ltr'><strong>primas</strong></span> <span class='ocrx_word' id='word_1_284' title='bbox 856 3625 1076 3686; x_wconf 89' lang='lat' dir='ltr'><strong>tenenti,</strong></span> <span class='ocrx_word' id='word_1_285' title='bbox 1106 3622 1343 3676; x_wconf 84' lang='lat' dir='ltr'><strong>debitum</strong></span> <span class='ocrx_word' id='word_1_286' title='bbox 1376 3622 1552 3677; x_wconf 79' lang='lat' dir='ltr'><strong>reddit</strong></span> <span class='ocrx_word' id='word_1_287' title='bbox 1579 3634 1631 3675; x_wconf 93' lang='lat' dir='ltr'><strong>et</strong></span> <span class='ocrx_word' id='word_1_288' title='bbox 1665 3624 1715 3675; x_wconf 90' lang='lat' dir='ltr'><strong>in</strong></span> <span class='ocrx_word' id='word_1_289' title='bbox 1747 3624 1975 3676; x_wconf 88' lang='lat' dir='ltr'><strong>ministri</strong></span> <span class='ocrx_word' id='word_1_290' title='bbox 2002 3624 2189 3678; x_wconf 89' lang='lat' dir='ltr'><strong>ordine</strong></span> 
     </span>
    </p>
   </div>
   <div class='ocr_carea' id='block_1_37' title="bbox 626 3713 2193 3784">
    <p class='ocr_par' dir='ltr' id='par_1_37' title="bbox 626 3713 2193 3784">
     <span class='ocr_line' id='line_1_37' title="bbox 626 3713 2193 3784; baseline -0.001 -15"><span class='ocrx_word' id='word_1_291' title='bbox 626 3714 883 3784; x_wconf 89' lang='lat' dir='ltr'><strong>quosdam</strong></span> <span class='ocrx_word' id='word_1_292' title='bbox 913 3714 1046 3769; x_wconf 86' lang='lat' dir='ltr'><strong>Filio</strong></span> <span class='ocrx_word' id='word_1_293' title='bbox 1077 3713 1268 3769; x_wconf 72' lang='lat' dir='ltr'><strong>allert?</strong></span> <span class='ocrx_word' id='word_1_294' title='bbox 1294 3714 1445 3767; x_wconf 81' lang='lat' dir='ltr'><strong>Absit</strong></span> <span class='ocrx_word' id='word_1_295' title='bbox 1473 3734 1486 3767; x_wconf 84' lang='lat'><strong>:</strong></span> <span class='ocrx_word' id='word_1_296' title='bbox 1520 3729 1640 3766; x_wconf 90' lang='lat' dir='ltr'><strong>nam</strong></span> <span class='ocrx_word' id='word_1_297' title='bbox 1683 3714 1733 3766; x_wconf 92' lang='lat' dir='ltr'><strong>in</strong></span> <span class='ocrx_word' id='word_1_298' title='bbox 1784 3714 1891 3767; x_wconf 79' lang='lat' dir='ltr'><strong>Deo</strong></span> <span class='ocrx_word' id='word_1_299' title='bbox 1915 3754 1929 3776; x_wconf 90' lang='lat'><strong>,</strong></span> <span class='ocrx_word' id='word_1_300' title='bbox 1959 3728 2080 3765; x_wconf 89' lang='lat' dir='ltr'><strong>cum</strong></span> <span class='ocrx_word' id='word_1_301' title='bbox 2108 3728 2193 3767; x_wconf 87' lang='lat' dir='ltr'><strong>sc-</strong></span> 
     </span>
    </p>
   </div>
   <div class='ocr_carea' id='block_1_38' title="bbox 629 3804 2193 3873">
    <p class='ocr_par' dir='ltr' id='par_1_38' title="bbox 629 3804 2193 3873">
     <span class='ocr_line' id='line_1_38' title="bbox 629 3804 2193 3873; baseline -0.003 -12"><span class='ocrx_word' id='word_1_302' title='bbox 629 3808 751 3861; x_wconf 90' lang='lat' dir='ltr'><strong>dcm</strong></span> <span class='ocrx_word' id='word_1_303' title='bbox 780 3806 899 3873; x_wconf 87' lang='lat' dir='ltr'><strong>quis</strong></span> <span class='ocrx_word' id='word_1_304' title='bbox 928 3806 1186 3869; x_wconf 89' lang='lat' dir='ltr'><strong>nominat,</strong></span> <span class='ocrx_word' id='word_1_305' title='bbox 1234 3819 1336 3858; x_wconf 90' lang='lat' dir='ltr'><strong>non</strong></span> <span class='ocrx_word' id='word_1_306' title='bbox 1367 3804 1526 3857; x_wconf 71' lang='lat' dir='ltr'><strong>debet</strong></span> <span class='ocrx_word' id='word_1_307' title='bbox 1554 3804 1843 3857; x_wconf 88' lang='lat' dir='ltr'><strong>bumanutn</strong></span> <span class='ocrx_word' id='word_1_308' title='bbox 1874 3804 2070 3873; x_wconf 89' lang='lat' dir='ltr'><strong>aliquid</strong></span> <span class='ocrx_word' id='word_1_309' title='bbox 2100 3820 2193 3858; x_wconf 90' lang='lat' dir='ltr'><strong>co-</strong></span> 
     </span>
    </p>
   </div>
   <div class='ocr_carea' id='block_1_39' title="bbox 633 3893 2192 3966">
    <p class='ocr_par' dir='ltr' id='par_1_39' title="bbox 633 3893 2192 3966">
     <span class='ocr_line' id='line_1_39' title="bbox 633 3893 2192 3966; baseline -0.003 -18"><span class='ocrx_word' id='word_1_310' title='bbox 633 3897 803 3966; x_wconf 83' lang='lat' dir='ltr'><strong>gitare</strong></span> <span class='ocrx_word' id='word_1_311' title='bbox 830 3910 844 3958; x_wconf 91' lang='lat'><strong>;</strong></span> <span class='ocrx_word' id='word_1_312' title='bbox 872 3909 1043 3963; x_wconf 89' lang='lat' dir='ltr'><strong>neque</strong></span> <span class='ocrx_word' id='word_1_313' title='bbox 1074 3909 1193 3947; x_wconf 91' lang='lat' dir='ltr'><strong>cum</strong></span> <span class='ocrx_word' id='word_1_314' title='bbox 1224 3904 1366 3946; x_wconf 88' lang='lat' dir='ltr'><strong>stare</strong></span> <span class='ocrx_word' id='word_1_315' title='bbox 1397 3894 1536 3946; x_wconf 84' lang='lat' dir='ltr'><strong>Deus</strong></span> <span class='ocrx_word' id='word_1_316' title='bbox 1568 3893 1781 3955; x_wconf 90' lang='lat' dir='ltr'><strong>dicitur,</strong></span> <span class='ocrx_word' id='word_1_317' title='bbox 1809 3893 1858 3945; x_wconf 88' lang='lat' dir='ltr'><strong>id</strong></span> <span class='ocrx_word' id='word_1_318' title='bbox 1889 3895 2049 3947; x_wconf 88' lang='lat' dir='ltr'><strong>debet</strong></span> <span class='ocrx_word' id='word_1_319' title='bbox 2094 3895 2192 3945; x_wconf 88' lang='lat' dir='ltr'><strong>lm-</strong></span> 
     </span>
    </p>
   </div>
   <div class='ocr_carea' id='block_1_40' title="bbox 630 3981 2195 4051">
    <p class='ocr_par' dir='ltr' id='par_1_40' title="bbox 630 3981 2195 4051">
     <span class='ocr_line' id='line_1_40' title="bbox 630 3981 2195 4051; baseline -0.001 -12"><span class='ocrx_word' id='word_1_320' title='bbox 630 4000 789 4040; x_wconf 89' lang='lat' dir='ltr'><strong>mano</strong></span> <span class='ocrx_word' id='word_1_321' title='bbox 818 3999 966 4038; x_wconf 89' lang='lat' dir='ltr'><strong>more</strong></span> <span class='ocrx_word' id='word_1_322' title='bbox 1012 3982 1249 4051; x_wconf 74' lang='lat' dir='ltr'><strong>intelligi.</strong></span> <span class='ocrx_word' id='word_1_323' title='bbox 1275 3981 1329 4036; x_wconf 91' lang='lat' dir='ltr'><strong>Si</strong></span> <span class='ocrx_word' id='word_1_324' title='bbox 1362 3982 1524 4035; x_wconf 90' lang='lat' dir='ltr'><strong>Deum</strong></span> <span class='ocrx_word' id='word_1_325' title='bbox 1575 3992 1718 4035; x_wconf 81' lang='lat' dir='ltr'><strong>stare</strong></span> <span class='ocrx_word' id='word_1_326' title='bbox 1748 3983 1931 4035; x_wconf 84' lang='lat' dir='ltr'><strong>audias</strong></span> <span class='ocrx_word' id='word_1_327' title='bbox 1955 4024 1969 4047; x_wconf 97' lang='lat'><strong>,</strong></span> <span class='ocrx_word' id='word_1_328' title='bbox 2003 3983 2195 4037; x_wconf 64' lang='lat' dir='ltr'><strong>divinae</strong></span> 
     </span>
    </p>
   </div>
   <div class='ocr_carea' id='block_1_41' title="bbox 630 4073 2194 4142">
    <p class='ocr_par' dir='ltr' id='par_1_41' title="bbox 630 4073 2194 4142">
     <span class='ocr_line' id='line_1_41' title="bbox 630 4073 2194 4142; baseline -0.001 -11"><span class='ocrx_word' id='word_1_329' title='bbox 630 4075 939 4131; x_wconf 77' lang='lat' dir='ltr'><strong>substantiae</strong></span> <span class='ocrx_word' id='word_1_330' title='bbox 970 4082 1167 4128; x_wconf 90' lang='lat' dir='ltr'><strong>rectam</strong></span> <span class='ocrx_word' id='word_1_331' title='bbox 1197 4074 1499 4126; x_wconf 78' lang='lat' dir='ltr'><strong>ﬁrmitatem</strong></span> <span class='ocrx_word' id='word_1_332' title='bbox 1548 4073 1783 4141; x_wconf 71' lang='lat' dir='ltr'><strong>intelligo</strong></span> <span class='ocrx_word' id='word_1_333' title='bbox 1813 4090 1824 4124; x_wconf 92' lang='lat'><strong>:</strong></span> <span class='ocrx_word' id='word_1_334' title='bbox 1856 4075 1897 4125; x_wconf 91' lang='lat' dir='ltr'><strong>si</strong></span> <span class='ocrx_word' id='word_1_335' title='bbox 1944 4075 2086 4142; x_wconf 72' lang='lat' dir='ltr'><strong>legas</strong></span> <span class='ocrx_word' id='word_1_336' title='bbox 2113 4075 2194 4130; x_wconf 84' lang='lat' dir='ltr'><strong>vel</strong></span> 
     </span>
    </p>
   </div>
   <div class='ocr_carea' id='block_1_42' title="bbox 631 4163 2200 4235">
    <p class='ocr_par' dir='ltr' id='par_1_42' title="bbox 631 4163 2200 4235">
     <span class='ocr_line' id='line_1_42' title="bbox 631 4163 2200 4235; baseline -0.001 -15"><span class='ocrx_word' id='word_1_337' title='bbox 631 4168 813 4221; x_wconf 87' lang='lat' dir='ltr'><strong>audias</strong></span> <span class='ocrx_word' id='word_1_338' title='bbox 837 4167 1007 4235; x_wconf 87' lang='lat' dir='ltr'><strong>ipsum</strong></span> <span class='ocrx_word' id='word_1_339' title='bbox 1037 4163 1245 4227; x_wconf 81' lang='lat' dir='ltr'><strong>sedere,</strong></span> <span class='ocrx_word' id='word_1_340' title='bbox 1272 4164 1644 4216; x_wconf 67' lang='lat' dir='ltr'><strong>inconcussam</strong></span> <span class='ocrx_word' id='word_1_341' title='bbox 1674 4164 1840 4217; x_wconf 75' lang='lat' dir='ltr'><strong>beata!</strong></span> <span class='ocrx_word' id='word_1_342' title='bbox 1866 4173 2067 4218; x_wconf 70' lang='lat' dir='ltr'><strong>natum</strong></span> <span class='ocrx_word' id='word_1_343' title='bbox 2092 4176 2200 4218; x_wconf 86' lang='lat' dir='ltr'><strong>sta-</strong></span> 
     </span>
    </p>
   </div>
   <div class='ocr_carea' id='block_1_43' title="bbox 634 4254 2197 4329">
    <p class='ocr_par' dir='ltr' id='par_1_43' title="bbox 634 4254 2197 4329">
     <span class='ocr_line' id='line_1_43' title="bbox 634 4254 2197 4329; baseline -0.001 -16"><span class='ocrx_word' id='word_1_344' title='bbox 634 4258 889 4313; x_wconf 88' lang='lat' dir='ltr'><strong>bilitatem</strong></span> <span class='ocrx_word' id='word_1_345' title='bbox 928 4257 1120 4326; x_wconf 77' lang='lat' dir='ltr'><strong>Cogita.</strong></span> <span class='ocrx_word' id='word_1_346' title='bbox 1151 4256 1267 4324; x_wconf 86' lang='lat' dir='ltr'><strong>Ipse</strong></span> <span class='ocrx_word' id='word_1_347' title='bbox 1295 4254 1423 4309; x_wconf 91' lang='lat' dir='ltr'><strong>dicit</strong></span> <span class='ocrx_word' id='word_1_348' title='bbox 1452 4270 1508 4309; x_wconf 89' lang='lat' dir='ltr'><strong>se</strong></span> <span class='ocrx_word' id='word_1_349' title='bbox 1540 4266 1682 4309; x_wconf 88' lang='lat' dir='ltr'><strong>stare</strong></span> <span class='ocrx_word' id='word_1_350' title='bbox 1708 4266 1763 4309; x_wconf 89' lang='lat' dir='ltr'><strong>et</strong></span> <span class='ocrx_word' id='word_1_351' title='bbox 1784 4255 1971 4310; x_wconf 81' lang='lat' dir='ltr'><strong>sedere</strong></span> <span class='ocrx_word' id='word_1_352' title='bbox 1997 4257 2197 4329; x_wconf 79' lang='lat' dir='ltr'><strong>:llloysi</strong></span> 
     </span>
    </p>
   </div>
   <div class='ocr_carea' id='block_1_44' title="bbox 633 4344 2197 4403">
    <p class='ocr_par' dir='ltr' id='par_1_44' title="bbox 633 4344 2197 4403">
     <span class='ocr_line' id='line_1_44' title="bbox 633 4344 2197 4403; baseline -0.001 0"><span class='ocrx_word' id='word_1_353' title='bbox 633 4350 759 4403; x_wconf 87' lang='lat' dir='ltr'><strong>dicit</strong></span> <span class='ocrx_word' id='word_1_354' title='bbox 786 4366 801 4403; x_wconf 86' lang='lat'><strong>:</strong></span> <span class='ocrx_word' id='word_1_355' title='bbox 832 4346 913 4401; x_wconf 83' lang='lat' dir='ltr'><strong>Tu</strong></span> <span class='ocrx_word' id='word_1_356' title='bbox 940 4358 1016 4399; x_wconf 82' lang='lat' dir='ltr'><strong>sta</strong></span> <span class='ocrx_word' id='word_1_357' title='bbox 1036 4347 1116 4398; x_wconf 88' lang='lat' dir='ltr'><strong>Itic</strong></span> <span class='ocrx_word' id='word_1_358' title='bbox 1147 4362 1353 4398; x_wconf 88' lang='lat' dir='ltr'><strong>mecum.</strong></span> <span class='ocrx_word' id='word_1_359' title='bbox 1381 4344 1446 4397; x_wconf 85' lang='lat' dir='ltr'><strong>El</strong></span> <span class='ocrx_word' id='word_1_360' title='bbox 1469 4356 1573 4398; x_wconf 88' lang='lat' dir='ltr'><strong>erat</strong></span> <span class='ocrx_word' id='word_1_361' title='bbox 1601 4344 1740 4399; x_wconf 87' lang='lat' dir='ltr'><strong>locus</strong></span> <span class='ocrx_word' id='word_1_362' title='bbox 1767 4348 1849 4399; x_wconf 85' lang='lat' dir='ltr'><strong>ubi</strong></span> <span class='ocrx_word' id='word_1_363' title='bbox 1871 4349 2031 4400; x_wconf 81' lang='lat' dir='ltr'><strong>stabat</strong></span> <span class='ocrx_word' id='word_1_364' title='bbox 2061 4348 2197 4403; x_wconf 88' lang='lat' dir='ltr'><strong>Deus</strong></span> 
     </span>
    </p>
   </div>
   <div class='ocr_carea' id='block_1_45' title="bbox 637 4437 2194 4512">
    <p class='ocr_par' dir='ltr' id='par_1_45' title="bbox 637 4437 2194 4512">
     <span class='ocr_line' id='line_1_45' title="bbox 637 4437 2194 4512; baseline 0.001 -18"><span class='ocrx_word' id='word_1_365' title='bbox 637 4438 839 4505; x_wconf 90' lang='lat' dir='ltr'><strong>Israel,</strong></span> <span class='ocrx_word' id='word_1_366' title='bbox 887 4437 1031 4508; x_wconf 81' lang='lat' dir='ltr'><strong>quasi</strong></span> <span class='ocrx_word' id='word_1_367' title='bbox 1067 4437 1196 4506; x_wconf 83' lang='lat' dir='ltr'><strong>lapis</strong></span> <span class='ocrx_word' id='word_1_368' title='bbox 1224 4437 1452 4506; x_wconf 82' lang='lat' dir='ltr'><strong>sappltiri</strong></span> <span class='ocrx_word' id='word_1_369' title='bbox 1478 4437 1669 4507; x_wconf 80' lang='lat' dir='ltr'><strong>(Exod.</strong></span> <span class='ocrx_word' id='word_1_370' title='bbox 1698 4439 1785 4492; x_wconf 73' lang='grc'><strong>54.</strong></span> <span class='ocrx_word' id='word_1_371' title='bbox 1808 4438 1861 4492; x_wconf 72' lang='lat'><strong>2.</strong></span> <span class='ocrx_word' id='word_1_372' title='bbox 1886 4450 1930 4491; x_wconf 88' lang='lat' dir='ltr'><strong>et</strong></span> <span class='ocrx_word' id='word_1_373' title='bbox 1964 4439 2053 4492; x_wconf 72' lang='grc'><strong>21.</strong></span> <span class='ocrx_word' id='word_1_374' title='bbox 2086 4441 2194 4512; x_wconf 90' lang='grc'>10).</span> 
     </span>
    </p>
   </div>
   <div class='ocr_carea' id='block_1_46' title="bbox 636 4526 2200 4600">
    <p class='ocr_par' dir='ltr' id='par_1_46' title="bbox 636 4526 2200 4600">
     <span class='ocr_line' id='line_1_46' title="bbox 636 4526 2200 4600; baseline 0 -15"><span class='ocrx_word' id='word_1_375' title='bbox 636 4532 925 4600; x_wconf 80' lang='lat' dir='ltr'><strong>Diligenter</strong></span> <span class='ocrx_word' id='word_1_376' title='bbox 949 4526 1313 4582; x_wconf 86' lang='lat' dir='ltr'><strong>animadverte</strong></span> <span class='ocrx_word' id='word_1_377' title='bbox 1358 4545 1369 4579; x_wconf 91' lang='lat'><strong>:</strong></span> <span class='ocrx_word' id='word_1_378' title='bbox 1402 4527 1609 4598; x_wconf 84' lang='lat' dir='ltr'><strong>Moyses</strong></span> <span class='ocrx_word' id='word_1_379' title='bbox 1648 4539 1876 4583; x_wconf 87' lang='lat' dir='ltr'><strong>stantem</strong></span> <span class='ocrx_word' id='word_1_380' title='bbox 1925 4531 2049 4585; x_wconf 86' lang='lat' dir='ltr'><strong>dicit</strong></span> <span class='ocrx_word' id='word_1_381' title='bbox 2082 4574 2094 4596; x_wconf 95' lang='lat'><strong>,</strong></span> <span class='ocrx_word' id='word_1_382' title='bbox 2147 4542 2200 4586; x_wconf 88' lang='lat' dir='ltr'><strong>ct</strong></span> 
     </span>
    </p>
   </div>
   <div class='ocr_carea' id='block_1_47' title="bbox 636 4619 2200 4693">
    <p class='ocr_par' dir='ltr' id='par_1_47' title="bbox 636 4619 2200 4693">
     <span class='ocr_line' id='line_1_47' title="bbox 636 4619 2200 4693; baseline -0.001 -13"><span class='ocrx_word' id='word_1_383' title='bbox 636 4625 775 4680; x_wconf 88' lang='lat' dir='ltr'><strong>Deus</strong></span> <span class='ocrx_word' id='word_1_384' title='bbox 800 4622 961 4692; x_wconf 81' lang='lat' dir='ltr'><strong>Moysi</strong></span> <span class='ocrx_word' id='word_1_385' title='bbox 993 4620 1143 4689; x_wconf 89' lang='lat' dir='ltr'><strong>quasi</strong></span> <span class='ocrx_word' id='word_1_386' title='bbox 1169 4628 1336 4684; x_wconf 88' lang='lat' dir='ltr'><strong>stans,</strong></span> <span class='ocrx_word' id='word_1_387' title='bbox 1362 4619 1489 4672; x_wconf 88' lang='lat' dir='ltr'><strong>dicit</strong></span> <span class='ocrx_word' id='word_1_388' title='bbox 1515 4637 1528 4672; x_wconf 89' lang='lat'><strong>:</strong></span> <span class='ocrx_word' id='word_1_389' title='bbox 1558 4620 1651 4673; x_wconf 83' lang='lat' dir='ltr'><strong>Sta</strong></span> <span class='ocrx_word' id='word_1_390' title='bbox 1677 4638 1891 4675; x_wconf 86' lang='lat' dir='ltr'><strong>mecum.</strong></span> <span class='ocrx_word' id='word_1_391' title='bbox 1910 4622 2045 4688; x_wconf 86' lang='lat' dir='ltr'><strong>Quid</strong></span> <span class='ocrx_word' id='word_1_392' title='bbox 2071 4639 2200 4693; x_wconf 81' lang='lat' dir='ltr'><strong>ergo</strong></span> 
     </span>
    </p>
   </div>
   <div class='ocr_carea' id='block_1_48' title="bbox 635 4709 2199 4779">
    <p class='ocr_par' dir='ltr' id='par_1_48' title="bbox 635 4709 2199 4779">
     <span class='ocr_line' id='line_1_48' title="bbox 635 4709 2199 4779; baseline -0.001 -12"><span class='ocrx_word' id='word_1_393' title='bbox 635 4727 944 4770; x_wconf 86' lang='lat' dir='ltr'><strong>censeamus</strong></span> <span class='ocrx_word' id='word_1_394' title='bbox 968 4712 1035 4766; x_wconf 88' lang='lat' dir='ltr'><strong>de</strong></span> <span class='ocrx_word' id='word_1_395' title='bbox 1059 4711 1289 4766; x_wconf 85' lang='lat' dir='ltr'><strong>Jeremia</strong></span> <span class='ocrx_word' id='word_1_396' title='bbox 1313 4710 1545 4774; x_wconf 91' lang='lat' dir='ltr'><strong>dicente,</strong></span> <span class='ocrx_word' id='word_1_397' title='bbox 1564 4709 1641 4763; x_wconf 86' lang='lat' dir='ltr'><strong>Tu</strong></span> <span class='ocrx_word' id='word_1_398' title='bbox 1663 4712 1838 4765; x_wconf 84' lang='lat' dir='ltr'><strong>sedens</strong></span> <span class='ocrx_word' id='word_1_399' title='bbox 1859 4714 1910 4765; x_wconf 83' lang='lat' dir='ltr'><strong>in</strong></span> <span class='ocrx_word' id='word_1_400' title='bbox 1936 4715 2199 4779; x_wconf 66' lang='lat' dir='ltr'><strong>arculum,</strong></span> 
     </span>
    </p>
   </div>
   <div class='ocr_carea' id='block_1_49' title="bbox 638 4801 2203 4874">
    <p class='ocr_par' dir='ltr' id='par_1_49' title="bbox 638 4801 2203 4874">
     <span class='ocr_line' id='line_1_49' title="bbox 638 4801 2203 4874; baseline -0.001 -14"><span class='ocrx_word' id='word_1_401' title='bbox 638 4815 694 4860; x_wconf 90' lang='lat' dir='ltr'><strong>et</strong></span> <span class='ocrx_word' id='word_1_402' title='bbox 731 4820 829 4859; x_wconf 89' lang='lat' dir='ltr'><strong>nos</strong></span> <span class='ocrx_word' id='word_1_403' title='bbox 875 4804 1110 4874; x_wconf 89' lang='lat' dir='ltr'><strong>perimus</strong></span> <span class='ocrx_word' id='word_1_404' title='bbox 1161 4803 1210 4855; x_wconf 90' lang='lat' dir='ltr'><strong>in</strong></span> <span class='ocrx_word' id='word_1_405' title='bbox 1243 4801 1537 4856; x_wconf 68' lang='lat' dir='ltr'><strong>szeculutn?</strong></span> <span class='ocrx_word' id='word_1_406' title='bbox 1566 4802 1736 4856; x_wconf 85' lang='lat' dir='ltr'><strong>Sedes</strong></span> <span class='ocrx_word' id='word_1_407' title='bbox 1778 4814 1831 4857; x_wconf 89' lang='lat' dir='ltr'><strong>et</strong></span> <span class='ocrx_word' id='word_1_408' title='bbox 1876 4806 2033 4859; x_wconf 89' lang='lat' dir='ltr'><strong>statio</strong></span> <span class='ocrx_word' id='word_1_409' title='bbox 2079 4816 2203 4859; x_wconf 88' lang='lat' dir='ltr'><strong>sunt</strong></span> 
     </span>
    </p>
   </div>
   <div class='ocr_carea' id='block_1_50' title="bbox 637 4894 2201 4963">
    <p class='ocr_par' dir='ltr' id='par_1_50' title="bbox 637 4894 2201 4963">
     <span class='ocr_line' id='line_1_50' title="bbox 637 4894 2201 4963; baseline -0.001 -10"><span class='ocrx_word' id='word_1_410' title='bbox 637 4901 863 4953; x_wconf 88' lang='lat' dir='ltr'><strong>humana</strong></span> <span class='ocrx_word' id='word_1_411' title='bbox 883 4896 1062 4958; x_wconf 89' lang='lat' dir='ltr'><strong>verba,</strong></span> <span class='ocrx_word' id='word_1_412' title='bbox 1094 4894 1185 4947; x_wconf 88' lang='lat' dir='ltr'><strong>sed</strong></span> <span class='ocrx_word' id='word_1_413' title='bbox 1215 4908 1403 4948; x_wconf 87' lang='lat' dir='ltr'><strong>sensus</strong></span> <span class='ocrx_word' id='word_1_414' title='bbox 1434 4904 1515 4949; x_wconf 89' lang='lat' dir='ltr'><strong>est</strong></span> <span class='ocrx_word' id='word_1_415' title='bbox 1548 4894 1781 4949; x_wconf 89' lang='lat' dir='ltr'><strong>divinus.</strong></span> <span class='ocrx_word' id='word_1_416' title='bbox 1813 4895 1943 4963; x_wconf 88' lang='lat' dir='ltr'><strong>Quia</strong></span> <span class='ocrx_word' id='word_1_417' title='bbox 1972 4898 2201 4952; x_wconf 88' lang='lat' dir='ltr'><strong>humana</strong></span> 
     </span>
    </p>
   </div>
   <div class='ocr_carea' id='block_1_51' title="bbox 644 4986 2204 5054">
    <p class='ocr_par' dir='ltr' id='par_1_51' title="bbox 644 4986 2204 5054">
     <span class='ocr_line' id='line_1_51' title="bbox 644 4986 2204 5054; baseline 0.002 -13"><span class='ocrx_word' id='word_1_418' title='bbox 644 4991 750 5044; x_wconf 86' lang='lat' dir='ltr'><strong>vita</strong></span> <span class='ocrx_word' id='word_1_419' title='bbox 779 4990 881 5043; x_wconf 93' lang='lat' dir='ltr'><strong>huc</strong></span> <span class='ocrx_word' id='word_1_420' title='bbox 910 4988 1032 5040; x_wconf 91' lang='lat' dir='ltr'><strong>illuc</strong></span> <span class='ocrx_word' id='word_1_421' title='bbox 1077 4986 1453 5054; x_wconf 81' lang='lat' dir='ltr'><strong>circumagitur</strong></span> <span class='ocrx_word' id='word_1_422' title='bbox 1479 5027 1493 5051; x_wconf 93' lang='lat'><strong>,</strong></span> <span class='ocrx_word' id='word_1_423' title='bbox 1540 4986 1677 5040; x_wconf 91' lang='lat' dir='ltr'><strong>Deus</strong></span> <span class='ocrx_word' id='word_1_424' title='bbox 1718 4997 1861 5041; x_wconf 90' lang='lat' dir='ltr'><strong>stare</strong></span> <span class='ocrx_word' id='word_1_425' title='bbox 1886 4988 2117 5054; x_wconf 88' lang='lat' dir='ltr'><strong>dicitur;</strong></span> <span class='ocrx_word' id='word_1_426' title='bbox 2150 4998 2204 5044; x_wconf 84' lang='lat' dir='ltr'><strong>et</strong></span> 
     </span>
    </p>
   </div>
   <div class='ocr_carea' id='block_1_52' title="bbox 638 5076 2205 5149">
    <p class='ocr_par' dir='ltr' id='par_1_52' title="bbox 638 5076 2205 5149">
     <span class='ocr_line' id='line_1_52' title="bbox 638 5076 2205 5149; baseline 0.003 -18"><span class='ocrx_word' id='word_1_427' title='bbox 638 5080 757 5149; x_wconf 89' lang='lat' dir='ltr'><strong>quia</strong></span> <span class='ocrx_word' id='word_1_428' title='bbox 791 5092 887 5131; x_wconf 93' lang='lat' dir='ltr'><strong>nos</strong></span> <span class='ocrx_word' id='word_1_429' title='bbox 933 5076 1150 5129; x_wconf 90' lang='lat' dir='ltr'><strong>minime</strong></span> <span class='ocrx_word' id='word_1_430' title='bbox 1196 5076 1330 5128; x_wconf 81' lang='lat' dir='ltr'><strong>firmi</strong></span> <span class='ocrx_word' id='word_1_431' title='bbox 1376 5076 1755 5146; x_wconf 83' lang='lat' dir='ltr'><strong>instabilesque</strong></span> <span class='ocrx_word' id='word_1_432' title='bbox 1796 5093 2012 5146; x_wconf 89' lang='lat' dir='ltr'><strong>sumus,</strong></span> <span class='ocrx_word' id='word_1_433' title='bbox 2065 5080 2205 5135; x_wconf 84' lang='lat' dir='ltr'><strong>Deus</strong></span> 
     </span>
    </p>
   </div>
   <div class='ocr_carea' id='block_1_53' title="bbox 641 5166 2201 5238">
    <p class='ocr_par' dir='ltr' id='par_1_53' title="bbox 641 5166 2201 5238">
     <span class='ocr_line' id='line_1_53' title="bbox 641 5166 2201 5238; baseline 0.001 -14"><span class='ocrx_word' id='word_1_434' title='bbox 641 5170 832 5224; x_wconf 91' lang='lat' dir='ltr'><strong>dicitur</strong></span> <span class='ocrx_word' id='word_1_435' title='bbox 849 5167 1034 5221; x_wconf 88' lang='lat' dir='ltr'><strong>sedere</strong></span> <span class='ocrx_word' id='word_1_436' title='bbox 1057 5167 1125 5220; x_wconf 92' lang='lat' dir='ltr'><strong>ob</strong></span> <span class='ocrx_word' id='word_1_437' title='bbox 1142 5166 1483 5221; x_wconf 87' lang='lat' dir='ltr'><strong>stabilitatem</strong></span> <span class='ocrx_word' id='word_1_438' title='bbox 1503 5182 1649 5221; x_wconf 90' lang='lat' dir='ltr'><strong>suam</strong></span> <span class='ocrx_word' id='word_1_439' title='bbox 1674 5187 1686 5222; x_wconf 91' lang='lat'>:</span> <span class='ocrx_word' id='word_1_440' title='bbox 1705 5169 1845 5238; x_wconf 90' lang='lat' dir='ltr'><strong>quod</strong></span> <span class='ocrx_word' id='word_1_441' title='bbox 1867 5171 2007 5224; x_wconf 88' lang='lat' dir='ltr'><strong>enim</strong></span> <span class='ocrx_word' id='word_1_442' title='bbox 2034 5172 2201 5238; x_wconf 86' lang='lat' dir='ltr'><strong>sedet,</strong></span> 
     </span>
    </p>
   </div>
   <div class='ocr_carea' id='block_1_54' title="bbox 643 5258 2200 5329">
    <p class='ocr_par' dir='ltr' id='par_1_54' title="bbox 643 5258 2200 5329">
     <span class='ocr_line' id='line_1_54' title="bbox 643 5258 2200 5329; baseline 0 -14"><span class='ocrx_word' id='word_1_443' title='bbox 643 5261 849 5315; x_wconf 77' lang='lat' dir='ltr'><strong>ﬁrmant</strong></span> <span class='ocrx_word' id='word_1_444' title='bbox 877 5268 977 5313; x_wconf 89' lang='lat' dir='ltr'><strong>est.</strong></span> <span class='ocrx_word' id='word_1_445' title='bbox 998 5258 1139 5328; x_wconf 80' lang='lat' dir='ltr'><strong>Fuge</strong></span> <span class='ocrx_word' id='word_1_446' title='bbox 1159 5258 1247 5310; x_wconf 89' lang='lat' dir='ltr'><strong>illa</strong></span> <span class='ocrx_word' id='word_1_447' title='bbox 1269 5272 1385 5325; x_wconf 67' lang='lat' dir='ltr'><strong>quae</strong></span> <span class='ocrx_word' id='word_1_448' title='bbox 1415 5258 1506 5311; x_wconf 90' lang='lat' dir='ltr'><strong>tibi</strong></span> <span class='ocrx_word' id='word_1_449' title='bbox 1537 5274 1601 5311; x_wconf 81' lang='lat' dir='ltr'><strong>ex</strong></span> <span class='ocrx_word' id='word_1_450' title='bbox 1629 5260 1845 5313; x_wconf 89' lang='lat' dir='ltr'><strong>vocibus</strong></span> <span class='ocrx_word' id='word_1_451' title='bbox 1860 5261 2200 5329; x_wconf 88' lang='lat' dir='ltr'><strong>objiciuntur,</strong></span> 
     </span>
    </p>
   </div>
   <div class='ocr_carea' id='block_1_55' title="bbox 643 5346 2205 5421">
    <p class='ocr_par' dir='ltr' id='par_1_55' title="bbox 643 5346 2205 5421">
     <span class='ocr_line' id='line_1_55' title="bbox 643 5346 2205 5421; baseline 0 -16"><span class='ocrx_word' id='word_1_452' title='bbox 643 5360 694 5405; x_wconf 89' lang='lat' dir='ltr'><strong>et</strong></span> <span class='ocrx_word' id='word_1_453' title='bbox 708 5350 875 5419; x_wconf 87' lang='lat' dir='ltr'><strong>cogita</strong></span> <span class='ocrx_word' id='word_1_454' title='bbox 890 5349 972 5402; x_wconf 85' lang='lat' dir='ltr'><strong>illa</strong></span> <span class='ocrx_word' id='word_1_455' title='bbox 988 5364 1104 5415; x_wconf 69' lang='lat' dir='ltr'><strong>qua:</strong></span> <span class='ocrx_word' id='word_1_456' title='bbox 1117 5362 1210 5417; x_wconf 90' lang='lat' dir='ltr'><strong>per</strong></span> <span class='ocrx_word' id='word_1_457' title='bbox 1224 5346 1378 5401; x_wconf 80' lang='lat' dir='ltr'><strong>ﬁdem</strong></span> <span class='ocrx_word' id='word_1_458' title='bbox 1397 5347 1539 5416; x_wconf 89' lang='lat' dir='ltr'><strong>perci</strong></span> <span class='ocrx_word' id='word_1_459' title='bbox 1550 5348 2060 5415; x_wconf 86' lang='lat' dir='ltr'><strong>piuntur.Quomodo</strong></span> <span class='ocrx_word' id='word_1_460' title='bbox 2076 5366 2205 5421; x_wconf 87' lang='lat' dir='ltr'><strong>ergo</strong></span> 
     </span>
    </p>
   </div>
   <div class='ocr_carea' id='block_1_56' title="bbox 640 5439 2209 5511">
    <p class='ocr_par' dir='ltr' id='par_1_56' title="bbox 640 5439 2209 5511">
     <span class='ocr_line' id='line_1_56' title="bbox 640 5439 2209 5511; baseline -0.001 -12"><span class='ocrx_word' id='word_1_461' title='bbox 640 5443 797 5499; x_wconf 83' lang='lat' dir='ltr'><strong>offert</strong></span> <span class='ocrx_word' id='word_1_462' title='bbox 809 5441 947 5496; x_wconf 86' lang='lat' dir='ltr'><strong>Patri</strong></span> <span class='ocrx_word' id='word_1_463' title='bbox 967 5440 1151 5494; x_wconf 87' lang='lat' dir='ltr'><strong>Filius?</strong></span> <span class='ocrx_word' id='word_1_464' title='bbox 1167 5439 1433 5510; x_wconf 89' lang='lat' dir='ltr'><strong>quomodo</strong></span> <span class='ocrx_word' id='word_1_465' title='bbox 1450 5441 1602 5494; x_wconf 88' lang='lat' dir='ltr'><strong>Pater</strong></span> <span class='ocrx_word' id='word_1_466' title='bbox 1616 5440 1775 5494; x_wconf 79' lang='lat' dir='ltr'><strong>Filio?</strong></span> <span class='ocrx_word' id='word_1_467' title='bbox 1792 5458 1961 5511; x_wconf 88' lang='lat' dir='ltr'><strong>neque</strong></span> <span class='ocrx_word' id='word_1_468' title='bbox 1977 5447 2117 5497; x_wconf 86' lang='lat' dir='ltr'><strong>enim</strong></span> <span class='ocrx_word' id='word_1_469' title='bbox 2135 5444 2209 5497; x_wconf 92' lang='lat' dir='ltr'><strong>di-</strong></span> 
     </span>
    </p>
   </div>
   <div class='ocr_carea' id='block_1_57' title="bbox 640 5531 2198 5602">
    <p class='ocr_par' dir='ltr' id='par_1_57' title="bbox 640 5531 2198 5602">
     <span class='ocr_line' id='line_1_57' title="bbox 640 5531 2198 5602; baseline 0 -13"><span class='ocrx_word' id='word_1_470' title='bbox 640 5546 781 5590; x_wconf 88' lang='lat' dir='ltr'><strong>ctum</strong></span> <span class='ocrx_word' id='word_1_471' title='bbox 800 5531 925 5587; x_wconf 90' lang='lat' dir='ltr'><strong>illud</strong></span> <span class='ocrx_word' id='word_1_472' title='bbox 948 5532 1062 5586; x_wconf 90' lang='lat' dir='ltr'><strong>sine</strong></span> <span class='ocrx_word' id='word_1_473' title='bbox 1086 5532 1326 5587; x_wconf 82' lang='lat' dir='ltr'><strong>examine</strong></span> <span class='ocrx_word' id='word_1_474' title='bbox 1347 5531 1746 5602; x_wconf 89' lang='lat' dir='ltr'><strong>relinquendum</strong></span> <span class='ocrx_word' id='word_1_475' title='bbox 1769 5544 1866 5587; x_wconf 88' lang='lat' dir='ltr'><strong>est.</strong></span> <span class='ocrx_word' id='word_1_476' title='bbox 1898 5534 2050 5589; x_wconf 85' lang='lat' dir='ltr'><strong>Pater</strong></span> <span class='ocrx_word' id='word_1_477' title='bbox 2064 5534 2198 5590; x_wconf 90' lang='lat' dir='ltr'><strong>Filio</strong></span> 
     </span>
    </p>
   </div>
   <div class='ocr_carea' id='block_1_58' title="bbox 641 5623 2201 5697">
    <p class='ocr_par' dir='ltr' id='par_1_58' title="bbox 641 5623 2201 5697">
     <span class='ocr_line' id='line_1_58' title="bbox 641 5623 2201 5697; baseline 0 -17"><span class='ocrx_word' id='word_1_478' title='bbox 641 5624 895 5695; x_wconf 90' lang='lat' dir='ltr'><strong>quosdam</strong></span> <span class='ocrx_word' id='word_1_479' title='bbox 915 5624 1227 5692; x_wconf 87' lang='lat' dir='ltr'><strong>conspicuos</strong></span> <span class='ocrx_word' id='word_1_480' title='bbox 1244 5632 1298 5677; x_wconf 90' lang='lat' dir='ltr'><strong>et</strong></span> <span class='ocrx_word' id='word_1_481' title='bbox 1320 5623 1569 5693; x_wconf 89' lang='lat' dir='ltr'><strong>probatos</strong></span> <span class='ocrx_word' id='word_1_482' title='bbox 1593 5623 1747 5677; x_wconf 69' lang='lat' dir='ltr'><strong>offert</strong></span> <span class='ocrx_word' id='word_1_483' title='bbox 1767 5642 1780 5689; x_wconf 89' lang='lat'><strong>;</strong></span> <span class='ocrx_word' id='word_1_484' title='bbox 1800 5624 1965 5680; x_wconf 87' lang='lat' dir='ltr'><strong>Filius</strong></span> <span class='ocrx_word' id='word_1_485' title='bbox 1994 5640 2201 5697; x_wconf 88' lang='lat' dir='ltr'><strong>quoque</strong></span> 
     </span>
    </p>
   </div>
   <div class='ocr_carea' id='block_1_59' title="bbox 640 5715 2208 5790">
    <p class='ocr_par' dir='ltr' id='par_1_59' title="bbox 640 5715 2208 5790">
     <span class='ocr_line' id='line_1_59' title="bbox 640 5715 2208 5790; baseline 0.003 -19"><span class='ocrx_word' id='word_1_486' title='bbox 640 5716 780 5772; x_wconf 81' lang='lat' dir='ltr'><strong>Patri</strong></span> <span class='ocrx_word' id='word_1_487' title='bbox 798 5715 1054 5786; x_wconf 88' lang='lat' dir='ltr'><strong>quosdam</strong></span> <span class='ocrx_word' id='word_1_488' title='bbox 1069 5716 1381 5785; x_wconf 77' lang='lat' dir='ltr'><strong>conSpicuos</strong></span> <span class='ocrx_word' id='word_1_489' title='bbox 1396 5725 1450 5771; x_wconf 88' lang='lat' dir='ltr'><strong>et</strong></span> <span class='ocrx_word' id='word_1_490' title='bbox 1472 5716 1718 5785; x_wconf 89' lang='lat' dir='ltr'><strong>probatos</strong></span> <span class='ocrx_word' id='word_1_491' title='bbox 1735 5717 1908 5772; x_wconf 81' lang='lat' dir='ltr'><strong>oll’ert.</strong></span> <span class='ocrx_word' id='word_1_492' title='bbox 1925 5720 1995 5773; x_wconf 82' lang='lat' dir='ltr'><strong>Nc</strong></span> <span class='ocrx_word' id='word_1_493' title='bbox 2011 5730 2062 5774; x_wconf 90' lang='grc' dir='ltr'><strong>ιιι</strong></span> <span class='ocrx_word' id='word_1_494' title='bbox 2081 5736 2208 5790; x_wconf 72' lang='lat' dir='ltr'><strong>pra:-</strong></span> 
     </span>
    </p>
   </div>
   <div class='ocr_carea' id='block_1_60' title="bbox 641 5808 2203 5883">
    <p class='ocr_par' dir='ltr' id='par_1_60' title="bbox 641 5808 2203 5883">
     <span class='ocr_line' id='line_1_60' title="bbox 641 5808 2203 5883; baseline 0.003 -21"><span class='ocrx_word' id='word_1_495' title='bbox 641 5822 922 5880; x_wconf 80' lang='lat' dir='ltr'><strong>occupans,</strong></span> <span class='ocrx_word' id='word_1_496' title='bbox 941 5809 1137 5865; x_wconf 88' lang='lat' dir='ltr'><strong>dictum</strong></span> <span class='ocrx_word' id='word_1_497' title='bbox 1156 5809 1221 5866; x_wconf 83' lang='lat' dir='ltr'><strong>ad</strong></span> <span class='ocrx_word' id='word_1_498' title='bbox 1237 5808 1553 5867; x_wconf 80' lang='lat' dir='ltr'><strong>calumniam</strong></span> <span class='ocrx_word' id='word_1_499' title='bbox 1575 5808 1822 5880; x_wconf 83' lang='lat' dir='ltr'><strong>abripias,</strong></span> <span class='ocrx_word' id='word_1_500' title='bbox 1845 5811 1934 5865; x_wconf 89' lang='lat' dir='ltr'><strong>sed</strong></span> <span class='ocrx_word' id='word_1_501' title='bbox 1958 5823 2203 5883; x_wconf 75' lang='lat' dir='ltr'><strong>exspecta</strong></span> 
     </span>
    </p>
   </div>
   <div class='ocr_carea' id='block_1_61' title="bbox 1726 405 3865 470">
    <p class='ocr_par' dir='ltr' id='par_1_61' title="bbox 1726 405 3865 470">
     <span class='ocr_line' id='line_1_61' title="bbox 1726 405 3865 470; baseline -0.011 0"><span class='ocrx_word' id='word_1_502' title='bbox 1726 407 2091 470; x_wconf 73' lang='lat' dir='ltr'><strong>SEVERIANI</strong></span> <span class='ocrx_word' id='word_1_503' title='bbox 2144 405 2484 463; x_wconf 76' lang='lat' dir='ltr'><strong>GABALOR.</strong></span> <span class='ocrx_word' id='word_1_504' title='bbox 2526 407 2740 463; x_wconf 74' lang='lat' dir='ltr'><strong>EPISC.</strong></span> <span class='ocrx_word' id='word_1_505' title='bbox 3760 406 3865 460; x_wconf 64' lang='grc' dir='ltr'><strong>εδδ</strong></span> 
     </span>
    </p>
   </div>
   <div class='ocr_carea' id='block_1_62' title="bbox 2292 516 3861 591">
    <p class='ocr_par' dir='ltr' id='par_1_62' title="bbox 2292 516 3861 591">
     <span class='ocr_line' id='line_1_62' title="bbox 2292 516 3861 591; baseline -0.002 -18"><span class='ocrx_word' id='word_1_506' title='bbox 2292 520 2447 576; x_wconf 88' lang='lat' dir='ltr'><strong>linem</strong></span> <span class='ocrx_word' id='word_1_507' title='bbox 2478 531 2533 577; x_wconf 90' lang='lat' dir='ltr'><strong>et</strong></span> <span class='ocrx_word' id='word_1_508' title='bbox 2560 520 2626 577; x_wconf 90' lang='lat' dir='ltr'><strong>de</strong></span> <span class='ocrx_word' id='word_1_509' title='bbox 2650 518 2794 576; x_wconf 82' lang='lat' dir='ltr'><strong>dicto</strong></span> <span class='ocrx_word' id='word_1_510' title='bbox 2825 520 3000 590; x_wconf 87' lang='lat' dir='ltr'><strong>judica</strong></span> <span class='ocrx_word' id='word_1_511' title='bbox 3034 537 3138 577; x_wconf 88' lang='lat' dir='ltr'><strong>:ne</strong></span> <span class='ocrx_word' id='word_1_512' title='bbox 3160 522 3235 576; x_wconf 81' lang='lat' dir='ltr'><strong>sis</strong></span> <span class='ocrx_word' id='word_1_513' title='bbox 3256 518 3419 591; x_wconf 79' lang='lat' dir='ltr'><strong>iudex</strong></span> <span class='ocrx_word' id='word_1_514' title='bbox 3452 516 3697 573; x_wconf 86' lang='lat' dir='ltr'><strong>inimicus</strong></span> <span class='ocrx_word' id='word_1_515' title='bbox 3718 556 3739 585; x_wconf 85' lang='grc'><strong>,</strong></span> <span class='ocrx_word' id='word_1_516' title='bbox 3771 521 3861 569; x_wconf 81' lang='lat' dir='ltr'><strong>sed</strong></span> 
     </span>
    </p>
   </div>
   <div class='ocr_carea' id='block_1_63' title="bbox 2283 608 3866 678">
    <p class='ocr_par' dir='ltr' id='par_1_63' title="bbox 2283 608 3866 678">
     <span class='ocr_line' id='line_1_63' title="bbox 2283 608 3866 678; baseline -0.003 -15"><span class='ocrx_word' id='word_1_517' title='bbox 2283 620 2620 666; x_wconf 80' lang='lat' dir='ltr'><strong>concertator</strong></span> <span class='ocrx_word' id='word_1_518' title='bbox 2635 612 2945 666; x_wconf 84' lang='lat' dir='ltr'><strong>benevolus.</strong></span> <span class='ocrx_word' id='word_1_519' title='bbox 2967 612 3019 665; x_wconf 92' lang='lat' dir='ltr'><strong>In</strong></span> <span class='ocrx_word' id='word_1_520' title='bbox 3042 611 3197 669; x_wconf 90' lang='lat' dir='ltr'><strong>Israel</strong></span> <span class='ocrx_word' id='word_1_521' title='bbox 3216 612 3353 666; x_wconf 87' lang='lat' dir='ltr'><strong>Dens</strong></span> <span class='ocrx_word' id='word_1_522' title='bbox 3368 619 3424 665; x_wconf 83' lang='lat' dir='ltr'><strong>et</strong></span> <span class='ocrx_word' id='word_1_523' title='bbox 3444 610 3600 665; x_wconf 85' lang='lat' dir='ltr'><strong>Pater</strong></span> <span class='ocrx_word' id='word_1_524' title='bbox 3615 608 3866 678; x_wconf 77' lang='lat' dir='ltr'><strong>cognitus</strong></span> 
     </span>
    </p>
   </div>
   <div class='ocr_carea' id='block_1_64' title="bbox 2281 700 3866 774">
    <p class='ocr_par' dir='ltr' id='par_1_64' title="bbox 2281 700 3866 774">
     <span class='ocr_line' id='line_1_64' title="bbox 2281 700 3866 774; baseline -0.002 -17"><span class='ocrx_word' id='word_1_525' title='bbox 2281 714 2417 769; x_wconf 80' lang='lat' dir='ltr'><strong>erat,</strong></span> <span class='ocrx_word' id='word_1_526' title='bbox 2442 703 2608 759; x_wconf 83' lang='lat' dir='ltr'><strong>Filius</strong></span> <span class='ocrx_word' id='word_1_527' title='bbox 2631 705 3010 774; x_wconf 88' lang='lat' dir='ltr'><strong>ignorabatur:</strong></span> <span class='ocrx_word' id='word_1_528' title='bbox 3040 704 3178 773; x_wconf 85' lang='lat' dir='ltr'><strong>apud</strong></span> <span class='ocrx_word' id='word_1_529' title='bbox 3207 714 3391 774; x_wconf 85' lang='lat' dir='ltr'><strong>gentes</strong></span> <span class='ocrx_word' id='word_1_530' title='bbox 3420 711 3594 757; x_wconf 66' lang='lat' dir='ltr'><strong>autem</strong></span> <span class='ocrx_word' id='word_1_531' title='bbox 3625 710 3682 757; x_wconf 85' lang='lat' dir='ltr'><strong>et</strong></span> <span class='ocrx_word' id='word_1_532' title='bbox 3705 700 3866 754; x_wconf 76' lang='lat' dir='ltr'><strong>Pater</strong></span> 
     </span>
    </p>
   </div>
   <div class='ocr_carea' id='block_1_65' title="bbox 2282 795 3869 865">
    <p class='ocr_par' dir='ltr' id='par_1_65' title="bbox 2282 795 3869 865">
     <span class='ocr_line' id='line_1_65' title="bbox 2282 795 3869 865; baseline -0.001 -18"><span class='ocrx_word' id='word_1_533' title='bbox 2282 795 2683 865; x_wconf 82' lang='lat' dir='ltr'><strong>ignorabaturet</strong></span> <span class='ocrx_word' id='word_1_534' title='bbox 2699 795 2891 849; x_wconf 79' lang='lat' dir='ltr'><strong>Filius:</strong></span> <span class='ocrx_word' id='word_1_535' title='bbox 2914 811 3033 849; x_wconf 90' lang='lat' dir='ltr'><strong>nam</strong></span> <span class='ocrx_word' id='word_1_536' title='bbox 3049 795 3419 865; x_wconf 84' lang='lat' dir='ltr'><strong>multiplicium</strong></span> <span class='ocrx_word' id='word_1_537' title='bbox 3436 795 3656 848; x_wconf 89' lang='lat' dir='ltr'><strong>deorum</strong></span> <span class='ocrx_word' id='word_1_538' title='bbox 3673 807 3869 847; x_wconf 81' lang='lat' dir='ltr'><strong>errore</strong></span> 
     </span>
    </p>
   </div>
   <div class='ocr_carea' id='block_1_66' title="bbox 2282 883 3868 955">
    <p class='ocr_par' dir='ltr' id='par_1_66' title="bbox 2282 883 3868 955">
     <span class='ocr_line' id='line_1_66' title="bbox 2282 883 3868 955; baseline -0.004 -16"><span class='ocrx_word' id='word_1_539' title='bbox 2282 886 2678 940; x_wconf 88' lang='lat' dir='ltr'><strong>detinebantur.</strong></span> <span class='ocrx_word' id='word_1_540' title='bbox 2718 884 2814 940; x_wconf 87' lang='lat' dir='ltr'><strong>Ubi</strong></span> <span class='ocrx_word' id='word_1_541' title='bbox 2847 885 3005 955; x_wconf 86' lang='lat' dir='ltr'><strong>igitur</strong></span> <span class='ocrx_word' id='word_1_542' title='bbox 3031 886 3190 939; x_wconf 80' lang='lat' dir='ltr'><strong>Pater</strong></span> <span class='ocrx_word' id='word_1_543' title='bbox 3220 896 3375 940; x_wconf 82' lang='lat' dir='ltr'><strong>notos</strong></span> <span class='ocrx_word' id='word_1_544' title='bbox 3405 896 3504 947; x_wconf 84' lang='lat' dir='ltr'><strong>est,</strong></span> <span class='ocrx_word' id='word_1_545' title='bbox 3539 883 3709 938; x_wconf 85' lang='lat' dir='ltr'><strong>Filius</strong></span> <span class='ocrx_word' id='word_1_546' title='bbox 3738 898 3868 937; x_wconf 82' lang='lat' dir='ltr'><strong>vero</strong></span> 
     </span>
    </p>
   </div>
   <div class='ocr_carea' id='block_1_67' title="bbox 2283 974 3869 1046">
    <p class='ocr_par' dir='ltr' id='par_1_67' title="bbox 2283 974 3869 1046">
     <span class='ocr_line' id='line_1_67' title="bbox 2283 974 3869 1046; baseline -0.004 -15"><span class='ocrx_word' id='word_1_547' title='bbox 2283 977 2558 1045; x_wconf 85' lang='lat' dir='ltr'><strong>ignoratur</strong></span> <span class='ocrx_word' id='word_1_548' title='bbox 2583 1017 2597 1042; x_wconf 94' lang='lat'><strong>,</strong></span> <span class='ocrx_word' id='word_1_549' title='bbox 2631 977 2794 1046; x_wconf 83' lang='lat' dir='ltr'><strong>ignOti</strong></span> <span class='ocrx_word' id='word_1_550' title='bbox 2845 976 2968 1031; x_wconf 86' lang='lat' dir='ltr'><strong>Filii</strong></span> <span class='ocrx_word' id='word_1_551' title='bbox 3024 978 3287 1045; x_wconf 77' lang='lat' dir='ltr'><strong>interpres</strong></span> <span class='ocrx_word' id='word_1_552' title='bbox 3308 988 3390 1031; x_wconf 75' lang='lat' dir='ltr'><strong>eat</strong></span> <span class='ocrx_word' id='word_1_553' title='bbox 3434 976 3610 1030; x_wconf 86' lang='lat' dir='ltr'><strong>Pater.</strong></span> <span class='ocrx_word' id='word_1_554' title='bbox 3642 974 3869 1029; x_wconf 77' lang='lat' dir='ltr'><strong>Sermo-</strong></span> 
     </span>
    </p>
   </div>
   <div class='ocr_carea' id='block_1_68' title="bbox 2283 1065 3869 1139">
    <p class='ocr_par' dir='ltr' id='par_1_68' title="bbox 2283 1065 3869 1139">
     <span class='ocr_line' id='line_1_68' title="bbox 2283 1065 3869 1139; baseline -0.003 -18"><span class='ocrx_word' id='word_1_555' title='bbox 2283 1084 2403 1123; x_wconf 89' lang='lat' dir='ltr'><strong>nem</strong></span> <span class='ocrx_word' id='word_1_556' title='bbox 2431 1084 2720 1135; x_wconf 87' lang='lat' dir='ltr'><strong>resumam,</strong></span> <span class='ocrx_word' id='word_1_557' title='bbox 2751 1079 2807 1122; x_wconf 94' lang='lat' dir='ltr'><strong>nt</strong></span> <span class='ocrx_word' id='word_1_558' title='bbox 2836 1068 3245 1139; x_wconf 86' lang='lat' dir='ltr'><strong>intelligentiam</strong></span> <span class='ocrx_word' id='word_1_559' title='bbox 3291 1078 3543 1122; x_wconf 86' lang='lat' dir='ltr'><strong>statuam.</strong></span> <span class='ocrx_word' id='word_1_560' title='bbox 3565 1066 3669 1123; x_wconf 89' lang='lat' dir='ltr'><strong>Ubi</strong></span> <span class='ocrx_word' id='word_1_561' title='bbox 3706 1065 3869 1120; x_wconf 85' lang='lat' dir='ltr'><strong>Pater</strong></span> 
     </span>
    </p>
   </div>
   <div class='ocr_carea' id='block_1_69' title="bbox 2284 1160 3871 1231">
    <p class='ocr_par' dir='ltr' id='par_1_69' title="bbox 2284 1160 3871 1231">
     <span class='ocr_line' id='line_1_69' title="bbox 2284 1160 3871 1231; baseline -0.004 -14"><span class='ocrx_word' id='word_1_562' title='bbox 2284 1173 2439 1217; x_wconf 83' lang='lat' dir='ltr'><strong>notus</strong></span> <span class='ocrx_word' id='word_1_563' title='bbox 2466 1171 2579 1227; x_wconf 81' lang='lat' dir='ltr'><strong>est,</strong></span> <span class='ocrx_word' id='word_1_564' title='bbox 2602 1164 2671 1219; x_wconf 90' lang='lat' dir='ltr'><strong>de</strong></span> <span class='ocrx_word' id='word_1_565' title='bbox 2695 1164 2832 1218; x_wconf 85' lang='lat' dir='ltr'><strong>Filio</strong></span> <span class='ocrx_word' id='word_1_566' title='bbox 2859 1174 3035 1217; x_wconf 88' lang='lat' dir='ltr'><strong>autem</strong></span> <span class='ocrx_word' id='word_1_567' title='bbox 3067 1162 3342 1217; x_wconf 87' lang='lat' dir='ltr'><strong>dubitatur</strong></span> <span class='ocrx_word' id='word_1_568' title='bbox 3362 1203 3377 1228; x_wconf 94' lang='lat'><strong>,</strong></span> <span class='ocrx_word' id='word_1_569' title='bbox 3411 1172 3569 1216; x_wconf 86' lang='lat' dir='ltr'><strong>notus</strong></span> <span class='ocrx_word' id='word_1_570' title='bbox 3605 1160 3781 1231; x_wconf 82' lang='lat' dir='ltr'><strong>ignoti</strong></span> <span class='ocrx_word' id='word_1_571' title='bbox 3812 1160 3871 1211; x_wconf 83' lang='lat' dir='ltr'><strong>tit</strong></span> 
     </span>
    </p>
   </div>
   <div class='ocr_carea' id='block_1_70' title="bbox 2282 1254 3867 1327">
    <p class='ocr_par' dir='ltr' id='par_1_70' title="bbox 2282 1254 3867 1327">
     <span class='ocr_line' id='line_1_70' title="bbox 2282 1254 3867 1327; baseline -0.001 -20"><span class='ocrx_word' id='word_1_572' title='bbox 2282 1256 2543 1325; x_wconf 90' lang='lat' dir='ltr'><strong>interpres</strong></span> <span class='ocrx_word' id='word_1_573' title='bbox 2573 1272 2589 1311; x_wconf 88' lang='lat'><strong>:</strong></span> <span class='ocrx_word' id='word_1_574' title='bbox 2619 1258 2704 1310; x_wconf 92' lang='lat' dir='ltr'><strong>ubi</strong></span> <span class='ocrx_word' id='word_1_575' title='bbox 2754 1257 2909 1311; x_wconf 80' lang='lat' dir='ltr'><strong>Pater</strong></span> <span class='ocrx_word' id='word_1_576' title='bbox 2956 1258 3250 1327; x_wconf 87' lang='lat' dir='ltr'><strong>ignoratur,</strong></span> <span class='ocrx_word' id='word_1_577' title='bbox 3278 1256 3440 1325; x_wconf 86' lang='lat' dir='ltr'><strong>ignoti</strong></span> <span class='ocrx_word' id='word_1_578' title='bbox 3469 1270 3644 1327; x_wconf 76' lang='lat' dir='ltr'><strong>przeco</strong></span> <span class='ocrx_word' id='word_1_579' title='bbox 3695 1254 3867 1309; x_wconf 74' lang='lat' dir='ltr'><strong>Filius</strong></span> 
     </span>
    </p>
   </div>
   <div class='ocr_carea' id='block_1_71' title="bbox 2282 1346 3867 1413">
    <p class='ocr_par' dir='ltr' id='par_1_71' title="bbox 2282 1346 3867 1413">
     <span class='ocr_line' id='line_1_71' title="bbox 2282 1346 3867 1413; baseline -0.002 -13"><span class='ocrx_word' id='word_1_580' title='bbox 2282 1346 2533 1401; x_wconf 85' lang='lat' dir='ltr'><strong>efﬁcitur.</strong></span> <span class='ocrx_word' id='word_1_581' title='bbox 2574 1348 2733 1413; x_wconf 85' lang='lat' dir='ltr'><strong>ideo,</strong></span> <span class='ocrx_word' id='word_1_582' title='bbox 2764 1358 2821 1401; x_wconf 91' lang='lat' dir='ltr'><strong>ut</strong></span> <span class='ocrx_word' id='word_1_583' title='bbox 2862 1357 3170 1403; x_wconf 85' lang='lat' dir='ltr'><strong>accuratum</strong></span> <span class='ocrx_word' id='word_1_584' title='bbox 3208 1348 3471 1403; x_wconf 88' lang='lat' dir='ltr'><strong>dictorum</strong></span> <span class='ocrx_word' id='word_1_585' title='bbox 3498 1362 3730 1401; x_wconf 74' lang='lat' dir='ltr'><strong>examen</strong></span> <span class='ocrx_word' id='word_1_586' title='bbox 3776 1361 3867 1398; x_wconf 65' lang='lat' dir='ltr'><strong>ac-</strong></span> 
     </span>
    </p>
   </div>
   <div class='ocr_carea' id='block_1_72' title="bbox 2282 1438 3867 1510">
    <p class='ocr_par' dir='ltr' id='par_1_72' title="bbox 2282 1438 3867 1510">
     <span class='ocr_line' id='line_1_72' title="bbox 2282 1438 3867 1510; baseline -0.001 -19"><span class='ocrx_word' id='word_1_587' title='bbox 2282 1438 2484 1505; x_wconf 82' lang='lat' dir='ltr'><strong>cipias,</strong></span> <span class='ocrx_word' id='word_1_588' title='bbox 2536 1454 2851 1507; x_wconf 86' lang='lat' dir='ltr'><strong>sponsorem</strong></span> <span class='ocrx_word' id='word_1_589' title='bbox 2899 1442 2990 1494; x_wconf 92' lang='lat' dir='ltr'><strong>tibi</strong></span> <span class='ocrx_word' id='word_1_590' title='bbox 3040 1441 3382 1510; x_wconf 78' lang='lat' dir='ltr'><strong>Evangelium</strong></span> <span class='ocrx_word' id='word_1_591' title='bbox 3440 1439 3677 1510; x_wconf 66' lang='lat' dir='ltr'><strong>pratbeo.</strong></span> <span class='ocrx_word' id='word_1_592' title='bbox 3729 1439 3867 1493; x_wconf 77' lang='lat' dir='ltr'><strong>Dicit</strong></span> 
     </span>
    </p>
   </div>
   <div class='ocr_carea' id='block_1_73' title="bbox 2283 1529 3868 1604">
    <p class='ocr_par' dir='ltr' id='par_1_73' title="bbox 2283 1529 3868 1604">
     <span class='ocr_line' id='line_1_73' title="bbox 2283 1529 3868 1604; baseline -0.001 -20"><span class='ocrx_word' id='word_1_593' title='bbox 2283 1529 2538 1584; x_wconf 86' lang='lat' dir='ltr'><strong>Servalor</strong></span> <span class='ocrx_word' id='word_1_594' title='bbox 2562 1531 2628 1584; x_wconf 90' lang='lat' dir='ltr'><strong>de</strong></span> <span class='ocrx_word' id='word_1_595' title='bbox 2654 1533 2927 1599; x_wconf 85' lang='lat' dir='ltr'><strong>gentibus:</strong></span> <span class='ocrx_word' id='word_1_596' title='bbox 2957 1532 3161 1586; x_wconf 84' lang='lat' dir='ltr'><strong>Nomen</strong></span> <span class='ocrx_word' id='word_1_597' title='bbox 3185 1542 3323 1585; x_wconf 83' lang='lat' dir='ltr'><strong>tuum</strong></span> <span class='ocrx_word' id='word_1_598' title='bbox 3342 1533 3657 1604; x_wconf 65' lang='lat' dir='ltr'><strong>manifestam</strong></span> <span class='ocrx_word' id='word_1_599' title='bbox 3671 1532 3868 1585; x_wconf 70' lang='lat' dir='ltr'><strong>mando</strong></span> 
     </span>
    </p>
   </div>
   <div class='ocr_carea' id='block_1_74' title="bbox 2285 1617 3864 1692">
    <p class='ocr_par' dir='ltr' id='par_1_74' title="bbox 2285 1617 3864 1692">
     <span class='ocr_line' id='line_1_74' title="bbox 2285 1617 3864 1692; baseline 0.001 -20"><span class='ocrx_word' id='word_1_600' title='bbox 2285 1617 2467 1687; x_wconf 80' lang='lat' dir='ltr'><strong>(loan.</strong></span> <span class='ocrx_word' id='word_1_601' title='bbox 2502 1620 2588 1674; x_wconf 85' lang='grc'>17.</span> <span class='ocrx_word' id='word_1_602' title='bbox 2615 1620 2711 1691; x_wconf 84' lang='grc'><strong>6);</strong></span> <span class='ocrx_word' id='word_1_603' title='bbox 2764 1622 2870 1677; x_wconf 89' lang='lat' dir='ltr'><strong>imo</strong></span> <span class='ocrx_word' id='word_1_604' title='bbox 2913 1622 3175 1692; x_wconf 86' lang='lat' dir='ltr'><strong>ignoranti</strong></span> <span class='ocrx_word' id='word_1_605' title='bbox 3232 1623 3432 1677; x_wconf 89' lang='lat' dir='ltr'><strong>nmndo</strong></span> <span class='ocrx_word' id='word_1_606' title='bbox 3472 1637 3665 1677; x_wconf 87' lang='lat' dir='ltr'><strong>nomen</strong></span> <span class='ocrx_word' id='word_1_607' title='bbox 3714 1632 3864 1675; x_wconf 87' lang='lat' dir='ltr'><strong>tuum</strong></span> 
     </span>
    </p>
   </div>
   <div class='ocr_carea' id='block_1_75' title="bbox 2287 1710 3868 1781">
    <p class='ocr_par' dir='ltr' id='par_1_75' title="bbox 2287 1710 3868 1781">
     <span class='ocr_line' id='line_1_75' title="bbox 2287 1710 3868 1781; baseline 0.001 -17"><span class='ocrx_word' id='word_1_608' title='bbox 2287 1710 2649 1766; x_wconf 89' lang='lat' dir='ltr'><strong>manifestavi.</strong></span> <span class='ocrx_word' id='word_1_609' title='bbox 2673 1713 2823 1780; x_wconf 85' lang='lat' dir='ltr'><strong>Quod</strong></span> <span class='ocrx_word' id='word_1_610' title='bbox 2870 1729 3061 1769; x_wconf 88' lang='lat' dir='ltr'><strong>nomen</strong></span> <span class='ocrx_word' id='word_1_611' title='bbox 3099 1715 3496 1770; x_wconf 75' lang='lat' dir='ltr'><strong>manil‘estavit?</strong></span> <span class='ocrx_word' id='word_1_612' title='bbox 3531 1713 3687 1781; x_wconf 87' lang='lat' dir='ltr'><strong>Quod</strong></span> <span class='ocrx_word' id='word_1_613' title='bbox 3727 1714 3868 1767; x_wconf 81' lang='lat' dir='ltr'><strong>Dcus</strong></span> 
     </span>
    </p>
   </div>
   <div class='ocr_carea' id='block_1_76' title="bbox 2285 1804 3863 1877">
    <p class='ocr_par' dir='ltr' id='par_1_76' title="bbox 2285 1804 3863 1877">
     <span class='ocr_line' id='line_1_76' title="bbox 2285 1804 3863 1877; baseline 0 -22"><span class='ocrx_word' id='word_1_614' title='bbox 2285 1811 2447 1855; x_wconf 85' lang='lat' dir='ltr'><strong>esset.</strong></span> <span class='ocrx_word' id='word_1_615' title='bbox 2471 1804 2625 1867; x_wconf 78' lang='lat' dir='ltr'><strong>Atqui</strong></span> <span class='ocrx_word' id='word_1_616' title='bbox 2670 1805 2905 1874; x_wconf 79' lang='lat' dir='ltr'><strong>cognitio</strong></span> <span class='ocrx_word' id='word_1_617' title='bbox 2935 1821 3127 1860; x_wconf 90' lang='lat' dir='ltr'><strong>nomen</strong></span> <span class='ocrx_word' id='word_1_618' title='bbox 3181 1816 3652 1877; x_wconf 64' lang='lat' dir='ltr'><strong>praeoccupaverat</strong></span> <span class='ocrx_word' id='word_1_619' title='bbox 3682 1824 3696 1857; x_wconf 92' lang='lat'>:</span> <span class='ocrx_word' id='word_1_620' title='bbox 3742 1822 3863 1858; x_wconf 87' lang='lat' dir='ltr'><strong>nam</strong></span> 
     </span>
    </p>
   </div>
   <div class='ocr_carea' id='block_1_77' title="bbox 2286 1892 3867 1962">
    <p class='ocr_par' dir='ltr' id='par_1_77' title="bbox 2286 1892 3867 1962">
     <span class='ocr_line' id='line_1_77' title="bbox 2286 1892 3867 1962; baseline 0 -17"><span class='ocrx_word' id='word_1_621' title='bbox 2286 1892 2443 1945; x_wconf 86' lang='lat' dir='ltr'><strong>etiam</strong></span> <span class='ocrx_word' id='word_1_622' title='bbox 2473 1894 2559 1961; x_wconf 91' lang='lat' dir='ltr'><strong>qui</strong></span> <span class='ocrx_word' id='word_1_623' title='bbox 2591 1894 2640 1946; x_wconf 91' lang='lat' dir='ltr'><strong>in</strong></span> <span class='ocrx_word' id='word_1_624' title='bbox 2680 1909 2871 1949; x_wconf 88' lang='lat' dir='ltr'><strong>errore</strong></span> <span class='ocrx_word' id='word_1_625' title='bbox 2913 1904 3227 1962; x_wconf 84' lang='lat' dir='ltr'><strong>versantur,</strong></span> <span class='ocrx_word' id='word_1_626' title='bbox 3266 1896 3662 1959; x_wconf 84' lang='lat' dir='ltr'><strong>Deumdicunt;</strong></span> <span class='ocrx_word' id='word_1_627' title='bbox 3695 1904 3754 1949; x_wconf 89' lang='lat' dir='ltr'><strong>et</strong></span> <span class='ocrx_word' id='word_1_628' title='bbox 3780 1898 3867 1962; x_wconf 84' lang='lat' dir='ltr'><strong>qui</strong></span> 
     </span>
    </p>
   </div>
   <div class='ocr_carea' id='block_1_78' title="bbox 2294 1982 3865 2057">
    <p class='ocr_par' dir='ltr' id='par_1_78' title="bbox 2294 1982 3865 2057">
     <span class='ocr_line' id='line_1_78' title="bbox 2294 1982 3865 2057; baseline 0.002 -23"><span class='ocrx_word' id='word_1_629' title='bbox 2294 1996 2321 2034; x_wconf 90' lang='lat' dir='ltr'><strong>a</strong></span> <span class='ocrx_word' id='word_1_630' title='bbox 2353 1982 2546 2050; x_wconf 84' lang='lat' dir='ltr'><strong>pietate</strong></span> <span class='ocrx_word' id='word_1_631' title='bbox 2574 1984 2877 2038; x_wconf 78' lang='lat' dir='ltr'><strong>suntalieni</strong></span> <span class='ocrx_word' id='word_1_632' title='bbox 2898 2028 2913 2051; x_wconf 93' lang='lat'><strong>,</strong></span> <span class='ocrx_word' id='word_1_633' title='bbox 2950 2002 3142 2040; x_wconf 85' lang='lat' dir='ltr'><strong>nomen</strong></span> <span class='ocrx_word' id='word_1_634' title='bbox 3172 2002 3278 2039; x_wconf 89' lang='lat' dir='ltr'><strong>non</strong></span> <span class='ocrx_word' id='word_1_635' title='bbox 3330 1997 3544 2057; x_wconf 83' lang='lat' dir='ltr'><strong>negant.</strong></span> <span class='ocrx_word' id='word_1_636' title='bbox 3575 1986 3865 2051; x_wconf 76' lang='lat' dir='ltr'><strong>Quodnam</strong></span> 
     </span>
    </p>
   </div>
   <div class='ocr_carea' id='block_1_79' title="bbox 2287 2074 3863 2143">
    <p class='ocr_par' dir='ltr' id='par_1_79' title="bbox 2287 2074 3863 2143">
     <span class='ocr_line' id='line_1_79' title="bbox 2287 2074 3863 2143; baseline 0.002 -18"><span class='ocrx_word' id='word_1_637' title='bbox 2287 2087 2414 2141; x_wconf 91' lang='lat' dir='ltr'><strong>ergo</strong></span> <span class='ocrx_word' id='word_1_638' title='bbox 2461 2089 2654 2128; x_wconf 82' lang='lat' dir='ltr'><strong>nomen</strong></span> <span class='ocrx_word' id='word_1_639' title='bbox 2705 2074 3117 2130; x_wconf 82' lang='lat' dir='ltr'><strong>manifestavit?</strong></span> <span class='ocrx_word' id='word_1_640' title='bbox 3162 2076 3317 2143; x_wconf 83' lang='lat' dir='ltr'><strong>Quod</strong></span> <span class='ocrx_word' id='word_1_641' title='bbox 3363 2076 3519 2131; x_wconf 80' lang='lat' dir='ltr'><strong>Pater</strong></span> <span class='ocrx_word' id='word_1_642' title='bbox 3568 2084 3803 2129; x_wconf 82' lang='lat' dir='ltr'><strong>vocetur</strong></span> <span class='ocrx_word' id='word_1_643' title='bbox 3850 2092 3863 2124; x_wconf 92' lang='lat'><strong>:</strong></span> 
     </span>
    </p>
   </div>
   <div class='ocr_carea' id='block_1_80' title="bbox 2289 2160 3866 2237">
    <p class='ocr_par' dir='ltr' id='par_1_80' title="bbox 2289 2160 3866 2237">
     <span class='ocr_line' id='line_1_80' title="bbox 2289 2160 3866 2237; baseline 0.005 -23"><span class='ocrx_word' id='word_1_644' title='bbox 2289 2160 2615 2232; x_wconf 75' lang='lat' dir='ltr'><strong>Manifestavi</strong></span> <span class='ocrx_word' id='word_1_645' title='bbox 2660 2181 2839 2219; x_wconf 84' lang='lat' dir='ltr'><strong>nomen</strong></span> <span class='ocrx_word' id='word_1_646' title='bbox 2884 2177 3025 2219; x_wconf 86' lang='lat' dir='ltr'><strong>tuum</strong></span> <span class='ocrx_word' id='word_1_647' title='bbox 3069 2168 3279 2222; x_wconf 83' lang='lat' dir='ltr'><strong>mundo.</strong></span> <span class='ocrx_word' id='word_1_648' title='bbox 3314 2162 3493 2223; x_wconf 72' lang='lat' dir='ltr'><strong>Viden&#39;</strong></span> <span class='ocrx_word' id='word_1_649' title='bbox 3526 2166 3669 2237; x_wconf 89' lang='lat' dir='ltr'><strong>quod</strong></span> <span class='ocrx_word' id='word_1_650' title='bbox 3700 2209 3752 2233; x_wconf 77' lang='grc'><strong>,,</strong></span> <span class='ocrx_word' id='word_1_651' title='bbox 3780 2168 3866 2222; x_wconf 85' lang='lat' dir='ltr'><strong>ubi</strong></span> 
     </span>
    </p>
   </div>
   <div class='ocr_carea' id='block_1_81' title="bbox 2288 2256 3868 2331">
    <p class='ocr_par' dir='ltr' id='par_1_81' title="bbox 2288 2256 3868 2331">
     <span class='ocr_line' id='line_1_81' title="bbox 2288 2256 3868 2331; baseline 0.001 -21"><span class='ocrx_word' id='word_1_652' title='bbox 2288 2256 2446 2313; x_wconf 86' lang='lat' dir='ltr'><strong>Pater</strong></span> <span class='ocrx_word' id='word_1_653' title='bbox 2472 2258 2683 2329; x_wconf 85' lang='lat' dir='ltr'><strong>ignotus</strong></span> <span class='ocrx_word' id='word_1_654' title='bbox 2709 2270 2809 2326; x_wconf 69' lang='grc' dir='ltr'>εει,</span> <span class='ocrx_word' id='word_1_655' title='bbox 2835 2259 3001 2315; x_wconf 84' lang='lat' dir='ltr'><strong>Filius</strong></span> <span class='ocrx_word' id='word_1_656' title='bbox 3031 2261 3101 2314; x_wconf 89' lang='lat' dir='ltr'><strong>sit</strong></span> <span class='ocrx_word' id='word_1_657' title='bbox 3127 2261 3413 2330; x_wconf 88' lang='lat' dir='ltr'><strong>interpres,</strong></span> <span class='ocrx_word' id='word_1_658' title='bbox 3440 2261 3526 2330; x_wconf 93' lang='lat' dir='ltr'><strong>qui</strong></span> <span class='ocrx_word' id='word_1_659' title='bbox 3552 2276 3645 2331; x_wconf 88' lang='lat' dir='ltr'><strong>per</strong></span> <span class='ocrx_word' id='word_1_660' title='bbox 3674 2260 3868 2330; x_wconf 65' lang='lat' dir='ltr'><strong>praedi-</strong></span> 
     </span>
    </p>
   </div>
   <div class='ocr_carea' id='block_1_82' title="bbox 2289 2350 3870 2420">
    <p class='ocr_par' dir='ltr' id='par_1_82' title="bbox 2289 2350 3870 2420">
     <span class='ocr_line' id='line_1_82' title="bbox 2289 2350 3870 2420; baseline 0.001 -16"><span class='ocrx_word' id='word_1_661' title='bbox 2289 2350 2548 2404; x_wconf 88' lang='lat' dir='ltr'><strong>cationem</strong></span> <span class='ocrx_word' id='word_1_662' title='bbox 2576 2352 2934 2420; x_wconf 78' lang='lat' dir='ltr'><strong>evangelicum</strong></span> <span class='ocrx_word' id='word_1_663' title='bbox 2962 2360 3249 2407; x_wconf 72' lang='lat' dir='ltr'><strong>veritatem</strong></span> <span class='ocrx_word' id='word_1_664' title='bbox 3277 2353 3509 2407; x_wconf 86' lang='lat' dir='ltr'><strong>declaret</strong></span> <span class='ocrx_word' id='word_1_665' title='bbox 3542 2369 3555 2405; x_wconf 88' lang='lat'><strong>:</strong></span> <span class='ocrx_word' id='word_1_666' title='bbox 3588 2351 3680 2404; x_wconf 89' lang='lat' dir='ltr'><strong>ubi</strong></span> <span class='ocrx_word' id='word_1_667' title='bbox 3741 2366 3870 2405; x_wconf 85' lang='lat' dir='ltr'><strong>vero</strong></span> 
     </span>
    </p>
   </div>
   <div class='ocr_carea' id='block_1_83' title="bbox 2290 2439 3866 2513">
    <p class='ocr_par' dir='ltr' id='par_1_83' title="bbox 2290 2439 3866 2513">
     <span class='ocr_line' id='line_1_83' title="bbox 2290 2439 3866 2513; baseline 0.002 -21"><span class='ocrx_word' id='word_1_668' title='bbox 2290 2439 2447 2493; x_wconf 87' lang='lat' dir='ltr'><strong>Pater</strong></span> <span class='ocrx_word' id='word_1_669' title='bbox 2473 2450 2630 2494; x_wconf 89' lang='lat' dir='ltr'><strong>notus</strong></span> <span class='ocrx_word' id='word_1_670' title='bbox 2672 2457 2796 2497; x_wconf 88' lang='lat' dir='ltr'><strong>esse</strong></span> <span class='ocrx_word' id='word_1_671' title='bbox 2827 2443 3109 2511; x_wconf 86' lang='lat' dir='ltr'><strong>putabatur</strong></span> <span class='ocrx_word' id='word_1_672' title='bbox 3157 2442 3427 2513; x_wconf 69' lang='lat' dir='ltr'><strong>Piliusque</strong></span> <span class='ocrx_word' id='word_1_673' title='bbox 3464 2444 3675 2513; x_wconf 90' lang='lat' dir='ltr'><strong>ignotus</strong></span> <span class='ocrx_word' id='word_1_674' title='bbox 3708 2455 3826 2496; x_wconf 82' lang='lat' dir='ltr'><strong>erat</strong></span> <span class='ocrx_word' id='word_1_675' title='bbox 3852 2484 3866 2504; x_wconf 86' lang='lat'><strong>.</strong></span> 
     </span>
    </p>
   </div>
   <div class='ocr_carea' id='block_1_84' title="bbox 2292 2530 3871 2603">
    <p class='ocr_par' dir='ltr' id='par_1_84' title="bbox 2292 2530 3871 2603">
     <span class='ocr_line' id='line_1_84' title="bbox 2292 2530 3871 2603; baseline 0 -19"><span class='ocrx_word' id='word_1_676' title='bbox 2292 2531 2446 2585; x_wconf 82' lang='lat' dir='ltr'><strong>Pater</strong></span> <span class='ocrx_word' id='word_1_677' title='bbox 2471 2530 2633 2601; x_wconf 83' lang='lat' dir='ltr'><strong>ignoti</strong></span> <span class='ocrx_word' id='word_1_678' title='bbox 2683 2535 2946 2601; x_wconf 88' lang='lat' dir='ltr'><strong>interpres</strong></span> <span class='ocrx_word' id='word_1_679' title='bbox 2996 2533 3113 2587; x_wconf 85' lang='lat' dir='ltr'><strong>fuit.</strong></span> <span class='ocrx_word' id='word_1_680' title='bbox 3155 2534 3397 2603; x_wconf 83' lang='lat' dir='ltr'><strong>Exempli</strong></span> <span class='ocrx_word' id='word_1_681' title='bbox 3427 2550 3582 2588; x_wconf 90' lang='lat' dir='ltr'><strong>causa</strong></span> <span class='ocrx_word' id='word_1_682' title='bbox 3609 2576 3621 2600; x_wconf 91' lang='lat'><strong>,</strong></span> <span class='ocrx_word' id='word_1_683' title='bbox 3652 2544 3713 2587; x_wconf 93' lang='lat' dir='ltr'><strong>ut</strong></span> <span class='ocrx_word' id='word_1_684' title='bbox 3745 2534 3871 2602; x_wconf 69' lang='lat' dir='ltr'><strong>ipsis</strong></span> 
     </span>
    </p>
   </div>
   <div class='ocr_carea' id='block_1_85' title="bbox 2292 2624 3870 2680">
    <p class='ocr_par' dir='ltr' id='par_1_85' title="bbox 2292 2624 3870 2680">
     <span class='ocr_line' id='line_1_85' title="bbox 2292 2624 3870 2680; baseline 0.001 -3"><span class='ocrx_word' id='word_1_685' title='bbox 2292 2624 2451 2678; x_wconf 84' lang='lat' dir='ltr'><strong>rebus</strong></span> <span class='ocrx_word' id='word_1_686' title='bbox 2480 2628 2755 2678; x_wconf 88' lang='lat' dir='ltr'><strong>veritatem</strong></span> <span class='ocrx_word' id='word_1_687' title='bbox 2789 2625 3150 2680; x_wconf 87' lang='lat' dir='ltr'><strong>demonstrem</strong></span> <span class='ocrx_word' id='word_1_688' title='bbox 3186 2644 3199 2680; x_wconf 91' lang='lat'>:</span> <span class='ocrx_word' id='word_1_689' title='bbox 3230 2626 3428 2680; x_wconf 80' lang='lat' dir='ltr'><strong>Paulus</strong></span> <span class='ocrx_word' id='word_1_690' title='bbox 3474 2626 3633 2680; x_wconf 88' lang='lat' dir='ltr'><strong>Deum</strong></span> <span class='ocrx_word' id='word_1_691' title='bbox 3697 2640 3870 2679; x_wconf 85' lang='lat' dir='ltr'><strong>nove-</strong></span> 
     </span>
    </p>
   </div>
   <div class='ocr_carea' id='block_1_86' title="bbox 2293 2713 3867 2780">
    <p class='ocr_par' dir='ltr' id='par_1_86' title="bbox 2293 2713 3867 2780">
     <span class='ocr_line' id='line_1_86' title="bbox 2293 2713 3867 2780; baseline 0.001 -14"><span class='ocrx_word' id='word_1_692' title='bbox 2293 2724 2413 2778; x_wconf 77' lang='lat' dir='ltr'><strong>rat,</strong></span> <span class='ocrx_word' id='word_1_693' title='bbox 2441 2713 2632 2768; x_wconf 84' lang='lat' dir='ltr'><strong>Filium</strong></span> <span class='ocrx_word' id='word_1_694' title='bbox 2679 2731 2782 2769; x_wconf 91' lang='lat' dir='ltr'><strong>non</strong></span> <span class='ocrx_word' id='word_1_695' title='bbox 2836 2726 3059 2771; x_wconf 87' lang='lat' dir='ltr'><strong>noverat</strong></span> <span class='ocrx_word' id='word_1_696' title='bbox 3092 2735 3105 2771; x_wconf 91' lang='lat'>:</span> <span class='ocrx_word' id='word_1_697' title='bbox 3148 2728 3305 2771; x_wconf 89' lang='lat' dir='ltr'><strong>norat</strong></span> <span class='ocrx_word' id='word_1_698' title='bbox 3336 2718 3533 2780; x_wconf 87' lang='lat' dir='ltr'><strong>Deum,</strong></span> <span class='ocrx_word' id='word_1_699' title='bbox 3570 2732 3675 2770; x_wconf 91' lang='lat' dir='ltr'><strong>non</strong></span> <span class='ocrx_word' id='word_1_700' title='bbox 3715 2729 3867 2770; x_wconf 81' lang='lat' dir='ltr'><strong>norat</strong></span> 
     </span>
    </p>
   </div>
   <div class='ocr_carea' id='block_1_87' title="bbox 2297 2806 3861 2880">
    <p class='ocr_par' dir='ltr' id='par_1_87' title="bbox 2297 2806 3861 2880">
     <span class='ocr_line' id='line_1_87' title="bbox 2297 2806 3861 2880; baseline 0.003 -23"><span class='ocrx_word' id='word_1_701' title='bbox 2297 2806 2459 2861; x_wconf 86' lang='lat' dir='ltr'><strong>Deum</strong></span> <span class='ocrx_word' id='word_1_702' title='bbox 2491 2821 2615 2862; x_wconf 74' lang='lat' dir='ltr'><strong>esse</strong></span> <span class='ocrx_word' id='word_1_703' title='bbox 2640 2806 2837 2862; x_wconf 88' lang='lat' dir='ltr'><strong>Christi</strong></span> <span class='ocrx_word' id='word_1_704' title='bbox 2878 2809 3123 2863; x_wconf 80' lang='lat' dir='ltr'><strong>Patrem:</strong></span> <span class='ocrx_word' id='word_1_705' title='bbox 3147 2820 3365 2880; x_wconf 87' lang='lat' dir='ltr'><strong>eratque</strong></span> <span class='ocrx_word' id='word_1_706' title='bbox 3412 2811 3615 2879; x_wconf 89' lang='lat' dir='ltr'><strong>pictatis</strong></span> <span class='ocrx_word' id='word_1_707' title='bbox 3647 2810 3861 2863; x_wconf 84' lang='lat' dir='ltr'><strong>studio-</strong></span> 
     </span>
    </p>
   </div>
   <div class='ocr_carea' id='block_1_88' title="bbox 2293 2899 3871 2972">
    <p class='ocr_par' dir='ltr' id='par_1_88' title="bbox 2293 2899 3871 2972">
     <span class='ocr_line' id='line_1_88' title="bbox 2293 2899 3871 2972; baseline 0.001 -21"><span class='ocrx_word' id='word_1_708' title='bbox 2293 2912 2405 2962; x_wconf 85' lang='lat' dir='ltr'><strong>sus,</strong></span> <span class='ocrx_word' id='word_1_709' title='bbox 2437 2913 2497 2953; x_wconf 91' lang='lat' dir='ltr'><strong>ac</strong></span> <span class='ocrx_word' id='word_1_710' title='bbox 2526 2913 2620 2968; x_wconf 90' lang='lat' dir='ltr'><strong>pro</strong></span> <span class='ocrx_word' id='word_1_711' title='bbox 2642 2899 2756 2969; x_wconf 87' lang='lat' dir='ltr'><strong>lege</strong></span> <span class='ocrx_word' id='word_1_712' title='bbox 2778 2902 3061 2969; x_wconf 87' lang='lat' dir='ltr'><strong>pugnabat.</strong></span> <span class='ocrx_word' id='word_1_713' title='bbox 3094 2902 3434 2971; x_wconf 75' lang='lat' dir='ltr'><strong>Deuszelum</strong></span> <span class='ocrx_word' id='word_1_714' title='bbox 3457 2903 3693 2971; x_wconf 74' lang='lat' dir='ltr'><strong>reSpcxit</strong></span> <span class='ocrx_word' id='word_1_715' title='bbox 3724 2902 3871 2972; x_wconf 81' lang='lat' dir='ltr'><strong>igno-</strong></span> 
     </span>
    </p>
   </div>
   <div class='ocr_carea' id='block_1_89' title="bbox 2294 2989 3869 3061">
    <p class='ocr_par' dir='ltr' id='par_1_89' title="bbox 2294 2989 3869 3061">
     <span class='ocr_line' id='line_1_89' title="bbox 2294 2989 3869 3061; baseline 0.002 -21"><span class='ocrx_word' id='word_1_716' title='bbox 2294 2989 2463 3043; x_wconf 86' lang='lat' dir='ltr'><strong>rantia</strong></span> <span class='ocrx_word' id='word_1_717' title='bbox 2504 2990 2743 3059; x_wconf 88' lang='lat' dir='ltr'><strong>plenum,</strong></span> <span class='ocrx_word' id='word_1_718' title='bbox 2792 2991 2885 3045; x_wconf 88' lang='lat' dir='ltr'><strong>sed</strong></span> <span class='ocrx_word' id='word_1_719' title='bbox 2926 2991 3102 3046; x_wconf 90' lang='lat' dir='ltr'><strong>studio</strong></span> <span class='ocrx_word' id='word_1_720' title='bbox 3142 2992 3452 3047; x_wconf 86' lang='lat' dir='ltr'><strong>ardentem:</strong></span> <span class='ocrx_word' id='word_1_721' title='bbox 3490 3002 3543 3047; x_wconf 89' lang='lat' dir='ltr'><strong>et</strong></span> <span class='ocrx_word' id='word_1_722' title='bbox 3568 2992 3697 3061; x_wconf 86' lang='lat' dir='ltr'><strong>quid</strong></span> <span class='ocrx_word' id='word_1_723' title='bbox 3730 2994 3869 3061; x_wconf 74' lang='lat' dir='ltr'><strong>agit?</strong></span> 
     </span>
    </p>
   </div>
   <div class='ocr_carea' id='block_1_90' title="bbox 2294 3080 3870 3150">
    <p class='ocr_par' dir='ltr' id='par_1_90' title="bbox 2294 3080 3870 3150">
     <span class='ocr_line' id='line_1_90' title="bbox 2294 3080 3870 3150; baseline 0.003 -20"><span class='ocrx_word' id='word_1_724' title='bbox 2294 3080 2624 3133; x_wconf 78' lang='lat' dir='ltr'><strong>demonStrat</strong></span> <span class='ocrx_word' id='word_1_725' title='bbox 2652 3080 2919 3149; x_wconf 84' lang='lat' dir='ltr'><strong>ignoranti</strong></span> <span class='ocrx_word' id='word_1_726' title='bbox 2967 3082 3226 3150; x_wconf 87' lang='lat' dir='ltr'><strong>ignotum.</strong></span> <span class='ocrx_word' id='word_1_727' title='bbox 3271 3081 3402 3149; x_wconf 84' lang='lat' dir='ltr'><strong>Quis</strong></span> <span class='ocrx_word' id='word_1_728' title='bbox 3432 3082 3583 3137; x_wconf 87' lang='lat' dir='ltr'><strong>nobis</strong></span> <span class='ocrx_word' id='word_1_729' title='bbox 3613 3084 3734 3137; x_wconf 75' lang='lat' dir='ltr'><strong>haec</strong></span> <span class='ocrx_word' id='word_1_730' title='bbox 3777 3098 3870 3136; x_wconf 75' lang='lat' dir='ltr'><strong>ex-</strong></span> 
     </span>
    </p>
   </div>
   <div class='ocr_carea' id='block_1_91' title="bbox 2298 3170 3868 3242">
    <p class='ocr_par' dir='ltr' id='par_1_91' title="bbox 2298 3170 3868 3242">
     <span class='ocr_line' id='line_1_91' title="bbox 2298 3170 3868 3242; baseline 0.002 -19"><span class='ocrx_word' id='word_1_731' title='bbox 2298 3170 2544 3238; x_wconf 84' lang='lat' dir='ltr'><strong>plicabit?</strong></span> <span class='ocrx_word' id='word_1_732' title='bbox 2589 3171 2637 3225; x_wconf 90' lang='lat' dir='ltr'><strong>Is</strong></span> <span class='ocrx_word' id='word_1_733' title='bbox 2680 3171 2816 3239; x_wconf 87' lang='lat' dir='ltr'><strong>ipse,</strong></span> <span class='ocrx_word' id='word_1_734' title='bbox 2847 3173 2936 3241; x_wconf 92' lang='lat' dir='ltr'><strong>qui</strong></span> <span class='ocrx_word' id='word_1_735' title='bbox 2963 3172 3253 3242; x_wconf 83' lang='lat' dir='ltr'><strong>aliquando</strong></span> <span class='ocrx_word' id='word_1_736' title='bbox 3284 3175 3564 3242; x_wconf 87' lang='lat' dir='ltr'><strong>ignoravit.</strong></span> <span class='ocrx_word' id='word_1_737' title='bbox 3597 3183 3643 3228; x_wconf 92' lang='lat' dir='ltr'><strong>et</strong></span> <span class='ocrx_word' id='word_1_738' title='bbox 3685 3186 3868 3242; x_wconf 79' lang='lat' dir='ltr'><strong>postea</strong></span> 
     </span>
    </p>
   </div>
   <div class='ocr_carea' id='block_1_92' title="bbox 2293 3262 3871 3333">
    <p class='ocr_par' dir='ltr' id='par_1_92' title="bbox 2293 3262 3871 3333">
     <span class='ocr_line' id='line_1_92' title="bbox 2293 3262 3871 3333; baseline 0.001 -18"><span class='ocrx_word' id='word_1_739' title='bbox 2293 3262 2579 3329; x_wconf 83' lang='lat' dir='ltr'><strong>cognovit;</strong></span> <span class='ocrx_word' id='word_1_740' title='bbox 2619 3262 2707 3330; x_wconf 86' lang='lat' dir='ltr'><strong>qui</strong></span> <span class='ocrx_word' id='word_1_741' title='bbox 2740 3262 3029 3329; x_wconf 81' lang='lat' dir='ltr'><strong>aliptando</strong></span> <span class='ocrx_word' id='word_1_742' title='bbox 3057 3273 3415 3332; x_wconf 84' lang='lat' dir='ltr'><strong>persequutus</strong></span> <span class='ocrx_word' id='word_1_743' title='bbox 3454 3275 3557 3326; x_wconf 78' lang='lat' dir='ltr'><strong>est,</strong></span> <span class='ocrx_word' id='word_1_744' title='bbox 3587 3274 3641 3317; x_wconf 90' lang='lat' dir='ltr'><strong>et</strong></span> <span class='ocrx_word' id='word_1_745' title='bbox 3690 3273 3871 3333; x_wconf 72' lang='lat' dir='ltr'><strong>postea</strong></span> 
     </span>
    </p>
   </div>
   <div class='ocr_carea' id='block_1_93' title="bbox 2298 3352 3874 3423">
    <p class='ocr_par' dir='ltr' id='par_1_93' title="bbox 2298 3352 3874 3423">
     <span class='ocr_line' id='line_1_93' title="bbox 2298 3352 3874 3423; baseline 0.001 -17"><span class='ocrx_word' id='word_1_746' title='bbox 2298 3353 2618 3422; x_wconf 69' lang='lat' dir='ltr'><strong>praedicavit.</strong></span> <span class='ocrx_word' id='word_1_747' title='bbox 2644 3352 2779 3421; x_wconf 88' lang='lat' dir='ltr'><strong>Quid</strong></span> <span class='ocrx_word' id='word_1_748' title='bbox 2808 3355 2950 3408; x_wconf 91' lang='lat' dir='ltr'><strong>enim</strong></span> <span class='ocrx_word' id='word_1_749' title='bbox 2983 3355 3094 3408; x_wconf 85' lang='lat' dir='ltr'><strong>ait?</strong></span> <span class='ocrx_word' id='word_1_750' title='bbox 3121 3354 3187 3407; x_wconf 75' lang='lat' dir='ltr'><strong>Et</strong></span> <span class='ocrx_word' id='word_1_751' title='bbox 3216 3372 3354 3408; x_wconf 76' lang='grc' dir='ltr'>ργιιηι</span> <span class='ocrx_word' id='word_1_752' title='bbox 3396 3356 3604 3410; x_wconf 79' lang='lat' dir='ltr'><strong>temnlus</strong></span> <span class='ocrx_word' id='word_1_753' title='bbox 3647 3367 3874 3423; x_wconf 74' lang='lat' dir='ltr'><strong>paterna</strong></span> 
     </span>
    </p>
   </div>
   <div class='ocr_carea' id='block_1_94' title="bbox 2297 3444 3873 3515">
    <p class='ocr_par' dir='ltr' id='par_1_94' title="bbox 2297 3444 3873 3515">
     <span class='ocr_line' id='line_1_94' title="bbox 2297 3444 3873 3515; baseline 0.002 -19"><span class='ocrx_word' id='word_1_754' title='bbox 2297 3444 2436 3512; x_wconf 73' lang='lat' dir='ltr'><strong>legis,</strong></span> <span class='ocrx_word' id='word_1_755' title='bbox 2452 3461 2606 3513; x_wconf 78' lang='lat' dir='ltr'><strong>supra</strong></span> <span class='ocrx_word' id='word_1_756' title='bbox 2625 3446 2822 3497; x_wconf 82' lang='lat' dir='ltr'><strong>modum</strong></span> <span class='ocrx_word' id='word_1_757' title='bbox 2846 3462 3139 3515; x_wconf 71' lang='lat' dir='ltr'><strong>persequens</strong></span> <span class='ocrx_word' id='word_1_758' title='bbox 3158 3444 3430 3500; x_wconf 80' lang='lat' dir='ltr'><strong>Ecclesium</strong></span> <span class='ocrx_word' id='word_1_759' title='bbox 3448 3446 3558 3500; x_wconf 80' lang='lat' dir='ltr'><strong>Dei.</strong></span> <span class='ocrx_word' id='word_1_760' title='bbox 3570 3446 3694 3502; x_wconf 64' lang='lat' dir='ltr'><strong>Cum</strong></span> <span class='ocrx_word' id='word_1_761' title='bbox 3710 3460 3873 3501; x_wconf 71' lang='lat' dir='ltr'><strong>atatem</strong></span> 
     </span>
    </p>
   </div>
   <div class='ocr_carea' id='block_1_95' title="bbox 2297 3534 3870 3608">
    <p class='ocr_par' dir='ltr' id='par_1_95' title="bbox 2297 3534 3870 3608">
     <span class='ocr_line' id='line_1_95' title="bbox 2297 3534 3870 3608; baseline 0.005 -22"><span class='ocrx_word' id='word_1_762' title='bbox 2297 3534 2405 3587; x_wconf 85' lang='lat' dir='ltr'><strong>Deo</strong></span> <span class='ocrx_word' id='word_1_763' title='bbox 2432 3537 2719 3603; x_wconf 78' lang='lat' dir='ltr'><strong>placuisset,</strong></span> <span class='ocrx_word' id='word_1_764' title='bbox 2755 3539 2839 3606; x_wconf 84' lang='lat' dir='ltr'><strong>qui</strong></span> <span class='ocrx_word' id='word_1_765' title='bbox 2869 3554 2945 3590; x_wconf 87' lang='lat' dir='ltr'><strong>me</strong></span> <span class='ocrx_word' id='word_1_766' title='bbox 2972 3542 3246 3608; x_wconf 61' lang='lat' dir='ltr'><strong>segregavit</strong></span> <span class='ocrx_word' id='word_1_767' title='bbox 3276 3556 3338 3592; x_wconf 80' lang='lat' dir='ltr'><strong>ea:</strong></span> <span class='ocrx_word' id='word_1_768' title='bbox 3364 3550 3504 3593; x_wconf 85' lang='lat' dir='ltr'><strong>utero</strong></span> <span class='ocrx_word' id='word_1_769' title='bbox 3529 3544 3705 3593; x_wconf 82' lang='lat' dir='ltr'><strong>matris</strong></span> <span class='ocrx_word' id='word_1_770' title='bbox 3734 3557 3870 3600; x_wconf 60' lang='lat' dir='ltr'><strong>uitat.</strong></span> 
     </span>
    </p>
   </div>
   <div class='ocr_carea' id='block_1_96' title="bbox 2299 3628 3877 3697">
    <p class='ocr_par' dir='ltr' id='par_1_96' title="bbox 2299 3628 3877 3697">
     <span class='ocr_line' id='line_1_96' title="bbox 2299 3628 3877 3697; baseline 0.003 -19"><span class='ocrx_word' id='word_1_771' title='bbox 2299 3638 2342 3678; x_wconf 83' lang='lat' dir='ltr'><strong>et</strong></span> <span class='ocrx_word' id='word_1_772' title='bbox 2367 3632 2554 3680; x_wconf 77' lang='lat' dir='ltr'><strong>vocavit</strong></span> <span class='ocrx_word' id='word_1_773' title='bbox 2583 3644 2668 3695; x_wconf 83' lang='lat' dir='ltr'><strong>per</strong></span> <span class='ocrx_word' id='word_1_774' title='bbox 2693 3629 2909 3697; x_wconf 79' lang='lat' dir='ltr'><strong>gratiam</strong></span> <span class='ocrx_word' id='word_1_775' title='bbox 2940 3646 3083 3681; x_wconf 81' lang='lat' dir='ltr'><strong>suout</strong></span> <span class='ocrx_word' id='word_1_776' title='bbox 3110 3631 3329 3683; x_wconf 82' lang='lat' dir='ltr'><strong>revelare</strong></span> <span class='ocrx_word' id='word_1_777' title='bbox 3348 3628 3535 3683; x_wconf 82' lang='lat' dir='ltr'><strong>Filium</strong></span> <span class='ocrx_word' id='word_1_778' title='bbox 3560 3648 3709 3683; x_wconf 64' lang='lat' dir='ltr'><strong>suam</strong></span> <span class='ocrx_word' id='word_1_779' title='bbox 3734 3634 3877 3684; x_wconf 83' lang='lat' dir='ltr'><strong>inme</strong></span> 
     </span>
    </p>
   </div>
   <div class='ocr_carea' id='block_1_97' title="bbox 2300 3715 3871 3789">
    <p class='ocr_par' dir='ltr' id='par_1_97' title="bbox 2300 3715 3871 3789">
     <span class='ocr_line' id='line_1_97' title="bbox 2300 3715 3871 3789; baseline 0.003 -20"><span class='ocrx_word' id='word_1_780' title='bbox 2300 3715 2440 3787; x_wconf 72' lang='lat' dir='ltr'><strong>(Gal.</strong></span> <span class='ocrx_word' id='word_1_781' title='bbox 2476 3718 2520 3769; x_wconf 91' lang='grc'><strong>1.</strong></span> <span class='ocrx_word' id='word_1_782' title='bbox 2551 3718 2632 3770; x_wconf 61' lang='lat' dir='ltr'><strong>ll.</strong></span> <span class='ocrx_word' id='word_1_783' title='bbox 2662 3718 2745 3771; x_wconf 79' lang='grc'><strong>15.</strong></span> <span class='ocrx_word' id='word_1_784' title='bbox 2772 3717 2880 3788; x_wconf 79' lang='grc'><strong>15),</strong></span> <span class='ocrx_word' id='word_1_785' title='bbox 2906 3728 3008 3772; x_wconf 92' lang='lat' dir='ltr'><strong>etc.</strong></span> <span class='ocrx_word' id='word_1_786' title='bbox 3033 3718 3421 3773; x_wconf 88' lang='lat' dir='ltr'><strong>Testimonium</strong></span> <span class='ocrx_word' id='word_1_787' title='bbox 3444 3722 3633 3789; x_wconf 81' lang='lat' dir='ltr'><strong>quippe</strong></span> <span class='ocrx_word' id='word_1_788' title='bbox 3653 3723 3871 3774; x_wconf 81' lang='lat' dir='ltr'><strong>allatum</strong></span> 
     </span>
    </p>
   </div>
   <div class='ocr_carea' id='block_1_98' title="bbox 2299 3808 3875 3876">
    <p class='ocr_par' dir='ltr' id='par_1_98' title="bbox 2299 3808 3875 3876">
     <span class='ocr_line' id='line_1_98' title="bbox 2299 3808 3875 3876; baseline 0.003 -15"><span class='ocrx_word' id='word_1_789' title='bbox 2299 3818 2380 3861; x_wconf 85' lang='lat' dir='ltr'><strong>est</strong></span> <span class='ocrx_word' id='word_1_790' title='bbox 2409 3808 2471 3861; x_wconf 88' lang='lat' dir='ltr'><strong>ad</strong></span> <span class='ocrx_word' id='word_1_791' title='bbox 2501 3809 2783 3876; x_wconf 71' lang='lat' dir='ltr'><strong>qumsitum</strong></span> <span class='ocrx_word' id='word_1_792' title='bbox 2830 3810 3330 3874; x_wconf 81' lang='lat' dir='ltr'><strong>demonstrandum,</strong></span> <span class='ocrx_word' id='word_1_793' title='bbox 3368 3826 3469 3863; x_wconf 91' lang='lat' dir='ltr'><strong>non</strong></span> <span class='ocrx_word' id='word_1_794' title='bbox 3503 3812 3566 3864; x_wconf 87' lang='lat' dir='ltr'><strong>ad</strong></span> <span class='ocrx_word' id='word_1_795' title='bbox 3600 3813 3704 3866; x_wconf 69' lang='lat' dir='ltr'><strong>lori</strong></span> <span class='ocrx_word' id='word_1_796' title='bbox 3740 3815 3875 3866; x_wconf 90' lang='lat' dir='ltr'><strong>illius</strong></span> 
     </span>
    </p>
   </div>
   <div class='ocr_carea' id='block_1_99' title="bbox 2299 3900 3873 3972">
    <p class='ocr_par' dir='ltr' id='par_1_99' title="bbox 2299 3900 3873 3972">
     <span class='ocr_line' id='line_1_99' title="bbox 2299 3900 3873 3972; baseline 0.003 -19"><span class='ocrx_word' id='word_1_797' title='bbox 2299 3901 2737 3968; x_wconf 77' lang='lat' dir='ltr'><strong>speculationem.</strong></span> <span class='ocrx_word' id='word_1_798' title='bbox 2765 3900 2993 3954; x_wconf 85' lang='lat' dir='ltr'><strong>Rursum</strong></span> <span class='ocrx_word' id='word_1_799' title='bbox 3035 3902 3289 3957; x_wconf 82' lang='lat' dir='ltr'><strong>Servatur</strong></span> <span class='ocrx_word' id='word_1_800' title='bbox 3333 3907 3603 3972; x_wconf 82' lang='lat' dir='ltr'><strong>apostolos</strong></span> <span class='ocrx_word' id='word_1_801' title='bbox 3646 3907 3873 3961; x_wconf 58' lang='lat' dir='ltr'><strong>interro.</strong></span> 
     </span>
    </p>
   </div>
   <div class='ocr_carea' id='block_1_100' title="bbox 2301 3991 3875 4062">
    <p class='ocr_par' dir='ltr' id='par_1_100' title="bbox 2301 3991 3875 4062">
     <span class='ocr_line' id='line_1_100' title="bbox 2301 3991 3875 4062; baseline 0.003 -18"><span class='ocrx_word' id='word_1_802' title='bbox 2301 4001 2421 4062; x_wconf 82' lang='lat' dir='ltr'><strong>gat:</strong></span> <span class='ocrx_word' id='word_1_803' title='bbox 2449 3991 2607 4057; x_wconf 79' lang='lat' dir='ltr'><strong>Quem</strong></span> <span class='ocrx_word' id='word_1_804' title='bbox 2648 4010 2725 4044; x_wconf 90' lang='lat' dir='ltr'><strong>me</strong></span> <span class='ocrx_word' id='word_1_805' title='bbox 2777 3995 2946 4045; x_wconf 80' lang='lat' dir='ltr'><strong>dicunt</strong></span> <span class='ocrx_word' id='word_1_806' title='bbox 2995 3994 3220 4048; x_wconf 80' lang='lat' dir='ltr'><strong>homines</strong></span> <span class='ocrx_word' id='word_1_807' title='bbox 3269 4012 3375 4050; x_wconf 80' lang='lat' dir='ltr'><strong>esse</strong></span> <span class='ocrx_word' id='word_1_808' title='bbox 3424 3995 3611 4049; x_wconf 77' lang='lat' dir='ltr'><strong>Filium</strong></span> <span class='ocrx_word' id='word_1_809' title='bbox 3655 3998 3875 4049; x_wconf 72' lang='lat' dir='ltr'><strong>hominis</strong></span> 
     </span>
    </p>
   </div>
   <div class='ocr_carea' id='block_1_101' title="bbox 2304 4078 3872 4156">
    <p class='ocr_par' dir='ltr' id='par_1_101' title="bbox 2304 4078 3872 4156">
     <span class='ocr_line' id='line_1_101' title="bbox 2304 4078 3872 4156; baseline 0.003 -19"><span class='ocrx_word' id='word_1_810' title='bbox 2304 4084 2517 4152; x_wconf 83' lang='lat' dir='ltr'><strong>(Matth.</strong></span> <span class='ocrx_word' id='word_1_811' title='bbox 2552 4085 2635 4139; x_wconf 88' lang='grc'><strong>16.</strong></span> <span class='ocrx_word' id='word_1_812' title='bbox 2670 4086 2796 4154; x_wconf 74' lang='lat' dir='ltr'><strong>l5)?</strong></span> <span class='ocrx_word' id='word_1_813' title='bbox 2832 4088 3145 4156; x_wconf 85' lang='lat' dir='ltr'><strong>Interrogat,</strong></span> <span class='ocrx_word' id='word_1_814' title='bbox 3182 4104 3287 4140; x_wconf 91' lang='lat' dir='ltr'><strong>non</strong></span> <span class='ocrx_word' id='word_1_815' title='bbox 3318 4096 3377 4141; x_wconf 89' lang='lat' dir='ltr'><strong>ut</strong></span> <span class='ocrx_word' id='word_1_816' title='bbox 3421 4090 3607 4149; x_wconf 64' lang='lat' dir='ltr'><strong>discit.</strong></span> <span class='ocrx_word' id='word_1_817' title='bbox 3634 4078 3753 4142; x_wconf 72' lang='lat' dir='ltr'><strong>sed</strong></span> <span class='ocrx_word' id='word_1_818' title='bbox 3803 4100 3872 4147; x_wconf 86' lang='lat' dir='ltr'><strong>ut.</strong></span> 
     </span>
    </p>
   </div>
   <div class='ocr_carea' id='block_1_102' title="bbox 2303 4175 3878 4245">
    <p class='ocr_par' dir='ltr' id='par_1_102' title="bbox 2303 4175 3878 4245">
     <span class='ocr_line' id='line_1_102' title="bbox 2303 4175 3878 4245; baseline 0.001 -16"><span class='ocrx_word' id='word_1_819' title='bbox 2303 4175 2521 4237; x_wconf 83' lang='lat' dir='ltr'><strong>depulsa</strong></span> <span class='ocrx_word' id='word_1_820' title='bbox 2572 4176 2672 4228; x_wconf 88' lang='lat' dir='ltr'><strong>alia</strong></span> <span class='ocrx_word' id='word_1_821' title='bbox 2728 4177 3001 4243; x_wconf 88' lang='lat' dir='ltr'><strong>opinione,</strong></span> <span class='ocrx_word' id='word_1_822' title='bbox 3057 4178 3335 4231; x_wconf 83' lang='lat' dir='ltr'><strong>veritatem</strong></span> <span class='ocrx_word' id='word_1_823' title='bbox 3369 4178 3559 4232; x_wconf 84' lang='lat' dir='ltr'><strong>ﬁrmet.</strong></span> <span class='ocrx_word' id='word_1_824' title='bbox 3597 4178 3759 4245; x_wconf 83' lang='lat' dir='ltr'><strong>Quem</strong></span> <span class='ocrx_word' id='word_1_825' title='bbox 3806 4196 3878 4231; x_wconf 82' lang='lat' dir='ltr'><strong>me</strong></span> 
     </span>
    </p>
   </div>
   <div class='ocr_carea' id='block_1_103' title="bbox 2303 4265 3877 4338">
    <p class='ocr_par' dir='ltr' id='par_1_103' title="bbox 2303 4265 3877 4338">
     <span class='ocr_line' id='line_1_103' title="bbox 2303 4265 3877 4338; baseline 0.004 -21"><span class='ocrx_word' id='word_1_826' title='bbox 2303 4265 2472 4317; x_wconf 87' lang='lat' dir='ltr'><strong>dicunt</strong></span> <span class='ocrx_word' id='word_1_827' title='bbox 2498 4266 2756 4318; x_wconf 82' lang='lat' dir='ltr'><strong>homines?</strong></span> <span class='ocrx_word' id='word_1_828' title='bbox 2774 4266 3014 4333; x_wconf 77' lang='lat' dir='ltr'><strong>Apostoli</strong></span> <span class='ocrx_word' id='word_1_829' title='bbox 3043 4266 3273 4335; x_wconf 83' lang='lat' dir='ltr'><strong>primum</strong></span> <span class='ocrx_word' id='word_1_830' title='bbox 3297 4270 3577 4323; x_wconf 90' lang='lat' dir='ltr'><strong>multorum</strong></span> <span class='ocrx_word' id='word_1_831' title='bbox 3599 4271 3877 4338; x_wconf 73' lang='lat' dir='ltr'><strong>opiniones</strong></span> 
     </span>
    </p>
   </div>
   <div class='ocr_carea' id='block_1_104' title="bbox 2308 4355 3875 4425">
    <p class='ocr_par' dir='ltr' id='par_1_104' title="bbox 2308 4355 3875 4425">
     <span class='ocr_line' id='line_1_104' title="bbox 2308 4355 3875 4425; baseline 0.001 -16"><span class='ocrx_word' id='word_1_832' title='bbox 2308 4355 2574 4409; x_wconf 79' lang='lat' dir='ltr'><strong>referunt:</strong></span> <span class='ocrx_word' id='word_1_833' title='bbox 2601 4355 2721 4420; x_wconf 84' lang='lat' dir='ltr'><strong>Alii,</strong></span> <span class='ocrx_word' id='word_1_834' title='bbox 2764 4356 3030 4425; x_wconf 88' lang='lat' dir='ltr'><strong>inquittnt,</strong></span> <span class='ocrx_word' id='word_1_835' title='bbox 3066 4355 3289 4421; x_wconf 80' lang='lat' dir='ltr'><strong>Heliam,</strong></span> <span class='ocrx_word' id='word_1_836' title='bbox 3324 4359 3411 4412; x_wconf 85' lang='lat' dir='ltr'><strong>alii</strong></span> <span class='ocrx_word' id='word_1_837' title='bbox 3450 4360 3742 4424; x_wconf 75' lang='lat' dir='ltr'><strong>Jeremianr,</strong></span> <span class='ocrx_word' id='word_1_838' title='bbox 3791 4372 3875 4412; x_wconf 84' lang='lat' dir='ltr'><strong>aut</strong></span> 
     </span>
    </p>
   </div>
   <div class='ocr_carea' id='block_1_105' title="bbox 2306 4447 3876 4521">
    <p class='ocr_par' dir='ltr' id='par_1_105' title="bbox 2306 4447 3876 4521">
     <span class='ocr_line' id='line_1_105' title="bbox 2306 4447 3876 4521; baseline 0.004 -24"><span class='ocrx_word' id='word_1_839' title='bbox 2306 4463 2459 4498; x_wconf 84' lang='lat' dir='ltr'><strong>unum</strong></span> <span class='ocrx_word' id='word_1_840' title='bbox 2490 4463 2551 4499; x_wconf 80' lang='lat' dir='ltr'><strong>ea:</strong></span> <span class='ocrx_word' id='word_1_841' title='bbox 2581 4447 2833 4516; x_wconf 76' lang='lat' dir='ltr'><strong>prop/ictis</strong></span> <span class='ocrx_word' id='word_1_842' title='bbox 2866 4447 2972 4512; x_wconf 84' lang='lat' dir='ltr'><strong>(Ib.</strong></span> <span class='ocrx_word' id='word_1_843' title='bbox 3019 4464 3065 4500; x_wconf 72' lang='grc' dir='ltr'><strong>ιν.</strong></span> <span class='ocrx_word' id='word_1_844' title='bbox 3115 4450 3225 4516; x_wconf 66' lang='grc'>14).</span> <span class='ocrx_word' id='word_1_845' title='bbox 3267 4450 3401 4515; x_wconf 85' lang='lat' dir='ltr'><strong>Quid</strong></span> <span class='ocrx_word' id='word_1_846' title='bbox 3434 4466 3559 4521; x_wconf 82' lang='lat' dir='ltr'><strong>ergo</strong></span> <span class='ocrx_word' id='word_1_847' title='bbox 3589 4452 3876 4505; x_wconf 81' lang='lat' dir='ltr'><strong>Servator&#39;.’</strong></span> 
     </span>
    </p>
   </div>
   <div class='ocr_carea' id='block_1_106' title="bbox 2307 4539 3874 4611">
    <p class='ocr_par' dir='ltr' id='par_1_106' title="bbox 2307 4539 3874 4611">
     <span class='ocr_line' id='line_1_106' title="bbox 2307 4539 3874 4611; baseline 0.001 -18"><span class='ocrx_word' id='word_1_848' title='bbox 2307 4539 2478 4593; x_wconf 83' lang='lat' dir='ltr'><strong>Falsis</strong></span> <span class='ocrx_word' id='word_1_849' title='bbox 2506 4540 2843 4608; x_wconf 78' lang='lat' dir='ltr'><strong>opinionibus</strong></span> <span class='ocrx_word' id='word_1_850' title='bbox 2872 4540 3002 4592; x_wconf 88' lang='lat' dir='ltr'><strong>nihil</strong></span> <span class='ocrx_word' id='word_1_851' title='bbox 3037 4542 3345 4611; x_wconf 75' lang='lat' dir='ltr'><strong>rcSpondet,</strong></span> <span class='ocrx_word' id='word_1_852' title='bbox 3370 4544 3508 4611; x_wconf 87' lang='lat' dir='ltr'><strong>quod</strong></span> <span class='ocrx_word' id='word_1_853' title='bbox 3534 4544 3874 4611; x_wconf 69' lang='lat' dir='ltr'><strong>responsione</strong></span> 
     </span>
    </p>
   </div>
   <div class='ocr_carea' id='block_1_107' title="bbox 2309 4629 3871 4703">
    <p class='ocr_par' dir='ltr' id='par_1_107' title="bbox 2309 4629 3871 4703">
     <span class='ocr_line' id='line_1_107' title="bbox 2309 4629 3871 4703; baseline 0.003 -22"><span class='ocrx_word' id='word_1_854' title='bbox 2309 4631 2545 4697; x_wconf 73' lang='lat' dir='ltr'><strong>indignas</strong></span> <span class='ocrx_word' id='word_1_855' title='bbox 2573 4630 2805 4698; x_wconf 85' lang='lat' dir='ltr'><strong>judicet:</strong></span> <span class='ocrx_word' id='word_1_856' title='bbox 2853 4629 2947 4683; x_wconf 78' lang='lat' dir='ltr'><strong>Vos</strong></span> <span class='ocrx_word' id='word_1_857' title='bbox 2973 4641 3138 4683; x_wconf 84' lang='lat' dir='ltr'><strong>autent</strong></span> <span class='ocrx_word' id='word_1_858' title='bbox 3167 4650 3311 4703; x_wconf 86' lang='lat' dir='ltr'><strong>quem</strong></span> <span class='ocrx_word' id='word_1_859' title='bbox 3340 4650 3416 4686; x_wconf 88' lang='lat' dir='ltr'><strong>me</strong></span> <span class='ocrx_word' id='word_1_860' title='bbox 3436 4651 3540 4687; x_wconf 82' lang='lat' dir='ltr'><strong>esse</strong></span> <span class='ocrx_word' id='word_1_861' title='bbox 3578 4635 3744 4687; x_wconf 83' lang='lat' dir='ltr'><strong>dicitis</strong></span> <span class='ocrx_word' id='word_1_862' title='bbox 3772 4632 3871 4703; x_wconf 88' lang='lat' dir='ltr'><strong>(Ib.</strong></span> 
     </span>
    </p>
   </div>
   <div class='ocr_carea' id='block_1_108' title="bbox 2307 4722 3873 4794">
    <p class='ocr_par' dir='ltr' id='par_1_108' title="bbox 2307 4722 3873 4794">
     <span class='ocr_line' id='line_1_108' title="bbox 2307 4722 3873 4794; baseline 0.003 -22"><span class='ocrx_word' id='word_1_863' title='bbox 2307 4738 2351 4772; x_wconf 89' lang='lat' dir='ltr'><strong>v.</strong></span> <span class='ocrx_word' id='word_1_864' title='bbox 2384 4722 2506 4788; x_wconf 73' lang='lat'><strong>15)?</strong></span> <span class='ocrx_word' id='word_1_865' title='bbox 2540 4737 2642 4773; x_wconf 91' lang='lat' dir='ltr'><strong>non</strong></span> <span class='ocrx_word' id='word_1_866' title='bbox 2676 4737 2805 4773; x_wconf 86' lang='lat' dir='ltr'><strong>curo</strong></span> <span class='ocrx_word' id='word_1_867' title='bbox 2836 4723 3030 4775; x_wconf 89' lang='lat' dir='ltr'><strong>multos</strong></span> <span class='ocrx_word' id='word_1_868' title='bbox 3060 4722 3177 4774; x_wconf 89' lang='lat' dir='ltr'><strong>illos</strong></span> <span class='ocrx_word' id='word_1_869' title='bbox 3206 4733 3466 4788; x_wconf 84' lang='lat' dir='ltr'><strong>errantes,</strong></span> <span class='ocrx_word' id='word_1_870' title='bbox 3500 4724 3592 4777; x_wconf 88' lang='lat' dir='ltr'><strong>sed</strong></span> <span class='ocrx_word' id='word_1_871' title='bbox 3624 4740 3717 4777; x_wconf 88' lang='lat' dir='ltr'><strong>vos</strong></span> <span class='ocrx_word' id='word_1_872' title='bbox 3742 4741 3873 4794; x_wconf 76' lang='lat' dir='ltr'><strong>pra:-</strong></span> 
     </span>
    </p>
   </div>
   <div class='ocr_carea' id='block_1_109' title="bbox 2309 4816 3874 4884">
    <p class='ocr_par' dir='ltr' id='par_1_109' title="bbox 2309 4816 3874 4884">
     <span class='ocr_line' id='line_1_109' title="bbox 2309 4816 3874 4884; baseline 0.002 -19"><span class='ocrx_word' id='word_1_873' title='bbox 2309 4828 2493 4867; x_wconf 76' lang='lat' dir='ltr'><strong>concs.</strong></span> <span class='ocrx_word' id='word_1_874' title='bbox 2526 4816 2654 4879; x_wconf 82' lang='lat' dir='ltr'><strong>Quia</strong></span> <span class='ocrx_word' id='word_1_875' title='bbox 2687 4816 2831 4868; x_wconf 89' lang='lat' dir='ltr'><strong>enim</strong></span> <span class='ocrx_word' id='word_1_876' title='bbox 2865 4830 2956 4866; x_wconf 90' lang='lat' dir='ltr'><strong>vos</strong></span> <span class='ocrx_word' id='word_1_877' title='bbox 3005 4816 3135 4868; x_wconf 83' lang='lat' dir='ltr'><strong>estis</strong></span> <span class='ocrx_word' id='word_1_878' title='bbox 3178 4816 3267 4884; x_wconf 88' lang='lat' dir='ltr'><strong>qui</strong></span> <span class='ocrx_word' id='word_1_879' title='bbox 3320 4817 3593 4871; x_wconf 88' lang='lat' dir='ltr'><strong>lucernam</strong></span> <span class='ocrx_word' id='word_1_880' title='bbox 3637 4820 3874 4870; x_wconf 72' lang='lat' dir='ltr'><strong>veritatis</strong></span> 
     </span>
    </p>
   </div>
   <div class='ocr_carea' id='block_1_110' title="bbox 2314 4890 3873 4974">
    <p class='ocr_par' dir='ltr' id='par_1_110' title="bbox 2314 4890 3873 4974">
     <span class='ocr_line' id='line_1_110' title="bbox 2314 4890 3873 4974; baseline 0.001 -19"><span class='ocrx_word' id='word_1_881' title='bbox 2314 4890 2857 4972; x_wconf 74' lang='lat' dir='ltr'><strong>prtudicatimicmque</strong></span> <span class='ocrx_word' id='word_1_882' title='bbox 2888 4904 3097 4971; x_wconf 86' lang='lat' dir='ltr'><strong>pietatis</strong></span> <span class='ocrx_word' id='word_1_883' title='bbox 3131 4921 3225 4974; x_wconf 90' lang='lat' dir='ltr'><strong>per</strong></span> <span class='ocrx_word' id='word_1_884' title='bbox 3254 4916 3426 4960; x_wconf 87' lang='lat' dir='ltr'><strong>totum</strong></span> <span class='ocrx_word' id='word_1_885' title='bbox 3454 4909 3634 4961; x_wconf 85' lang='lat' dir='ltr'><strong>orbem</strong></span> <span class='ocrx_word' id='word_1_886' title='bbox 3668 4909 3873 4960; x_wconf 83' lang='lat' dir='ltr'><strong>nuntia-</strong></span> 
     </span>
    </p>
   </div>
   <div class='ocr_carea' id='block_1_111' title="bbox 2316 4995 3871 5059">
    <p class='ocr_par' dir='ltr' id='par_1_111' title="bbox 2316 4995 3871 5059">
     <span class='ocr_line' id='line_1_111' title="bbox 2316 4995 3871 5059; baseline 0.001 -13"><span class='ocrx_word' id='word_1_887' title='bbox 2316 4995 2417 5046; x_wconf 90' lang='lat' dir='ltr'><strong>turi</strong></span> <span class='ocrx_word' id='word_1_888' title='bbox 2450 4997 2601 5055; x_wconf 85' lang='lat' dir='ltr'><strong>estis,</strong></span> <span class='ocrx_word' id='word_1_889' title='bbox 2632 4996 2681 5046; x_wconf 90' lang='lat' dir='ltr'><strong>in</strong></span> <span class='ocrx_word' id='word_1_890' title='bbox 2715 4997 2866 5047; x_wconf 89' lang='lat' dir='ltr'><strong>vobis</strong></span> <span class='ocrx_word' id='word_1_891' title='bbox 2896 5008 3177 5048; x_wconf 87' lang='lat' dir='ltr'><strong>versantur</strong></span> <span class='ocrx_word' id='word_1_892' title='bbox 3208 4997 3460 5059; x_wconf 86' lang='lat' dir='ltr'><strong>humana,</strong></span> <span class='ocrx_word' id='word_1_893' title='bbox 3496 5001 3544 5051; x_wconf 90' lang='lat' dir='ltr'><strong>in</strong></span> <span class='ocrx_word' id='word_1_894' title='bbox 3574 4998 3721 5052; x_wconf 88' lang='lat' dir='ltr'><strong>vobis</strong></span> <span class='ocrx_word' id='word_1_895' title='bbox 3745 4998 3871 5051; x_wconf 77' lang='lat' dir='ltr'><strong>veri-</strong></span> 
     </span>
    </p>
   </div>
   <div class='ocr_carea' id='block_1_112' title="bbox 2314 5088 3871 5160">
    <p class='ocr_par' dir='ltr' id='par_1_112' title="bbox 2314 5088 3871 5160">
     <span class='ocr_line' id='line_1_112' title="bbox 2314 5088 3871 5160; baseline 0.003 -23"><span class='ocrx_word' id='word_1_896' title='bbox 2314 5098 2392 5138; x_wconf 76' lang='lat' dir='ltr'><strong>tas</strong></span> <span class='ocrx_word' id='word_1_897' title='bbox 2439 5088 2804 5153; x_wconf 88' lang='lat' dir='ltr'><strong>periclitatur:</strong></span> <span class='ocrx_word' id='word_1_898' title='bbox 2835 5102 2895 5140; x_wconf 88' lang='lat' dir='ltr'><strong>ac</strong></span> <span class='ocrx_word' id='word_1_899' title='bbox 2943 5089 3080 5140; x_wconf 91' lang='lat' dir='ltr'><strong>sicut</strong></span> <span class='ocrx_word' id='word_1_900' title='bbox 3127 5102 3299 5142; x_wconf 85' lang='lat' dir='ltr'><strong>vestra</strong></span> <span class='ocrx_word' id='word_1_901' title='bbox 3331 5092 3561 5160; x_wconf 73' lang='lat' dir='ltr'><strong>ei-giiitio</strong></span> <span class='ocrx_word' id='word_1_902' title='bbox 3598 5105 3871 5144; x_wconf 86' lang='lat' dir='ltr'><strong>commune</strong></span> 
     </span>
    </p>
   </div>
   <div class='ocr_carea' id='block_1_113' title="bbox 2314 5177 3870 5251">
    <p class='ocr_par' dir='ltr' id='par_1_113' title="bbox 2314 5177 3870 5251">
     <span class='ocr_line' id='line_1_113' title="bbox 2314 5177 3870 5251; baseline 0.004 -24"><span class='ocrx_word' id='word_1_903' title='bbox 2314 5177 2582 5230; x_wconf 86' lang='lat' dir='ltr'><strong>hominum</strong></span> <span class='ocrx_word' id='word_1_904' title='bbox 2622 5177 2937 5232; x_wconf 80' lang='lat' dir='ltr'><strong>beneficium</strong></span> <span class='ocrx_word' id='word_1_905' title='bbox 2962 5189 3060 5241; x_wconf 91' lang='lat' dir='ltr'><strong>est,</strong></span> <span class='ocrx_word' id='word_1_906' title='bbox 3093 5180 3169 5233; x_wconf 90' lang='lat' dir='ltr'><strong>sic</strong></span> <span class='ocrx_word' id='word_1_907' title='bbox 3201 5192 3375 5235; x_wconf 85' lang='lat' dir='ltr'><strong>vestra</strong></span> <span class='ocrx_word' id='word_1_908' title='bbox 3412 5184 3701 5251; x_wconf 81' lang='lat' dir='ltr'><strong>ignorantia</strong></span> <span class='ocrx_word' id='word_1_909' title='bbox 3728 5197 3870 5236; x_wconf 89' lang='lat' dir='ltr'><strong>com-</strong></span> 
     </span>
    </p>
   </div>
   <div class='ocr_carea' id='block_1_114' title="bbox 2316 5270 3869 5343">
    <p class='ocr_par' dir='ltr' id='par_1_114' title="bbox 2316 5270 3869 5343">
     <span class='ocr_line' id='line_1_114' title="bbox 2316 5270 3869 5343; baseline 0.006 -22"><span class='ocrx_word' id='word_1_910' title='bbox 2316 5285 2471 5321; x_wconf 87' lang='lat' dir='ltr'><strong>mune</strong></span> <span class='ocrx_word' id='word_1_911' title='bbox 2498 5270 2643 5322; x_wconf 89' lang='lat' dir='ltr'><strong>orbis</strong></span> <span class='ocrx_word' id='word_1_912' title='bbox 2669 5271 3067 5324; x_wconf 78' lang='lat' dir='ltr'><strong>detrimentum.</strong></span> <span class='ocrx_word' id='word_1_913' title='bbox 3100 5270 3301 5327; x_wconf 89' lang='lat' dir='ltr'><strong>Idcirco</strong></span> <span class='ocrx_word' id='word_1_914' title='bbox 3333 5290 3424 5326; x_wconf 85' lang='lat' dir='ltr'><strong>vos</strong></span> <span class='ocrx_word' id='word_1_915' title='bbox 3465 5290 3616 5343; x_wconf 80' lang='lat' dir='ltr'><strong>quem</strong></span> <span class='ocrx_word' id='word_1_916' title='bbox 3649 5290 3732 5328; x_wconf 90' lang='lat' dir='ltr'><strong>me</strong></span> <span class='ocrx_word' id='word_1_917' title='bbox 3759 5288 3869 5329; x_wconf 71' lang='lat' dir='ltr'><strong>esse</strong></span> 
     </span>
    </p>
   </div>
   <div class='ocr_carea' id='block_1_115' title="bbox 2314 5361 3871 5431">
    <p class='ocr_par' dir='ltr' id='par_1_115' title="bbox 2314 5361 3871 5431">
     <span class='ocr_line' id='line_1_115' title="bbox 2314 5361 3871 5431; baseline 0.003 -20"><span class='ocrx_word' id='word_1_918' title='bbox 2314 5361 2525 5415; x_wconf 85' lang='lat' dir='ltr'><strong>dicitis?</strong></span> <span class='ocrx_word' id='word_1_919' title='bbox 2550 5361 2842 5430; x_wconf 80' lang='lat' dir='ltr'><strong>Respondit</strong></span> <span class='ocrx_word' id='word_1_920' title='bbox 2871 5364 3058 5418; x_wconf 82' lang='lat' dir='ltr'><strong>Petrus</strong></span> <span class='ocrx_word' id='word_1_921' title='bbox 3082 5384 3093 5417; x_wconf 92' lang='lat'>:</span> <span class='ocrx_word' id='word_1_922' title='bbox 3124 5364 3201 5417; x_wconf 86' lang='lat' dir='ltr'><strong>Tu</strong></span> <span class='ocrx_word' id='word_1_923' title='bbox 3232 5383 3283 5418; x_wconf 80' lang='lat' dir='ltr'><strong>es</strong></span> <span class='ocrx_word' id='word_1_924' title='bbox 3310 5368 3558 5431; x_wconf 77' lang='lat' dir='ltr'><strong>Christus,</strong></span> <span class='ocrx_word' id='word_1_925' title='bbox 3596 5365 3759 5420; x_wconf 78' lang='lat' dir='ltr'><strong>Filius</strong></span> <span class='ocrx_word' id='word_1_926' title='bbox 3784 5364 3871 5418; x_wconf 76' lang='lat' dir='ltr'><strong>Dei</strong></span> 
     </span>
    </p>
   </div>
   <div class='ocr_carea' id='block_1_116' title="bbox 2314 5450 3870 5529">
    <p class='ocr_par' dir='ltr' id='par_1_116' title="bbox 2314 5450 3870 5529">
     <span class='ocr_line' id='line_1_116' title="bbox 2314 5450 3870 5529; baseline 0.003 -26"><span class='ocrx_word' id='word_1_927' title='bbox 2314 5454 2408 5504; x_wconf 76' lang='lat' dir='ltr'><strong>rivi</strong></span> <span class='ocrx_word' id='word_1_928' title='bbox 2438 5450 2543 5529; x_wconf 80' lang='lat' dir='ltr'><strong>(Ib.</strong></span> <span class='ocrx_word' id='word_1_929' title='bbox 2574 5470 2618 5505; x_wconf 73' lang='grc' dir='ltr'><strong>ιν.</strong></span> <span class='ocrx_word' id='word_1_930' title='bbox 2655 5452 2763 5521; x_wconf 75' lang='lat' dir='ltr'><strong>lli).</strong></span> <span class='ocrx_word' id='word_1_931' title='bbox 2794 5455 2887 5508; x_wconf 88' lang='lat' dir='ltr'><strong>llic</strong></span> <span class='ocrx_word' id='word_1_932' title='bbox 2916 5454 3035 5508; x_wconf 86' lang='lat' dir='ltr'><strong>fidei</strong></span> <span class='ocrx_word' id='word_1_933' title='bbox 3068 5457 3345 5519; x_wconf 86' lang='lat' dir='ltr'><strong>terminus,</strong></span> <span class='ocrx_word' id='word_1_934' title='bbox 3381 5457 3479 5511; x_wconf 89' lang='lat' dir='ltr'><strong>hoc</strong></span> <span class='ocrx_word' id='word_1_935' title='bbox 3508 5459 3742 5512; x_wconf 85' lang='lat' dir='ltr'><strong>veritatis</strong></span> <span class='ocrx_word' id='word_1_936' title='bbox 3763 5472 3870 5511; x_wconf 85' lang='lat' dir='ltr'><strong>ver-</strong></span> 
     </span>
    </p>
   </div>
   <div class='ocr_carea' id='block_1_117' title="bbox 2316 5542 3868 5616">
    <p class='ocr_par' dir='ltr' id='par_1_117' title="bbox 2316 5542 3868 5616">
     <span class='ocr_line' id='line_1_117' title="bbox 2316 5542 3868 5616; baseline 0.003 -22"><span class='ocrx_word' id='word_1_937' title='bbox 2316 5543 2458 5606; x_wconf 86' lang='lat' dir='ltr'><strong>bum,</strong></span> <span class='ocrx_word' id='word_1_938' title='bbox 2497 5542 2609 5596; x_wconf 75' lang='lat' dir='ltr'><strong>lucc</strong></span> <span class='ocrx_word' id='word_1_939' title='bbox 2641 5556 2804 5598; x_wconf 67' lang='lat' dir='ltr'><strong>recta:</strong></span> <span class='ocrx_word' id='word_1_940' title='bbox 2830 5546 3109 5599; x_wconf 76' lang='lat' dir='ltr'><strong>sententia:</strong></span> <span class='ocrx_word' id='word_1_941' title='bbox 3131 5546 3398 5601; x_wconf 80' lang='lat' dir='ltr'><strong>confessio</strong></span> <span class='ocrx_word' id='word_1_942' title='bbox 3418 5558 3515 5602; x_wconf 91' lang='lat' dir='ltr'><strong>cst.</strong></span> <span class='ocrx_word' id='word_1_943' title='bbox 3542 5548 3732 5608; x_wconf 79' lang='lat' dir='ltr'><strong>Verum</strong></span> <span class='ocrx_word' id='word_1_944' title='bbox 3756 5548 3868 5616; x_wconf 85' lang='lat' dir='ltr'><strong>quia</strong></span> 
     </span>
    </p>
   </div>
   <div class='ocr_carea' id='block_1_118' title="bbox 2317 5637 3867 5710">
    <p class='ocr_par' dir='ltr' id='par_1_118' title="bbox 2317 5637 3867 5710">
     <span class='ocr_line' id='line_1_118' title="bbox 2317 5637 3867 5710; baseline 0.002 -23"><span class='ocrx_word' id='word_1_945' title='bbox 2317 5637 2427 5689; x_wconf 80' lang='lat' dir='ltr'><strong>licri</strong></span> <span class='ocrx_word' id='word_1_946' title='bbox 2471 5644 2699 5704; x_wconf 86' lang='lat' dir='ltr'><strong>poterat,</strong></span> <span class='ocrx_word' id='word_1_947' title='bbox 2753 5646 2809 5690; x_wconf 90' lang='lat' dir='ltr'><strong>ut</strong></span> <span class='ocrx_word' id='word_1_948' title='bbox 2860 5637 2973 5692; x_wconf 66' lang='lat' dir='ltr'><strong>haec</strong></span> <span class='ocrx_word' id='word_1_949' title='bbox 3013 5654 3117 5691; x_wconf 83' lang='lat' dir='ltr'><strong>vox</strong></span> <span class='ocrx_word' id='word_1_950' title='bbox 3165 5639 3283 5693; x_wconf 88' lang='lat' dir='ltr'><strong>aliis</strong></span> <span class='ocrx_word' id='word_1_951' title='bbox 3326 5642 3543 5710; x_wconf 67' lang='lat' dir='ltr'><strong>mqnalis</strong></span> <span class='ocrx_word' id='word_1_952' title='bbox 3574 5640 3867 5699; x_wconf 86' lang='lat' dir='ltr'><strong>haberetur;</strong></span> 
     </span>
    </p>
   </div>
   <div class='ocr_carea' id='block_1_119' title="bbox 2318 5728 3869 5797">
    <p class='ocr_par' dir='ltr' id='par_1_119' title="bbox 2318 5728 3869 5797">
     <span class='ocr_line' id='line_1_119' title="bbox 2318 5728 3869 5797; baseline 0 -18"><span class='ocrx_word' id='word_1_953' title='bbox 2318 5728 2436 5780; x_wconf 86' lang='lat' dir='ltr'><strong>illas</strong></span> <span class='ocrx_word' id='word_1_954' title='bbox 2457 5728 2804 5794; x_wconf 80' lang='lat' dir='ltr'><strong>responsione</strong></span> <span class='ocrx_word' id='word_1_955' title='bbox 2838 5744 2940 5782; x_wconf 92' lang='lat' dir='ltr'><strong>non</strong></span> <span class='ocrx_word' id='word_1_956' title='bbox 2983 5728 3231 5797; x_wconf 84' lang='lat' dir='ltr'><strong>dignatus</strong></span> <span class='ocrx_word' id='word_1_957' title='bbox 3258 5740 3363 5797; x_wconf 88' lang='lat' dir='ltr'><strong>est,</strong></span> <span class='ocrx_word' id='word_1_958' title='bbox 3396 5730 3516 5785; x_wconf 86' lang='lat' dir='ltr'><strong>huic</strong></span> <span class='ocrx_word' id='word_1_959' title='bbox 3543 5748 3671 5786; x_wconf 87' lang='lat' dir='ltr'><strong>vero</strong></span> <span class='ocrx_word' id='word_1_960' title='bbox 3698 5729 3839 5785; x_wconf 67' lang='lat' dir='ltr'><strong>calin</strong></span> <span class='ocrx_word' id='word_1_961' title='bbox 3857 5758 3869 5768; x_wconf 85' lang='lat'><strong>-</strong></span> 
     </span>
    </p>
   </div>
   <div class='ocr_carea' id='block_1_120' title="bbox 2322 5816 3864 5892">
    <p class='ocr_par' dir='ltr' id='par_1_120' title="bbox 2322 5816 3864 5892">
     <span class='ocr_line' id='line_1_120' title="bbox 2322 5816 3864 5892; baseline 0.002 -22"><span class='ocrx_word' id='word_1_962' title='bbox 2322 5819 2426 5871; x_wconf 91' lang='lat' dir='ltr'><strong>lum</strong></span> <span class='ocrx_word' id='word_1_963' title='bbox 2453 5816 2613 5884; x_wconf 89' lang='lat' dir='ltr'><strong>addit,</strong></span> <span class='ocrx_word' id='word_1_964' title='bbox 2642 5830 2691 5872; x_wconf 84' lang='lat' dir='ltr'><strong>et</strong></span> <span class='ocrx_word' id='word_1_965' title='bbox 2712 5819 2837 5887; x_wconf 91' lang='lat' dir='ltr'><strong>quid</strong></span> <span class='ocrx_word' id='word_1_966' title='bbox 2863 5819 2973 5874; x_wconf 81' lang='lat' dir='ltr'><strong>ait?</strong></span> <span class='ocrx_word' id='word_1_967' title='bbox 2999 5819 3075 5875; x_wconf 77' lang='lat' dir='ltr'><strong>Nc</strong></span> <span class='ocrx_word' id='word_1_968' title='bbox 3091 5831 3367 5892; x_wconf 88' lang='lat' dir='ltr'><strong>putaretur</strong></span> <span class='ocrx_word' id='word_1_969' title='bbox 3384 5822 3485 5879; x_wconf 88' lang='lat' dir='ltr'><strong>boc</strong></span> <span class='ocrx_word' id='word_1_970' title='bbox 3508 5822 3702 5877; x_wconf 87' lang='lat' dir='ltr'><strong>dictum</strong></span> <span class='ocrx_word' id='word_1_971' title='bbox 3722 5831 3864 5877; x_wconf 77' lang='lat' dir='ltr'><strong>enata</strong></span> 
     </span>
    </p>
   </div>
  </div>
