4068 6418
70 32 77 33 ,
114 10 467 37 am;
484 28 505 38 ι

188 420 288 474 557

192 538 494 591 humanam
528 552 662 593 esse
705 535 1037 604 opinionem,
1083 526 1213 583 illud
1258 525 1548 594 obsignans
1576 532 1631 576 et
1659 518 1811 590 sigii-

192 633 296 684 tum
324 631 594 685 veritatis
619 627 849 689 addens,
875 624 1039 680 dicit:
1069 621 1258 675 Beatus
1286 634 1357 682 es,
1382 616 1563 670 Simon
1587 612 1814 682 Barjona

190 719 297 788 (Ib.
330 737 381 774 υ.
418 721 545 790 17).
585 720 686 774 llic
713 719 765 772 in
797 715 1109 771 memoriam
1142 725 1357 773 revoca,
1388 709 1601 761 Patrem
1650 706 1811 757 etiam

188 815 236 868 ei
264 812 356 882 qui
384 828 449 867 se
480 821 742 874 noverat,
774 825 894 864 eum
918 823 1078 878 quem
1104 802 1383 876 ignorabat
1405 799 1662 854 revelare.
1682 794 1815 848 Beo-

188 915 266 956 tus
296 920 370 966 es,
404 903 609 957 Simon
636 902 883 970 Barjona,
913 900 1034 969 quia
1060 913 1179 951 mro
1208 904 1253 948 et
1283 893 1488 960 sanguis
1535 906 1637 941 non
1674 902 1814 939 reve-

190 995 315 1049 lari!
336 996 457 1058 tibi,
489 997 590 1050 sed
618 993 774 1048 Pater
800 1009 963 1057 meus,
986 992 1073 1061 qui
1103 991 1155 1041 iu
1176 988 1313 1061 coriis
1340 995 1433 1039 est.
1474 981 1657 1035 Viden‘
1675 993 1811 1047 qun-

188 1087 355 1139 modo
387 1089 494 1141 toti
526 1087 674 1152 orbi,
708 1087 796 1155 qui
833 1085 1044 1139 Patrem
1080 1081 1379 1151 ignorabat,
1431 1076 1598 1131 Filius
1644 1074 1813 1142 ignoti

188 1177 473 1247 interpres
506 1180 584 1233 sit
612 1195 625 1231 :
659 1192 946 1249 synagoga:
970 1184 1149 1229 autem
1181 1182 1235 1226 et
1275 1169 1497 1233 Judrcis,
1529 1166 1617 1236 qui
1645 1167 1811 1217 Iicnm

186 1266 414 1335 quidem
449 1283 519 1323 se
557 1282 718 1323 nosse
745 1267 1024 1336 putabant,
1044 1262 1138 1318 sed
1161 1263 1253 1317 Dei
1274 1260 1495 1315 verbum
1520 1258 1685 1310 Deum
1706 1268 1811 1307 non

186 1371 487 1423 noverant,
518 1362 636 1427 ipse
662 1360 821 1414 Pater
850 1360 1115 1425 interpres
1142 1355 1307 1425 ignoti
1333 1348 1639 1448 cilicia-tur?-
1733 1438 1744 1448 .

257 1452 315 1503 4.
358 1450 447 1505 Ne
471 1452 664 1521 itaque
685 1464 948 1505 summam
979 1447 1361 1517 benignitatem
1381 1440 1671 1512 impietatis
1694 1440 1812 1490 via-

187 1542 358 1596 ticum
393 1551 649 1606 statuas;
680 1559 749 1598 ne
779 1545 989 1597 minuas
1027 1540 1340 1610 dignitatem
1385 1547 1605 1607 propter
1631 1534 1813 1588 incar-

186 1637 521 1700 nationem;
553 1652 623 1690 ne
650 1635 915 1689 curiosius
937 1633 1176 1703 inquiras
1206 1635 1521 1685 immensam
1547 1626 1693 1679 illam
1719 1640 1814 1677 ua-

191 1737 411 1792 turam;
448 1744 525 1783 ne
551 1727 813 1783 scruteris
857 1726 1150 1781 essentiam
1184 1717 1807 1790 incomprehensibilem.

190 1820 314 1875 Tibi
350 1820 533 1875 Isaias
575 1819 820 1886 suadeat,
854 1834 960 1873 non
1010 1832 1132 1873 esse
1172 1815 1261 1870 illa
1305 1809 1676 1882 disquirenda,
1711 1824 1812 1889 nec

194 1915 410 1981 scripto
464 1912 754 1982 agitanda:
785 1926 906 1965 nam
958 1910 1052 1969 ait,
1110 1907 1496 1962 Generationem
1542 1904 1654 1974 ejus
1700 1902 1812 1972 quis

195 2008 471 2060 enarrabit
522 2003 698 2076 (lsai.
731 2005 821 2060 55.
867 2002 976 2074 8)?
1013 2000 1142 2063 Sed,
1178 2015 1211 2055 ο
1243 1997 1608 2069 impudentem
1649 1993 1814 2048 auda~

191 2098 333 2149 ciam
368 2113 572 2152 eorum
600 2096 689 2165 qui
713 2096 888 2148 omnia
923 2104 1127 2148 temere
1158 2091 1396 2146 sentiunt
1432 2098 1487 2143 et
1529 2086 1809 2142 ell'utiunt!

192 2188 386 2258 Neque
408 2190 570 2243 timet
600 2191 896 2241 Auommus
919 2184 1012 2239 Dei
1040 2194 1281 2239 naturam
1311 2180 1567 2245 scrutari,
1596 2187 1653 2234 et
1672 2176 1811 2232 inef-

195 2280 381 2335 fabilia
417 2290 630 2335 temere
662 2278 829 2348 loqui,
863 2289 1024 2346 atque
1055 2286 1236 2331 sancta
1263 2274 1573 2339 traducere;
1602 2286 1667 2326 ac
1687 2271 1812 2341 jure

195 2372 449 2439 quidem.
485 2370 620 2437 Quia
662 2371 803 2425 enim
849 2370 1128 2424 veritatem
1174 2368 1403 2437 ignorat,
1447 2380 1568 2435 quae
1600 2363 1813 2435 ignorat

194 2463 375 2529 cll'ert,
426 2473 487 2517 ut
511 2479 630 2531 qua:
659 2461 1019 2532 praedicantur
1045 2460 1296 2515 occultet.
1318 2457 1434 2512 Non
1457 2457 1662 2512 audivit
1682 2471 1810 2511 san-

196 2565 341 2607 ctam
370 2554 717 2623 Scripturam
748 2561 1078 2618 monentem,
1111 2554 1239 2620 Qui:
1265 2551 1355 2604 tibi
1382 2550 1627 2603 mandata
1667 2558 1808 2614 sunt,

199 2643 306 2696 Mc
334 2646 513 2715 cogita
546 2644 731 2715 (Eccli.
766 2645 818 2699 3.
868 2644 1000 2714 22):
1032 2658 1204 2712 neque
1248 2645 1390 2698 enim
1446 2641 1661 2695 arcanis
1713 2639 1809 2695 tibi

198 2748 336 2801 opus
366 2746 480 2789 est.
512 2736 706 2789 Beatus
742 2736 898 2799 Deus,
930 2735 1184 2804 quisolus
1200 2735 1460 2789 mirabilia
1487 2743 1699 2804 patrare
1716 2750 1813 2803 p0-

200 2833 331 2890 test,
361 2844 493 2881 cum
525 2827 684 2882 vellet
710 2826 901 2882 Jobum
936 2828 1083 2881 illum
1114 2829 1367 2896 patientia
1408 2844 1501 2881 sua
1534 2827 1793 2882 illustrem

199 2915 433 2972 historia
454 2920 744 2973 creatiouis
765 2919 1192 2985 obstupefacere,
1216 2920 1289 2972 ait
1308 2920 1379 2973 illi
1402 2936 1415 2971 :
1440 2918 1537 2972 Ubi
1565 2935 1679 2973 eras
1698 2934 1810 2971 cum

202 3017 395 3063 terram
434 3011 709 3079 fundarem
759 3010 878 3078 (Job
925 3011 1013 3067 58.
1056 3012 1115 3082 4)
1152 3010 1176 3063 ‘l
1206 3027 1325 3067 cum
1359 3027 1509 3066 mare
1541 3011 1727 3067 ﬁeret?
1753 3021 1813 3065 ut

206 3104 393 3171 paucis
421 3092 723 3168 absolvam,
742 3102 873 3158 Cum
906 3114 1118 3159 montes
1141 3106 1516 3159 ﬁrmarentur?
1534 3104 1614 3159 Tu
1636 3116 1811 3175 partus

207 3196 631 3264 tragelaphorum
672 3196 946 3249 observasti
1001 3195 1119 3264 (Job
1153 3196 1239 3251 59.
1277 3198 1371 3264 ω
1417 3198 1621 3251 Euarra
1678 3195 1809 3250 mihi

207 3286 394 3339 mundi
450 3287 859 3350 formationem,
898 3286 1131 3341 ferarum
1187 3296 1394 3356 partus,
1443 3289 1808 3356 iumentorum

211 3389 416 3443 escam,
450 3380 885 3434 constitutionem
910 3392 962 3431 et
992 3380 1304 3433 varietatem
1328 3383 1568 3435 oumium
1597 3399 1716 3451 que
1751 3384 1804 3436 in

210 3473 417 3523 mundo
437 3481 583 3524 sunt.
613 3470 738 3525 ":ch
761 3473 856 3541 ipsi
876 3472 1106 3536 dicebat,
1134 3482 1189 3525 ut
1208 3474 1354 3525 illum
1384 3473 1626 3537 doceret,
1647 3475 1807 3529 ctiam

213 3573 275 3612 ea
303 3560 355 3613 iu
385 3562 609 3628 mundo,
638 3577 759 3631 quae
787 3564 887 3617 sub
919 3572 1191 3633 aspectum
1241 3566 1461 3630 cadunt,
1496 3581 1601 3618 non
1642 3582 1808 3636 posse

214 3650 281 3705 ab
308 3652 616 3709 hominibus
638 3655 1043 3725 comprehendi.
1076 3655 1276 3710 Deinde
1304 3658 1494 3711 beatus
1517 3658 1604 3712 ille
1624 3659 1812 3713 obstu-

218 3744 461 3812 pefactus
486 3746 648 3800 dicit:
685 3744 923 3813 Domine,
969 3748 1121 3801 semel
1147 3748 1385 3816 loquutus
1412 3765 1546 3815 statu,
1591 3754 1811 3805 secundo

217 3851 317 3889 non
345 3838 589 3908 adjiciam
618 3838 740 3905 (Job
780 3838 868 3895 39.
899 3839 1010 3909 35).
1043 3840 1236 3905 Quzeso
1260 3849 1334 3906 te,
1362 3855 1542 3894 rerum
1569 3857 1690 3909 qua:
1711 3842 1811 3895 sub

218 3939 493 3996 aspectum
526 3930 724 3984 cadunt
766 3930 1080 3999 perquisitio
1126 3932 1318 3987 Jobum
1373 3934 1723 4002 compressit;
1756 3946 1814 3990 et

218 4020 497 4076 audaciam
528 4032 668 4075 tuam
704 4038 770 4077 ne
799 4023 1082 4077 inelfabiiis
1111 4025 1324 4094 quidem
1354 4023 1625 4096 Uuigeniti
1654 4042 1811 4097 gene~

221 4114 355 4167 ratio
380 4114 672 4183 reprimet?
702 4115 898 4170 Verum
918 4117 1038 4187 quia
1058 4117 1145 4172 illa
1170 4121 1289 4187 quin
1312 4120 1524 4190 ignoras
1548 4123 1807 4191 explicas,

220 4215 280 4255 ea
324 4220 449 4275 qme
490 4220 677 4260 onmcs
721 4207 966 4261 novimus
1007 4207 1104 4262 abs
1137 4219 1187 4262 te
1221 4210 1512 4279 quaerenda
1544 4224 1690 4278 sunt,
1723 4214 1813 4269 dic

220 4296 349 4351 mihi
380 4298 653 4367 quomodo
687 4307 825 4352 terra
855 4315 1019 4369 super
1044 4316 1209 4370 aquas
1227 4302 1442 4358 fundata
1470 4307 1561 4371 sit,
1586 4321 1813 4376 quomo-

220 4384 288 4438 do
322 4389 492 4441 Adam
516 4404 578 4443 ex
615 4400 754 4444 terra
788 4393 1047 4449 formatus
1064 4395 1153 4459 sit,
1174 4396 1445 4465 quomodo
1473 4413 1667 4453 manna
1686 4416 1813 4470 sup-

222 4474 537 4546 peditatum,
570 4483 838 4550 quomodo
870 4500 1024 4540 mare
1069 4487 1332 4553 divisum;
1388 4503 1443 4545 et
1490 4508 1558 4548 ne
1604 4494 1814 4566 longior

222 4572 342 4636 sim,
376 4573 577 4642 reliqua
603 4575 881 4629 miracula.
908 4578 1002 4632 Dic
1029 4580 1161 4633 mibi
1188 4585 1461 4649 quomodo
1500 4590 1679 4657 angeli
1709 4608 1809 4662 ap-

224 4666 453 4728 positum
484 4664 583 4720 sibi
610 4667 677 4720 ab
705 4668 1013 4723 Abrabamo
1044 4673 1265 4727 vitulum
1296 4679 1665 4735 comederint:
1691 4685 1815 4737 nul-

223 4753 299 4806 lus
319 4755 391 4810 ibi
411 4769 620 4821 venter,
646 4759 851 4813 nullum
875 4761 1118 4817 ciborum
1142 4770 1544 4846 receptaculum
1576 4772 1627 4826 in
1650 4790 1813 4845 ange-

224 4844 284 4899 lis
307 4867 319 4878 -
360 4848 462 4912 Qui
505 4848 630 4917 facit
659 4854 866 4921 angelos
891 4871 1012 4907 suos
1048 4857 1279 4924 spiritus,
1318 4844 1365 4914 et
1396 4864 1654 4920 ministros
1693 4885 1814 4924 suos

221 4935 386 5004 ignem
436 4951 659 4993 urentem
710 4942 881 5015 (Psal.
915 4946 1037 5002 105.
1069 4948 1150 5019 4).
1181 4948 1464 5017 Quomodo
1497 4955 1814 5028 absumptus

220 5030 371 5083 cibus
417 5031 537 5085 est?
584 5031 775 5088 Statim
808 5037 1090 5094 haereticus
1123 5059 1135 5093 :
1168 5041 1307 5107 Quid
1349 5044 1435 5100 hic
1482 5048 1811 5118 impossibile

220 5125 457 5192 quznris?
485 5127 797 5198 angelorum
830 5131 1026 5187 virtute
1049 5132 1661 5211 evanuitCAngelorum
1704 5146 1814 5199 vir-

223 5222 386 5270 tutem
411 5217 611 5283 credis,
638 5234 736 5274 nec
759 5224 1059 5289 examinas,
1089 5236 1143 5280 et
1175 5227 1268 5284 Dei
1288 5234 1693 5299 generationem
1718 5252 1815 5291 cu-

221 5309 359 5364 riose
376 5312 667 5365 scrutaris?
680 5312 962 5379 Quomodo
988 5317 1113 5373 fecit
1134 5320 1273 5376 Deus
1289 5322 1477 5377 caalum
1501 5335 1555 5379 et
1577 5336 1774 5383 terram
1787 5331 1817 5383 ἲ

220 5398 546 5471 Respondet,
577 5404 651 5461 Ut
703 5408 867 5472 novit,
922 5417 980 5463 ut
1030 5412 1219 5466 voluit.
1268 5414 1415 5471 itane
1449 5416 1541 5471 Dei
1576 5428 1811 5487 potestas

218 5496 513 5550 ratiociniis
546 5513 653 5551 non
686 5498 989 5569 subjicitur,
1041 5503 1137 5559 sed
1190 5504 1343 5574 lidei;
1394 5508 1577 5564 divina
1624 5522 1803 5569 autem

216 5587 487 5654 generatio
519 5588 817 5645 ratiociniis
835 5589 1152 5648 addicitur?
1176 5595 1292 5651 Non
1314 5597 1510 5653 audisti
1545 5601 1802 5659 Davidem

215 5675 502 5743 dicentem,
558 5680 746 5736 Omnia
796 5699 1121 5755 quaecumque
1174 5690 1333 5744 voluit
1384 5692 1632 5751 Dominus
1686 5698 1805 5767 fecit

215 5768 385 5837 (Psal.
432 5771 554 5829 134.
591 5772 689 5845 8)?
718 5774 1059 5834 Voluptatem
1093 5797 1197 5835 non
1240 5785 1527 5853 perquiris,
1561 5796 1613 5841 et
1639 5797 1804 5843 natu-

215 5878 319 5921 ram
348 5869 564 5929 curiose
608 5874 912 5930 scrutaris?
945 5874 1147 5947 Ecquid
1171 5920 1184 5945 ,
1235 5878 1468 5936 fratres?
1493 5882 1625 5949 Qua:
1654 5885 1797 5941 Deus

1501 402 1589 458 DE
1629 372 1913 458 sxcua
1951 397 2197 456 SERMO.

3421 404 3525 458 333

1922 518 2111 573 volens
2138 517 2335 585 eliecit,
2371 518 2654 586 videntur;
2706 521 2752 575 is
2798 535 2947 590 vero,
2991 538 3149 593 quem
3179 540 3245 581 es
3303 541 3521 601 propria

1920 609 2219 664 substantia
2249 611 2437 681 genuit
2463 611 2784 669 iuvisibilem
2810 612 2996 687 (opera
3021 619 3164 674 enim
3183 635 3307 690 qua:
3333 623 3521 678 viden-

1923 710 2029 762 tur,
2052 710 2180 757 sunt
2208 703 2384 774 imago
2411 700 2507 759 Dei
2538 706 2861 781 invisibilis),
2888 726 3031 765 nunc
3057 724 3237 768 autem
3262 718 3315 770 in
3347 719 3519 771 ratio-

1920 793 2065 849 cinio
2092 805 2340 849 versatur
2369 796 2651 853 invisibilis
2687 804 2988 870 generatio,
3030 807 3326 866 ratiociniis
3353 812 3525 881 subji-

1917 889 2094 943 citur?
2118 906 2238 959 qua:
2266 892 2453 959 volens
2485 892 2611 947 fecit
2630 911 2733 949 non
2754 900 3150 969 examinantur,
3182 912 3239 958 et
3257 906 3398 985 guod
3423 922 3525 977 per

1918 978 2156 1034 divinam
2206 993 2262 1036 et
2310 982 2685 1040 intemeratam
2733 999 2980 1045 naturam
3036 978 3278 1063 protulit.
3304 1002 3521 1057 curiose

1920 1073 2215 1127 scrutaris?
2240 1073 2285 1128 Ο
2326 1092 2515 1129 novam
2560 1078 2870 1135 audaciam!
2909 1097 2942 1137 ο
2984 1090 3329 1143 temerarium
3362 1107 3521 1146 cona-

1919 1166 2068 1220 tum!
2118 1181 2150 1217 ο
2180 1167 2465 1221 consilium
2516 1172 2697 1240 turpe!
2742 1188 2776 1225 ο
2811 1184 3053 1231 naturam
3101 1179 3516 1242 inhonoratam!

1916 1255 2047 1312 lure
2075 1254 2291 1315 dicebat
2322 1262 2509 1317 beatus
2538 1265 2740 1320 David:
2773 1267 2904 1323 Filii
2948 1272 3215 1330 hominum
3258 1296 3519 1352 usquequo

1917 1349 2060 1416 gravi
2080 1350 2269 1404 corde?
2296 1350 2363 1407 Ut
2387 1354 2509 1419 quid
2534 1355 2746 1426 diligitis
2772 1360 3041 1416 vanitatem
3071 1376 3117 1418 et
3138 1349 3364 1437 quaeritis
3386 1349 3519 1428 nien-

1918 1438 2122 1494 dacium
2150 1441 2323 1509 (Psal.
2349 1452 2400 1499 4.
2431 1447 2527 1516 5)?
2552 1449 2941 1525 Quodcumque
2969 1459 3112 1512 enim
3144 1462 3382 1520 alienum
3433 1483 3520 1523 est

1917 1545 1946 1582 a
1970 1530 2171 1587 Christi
2194 1535 2464 1605 doctrina,
2488 1555 2685 1595 vanum
2716 1556 2797 1598 est
2821 1556 2875 1600 et
2911 1549 3273 1607 mendacium.
3308 1556 3440 1612 Nam
3473 1562 3518 1615 si

1922 1638 2050 1678 vere
2072 1625 2223 1692 dicit,
2252 1626 2362 1699 Ego
2388 1648 2501 1684 sum
2532 1636 2719 1690 veritas
2744 1637 2923 1709 (Joau.
2960 1644 3044 1696 H.
3067 1644 3146 1716 6),
3166 1663 3539 1722 qua-cumque

1916 1726 2067 1771 extra
2090 1716 2288 1775 Christi
2314 1722 2615 1779 doctrinam
2648 1739 2793 1796 sunt,
2827 1732 2893 1786 ad
2926 1736 3263 1794 mendacium
3290 1716 3514 1800 ducunt.

1915 1809 2103 1865 Reduc
2132 1814 2375 1869 animum
2407 1826 2555 1872 tuum
2590 1819 2660 1875 ab
2684 1823 2880 1880 inlimis
2910 1828 3025 1882 illis-
3048 1833 3438 1901 qumstionibus
3464 1850 3537 1894 et

1916 1916 1947 1956 a
1980 1905 2144 1959 variis
2174 1908 2471 1963 ratiociniis
2493 1911 2558 1965 ad
2588 1915 2873 1972 sublimem
2906 1920 3257 1994 theologiam,
3282 1937 3337 1984 et
3361 1931 3517 1987 mitte

1918 1994 2133 2064 inopem
2167 1997 2311 2052 illam
2353 2002 2761 2062 mtiociuiorum
2797 2013 3237 2082 perquisitionem
3270 2036 3283 2074 :
3329 2024 3517 2093 accipe

1917 2087 2163 2143 veritatis
2185 2090 2531 2149 thesnurum:
2566 2098 2748 2153 Simile
2772 2113 2845 2157 est
2882 2121 3092 2176 regnum
3120 2112 3362 2168 calorum
3402 2087 3515 2171 ιάσ-

1916 2193 2069 2233 sauro
2094 2180 2391 2237 abscondito
2423 2186 2636 2257 (Matth.
2685 2193 2772 2245 15.
2806 2196 2921 2266 st).
2956 2198 3065 2252 Cur
3090 2200 3349 2260 Servator
3394 2206 3515 2265 the-

1916 2285 2110 2327 saurus
2136 2278 2395 2331 vocatur?
2424 2278 2523 2334 Hic
2550 2282 2838 2354 diligenter
2869 2291 3107 2347 attende.
3141 2293 3210 2351 Ut
3232 2297 3517 2357 thesaurus

1916 2376 2023 2417 non
2057 2373 2185 2421 tunc
2211 2370 2573 2439 constituitur,
2607 2389 2729 2430 cum
2775 2383 3062 2449 reperitur,
3114 2386 3210 2442 sed
3250 2400 3406 2447 vetus
3434 2403 3520 2449 est

1915 2453 2271 2525 depositione,
2324 2477 2495 2519 novus
2548 2466 2770 2523 inventu
2811 2488 2824 2525 :
2869 2474 2949 2528 sic
3001 2477 3239 2536 salutare
3286 2485 3517 2542 verbum

1914 2561 2068 2605 vetus
2096 2562 2181 2608 est
2204 2552 2483 2624 dignitate,
2518 2570 2572 2614 et
2602 2564 2922 2634 principium
2976 2571 3249 2640 omnium;
3293 2592 3417 2633 nam
3447 2578 3519 2635 In

1916 2644 2169 2715 principio
2194 2658 2303 2701 erat
2333 2650 2535 2704 verbum
2561 2652 2740 2724 (Joan.
2774 2658 2826 2711 1.
2858 2658 2945 2728 1);
2982 2677 3121 2718 nova
3148 2678 3329 2723 autem
3370 2687 3514 2742 pra:-

1914 2735 2111 2793 dicatio
2138 2752 2357 2810 propter
2382 2745 2560 2801 carnis
2581 2751 3049 2810 oeconomiam-Et
3069 2772 3221 2825 sane,
3250 2735 3437 2833 frater,
3457 2781 3515 2824 ut

1913 2829 2093 2886 discas
2110 2834 2281 2902 ipsum
2304 2836 2540 2894 thesauri
2564 2841 2733 2897 instar
2748 2844 3052 2904 desiderant
3065 2850 3183 2908 ibus
3199 2829 3511 2929 splendere,

1915 2932 1969 2977 et
1995 2924 2084 2993 qui
2118 2925 2245 2980 illud
2270 2930 2545 2998 reperiunt
2575 2936 2728 3001 quasi
2760 2937 2826 2991 ad
2860 2939 3171 2999 thesaurum
3199 2924 3511 3018 accurrere,

1913 3014 2159 3070 Andreas
2195 3018 2353 3073 Petro
2392 3036 2662 3090 repertum
2705 3026 2948 3087 indicans
2978 3034 3085 3091 ait:
3122 3036 3282 3104 Quem
3309 3014 3516 3114 scripsit

1919 3103 2121 3175 Moyses
2150 3108 2203 3161 in
2226 3108 2407 3180 legeet
2436 3116 2716 3184 prop/telae,
2735 3119 3019 3179 invenimus
3046 3103 3304 3185 Clu-istum
3329 3103 3511 3198 (Idan.

1916 3197 1965 3250 1.
1991 3198 2104 3267 45).
2130 3198 2342 3271 Moyses
2363 3204 2507 3258 enim
2539 3216 2594 3261 et
2620 3210 2893 3279 prophetae
2914 3215 2965 3269 in
2985 3219 3153 3296 sacris
3171 3197 3341 3289 libris,
3362 3228 3513 3296 quasi

1914 3290 1966 3344 in
1990 3291 2256 3347 thesauris
2287 3298 2718 3363 prmdicationem
2741 3290 3123 3375 deposuerant.
3151 3313 3346 3371 Verum
3376 3320 3517 3376 sicut

1913 3380 2014 3446 illi,
2046 3384 2137 3452 qui
2165 3388 2431 3443 occultmu
2463 3390 2771 3450 thesaurum
2804 3398 3098 3471 deponunt,
3150 3405 3250 3475 ipsi
3295 3411 3513 3480 quidem

1913 3471 2215 3542 depositum
2259 3490 2477 3548 norunt,
2507 3485 2679 3541 oculis
2714 3503 2842 3543 vero
2888 3490 3137 3560 lustrant,
3191 3515 3259 3555 ne
3288 3503 3357 3557 ab
3396 3504 3518 3561 aliis

1913 3562 2068 3621 facile
2092 3567 2261 3639 abripi
2290 3573 2460 3638 possit
2487 3592 2501 3626 :
2530 3577 2607 3631 sic
2638 3581 2913 3649 prepheta:
2939 3584 3065 3642 dum
3087 3586 3361 3651 Christum
3381 3613 3520 3667 pra:-

1914 3655 2178 3724 dicarent,
2214 3663 2543 3723 obscuritate
2573 3672 2858 3728 verborum
2910 3678 3223 3738 thesaurum
3269 3655 3516 3749 occulta-

1915 3760 2060 3804 runt.
2096 3752 2309 3820 Quare?
2336 3757 2389 3811 Si
2420 3759 2564 3815 clare
2588 3762 2872 3833 dixissent,
2916 3785 3024 3825 non
3054 3771 3249 3833 fuisset
3279 3782 3518 3853 preplteo

1917 3841 2009 3904 tia,
2046 3844 2140 3898 sed
2179 3848 2509 3918 praidicatio,
2541 3862 2595 3908 et
2638 3855 3010 3928 intempestiva
3060 3841 3302 3936 loquutio
3326 3841 3519 3942 ρέα)ἀὶ-

1915 3932 2143 3990 catiouis
2188 3944 2644 4008 Opportunitatem
2693 3932 3148 4025 praeoccupasset;
3199 3932 3339 4029 Quid
3388 3981 3521 4037 ergo

1917 4024 2156 4082 faciunt?
2187 4028 2616 4102 lntcrpretantur
2659 4050 2715 4094 et
2743 4045 3032 4101 occultant.
3057 4048 3188 4117 Quis
3209 4024 3333 4111 Thuc
3353 4024 3519 4113 dicivt‘.’

1917 4117 2080 4175 Isaias
2105 4139 2117 4174 :
2152 4122 2216 4175 Et
2240 4125 2334 4177 erit
2365 4126 2448 4181 ltic
2488 4129 2615 4183 liber
2648 4135 2797 4202 quasi
2821 4136 2948 4190 liber
2979 4139 3272 4212 obsignatas
3294 4163 3314 4200 :
3342 4150 3430 4218 qui
3475 4153 3520 4205 si

1916 4214 2064 4268 detur
2092 4218 2200 4271 viro
2231 4220 2411 4273 scienti
2441 4221 2638 4291 literas,
2688 4228 2843 4293 dicet,
2893 4228 3019 4285 Non
3068 4252 3277 4304 possum
3317 4214 3517 4312 legere;

1918 4307 2211 4379 obsignatas
2242 4313 2375 4365 enim
2402 4326 2494 4367 est.
2525 4315 2593 4369 Et
2618 4319 2663 4371 si
2686 4318 2834 4374 detur
2862 4327 3106 4380 nescienti
3130 4329 3324 4399 literas,
3354 4307 3514 4399 dicet,

1919 4397 2043 4453 Non
2066 4418 2275 4470 possunt
2306 4405 2492 4476 legere,
2523 4411 2645 4481 quia
2672 4428 2773 4466 non
2811 4414 2971 4469 didici
3019 4417 3190 4475 literas
3236 4397 3393 4490 (Isai.
3422 4397 3514 4485 29.

1919 4494 2007 4547 11.
2043 4494 2156 4565 12).
2190 4496 2327 4563 Quid
2370 4499 2473 4553 sibi
2522 4502 2637 4557 vult
2668 4504 2770 4561 hoc
2799 4508 3068 4578 amigma?
3108 4511 3401 4585 Prophetia
3449 4520 3518 4576 de

1917 4584 2154 4654 Christo,
2189 4590 2383 4660 inquit,
2412 4601 2466 4647 et
2494 4607 2526 4647 a
2554 4592 2756 4651 Judmis
2780 4608 2834 4653 et
2860 4613 2891 4652 a
2912 4602 3203 4670 gentilibus
3220 4584 3518 4677 ignoraba-

1918 4687 2035 4732 tur:
2069 4694 2098 4733 a
2123 4680 2347 4747 Juda‘is,
2392 4684 2481 4750 qui
2514 4684 2698 4741 literas
2739 4689 2985 4747 sciebant
3024 4705 3078 4750 et
3107 4695 3279 4769 legem
3308 4712 3363 4756 et
3394 4718 3518 4772 pro-

1918 4775 2127 4842 phetas,
2161 4776 2285 4844 quia
2315 4776 2592 4848 obsignata
2638 4791 2790 4837 erat:
2822 4783 2995 4840 Judazi
3048 4786 3234 4845 literas
3272 4795 3519 4853 sciebant

1916 4872 1973 4918 et
2000 4864 2228 4920 instituti
2256 4879 2441 4934 erant;
2476 4869 2705 4941 ideoque
2735 4873 2864 4929 dicit
2889 4876 2993 4933 illis
3029 4879 3169 4936 Deus
3189 4899 3209 4936 :
3233 4883 3333 4949 Qui
3358 4898 3520 4957 gesta-

1917 4957 2045 5010 mini
2068 4973 2132 5012 ea:
2157 4969 2319 5024 utero,
2356 4972 2403 5015 et
2429 4962 2753 5018 instituimini
2798 4983 2957 5036 usque
2998 4970 3068 5024 ad
3111 4976 3307 5029 senium
3358 4976 3515 5049 (lsai.

1917 5049 2009 5104 46.
2038 5048 2095 5121 3)
2121 5068 2133 5104 :
2164 5050 2394 5107 instituti
2423 5063 2598 5116 erant.
2630 5056 2727 5111 sed
2774 5062 3107 5129 nesciebant,
3154 5066 3278 5134 quia
3308 5048 3396 5123 res
3422 5071 3521 5127 ob-

1918 5145 2177 5200 scuritate
2205 5146 2508 5217 tegebatur.
2548 5149 2594 5202 Α
2637 5150 2929 5218 gentilibus
2969 5169 3098 5208 vero
3145 5156 3517 5229 ignorabatur,

1919 5250 2025 5290 non
2058 5246 2281 5306 propter
2304 5237 2714 5305 obscuritatem,
2749 5242 2845 5298 sed
2889 5247 3033 5313 quod
3079 5264 3305 5317 prorsus
3331 5252 3520 5311 literas

1918 5328 2251 5399 ignorarent.
2284 5330 2411 5385 Ideo
2442 5331 2638 5387 Paulus
2664 5334 2972 5404 Timotheo,
3005 5341 3097 5412 qui
3127 5342 3179 5397 in
3225 5344 3344 5416 lege
3378 5347 3514 5404 eduo

1918 5428 2068 5475 catus
2090 5419 2285 5485 fuerat,
2304 5422 2466 5478 dicit:
2499 5424 2631 5490 Quia
2647 5424 2711 5479 ab
2726 5426 2947 5499 infantia
2963 5446 3137 5486 sacras
3159 5434 3332 5492 literas
3358 5441 3518 5508 nosti,

1919 5528 2034 5582 qua:
2062 5524 2110 5568 te
2136 5526 2348 5583 possunt
2397 5516 2645 5570 instruere
2688 5519 2757 5572 ad
2784 5522 3001 5577 salutent
3032 5524 3107 5594 (2.
3144 5524 3279 5581 Tim.
3313 5530 3367 5586 3.
3402 5532 3521 5603 i5).

1919 5602 2048 5657 Erat
2072 5619 2203 5675 ergo
2234 5604 2515 5674 prophetia
2546 5616 2605 5660 ut
2633 5608 2922 5666 thesaurus
2945 5612 3001 5668 in
3037 5616 3206 5672 sacris
3236 5618 3397 5676 libris
3428 5602 3515 5679 oc-

1915 5696 2098 5750 culta:
2132 5712 2237 5750 non
2268 5698 2628 5754 recedendum
2659 5704 2806 5759 enim
2836 5714 2918 5761 est
2960 5722 2991 5762 a
3036 5710 3247 5766 ratione
3293 5714 3517 5771 occulti.

1914 5791 2101 5861 Neque
2121 5790 2287 5847 Isaias
2313 5794 2461 5849 solus
2488 5795 2803 5866 prophetias
2825 5800 3047 5856 exhibet
3066 5802 3400 5876 obsignatas,
3422 5808 3519 5864 sed

1913 5896 2076 5943 etiam
2109 5887 2328 5944 Daniel:
2359 5903 2485 5946 nam
2514 5889 2647 5948 dicit
2683 5892 2760 5951 illi
2791 5894 3038 5968 angelus,
3078 5907 3367 5972 postquam
3413 5900 3518 5972 ipsi
