4068 6418
599 374 701 429 539

598 494 891 544 luturorutn
920 482 1289 539 revelationem
1313 486 1699 532 monstraverat
1723 493 1736 529 :
1763 474 1827 528 Et
1846 484 1918 537 tu,
1945 472 2149 535 Daniel,

600 579 806 650 obsigna
850 575 1027 629 librum
1071 572 1202 650 hunc
1245 568 1470 629 visionis,
1513 566 1630 636 quia
1668 564 2011 633 interpretatio
2046 565 2156 633 ejus

601 648 777 743 procul
806 668 962 740 (Dan.
998 664 1083 719 l2.
1107 648 1187 733 9;.
1220 662 1345 716 ldeo
1373 661 1558 755 beatus
1591 657 1775 723 David,
1818 672 1939 737 cuin
1986 654 2153 755 legem

595 774 650 817 et
673 760 957 833 prophetas
981 773 1045 811 ex
1080 769 1304 825 persona
1338 751 1513 821 populi
1541 749 1770 819 legeret;
1805 762 1977 818 neque
2011 749 2155 801 enim

597 856 709 921 ipse
737 851 825 920 qui
852 848 1167 920 pr0pltetice
1193 844 1527 915 loquebatur,
1554 841 1858 910 ignorabat;
1888 848 1943 892 ut
1971 846 2153 891 osten-

595 944 747 997 deret
776 956 834 995 se
860 938 1145 1010 quamdam
1172 936 1366 992 Christi
1390 934 1703 989 teconomite
1728 930 1968 985 notitiam
1994 944 2155 997 cape-

597 1050 674 1096 re.
704 1033 796 1088 sed
824 1047 930 1087 non
962 1045 1119 1101 posse
1145 1028 1440 1097 intelligere
1470 1027 1540 1080 ob
1563 1024 1825 1079 dictorum
1854 1020 2156 1075 obscurita-

596 1142 725 1192 tem,
744 1123 940 1193 aliquid
970 1121 1145 1176 simile
1172 1133 1358 1189 passus
1381 1124 1462 1171 est
1492 1116 1555 1170 iis
1571 1114 1658 1183 qui
1680 1126 1987 1208 crumenam
2016 1108 2161 1208 obsi~

594 1228 805 1288 gnatam
837 1215 1035 1269 vident.
1057 1210 1191 1278 Quid
1221 1223 1348 1277 ergo
1379 1205 1504 1261 facit
1524 1220 1643 1259 cum
1667 1204 1848 1258 literas
1878 1199 2156 1263 videt,'nec

597 1319 771 1379 potest
799 1319 1013 1362 sensum
1042 1301 1267 1367 capere?
1295 1298 1420 1351 dicit
1445 1314 1456 1349 :
1488 1295 1675 1349 Revela
1703 1294 1876 1347 oculos
1919 1307 2073 1354 meos,
2109 1299 2156 1343 et

594 1396 916 1454 considerabo
960 1390 1212 1447 mirabilia
1255 1390 1317 1442 de
1346 1390 1452 1457 lege
1478 1397 1563 1439 tua
1591 1384 1762 1453 (Psal.
1792 1383 1914 1438 118.
1946 1383 2073 1451 18);
2103 1389 2157 1435 et

594 1504 825 1550 rursum,
848 1483 1146 1539 Benedictus
1164 1496 1236 1542 es,
1266 1478 1500 1539 Domine,
1528 1476 1652 1528 doce
1675 1490 1753 1527 me
1767 1473 2157 1545 justiﬁcationes

594 1592 707 1634 tuas
754 1576 857 1648 (Ib.
908 1592 958 1629 ν.
1003 1572 1117 1641 12).
1164 1572 1356 1624 Annon
1402 1567 1571 1637 legisti
1616 1566 1668 1619 in
1714 1565 1863 1635 lege?
1906 1571 2157 1617 annonte

592 1670 801 1741 Moyses
829 1665 1138 1734 decalogum
1165 1658 1382 1717 docuit?
1401 1658 1503 1714 Sed
1534 1666 1621 1711 tua
1652 1656 1771 1710 volo
1802 1654 2030 1718 discere,
2060 1652 2158 1706 abs

596 1777 645 1820 te
676 1762 974 1834 legislature
991 1801 1006 1821 ,
1033 1773 1063 1811 a
1090 1757 1233 1810 fortte
1261 1753 1393 1823 legis
1422 1750 1546 1804 volo
1563 1748 1771 1803 discere
1801 1746 1933 1816 legis
1958 1746 2156 1799 verita-

596 1869 724 1911 tem.
758 1854 950 1909 Verum
980 1850 1186 1905 discere
1209 1844 1501 1918 quaerebat,
1526 1841 1617 1897 sed
1639 1840 1807 1911 gratia
1837 1837 2158 1894 recondebat

596 1949 660 2002 iis
690 1946 779 2016 qui
812 1941 1129 1999 beneﬁcium
1158 1935 1429 2005 accepturi
1452 1941 1627 1987 erant.
1659 1930 1782 1985 Ideo
1807 1928 2021 1984 dicebat
2040 1927 2158 1983 Ser-

595 2050 745 2092 valor
767 2032 1078 2103 discipulis:
1121 2028 1270 2083 Multi
1299 2041 1439 2097 reges
1481 2035 1528 2078 et
1550 2025 1677 2096 justi
1706 2022 2052 2077 desiderarunt
2078 2020 2157 2073 ui-

593 2131 710 2183 dere
735 2140 854 2195 quis
875 2139 960 2177 vos
983 2120 1178 2183 uidetis,
1203 2127 1250 2171 et
1272 2133 1369 2171 non
1396 2116 1657 2177 viderunt;
1681 2124 1731 2167 et
1753 2112 1930 2165 audire
1943 2126 2053 2178 qua
2071 2125 2158 2164 eos

595 2220 803 2280 auditis,
834 2228 881 2271 et
909 2232 1009 2268 non
1045 2213 1315 2266 audierunt
1335 2226 1353 2263 :
1380 2221 1596 2262 uestrum
1624 2218 1789 2261 autem
1832 2206 1961 2260 beati
1997 2205 2155 2271 oculi,

593 2315 709 2381 quia
740 2310 912 2363 ridetis
940 2307 1087 2377 (Luc.
1110 2305 1195 2359 10.
1217 2304 1304 2357 ﬁl.
1336 2302 1449 2370 25).

663 2403 716 2456 5.
744 2400 846 2455 Sed
873 2397 1158 2469 quarrimus
1183 2393 1515 2465 quandonam
1543 2390 1771 2461 sigillum
1796 2388 2018 2443 fractum
2046 2386 2160 2442 iue-

593 2495 663 2548 rit
687 2535 699 2552 .
732 2490 941 2561 quando
983 2488 1247 2542 vinculum
1294 2484 1605 2555 ignorantia:
1648 2481 1915 2546 solutum,
1953 2488 2006 2534 et
2043 2494 2161 2549 qua:

594 2586 771 2641 clausa
800 2590 972 2643 erant,
1004 2588 1182 2649 aperta
1212 2576 1379 2630 luere.
1412 2573 1643 2628 Postulat
1684 2572 1735 2628 id
1765 2587 1796 2626 a
1826 2571 1981 2625 nobis
2007 2570 2161 2623 audi-

598 2685 680 2729 tor
712 2693 724 2727 :
756 2681 945 2742 preter
968 2669 1296 2731 d0ctrinam,
1339 2664 1552 2719 modum
1590 2664 1748 2718 etiam
1778 2661 1935 2731 sigilli
1964 2658 2163 2731 signiﬁ-

595 2767 763 2833 casti,
792 2775 847 2820 et
886 2774 1092 2830 tempus
1134 2760 1412 2814 solutionis
1448 2759 1566 2826 ejus
1610 2772 1715 2811 non
1755 2755 1931 2810 dicis?
1958 2754 2162 2808 clausas

594 2854 871 2912 ostendisti
914 2852 1142 2921 jannas,
1189 2864 1366 2904 annon
1406 2847 1654 2901 ostendes
1694 2845 1997 2900 reseratas?
2025 2843 2159 2911 Quid

595 2946 759 3015 ergo?
789 2945 905 3002 Uno
943 2943 1103 2998 verbo
1145 2943 1305 2995 multa
1353 2939 1671 3008 expediens,
1708 2938 1928 3009 qumsito
1975 2938 2159 2993 faciam

594 3038 742 3090 satis.
774 3033 909 3101 Quid
953 3031 1143 3103 igitur?
1192 3032 1315 3084 Post
1352 3028 1651 3084 Servatoris
1679 3028 2119 3082 resurrectionem
2141 3070 2158 3094 ,

598 3142 719 3181 cum
747 3123 921 3178 divina
964 3121 1128 3191 gratia
1171 3120 1345 3190 ignota
1388 3119 1568 3173 multis
1603 3128 1778 3181 esset,
1817 3119 1922 3171 duo
1946 3117 2159 3187 quidam

596 3216 973 3286 discipulorum
1006 3214 1056 3266 in
1088 3213 1260 3266 vicum
1298 3211 1577 3275 abierunt,
1608 3218 1664 3264 et
1702 3218 1884 3263 mutuo
1915 3220 1971 3263 ut
2006 3210 2159 3264 amici

597 3308 649 3362 in
693 3307 775 3359 via
821 3304 1155 3360 disserebant
1194 3302 1260 3357 de
1307 3304 1623 3357 oeconomia.
1672 3302 1921 3357 Servatur
1962 3312 2160 3357 mutata

599 3397 765 3450 forma
802 3403 858 3450 et
885 3393 1030 3449 vocis
1060 3408 1193 3447 sono
1224 3392 1396 3461 (quod
1441 3394 1581 3446 enim
1623 3392 1920 3447 videntibus
1966 3393 2159 3459 facies,

598 3488 699 3541 hnc
720 3501 818 3539 vox
846 3484 909 3541 iis
931 3484 1019 3553 qui
1050 3481 1235 3538 faciem
1264 3498 1367 3535 non
1392 3481 1611 3552 vident),
1640 3482 1869 3537 occultat
1897 3492 1951 3537 et
1979 3498 2159 3538 vocent

596 3587 651 3631 et
676 3577 921 3634 formam,
942 3573 1171 3642 dicitque
1201 3572 1303 3625 illis
1330 3573 1373 3624 is
1396 3572 1487 3641 qui
1510 3572 1688 3625 omnia
1714 3574 1859 3626 novit
1888 3589 1902 3626 :
1928 3573 2025 3639 Qui
2045 3584 2161 3627 sunt

595 3668 678 3721 isti
703 3681 951 3719 sermones
976 3680 1100 3734 quos
1128 3663 1364 3731 confertis
1395 3662 1464 3715 ad
1498 3663 1745 3717 inuicem?
1771 3664 2058 3735 Respondit
2087 3668 2159 3733 ei,

597 3756 687 3825 qui
717 3757 894 3810 omnia
921 3760 1140 3807 noverat
1159 3792 1191 3828 η
1205 3751 1251 3806 is
1271 3792 1287 3817 ,
1316 3752 1405 3821 qui
1434 3752 1501 3807 ab
1525 3754 1638 3822 ipso
1662 3756 1837 3807 omnia
1858 3754 2112 3811 didicerat
2144 3775 2156 3809 :

597 3845 678 3901 Tu
705 3844 842 3899 solus
866 3845 1156 3914 peregrinus
1180 3858 1229 3895 es
1253 3843 1312 3895 in.
1329 3840 1612 3895 Jerusalem
1635 3883 1651 3909 ,
1681 3853 1726 3897 et
1753 3846 1909 3899 nescis
1934 3844 2028 3898 illa
2052 3863 2163 3917 qua:

597 3942 733 4009 facta
759 3943 874 3990 sunt
899 3935 952 3988 iu
982 3934 1082 3988 ea?
1104 3934 1307 4001 Quibus
1334 3934 1441 3997 ille,
1470 3933 1596 4001 Quar
1619 3934 1769 4007 (Luc.
1799 3938 1888 3991 24.
1922 3938 2085 3994 17ο19
2107 3940 2163 4009 )‘l

598 4026 696 4083 Hic
725 4027 860 4079 Deus
884 4025 969 4093 qui
993 4025 1167 4076 omnia
1196 4023 1341 4077 novit
1365 4032 1418 4078 et
1449 4024 2059 4098 interrogat,Filiusejus
2080 4040 2163 4084 est

598 4116 687 4186 qui
717 4113 849 4167 dixit
874 4113 1058 4177 Caino,
1091 4111 1188 4167 Ubi
1213 4122 1281 4167 est
1311 4114 1432 4167 Abel
1456 4114 1615 4183 frater
1652 4126 1767 4170 tuus
1796 4116 1950 4187 (Gen.
1976 4120 2031 4175 4.
2062 4121 2163 4191 9)?

600 4207 793 4261 Dicunt
818 4206 917 4269 illi,
947 4203 1026 4257 Ea
1054 4220 1165 4273 quis
1191 4205 1253 4259 de
1276 4204 1398 4259 Iesu
1429 4204 1717 4275 Nazarene,
1741 4212 1826 4279 qui
1851 4212 1947 4279 [uit
1974 4214 2050 4267 uir
2074 4230 2166 4284 po-

598 4310 704 4351 tens
728 4312 878 4365 opere
900 4305 944 4348 et
968 4311 1215 4348 sermone.
1245 4294 1501 4351 Adhucne
1528 4298 1649 4351 vir?
1677 4308 1794 4367 post
1816 4310 1890 4355 tot
1910 4303 2161 4358 miracula

598 4388 721 4442 vir?
746 4395 867 4457 post
891 4396 967 4440 tot
992 4400 1176 4453 opera,
1209 4396 1327 4456 post
1354 4395 1553 4442 tantam
1584 4390 1773 4445 divina:
1798 4397 2047 4463 potentia;
2068 4395 2162 4452 de-

599 4474 1076 4532 monstrationem?
1109 4472 1220 4529 Nos
1256 4486 1420 4531 autem
1444 4519 1460 4543 ,
1496 4477 1737 4548 inquiunt
1766 4481 1867 4552 (ne
1899 4485 2163 4555 longiores

597 4566 773 4622 omnia
795 4565 1079 4621 scrutando
1102 4566 1327 4635 simus),
1354 4572 1446 4621 nos
1470 4578 1638 4622 autem
1663 4574 2003 4639 sperabamus,
2028 4566 2162 4647 quod

596 4658 705 4727 ipse
721 4655 1069 4723 redempturus
1091 4665 1214 4709 esset
1238 4655 1405 4712 Israel
1424 4657 1601 4727 (Joan.
1626 4659 1716 4715 2t.
1737 4661 1851 4732 2i).
1879 4665 2007 4723 Vide
2030 4684 2155 4738 quo.

598 4745 758 4802 modo
782 4746 835 4799 in
864 4745 993 4815 ipsis
1016 4743 1145 4799 ﬁdes
1173 4747 1281 4801 fere
1307 4750 1566 4804 exstincta
1594 4761 1754 4818 esset,
1778 4764 1831 4807 et
1849 4762 2162 4815 teconomiaa

596 4855 721 4911 spes
748 4839 976 4894 sublata.
1007 4836 1121 4893 Nos
1138 4840 1565 4910 exspectabamus.
1593 4842 1705 4898 Non
1736 4846 1937 4913 dicunt,
1964 4850 2161 4923 Exspe-

596 4943 838 4996 ctamus,
867 4931 962 4986 scd
986 4973 1002 4996 ,
1036 4929 1477 5000 Exspectabam”.
1515 4934 1747 4991 Noverat
1778 4937 1887 5007 jam
1919 4939 2076 4995 ﬁdem
2107 4944 2159 4999 in

597 5025 727 5092 ipsis
756 5023 1017 5077 infirmam
1042 5036 1184 5086 esse,
1215 5032 1270 5076 et
1298 5032 1475 5078 mente
1503 5024 1805 5093 declinare;
1832 5030 2158 5103 adstititque,

594 5117 685 5187 qui
715 5116 953 5169 labantes
976 5114 1148 5167 ﬁrmat
1176 5122 1233 5168 et
1261 5112 1456 5170 fractos
1483 5132 1667 5174 omnes
1689 5121 1865 5191 erigit.
1897 5122 2030 5191 Quid
2060 5125 2162 5181 illis

595 5208 670 5259 ait
700 5203 969 5259 beneﬁcus
1000 5202 1147 5272 ipse?
1174 5201 1218 5257 Ο
1242 5205 1383 5259 stulti
1411 5215 1457 5259 et
1486 5208 1619 5262 tardi
1647 5211 1816 5277 corde,
1845 5230 1944 5267 non
1968 5216 2160 5270 intelli-

593 5298 706 5366 gitis
737 5292 1070 5363 Scriptores?
1096 5311 1261 5349 nonne
1296 5296 1403 5349 hcc
1432 5299 1653 5364 oportuit
1680 5300 1929 5357 Christum
1959 5308 2085 5375 pati,
2113 5318 2161 5361 et

594 5391 783 5441 intrare
805 5387 858 5437 in
882 5384 1096 5455 gloriam
1123 5402 1262 5439 suam
1278 5388 1304 5441 7
1330 5386 1394 5441 Et
1417 5388 1661 5456 incipiens
1684 5408 1715 5444 a
1739 5394 1844 5464 lege
1870 5405 1917 5449 et
1944 5399 2159 5465 prophe-

593 5478 687 5541 tis,
714 5476 910 5545 aperuit
953 5475 1076 5542 ipsis
1102 5474 1392 5546 Scripturas
1422 5479 1582 5549 (Ibid.
1611 5498 1661 5537 υ.
1681 5482 1836 5539 25-27
1859 5486 1900 5558 ).
1936 5487 2161 5544 Viden'?

592 5566 843 5636 quamdiu
860 5565 1023 5621 abfuit
1037 5564 1297 5633 Christus,
1317 5585 1419 5624 non
1434 5582 1615 5640 aperta
1628 5572 1964 5633 fuitveritatis
1977 5580 2159 5649 janua,

600 5672 705 5711 non
734 5656 965 5712 solutum
995 5665 1079 5713 est
1114 5658 1423 5728 ignorantia
1455 5664 1740 5719 vinculum.
1772 5670 1992 5739 Aperuit
2019 5672 2161 5727 Scri-

597 5758 780 5815 pturas
804 5749 950 5818 quasi
981 5749 1183 5805 clausas
1203 5749 1393 5821 ianuas
1422 5770 1434 5808 :
1462 5771 1592 5825 quas
1613 5759 1846 5827 januas?
1871 5763 1945 5817 De
1968 5765 2159 5834 quibus

1711 358 2071 416 SEVERIANI
2133 358 2472 417 GABALOR.
2514 361 2724 419 EPISC.

3740 364 3858 424 εω

2258 474 2331 527 ait
2360 473 2557 531 Paulus
2588 494 2603 533 :
2639 474 2705 532 Ut
2731 475 2873 531 Deus
2893 479 3091 548 aperiat
3110 482 3331 552 januam
3355 479 3584 551 gentibus
3614 477 3760 549 (Col.
3790 479 3849 534 ι.

2256 563 2350 631 3);
2381 575 2434 618 et
2466 580 2680 620 rursum
2709 566 2775 620 de
2801 567 3054 623 Cornelio
3074 610 3091 636 ,
3124 568 3390 639 Numquid
3426 570 3575 624 etiam
3613 569 3851 638 gentibus

2256 656 2452 722 aperuit
2473 655 2611 711 Deus
2629 660 2844 729 januam
2872 662 3178 730 paenitentiae
3201 662 3336 734 (Aet.
3366 664 3454 718 16.
3482 661 3610 732 26)?
3633 661 3699 715 Et
3718 661 3851 717 vide

2259 745 2381 814 quid
2403 746 2678 817 dispenset
2705 748 2793 804 ille
2820 750 2937 805 fons
2962 751 3242 806 bonorum.
3270 754 3402 807 Cum
3424 754 3490 807 ad
3516 752 3690 807 vicum
3714 752 3850 807 Em-

2260 854 2410 894 tnaus
2451 843 2726 911 pervenit,
2758 858 2864 913 quo
2902 846 3191 900 tendebant
3226 848 3461 901 viatores
3484 889 3500 913 ,
3531 846 3706 901 adhuc
3737 846 3853 900 illis

2259 929 2487 995 ignotus,
2516 931 2776 987 dubitanti
2804 936 3070 1003 apparuit.
3097 934 3195 991 Ubi
3223 937 3364 991 enim
3389 952 3511 990 cum
3543 936 3648 990 illis
3679 951 3851 991 recuo

2258 1018 2479 1085 butsset,
2512 1023 2686 1092 primo
2720 1034 2774 1077 ut
2802 1025 3114 1094 peregrinus
3144 1026 3372 1097 benigne
3396 1035 3662 1095 exceptus
3692 1028 3850 1097 (nam

2256 1112 2502 1167 dicebant
2526 1133 2539 1167 :
2571 1113 2725 1169 Mane
2748 1116 3025 1185 nobiscum,
3049 1119 3169 1189 quia
3192 1120 3437 1173 inclinata
3460 1130 3533 1174 est
3556 1120 3664 1173 dies
3687 1118 3847 1188 (Luc.

2254 1203 2345 1259 24.
2372 1205 2498 1277 29);
2529 1223 2595 1261 ne
2620 1210 2912 1278 ignorantia
2939 1209 3248 1280 dignitatem
3276 1226 3499 1280 prorsus
3528 1210 3846 1280 obtegeret.

2257 1297 2473 1367 Accepto
2512 1316 2642 1367 pane
2678 1299 2962 1368 benedixit,
2996 1304 3145 1374 fregit
3174 1314 3221 1358 et
3251 1304 3422 1367 dedit,
3453 1315 3499 1359 et
3527 1307 3692 1375 aperti
3720 1314 3851 1359 sunt

2255 1391 2392 1444 oculi
2432 1408 2640 1458 eorum,
2686 1406 3119 1463 cognoueruntque
3163 1397 3307 1450 illum
3354 1395 3515 1467 (Ibid.
3568 1397 3683 1468 50).
3730 1396 3850 1451 Cur

2256 1480 2428 1548 primo
2458 1497 2645 1551 panem
2675 1482 2841 1543 dedit.
2871 1495 2924 1539 et
2951 1487 3124 1554 aperti
3147 1495 3273 1541 sunt
3297 1490 3434 1541 oculi
3457 1487 3847 1553 corum?Qnia

2254 1570 2405 1625 cibus
2433 1572 2619 1626 Adami
2651 1575 2838 1628 oculos
2882 1577 3021 1631 male
3056 1589 3378 1645 aperuerat,
3410 1580 3724 1633 substitutus
3756 1589 3849 1633 est

2256 1675 2397 1715 nunc
2420 1662 2571 1716 cibus
2597 1679 2786 1719 novam
2813 1668 2958 1720 visus
2986 1668 3377 1723 restitutionem
3409 1668 3669 1723 efﬁciens.
3699 1667 3849 1724 Ocu-

2256 1750 2337 1806 los
2376 1756 2618 1822 aperiant
2665 1755 2897 1811 lucrriici
2921 1800 2936 1823 ,
2972 1769 3027 1813 et
3075 1760 3246 1813 lucem
3292 1761 3537 1816 veritatis
3572 1762 3795 1814 videant
3830 1777 3846 1814 :

2258 1842 2406 1898 illum
2436 1845 2673 1911 videant,
2696 1847 2784 1916 qui
2810 1849 2860 1901 in
2889 1850 3152 1919 principio
3180 1850 3320 1904 Deus
3346 1864 3481 1914 erat,
3510 1852 3647 1905 Deus
3669 1862 3721 1905 et
3744 1851 3845 1904 Dei

2258 1934 2489 1991 Verbum
2522 1955 2535 1991 :
2568 1954 2712 2008 saepe
2741 1940 2960 1996 audiant
2990 1941 3116 1997 illud
3136 1986 3150 2006 ,
3186 1941 3346 2007 Erat,
3380 1955 3435 2000 et
3462 1954 3672 1999 cessem
3695 1946 3851 1999 dice-

2258 2041 2355 2081 re:
2387 2027 2510 2081 Non
2538 2040 2664 2083 erat.
2705 2028 2772 2084 In
2811 2033 3062 2101 principio
3104 2045 3210 2088 erat
3250 2035 3486 2089 Verbum.
3516 2036 3631 2091 Non
3659 2038 3851 2093 confe-

2258 2117 2379 2171 stim
2408 2116 2511 2172 hoc
2536 2120 2895 2187 ~prmdicatum
2934 2123 3062 2184 fuit;
3096 2140 3269 2194 neque
3296 2128 3437 2180 cnim
3468 2125 3570 2181 hoc
3598 2128 3849 2197 capiebat

2259 2207 2506 2262 mundus.
2533 2207 2694 2265 Certe
2720 2222 2950 2281 quatuor
2974 2214 3335 2284 evangelistm,
3368 2215 3671 2282 Mattheus,
3703 2217 3849 2273 Mar-

2257 2312 2372 2361 cus,
2403 2299 2573 2354 Lucas
2600 2311 2653 2356 ct
2681 2302 2952 2371 JOunues,
2983 2319 3103 2359 cum
3148 2308 3583 2377 praedicationem
3622 2312 3847 2378 incepe—

2257 2397 2414 2453 runt,
2446 2406 2553 2444 non
2590 2393 2768 2446 statim
2808 2393 3007 2462 loquuti
3047 2406 3174 2451 sunt
3202 2412 3265 2451 ea
3294 2414 3412 2467 qua:
3438 2400 3555 2466 ejus
3583 2399 3839 2472 dignitati

2258 2483 2647 2550 competebant,
2673 2484 2765 2538 sed
2788 2485 3088 2540 auditorum
3112 2499 3324 2558 captum
3352 2502 3680 2555 spectarunt.
3712 2495 3849 2546 Mat-

2263 2570 2430 2625 Ibrcus
2455 2574 2534 2626 sic
2563 2573 2903 2644 Evangelium
2934 2577 3157 2646 incipit:
3180 2578 3329 2634 Liber
3357 2584 3695 2652 generationis
3715 2584 3849 2639 Iesu

2260 2658 2465 2721 Christi,
2494 2662 2589 2728 ﬁlii
2617 2662 2801 2730 Dauid,
2830 2665 2927 2731 ﬁlii
2951 2665 3206 2721 Abraham
3239 2668 3427 2730 (Matth
3479 2673 3531 2726 1.
3560 2674 3637 2743 1).
3667 2673 3849 2741 Quare

2261 2751 2637 2809 nonFiliiDei?
2659 2771 2753 2811 cur
2775 2758 2932 2827 inope
2952 2758 3095 2814 dicto
3115 2760 3425 2831 dignitatem
3451 2766 3722 2820 occultas?
3744 2781 3848 2822 cur

2262 2843 2565 2898 hominibus
2591 2844 2767 2899 divina
2799 2846 3129 2904 abscondis?
3155 2854 3194 2905 Α
3204 2852 3308 2921 pud
3344 2852 3563 2908 Iudaeos
3587 2895 3601 2918 ,
3635 2855 3844 2926 inquit,

2260 2935 2513 3005 praedico.
2537 2937 2627 3005 qui
2657 2952 2725 2991 ne
2741 2938 2941 3004 justum
2968 2940 3181 3010 quidem
3209 2944 3479 3000 hominem
3511 2957 3697 3015 putant
3720 2963 3849 3003 esse

2260 3026 2553 3083 Christum.
2605 3028 2797 3083 Filium
2836 3031 3067 3088 Abrabze
3110 3034 3344 3091 nondum
3386 3037 3758 3104 admiserunt,
3789 3053 3845 3095 et

2260 3117 2451 3172 Filium
2486 3118 2579 3175 Dei
2607 3122 2908 3177 annuntiari
2937 3125 3248 3193 patientur?
3272 3128 3338 3182 Et
3364 3129 3507 3185 unde
3534 3129 3638 3186 hoc
3656 3133 3682 3184 ?
3706 3132 3844 3199 Quia

2261 3223 2359 3263 nec
2386 3223 2453 3265 ex
2480 3226 2675 3279 genere
2701 3212 2929 3267 Abrahae
2958 3229 3081 3270 esse
3107 3216 3518 3277 conﬁtebantur.
3545 3221 3663 3277 Non
3690 3223 3845 3278 audi-

2261 3301 2328 3354 sti
2357 3301 2477 3354 illos
2518 3316 2662 3370 stupe
2691 3302 3125 3373 blaspbentantes
3153 3308 3374 3373 dixisse.
3403 3310 3764 3369 Samaritanus
3790 3332 3845 3370 es

2261 3403 2315 3445 tu
2335 3432 2349 3455 ,
2379 3404 2426 3447 et
2453 3392 2757 3448 dcmonium
2790 3396 2942 3451 habes
2972 3397 3165 3470 (Joan.
3197 3400 3251 3457 8.
3273 3404 3428 3469 ‘48)?
3456 3404 3556 3473 Qui
3598 3408 3746 3461 illum
3772 3423 3843 3463 ex

2260 3492 2566 3538 sanctorum
2604 3501 2800 3555 genere
2836 3489 3127 3557 ejiciebant
3149 3534 3164 3558 ,
3191 3492 3579 3565 dignitatemne
3604 3496 3841 3555 divinam

2258 3575 2635 3631 admisissent?
2663 3578 2798 3644 Quid
2832 3595 2960 3651 ergo
3001 3583 3115 3637 ait?
3157 3584 3307 3639 Liber
3343 3590 3678 3657 generationis
3712 3587 3844 3646 Iesu

2259 3664 2463 3733 Christi,
2494 3668 2590 3736 ﬁlii
2617 3666 2805 3735 David,
2830 3670 2927 3741 ﬁlii
2954 3671 3233 3730 Abraham.
3275 3675 3456 3731 Primo
3484 3680 3605 3734 illos
3627 3678 3843 3737 dilectis

2260 3759 2563 3814 nominibus
2611 3760 2847 3824 inducit,
2890 3765 3044 3833 queis
3086 3781 3283 3835 genere
3324 3770 3743 3840 copulabantur,
3784 3786 3845 3830 ut

2264 3846 2387 3903 hinc
2429 3850 2606 3907 allecti
2651 3851 2902 3921 paulatim
2944 3856 3222 3911 veritatem
3270 3859 3607 3927 invenirent,
3647 3878 3845 3933 nempe

2261 3941 2657 4008 generationem
2677 3943 2793 3997 sine
2817 3946 3082 4013 passione,
3111 3947 3503 4015 intemeratam,
3530 3952 3642 4008 Deo
3666 3953 3844 4025 dignis

2262 4030 2480 4083 vocibus
2513 4032 2849 4099 pradicatam
2870 4076 2884 4099 ,
2916 4037 3273 4106 omnibusque
3308 4041 3577 4098 traditam.
3609 4044 3840 4115 Rursum

2264 4118 2449 4173 beatus
2479 4120 2705 4187 Marcus,
2740 4123 3090 4195 Evangelium
3117 4145 3422 4200 aggressus,
3449 4136 3706 4191 anteriori
3736 4136 3843 4193 ire-

2262 4215 2347 4263 tus
2379 4211 2670 4277 exercitio,
2706 4213 2837 4269 dicit
2873 4217 3086 4285 quidem
3118 4219 3310 4276 Filium
3355 4223 3479 4290 Dei;
3519 4226 3615 4281 sed
3656 4231 3839 4284 statim

2261 4313 2560 4355 sermonem
2591 4307 2940 4373 compressit,
2970 4316 3025 4361 et
3061 4323 3217 4364 sensa
3248 4312 3479 4376 minuit,
3512 4325 3571 4369 ut
3603 4316 3842 4373 alliceret

2263 4391 2576 4448 auditorem.
2614 4394 2901 4464 Baptistam
2928 4414 3057 4470 ergo
3081 4403 3260 4457 statim
3291 4416 3575 4475 memorat,
3608 4410 3796 4467 dicens
3822 4430 3837 4467 :

2267 4480 2475 4536 Initium
2520 4482 2785 4556 Evangelii
2824 4488 2950 4542 Iesu
2994 4489 3180 4546 Christi
3223 4494 3351 4548 sicut
3390 4496 3634 4566 scriptum
3678 4512 3751 4553 est
3787 4505 3840 4556 iu

2262 4570 2403 4627 Isaia
2427 4577 2670 4646 propheta
2699 4593 2718 4631 :
2740 4576 2874 4634 Ecce
2898 4581 3040 4635 mitto
3064 4584 3299 4652 angelum
3323 4603 3489 4641 meum
3513 4601 3628 4645 ante
3657 4592 3839 4661 [aciem

2262 4672 2398 4719 tuam
2420 4706 2437 4732 ,
2461 4668 2549 4738 qui
2574 4671 2877 4739 prteparabit
2915 4674 3046 4726 viam
3074 4685 3215 4728 tuam
3240 4686 3357 4731 ante
3384 4690 3431 4732 te
3460 4682 3477 4746 (
3501 4679 3666 4735 Marc.
3702 4685 3750 4736 l.
3784 4686 3839 4739 1.

2262 4753 2341 4824 2).
2371 4755 2663 4813 Lucernam
2697 4762 2934 4817 veritatis
2957 4765 3214 4831 ostendit,
3240 4775 3295 4822 et
3326 4771 3505 4823 statim
3533 4772 3840 4829 occultavit.

2265 4845 2334 4899 Et
2373 4850 2545 4917 primo
2576 4850 2777 4919 profert
2812 4855 3149 4923 ministrum,
3181 4869 3237 4912 ut
3265 4875 3395 4915 voce
3436 4863 3523 4917 illa
3566 4863 3841 4920 institutus

2265 4940 2501 5007 auditor,
2528 4958 2714 4998 sanum
2746 4954 2799 5000 et
2829 4945 3121 5015 perfectum
3146 4950 3340 5007 divina:
3363 4955 3686 5024 cognitionis
3722 4973 3844 5012 ver-

2265 5032 2387 5087 butn
2430 5034 2642 5090 tandem
2684 5038 2972 5109 exciperet.
3019 5040 3271 5111 Sequitur
3315 5044 3485 5100 Lucas
3527 5048 3756 5116 tertius,
3784 5062 3841 5107 et

2263 5134 2384 5193 post
2411 5125 2528 5179 illos
2568 5128 2799 5183 medium
2830 5140 2974 5186 tenet
3002 5133 3175 5188 locum
3198 5176 3213 5201 ,
3243 5136 3587 5209 divinumque
3617 5143 3836 5199 verbum

2264 5214 2496 5284 attingit,
2526 5217 2617 5271 sed
2657 5234 2760 5272 non
2791 5220 3204 5292 interpretatur,
3247 5227 3555 5295 dignitatem
3583 5234 3835 5302 explicat,

2264 5305 2359 5359 sed
2389 5306 2497 5371 ait,
2530 5307 2780 5373 Quoniam
2827 5312 3025 5381 quidem
3066 5319 3213 5371 multi
3255 5322 3424 5374 conati
3456 5335 3573 5376 sunt
3602 5326 3839 5383 ordinare

2264 5399 2603 5452 narrationem
2624 5418 2798 5455 earum
2825 5419 2939 5473 gnte
2961 5406 3013 5459 in
3041 5408 3183 5462 nobis
3208 5412 3466 5481 completa
3494 5426 3613 5470 sunt
3634 5435 3798 5472 rerum
3816 5435 3837 5475 :

2264 5491 2425 5543 uisum
2463 5502 2533 5544 est
2569 5502 2614 5545 et
2654 5493 2779 5546 mihi
2803 5536 2817 5557 ,
2847 5508 3111 5564 essequam
3141 5502 3312 5555 omnia
3336 5520 3368 5556 a
3397 5506 3647 5576 principio
3671 5550 3685 5570 ,
3712 5509 3837 5563 sicut

2266 5583 2581 5637 tradiderunt
2624 5586 2783 5652 nobis,
2812 5590 2897 5656 qui
2925 5605 2956 5639 a
2986 5591 3237 5661 principio
3264 5596 3363 5663 ipsi
3391 5598 3640 5664 uiderunt,
3672 5612 3716 5654 et
3747 5602 3838 5653 nti-

2265 5675 2411 5729 nistri
2436 5678 2639 5747 fuerunt
2658 5679 2793 5732 verbi
2814 5676 2963 5751 (Luc.
2995 5682 3046 5736 1.
3076 5683 3160 5739 1οό
3181 5686 3221 5754 ).
3246 5684 3351 5742 Sed
3378 5689 3597 5744 verbum
3623 5691 3834 5761 quidem

2264 5767 2395 5822 dixit
2420 5784 2436 5833 ;
2468 5782 2572 5825 non
2594 5768 2729 5825 dixit
2755 5782 2952 5839 tamen,
2978 5774 3116 5831 Deus
3136 5790 3242 5832 erat
3274 5779 3513 5836 Verbum.
3543 5781 3681 5851 Quid
3710 5798 3835 5856 ergo
