4060 6452
177 436 288 498 ἓὲὅ

182 560 315 617 bilis
347 566 404 615 et
435 550 782 624 intelligibilis
808 592 821 615 ,
865 562 984 603 cum
1019 551 1265 627 tremore
1286 535 1458 593 aderit
1483 552 1499 627 :7
1520 528 1649 606 quid
1680 544 1780 602 ego

193 663 330 708 tunc
359 650 552 705 faciam
584 644 785 713 pudore
816 641 1025 711 plenus,
1057 652 1086 690 a
1117 626 1446 690 conscientia
1474 626 1779 685 damnatus,

186 747 342 803 omni
372 742 563 799 ftducia
584 754 647 795 ac
667 735 979 793 defensione
1006 727 1241 785 vacuus?
1264 722 1507 781 Gemitus
1528 717 1783 784 undique.

193 839 294 893 Va:
322 835 452 891 mibi
484 834 553 888 ob
581 840 723 886 tanta
754 826 931 882 mala!
962 822 1087 893 quid
1121 820 1352 890 primum
1384 808 1633 884 lugeam?
1659 805 1787 878 quid

192 925 499 984 secundum
529 919 726 978 ﬂeam?
765 916 892 989 quid
918 914 1118 986 gemitu
1153 904 1489 981 prosequar?
1526 903 1787 957 bonorum

196 998 559 1093 privationem
585 1057 602 1083 ,
634 1030 702 1070 an
734 1012 994 1069 malorum
1028 1002 1359 1063 maerorem?
1390 994 1790 1093 interminatum

199 1086 529 1188 supplicium
560 1154 574 1178 ,
609 1126 676 1164 an
716 1106 1111 1177 separatiouem
1142 1115 1172 1154 a
1205 1094 1355 1152 Deo?
1384 1093 1530 1162 Luge
1551 1132 1566 1156 ,
1597 1086 1793 1188 misera

198 1177 554 1274 ﬁnit-limitum
584 1214 765 1265 tecum
792 1206 1068 1269 reputans,
1099 1203 1151 1248 et
1182 1206 1244 1246 ea
1274 1202 1395 1260 qua:
1424 1186 1516 1240 tibi
1549 1189 1668 1274 post
1683 1177 1794 1274 Ade-

201 1271 420 1355 cessum
446 1302 752 1356 occurrent,
775 1300 961 1361 utpote
980 1284 1266 1341 admodum
1291 1279 1515 1335 molesta
1537 1282 1589 1331 et
1609 1271 1798 1327 dolore

204 1392 390 1459 ple:.a,
423 1398 477 1443 et
506 1387 717 1441 clama:
740 1384 881 1438 Deus
908 1380 1185 1439 virtutum,
1218 1374 1360 1428 Deus
1388 1378 1587 1424 αξιοι-ηε
1607 1407 1622 1430 ,
1656 1363 1801 1431 Deus

205 1479 599 1535 misericordia:
628 1486 682 1531 et
710 1472 1117 1544 miserationum
1144 1509 1160 1532 ,
1206 1479 1273 1520 ne
1301 1462 1641 1529 derelinquas
1672 1471 1757 1511 me
1781 1495 1797 1521 ,

206 1593 281 1633 ne
323 1572 587 1643 despicias
630 1584 737 1635 me,
788 1582 856 1621 ne
899 1562 1115 1619 auferas
1166 1576 1197 1614 a
1247 1573 1333 1612 me
1381 1550 1801 1609 misericordiam

207 1680 358 1721 tuam
386 1682 400 1729 ;
424 1642 654 1717 intende
682 1661 735 1714 in
782 1656 1099 1727 adjuton’um
1143 1666 1311 1706 meum
1336 1689 1350 1713 ,
1382 1646 1601 1708 Domine
1624 1642 1805 1697 salutis

201 1768 340 1809 meat
374 1748 661 1824 (Ρεαιεὸἵ.
693 1745 809 1815 23).
837 1744 974 1799 Nam
1004 1757 1130 1796 cum
1161 1741 1235 1795 ita
1257 1754 1345 1793 me
1364 1737 1618 1804 habeam,
1640 1745 1710 1810 et.
1728 1736 1804 1793 ita

202 1842 472 1913 cogitem,
494 1854 604 1894 non
630 1853 660 1892 a
685 1836 832 1891 bona
857 1847 953 1903 Spe
970 1831 1183 1895 excide,
1202 1845 1381 1899 neque
1398 1829 1466 1884 de
1488 1830 1663 1884 salute
1684 1844 1805 1885 mea

208 1940 467 2009 despero.
500 1934 632 1991 Novi
673 1932 819 1989 enim
862 1930 1075 1986 Domini
1118 1926 1224 1995 mei
1269 1923 1644 1986 clementiam;
1683 1920 1810 1975 novi

211 2032 506 2102 benignum
552 2027 701 2082 illum
744 2037 852 2079 non
900 2035 1023 2078 esse
1054 2018 1368 2088 injuriarum
1396 2025 1725 2077 memorem,
1756 2021 1811 2065 et

211 2123 339 2193 quia
368 2117 793 2175 misericordiam
820 2114 954 2178 vult,
982 2126 1081 2166 nec
1109 2119 1342 2164 mortem
1366 2102 1688 2176 peccatoris,
1715 2101 1811 2156 sed

212 2226 276 2269 ut
325 2220 676 2267 convertatur
722 2217 777 2262 et
819 2207 963 2259 vivat
1008 2201 1224 2274 (Ezech.
1269 2201 1359 2254 55.
1410 2198 1540 2262 11),
1592 2194 1813 2262 vultque

214 2323 411 2363 Omnes
453 2306 630 2359 salvus
670 2301 788 2357 fieri
828 2310 882 2355 et
912 2299 963 2353 in
994 2296 1322 2365 agnitionem
1344 2289 1598 2346 veritatis
1627 2288 1813 2343 venire

218 2404 298 2473 (1.
326 2401 461 2455 Tim.
493 2398 547 2453 2.
578 2398 661 2468 ι),
690 2394 923 2449 maxime
950 2406 1044 2447 eos
1067 2390 1156 2460 qui
1182 2404 1211 2443 a
1240 2394 1463 2458 peccato
1490 2392 1814 2438 convertun-

216 2508 329 2550 tur.
357 2494 472 2549 Non
506 2492 649 2547 enim
678 2488 871 2543 venisti
900 2500 1098 2539 vocare
1133 2482 1335 2552 justos,
1378 2477 1474 2533 sed
1506 2484 1817 2548 peccatores

216 2586 289 2641 ad
320 2584 690 2655 [amnitentiam
720 2579 911 2649 (Marc.
938 2577 994 2631 2.
1021 2576 1131 2646 17).
1160 2572 1281 2627 Νοη
1308 2572 1451 2625 enim
1479 2585 1607 2638 opus
1638 2566 1819 2621 habent

217 2678 339 2732 suni
376 2676 571 2730 medico
596 2719 611 2741 ,
659 2671 749 2726 sed
795 2671 932 2736 male,
968 2667 1206 2721 [tabentes
1252 2663 1404 2737 (Luc.
1434 2661 1632 2729 5.ι51).
1666 2657 1820 2711 Nunc

219 2769 397 2838 incepi
424 2768 560 2838 loqui
584 2767 652 2818 ad
679 2763 956 2817 Dominum
990 2776 1175 2813 meum.
1210 2755 1324 2826 Ego
1349 2764 1519 2809 autem
1548 2769 1660 2807 sum
1686 2762 1821 2805 terra

220 2873 272 2918 et
306 2862 453 2928 cinis,
486 2860 667 2914 vermis
696 2866 744 2911 et
776 2872 876 2910 non
918 2855 1107 2916 homo;
1135 2849 1466 2919 opprobrium
1490 2846 1751 2900 hominum
1774 2853 1822 2898 et

220 2949 630 3023 nbjectioplebis
661 2948 830 3020 (Gen.
864 2946 955 3001 18.
982 2944 1082 3007 27;
1115 2952 1161 2996 et
1196 2940 1338 2995 Psal.
1367 2940 1457 2995 2i.
1488 2938 1563 3009 6).
1593 2937 1674 2991 Da
1700 2938 1824 2990 mihi

222 3046 433 3101 rubum
464 3044 518 3096 in
548 3043 809 3112 apertione
836 3039 939 3091 oris
966 3036 1063 3089 mei
1102 3032 1319 3105 (Epiros.
1364 3033 1419 3086 6.
1453 3030 1579 3101 19),
1610 3029 1699 3100 qui
1728 3028 1824 3082 das

225 3148 478 3209 optatum
528 3132 765 3205 precanti
793 3172 805 3195 ,
835 3130 956 3199 quia
986 3144 1015 3181 ιι
1048 3124 1289 3181 te.0mne
1313 3124 1489 3177 datum
1518 3123 1701 3176 bonum
1724 3130 1820 3187 eu,

225 3245 275 3289 ct
307 3249 452 3286 omne
482 3229 671 3282 donum
694 3228 968 3296 perfectum
997 3222 1261 3274 desursum
1287 3228 1359 3272 est
1388 3216 1691 3271 descendens
1716 3230 1748 3267 a
1772 3221 1827 3269 te

230 3326 397 3379 Patre
428 3323 677 3376 luminum
707 3317 848 3387 (Jac.
878 3317 929 3369 l.
960 3313 1049 3383 17)
1079 3328 1094 3366 :
1123 3323 1179 3365 ut
1202 3311 1363 3379 digne
1389 3322 1579 3378 precer
1600 3316 1653 3361 et
1676 3305 1827 3359 utili-

228 3430 315 3470 ter
362 3412 678 3483 supplicem.
726 3406 804 3462 Ne
844 3414 1057 3460 avertar
1107 3402 1419 3457 humiliatus
1466 3407 1522 3454 et
1565 3396 1830 3453 dedecore

226 3505 496 3569 affectus,
549 3500 643 3556 sed
690 3513 809 3568 quae
861 3495 1145 3566 sperabam
1200 3499 1564 3562 consequutus
1599 3508 1611 3541 :
1646 3498 1701 3543 et
1752 3489 1830 3543 sic

227 3596 516 3653 abscedam
567 3592 807 3663 gaudens
853 3590 903 3642 in
949 3585 1271 3641 certitudine
1309 3582 1491 3637 cordis
1534 3581 1660 3636 mei.
1721 3579 1829 3633 Mi-

231 3705 404 3744 serere
457 3686 552 3739 mei
589 3726 605 3749 ,
663 3682 796 3736 Deus
826 3722 840 3746 ,
897 3678 1174 3735 secundum
1240 3693 1482 3746 magnam
1540 3674 1830 3727 misericor-

231 3786 378 3836 dium
405 3792 541 3833 tuam
564 3822 579 3843 ,
612 3778 735 3847 quia
766 3777 820 3829 in
864 3784 913 3828 te
941 3772 1162 3828 conlidit
1187 3772 1361 3824 anima
1389 3785 1507 3824 mea
1544 3787 1557 3822 :
1593 3768 1834 3822 Miserere

237 3877 377 3939 ιιιείἼ
410 3872 658 3937 Domine,
689 3869 929 3940 quoniam
964 3867 1201 3935 inﬁrmus
1250 3881 1361 3917 sum
1390 3861 1561 3936 (Pani.
1587 3862 1758 3940 50._l.
1784 3872 1834 3914 et

235 3974 294 4023 (ἱ.
326 3935 411 4037 ‘2),
457 3935 665 4020 medice
701 3935 1001 4017 animarum
1040 3968 1094 4013 et
1143 3935 1453 4026 Corporum.
1503 3956 1573 4011 Ut
1612 3935 1701 4010 ad.
1729 3965 1836 4009 ter-

237 4060 401 4116 ribile
432 4056 663 4111 tribunal
698 4064 844 4107 tuum
892 4050 1145 4111 adstans,
1189 4058 1246 4102 ut
1292 4049 1641 4103 intemeratos
1670 4046 1837 4115 pedes

237 4163 367 4205 tuos
424 4159 691 4217 tangens,
747 4144 823 4198 sic
878 4156 1007 4212 rogo
1063 4150 1117 4195 et
1169 4155 1266 4194 oro
1319 4148 1374 4194 et
1427 4140 1656 4194 obsecro
1710 4155 1835 4194 cum

235 4241 472 4299 contrito
498 4248 553 4293 et
580 4235 858 4289 ltumiliato
878 4232 1041 4287 corde
1066 4248 1081 4286 :
1112 4231 1374 4301 propitius
1404 4241 1523 4284 esto
1546 4230 1673 4285 mihi
1699 4246 1836 4301 pec-

236 4335 407 4390 catori
434 4374 447 4395 ,
478 4329 712 4385 concede
761 4326 889 4381 mihi
934 4326 1104 4379 inutili
1155 4334 1210 4379 et
1259 4324 1481 4387 ltumili,
1514 4326 1724 4393 respice
1771 4326 1840 4380 de

239 4436 432 4483 sancto
460 4423 761 4477 babitaculo
791 4430 883 4474 tuo
911 4420 961 4473 in
992 4418 1261 4472 miseriam
1298 4432 1471 4471 meam
1495 4458 1509 4480 ,
1538 4418 1748 4486 respice
1774 4418 1842 4473 de

239 4528 428 4574 sancta
453 4514 778 4569 sublimitate
809 4522 895 4565 tua
924 4511 973 4565 in
994 4510 1300 4564 orationem
1330 4509 1550 4562 humilis
1570 4510 1713 4564 servi
1741 4509 1837 4575 tui,

241 4618 302 4667 et
330 4624 396 4663 ne
424 4607 687 4675 despicias
715 4603 1148 4658 obsecrationem
1178 4602 1352 4654 meam
1387 4617 1404 4653 :
1434 4598 1647 4655 dimitte
1676 4600 1806 4654 mihi
1825 4642 1839 4667 ,

245 4711 306 4755 ut
328 4701 634 4768 rcfrigerer,
668 4696 975 4766 priusquam
998 4694 1187 4747 abeam
1217 4707 1282 4746 eo
1310 4691 1453 4745 unde
1478 4691 1708 4760 amplius
1737 4708 1841 4746 non

246 4800 511 4846 revertar.
543 4790 611 4844 Ut
640 4788 802 4842 homo
833 4784 1072 4855 peccavi,
1097 4792 1156 4838 ut
1180 4784 1318 4837 Deus
1341 4784 1556 4853 ignosce
1583 4800 1594 4834 :
1623 4792 1675 4837 tu
1698 4784 1841 4838 enim

248 4883 427 4945 nosti,
464 4880 689 4936 Domine
713 4921 728 4941 ,
755 4893 921 4948 quam
952 4876 1140 4930 labens
1172 4877 1242 4929 sit
1272 4878 1502 4930 lnimaua
1534 4883 1721 4930 natura
1744 4917 1760 4941 ,
1792 4885 1846 4930 et

244 4973 391 5045 quod
420 4972 655 5027 hominis
684 4970 897 5024 animus
923 4984 952 5020 a
982 4968 1260 5038 juventnte
1280 4967 1347 5020 ad
1371 4967 1511 5021 mala
1533 4968 1603 5021 sit
1624 4967 1845 5023 omnino

247 5062 835 5139 pmnus.iﬁecordare
882 5060 1025 5131 quod
1077 5059 1255 5132 pulvis
1304 5058 1512 5124 simus;
1558 5058 1846 5115 recordare

248 5160 393 5233 quod
422 5169 476 5213 tu
509 5158 660 5213 solus
685 5156 759 5210 sis
790 5154 1023 5210 mundus
1047 5162 1103 5208 et
1130 5153 1367 5225 illibatus
1395 5161 1450 5207 et
1478 5152 1840 5221 incorruptus,

248 5267 351 5309 nos
378 5259 558 5307 autem
579 5262 767 5303 omnes
788 5248 840 5301 in
864 5243 1355 5315 increpationibus;
1380 5242 1667 5300 recordare
1688 5246 1847 5301 mise-

249 5346 519 5402 rationem
558 5350 829 5399 tuarum)
859 5339 1059 5395 saeculo
1089 5347 1143 5393 et
1173 5338 1559 5393 misericordiae
1601 5346 1706 5395 tua:
1749 5353 1844 5395 ne-

252 5454 355 5510 que
376 5435 709 5493 condemnes
739 5448 825 5488 me
848 5433 900 5487 in
930 5431 1300 5501 iniquitatibus
1336 5431 1491 5497 meis,
1526 5415 1629 5487 nec
1653 5430 1847 5489 secun-

249 5531 379 5587 dum
402 5536 623 5601 peccata
649 5541 767 5583 mea
794 5525 1063 5581 retribuas
1090 5525 1242 5580 mibi.
1269 5524 1417 5581 Nosti
1448 5526 1844 5584 multitudinem

253 5626 596 5692 iniquitatum
644 5635 916 5685 mearum,
947 5616 1091 5688 quod
1131 5632 1237 5675 non
1278 5618 1485 5690 possint
1533 5623 1846 5686 numerari;

253 5719 351 5777 sed
381 5720 497 5773 scio
522 5716 684 5771 etiam
712 5709 1059 5784 benignitatis
1081 5722 1184 5767 tua:
1208 5711 1449 5782 pelagus,
1480 5713 1622 5783 quod
1651 5714 1840 5771 inaesti-

254 5810 455 5868 mobile
480 5816 535 5863 et
558 5804 921 5874 insuperabile
948 5804 1041 5858 sit.
1064 5802 1145 5859 Tu
1172 5817 1231 5857 es
1258 5803 1403 5858 enim
1432 5806 1522 5874 qui
1554 5805 1695 5861 tollis
1722 5822 1849 5877 pec.

251 5916 429 5961 catum
454 5897 662 5967 mundi,
682 5899 770 5968 qui
790 5896 854 5952 de
871 5897 1004 5953 cmlo
1024 5896 1347 5953 descendisti
1372 5897 1422 5952 in
1447 5906 1643 5955 terram
1668 5901 1843 5974 (Joan.

1528 415 1781 473 ORATIO
1822 407 2163 473 SECUNDA.

3372 394 3479 457 926

1894 528 1946 580 1.
1975 524 2095 597 29),
2127 532 2183 578 ιιι
2219 530 2487 578 errantem
2519 527 2572 575 ct
2599 516 2861 590 perditam
2898 531 3051 573 ovem
3094 514 3434 588 perquireres
3464 535 3481 569 ι

1893 628 2075 688 pastor
2116 617 2311 682 bonus,
2342 614 2431 686 qui
2476 614 2708 668 animam
2757 627 2905 669 suam
2954 609 3101 681 ponit
3149 625 3247 681 pro
3291 610 3486 665 ovibus

1893 709 2089 781 (Joan.
2122 710 2209 766 10.
2244 711 2305 766 11
2336 711 2376 779 ),
2403 715 2459 764 et
2484 707 2675 762 venisti
2707 707 2759 759 in
2788 704 3049 760 mundum
3079 714 3131 757 ut
3167 712 3485 773 peccatores

1892 803 2071 857 salvos
2099 801 2325 868 faceres,
2356 815 2582 871 quorum
2615 798 2820 869 primus
2850 811 2948 867 ego
2982 810 3098 849 sum
3133 795 3227 865 (1.
3261 792 3393 848 Tim.
3428 794 3483 848 1.

1895 894 1962 949 13
1983 891 2025 966 ).
2058 894 2334 960 Miserere,
2360 894 2621 947 miserere
2650 889 2834 959 operis
2864 904 3117 943 manuum
3146 897 3389 952 tuarum;
3419 899 3491 941 ne

1896 986 2182 1047 detesteris
2222 1002 2309 1041 me
2353 986 2664 1056 indignum,
2697 983 2792 1037 sed
2834 983 3093 1037 miserere
3133 982 3314 1051 operis
3362 982 3434 1034 tui
3472 999 3486 1033 :

1896 1078 1988 1149 qui
2030 1088 2254 1149 propter
2294 1092 2380 1132 me
2420 1090 2636 1131 crucem
2673 1074 3001 1138 sustinuisti,
3031 1083 3084 1128 et
3124 1074 3356 1128 vibicum
3389 1073 3492 1125 sti-

1899 1181 2075 1240 gmata
2129 1173 2411 1242 accepisti;
2442 1170 2537 1227 sed
2568 1185 2783 1235 sanans,
2816 1169 2935 1224 dele
2980 1169 3156 1224 omnia
3201 1168 3495 1239 pharmace

1899 1263 2388 1320 columiserationis
2417 1273 2472 1318 et
2498 1263 2722 1332 spongia
2754 1248 3100 1331 benignitatis
3132 1272 3235 1315 tute
3261 1276 3275 1316 :
3307 1259 3497 1315 Omnia

1901 1360 2036 1414 enim
2082 1370 2256 1429 poles,
2287 1360 2416 1414 nihil
2465 1358 2555 1412 tibi
2596 1357 2907 1426 impossibile
2952 1340 3025 1411 ειὶ
3080 1354 3221 1426 (Job
3263 1354 3354 1410 te.
3401 1353 3493 1421 ει).

1904 1452 2220 1523 Compunge
2261 1452 2585 1508 obduratum
2632 1466 2726 1505 cor
2777 1465 2975 1514 meum,
3006 1448 3125 1504 leve
3163 1447 3246 1503 fac
3290 1446 3500 1517 pondus

1907 1545 2252 1601 conscienticc
2280 1588 2292 1611 ,
2326 1546 2537 1615 suscipe
2563 1545 2831 1613 laerymas
2858 1557 3009 1599 meas
3039 1551 3092 1598 et
3118 1542 3374 1613 gemitum
3397 1583 3410 1607 ,
3445 1553 3503 1592 ιιι

1908 1638 2241 1700 meretricis,
2274 1647 2331 1691 ut
2370 1636 2645 1710 corypbtei
2688 1635 3055 1707 apostolorum
3093 1634 3233 1689 Petri
3269 1651 3280 1686 :
3314 1635 3505 1702 excipe

1912 1742 2127 1797 parvam
2171 1727 2307 1783 hanc
2349 1742 2526 1783 meam
2572 1726 2968 1783 confessionem
3006 1732 3062 1779 et
3096 1725 3501 1795 paenitentiam,

1912 1816 2003 1886 qui
2031 1818 2288 1888 excepisti
2314 1818 2538 1874 latronis
2566 1819 2786 1889 probam
2816 1818 3191 1888 penitentiam
3220 1817 3272 1871 in
3302 1831 3463 1871 cruce
3492 1834 3504 1869 :

1913 1910 2127 1979 suscipe
2146 1909 2668 1966 fructum'labiorum
2702 1924 2944 1966 meorum
2974 1919 3032 1964 ut
3061 1908 3292 1963 hostium
3319 1908 3507 1962 viven-

1917 2009 2046 2068 tem,
2076 2002 2539 2073 beneplacentem,
2564 2003 2616 2059 in
2644 2003 2867 2059 odorem
2898 2001 3197 2057 suavitatis.
3226 2000 3356 2067 Oro,
3386 2015 3511 2055 ora-

1918 2099 2115 2153 tionem
2138 2099 2359 2168 accipe;
2389 2100 2639 2163 obsecro,
2658 2098 3082 2153 obsecrationem
3106 2094 3349 2149 admitte.
3373 2093 3511 2149 Pec-

1916 2194 2057 2248 cavit
2098 2204 2152 2248 et
2188 2194 2453 2260 Manasse,
2484 2209 2577 2248 rex
2621 2194 2736 2258 ille,
2767 2192 2860 2247 sed
2892 2200 3010 2248 acta
3044 2192 3358 2261 poenitentia
3402 2206 3514 2246 non

1922 2290 2081 2358 periit
2108 2308 2118 2343 :
2157 2291 2401 2361 peccavit
2426 2300 2551 2346 ante
2582 2289 2733 2344 illum
2764 2290 2924 2345 etiam
2955 2288 3143 2355 David,
3176 2286 3269 2343 sed
3296 2303 3419 2343 cum
3447 2287 3515 2342 de

1921 2391 2142 2454 peccato
2172 2384 2498 2457 lacrymatns
2527 2394 2671 2440 esset
2694 2425 2709 2450 ,
2743 2384 3167 2458 misericordiam
3195 2392 3517 2452 assequutus

1921 2486 2024 2529 est.
2060 2476 2221 2530 Multa
2250 2476 2355 2530 alia
2387 2476 2562 2531 habeo
2588 2476 2834 2547 exempla
2858 2517 2874 2542 ,
2909 2491 3026 2546 qu:e
3058 2490 3145 2531 me
3182 2475 3235 2528 in
3284 2489 3521 2530 maerore

1925 2584 2045 2623 tneo
2068 2570 2440 2636 consolentur,
2459 2586 2579 2641 quae
2605 2568 3037 2640 desperationem
3062 2583 3093 2622 a
3115 2582 3203 2622 me
3224 2565 3518 2637 depellant,

1927 2678 2041 2731 qua:
2059 2676 2206 2731 spem
2231 2664 2417 2719 salutis
2440 2678 2613 2719 meam
2637 2663 2891 2718 nutriant.
2915 2662 3206 2717 Consolare
3234 2672 3287 2716 tu
3310 2678 3523 2732 quoque

1926 2770 2020 2809 cor
2045 2772 2221 2809 meum
2239 2797 2251 2820 ,
2279 2756 2438 2812 Pater
2460 2755 2951 2811 misericordiarum
2972 2764 3026 2811 et
3048 2756 3187 2810 Deus
3210 2756 3370 2810 totius
3393 2771 3526 2809 cun-

1926 2850 2243 2915 solationis;
2276 2850 2527 2905 solatium
2562 2849 2695 2905 affer
2724 2850 2920 2905 bonum
2943 2892 2957 2913 ,
2992 2850 3109 2904 fons
3140 2849 3525 2904 misericordia:

1929 2952 1981 2996 et
2002 2941 2281 2996 bonorum.
2306 2941 2464 2995 Multa
2494 2940 2665 2996 fecisti
2685 2958 2712 2994 a
2730 2942 2930 2997 sarculo
2953 2957 3141 3013 magna
3162 2954 3216 2999 et
3238 2943 3525 3007 mirabilia,

1929 3032 2164 3101 gloriosa
2206 3042 2261 3088 et
2292 3020 2953 3106 exsuperantiaﬁquorum
2984 3048 3088 3089 non
3118 3044 3199 3090 est
3225 3051 3483 3090 numerus
3510 3055 3525 3092 :

1930 3125 2024 3180 sed
2056 3128 2098 3181 si
2131 3143 2217 3181 me
2246 3127 2524 3197 prodigum
2550 3142 2761 3193 serves,
2781 3126 2825 3181 si
2853 3142 2936 3182 me
2958 3127 3233 3197 indignum
3253 3128 3526 3190 admittas.

1932 3221 2099 3273 multo
2119 3220 2289 3290 magis
2318 3219 2579 3275 mirabilis
2612 3220 2719 3274 eris
2744 3236 2757 3273 :
2783 3219 2903 3289 quia
2933 3228 3076 3275 tanta
3104 3230 3186 3275 est
3218 3220 3529 3277 misericor-

1933 3314 2036 3367 diae
2063 3325 2114 3368 et
2145 3314 2488 3385 benignitatis
2519 3323 2621 3367 tua:
2653 3314 2840 3379 virtus,
2873 3324 2931 3368 ut
2957 3330 3023 3369 ex
3054 3314 3167 3371 luto
3188 3316 3531 3388 margaritam

1934 3406 2194 3472 facias,et
2225 3422 2289 3460 ex
2321 3406 2428 3459 lilio
2457 3406 2719 3475 gehennae
2749 3406 2917 3461 lilium
2948 3408 3097 3477 regni
3126 3409 3443 3464 constituas.
3470 3410 3537 3463 Et

1935 3498 2109 3553 adhuc
2145 3499 2210 3552 ad
2250 3509 2301 3552 te
2332 3498 2577 3553 clamabo
2620 3498 2903 3553 Dominum
2937 3515 3114 3555 meum
3140 3543 3153 3568 ,
3182 3508 3237 3556 et
3266 3501 3331 3556 ad
3367 3503 3534 3558 Deum

1936 3606 2114 3645 meum
2140 3590 2475 3659 deprecabor
2502 3608 2515 3646 :
2546 3590 2718 3661 dirige
2744 3591 3019 3648 residuum
3048 3594 3169 3649 vita:
3190 3609 3323 3649 mea:
3346 3610 3541 3651 secun-

1937 3681 2062 3734 dum
2084 3681 2407 3736 voluntatem
2434 3689 2601 3748 tuam,
2620 3681 2875 3736 confirma
2898 3698 2983 3738 me
3005 3684 3056 3738 in
3081 3684 3271 3740 timore
3289 3694 3405 3749 tuo,
3425 3700 3541 3741 cora

1938 3771 2131 3827 robora
2160 3787 2244 3827 me
2267 3773 2319 3826 in
2345 3772 2637 3829 dilectione
2662 3782 2771 3837 tua,
2796 3783 2849 3829 et
2881 3774 2932 3827 in
2966 3775 3307 3831 multitudine
3329 3778 3541 3832 bonita-

1941 3866 2007 3918 tis
2041 3874 2146 3919 tua:
2174 3864 2372 3918 bonum
2404 3864 2535 3918 mihi
2569 3866 2728 3949 finem
2763 3874 2816 3919 et
2845 3865 3065 3935 dignum
3097 3868 3423 3950 benignitate
3452 3880 3541 3925 tua

1940 3954 2176 4010 concede
2209 3974 2222 4010 :
2253 3970 2374 4011 ossa
2406 3965 2461 4012 et
2491 3956 2681 4011 modos
2722 3971 2912 4014 omnes
2953 3968 3227 4031 totamque
3269 3963 3544 4034 composi-

1944 4049 2142 4103 tionem
2164 4049 2483 4138 substantia:
2508 4066 2641 4104 mea:
2669 4050 2720 4104 in
2744 4052 3109 4106 misericordia
3139 4062 3192 4109 et
3215 4053 3545 4125 benignitate

1944 4150 2032 4195 tua
2076 4143 2306 4211 respice,
2337 4151 2393 4196 et
2436 4143 2486 4195 in
2533 4142 2740 4212 requiei
2780 4144 2954 4197 locum
3004 4145 3255 4201 miseram
3305 4148 3541 4202 animam

1944 4249 2115 4288 meam
2139 4234 2429 4299 deducens,
2456 4238 2723 4291 constitue
2746 4236 2839 4302 ibi,
2870 4238 2992 4307 quia
3022 4239 3202 4293 multa:
3226 4243 3539 4297 mansiones

1944 4326 2082 4397 apud
2112 4337 2163 4382 to
2190 4326 2383 4395 (Joan.
2441 4328 2529 4382 M.
2581 4327 2674 4396 Ξ),
2706 4328 2931 4399 singulis
2960 4331 3257 4386 secundum
3291 4336 3544 4389 meritum

1946 4419 2266 4473 distribute.
2285 4418 2474 4474 Adhuc
2500 4419 2727 4477 obsecro
2754 4431 2807 4475 et
2827 4437 2943 4487 oro,
2965 4422 3054 4490 da,
3073 4440 3275 4493 quaeso,
3300 4426 3547 4493 Domine,

1949 4510 2245 4580 indignitati
2270 4526 2403 4565 mea:
2424 4512 2649 4581 gratiam
2674 4512 2992 4581 prudentiae,
3015 4515 3080 4568 ad
3103 4520 3539 4586 cognoscendum

1949 4620 2011 4659 ea
2051 4620 2153 4675 que
2185 4605 2277 4659 tibi
2312 4605 2501 4673 placita
2534 4614 2587 4660 et
2613 4606 2749 4660 mibi
2784 4608 2928 4662 utilia
2960 4620 3118 4675 sunt;
3152 4620 3207 4664 et
3238 4626 3340 4666 non
3374 4614 3547 4668 Sttlttttl

1949 4698 2015 4751 ad
2046 4698 2501 4767 cognoscendum,
2536 4700 2631 4755 scd
2658 4701 2820 4755 etiam
2850 4702 2915 4756 ad
2947 4703 3355 4772 perficiendum,
3391 4717 3449 4761 ut
3482 4724 3551 4763 ne

1951 4808 1979 4844 a
2002 4794 2151 4846 vanis
2181 4792 2339 4847 rebus
2365 4794 2599 4862 abripiar
2621 4803 2674 4848 et
2694 4796 2949 4861 abducar,
2974 4808 3027 4852 et
3053 4814 3171 4867 quae
3202 4814 3305 4853 non
3334 4813 3548 4869 oportet

1953 4884 2164 4951 faciam,
2191 4894 2247 4939 ut
2275 4886 2394 4941 sine
2423 4885 2589 4955 gloria
2622 4887 2763 4941 inani
2796 4904 2916 4943 cum
2948 4888 3241 4948 humilibus
3268 4893 3543 4960 bumiiier,

1952 4989 2007 5034 et
2040 4994 2163 5034 cum
2209 4980 2535 5049 patientibus
2576 4982 2874 5051 compatiar
2896 5025 2911 5049 ,
2940 4993 2993 5038 et
3023 4986 3369 5054 peccantibus
3396 4988 3551 5057 igno-

1951 5088 2117 5129 scam.
2148 5074 2271 5130 Scio
2297 5074 2441 5130 enim
2467 5075 2629 5143 quod,
2661 5076 2704 5131 si
2736 5092 2841 5130 non
2868 5078 3150 5142 dimittam,
3179 5096 3287 5137 non
3313 5082 3553 5139 dimitte-

1953 5175 2041 5220 tur
2068 5166 2217 5220 mibi.
2248 5166 2374 5222 Ideo
2410 5182 2563 5237 rogo,
2593 5162 2650 5221 ut
2690 5167 2939 5224 omnibus
2982 5168 3035 5224 in
3080 5184 3163 5226 me
3206 5177 3553 5241 peccantibus

1952 5258 2129 5314 omnia
2162 5259 2439 5317 dimittas:
2467 5275 2642 5332 neque
2681 5263 2823 5316 enim
2868 5263 2940 5318 illi
2982 5264 3033 5319 in
3078 5279 3237 5321 causa
3278 5278 3423 5337 sunt,
3453 5272 3550 5327 sed

1952 5366 2051 5421 ego
2080 5351 2261 5418 miser,
2292 5351 2384 5421 qui
2417 5366 2521 5407 non
2554 5351 2652 5407 feci
2681 5352 3005 5410 voluntatem
3034 5363 3201 5423 tuam,
3225 5370 3279 5414 et
3308 5375 3413 5417 non
3440 5378 3556 5419 ser-

1950 5440 2069 5499 vavi
2103 5454 2368 5515 pratcepta
2401 5452 2509 5498 tua.
2544 5444 2651 5500 Eos
2681 5455 2860 5501 autem
2888 5449 2978 5518 qui
3013 5464 3114 5506 nos
3149 5450 3378 5522 diligttnt
3412 5470 3554 5526 opu-

1956 5537 2111 5591 lentis
2136 5535 2291 5590 donis
2325 5537 2427 5591 tuis
2458 5551 2737 5592 remunera
2772 5557 2785 5590 :
2818 5539 3151 5606 spiritualem
3181 5557 3312 5599 vero
3343 5556 3552 5618 patrem

1957 5643 2154 5689 meum,
2182 5636 2238 5683 et
2267 5629 2457 5684 fratres
2477 5671 2492 5691 ,
2525 5644 2663 5700 quos
2687 5638 2743 5683 tu
2772 5628 2989 5697 dedisti,
3020 5650 3052 5687 ο
3083 5634 3426 5703 misericors,
3457 5638 3552 5695 iis-

1954 5721 2076 5774 dem
2101 5718 2338 5791 iudiciis,
2372 5721 2568 5793 quibus
2597 5737 2807 5777 mecum
2840 5725 2976 5795 agis,
3010 5726 3237 5800 benigne
3267 5732 3550 5793 miserere.

1957 5812 2087 5869 lltec
2112 5810 2290 5883 procis
2320 5829 2454 5871 mete
2479 5813 2643 5871 verba
2672 5816 2779 5871 sint
2804 5860 2818 5885 ,
2853 5834 2939 5875 me
2968 5822 3185 5880 vivente
3212 5830 3267 5877 et
3294 5835 3511 5880 mortuo
3532 5872 3555 5896 ,

1958 5924 2113 5980 opem
2162 5909 2483 5979 postulantit
2531 5911 2637 5965 sint
2673 5928 2684 5964 :
2722 5910 2835 5965 haec
2882 5913 3153 5973 confessio
3202 5926 3256 5969 et
3299 5916 3558 5989 lacryma:
