4060 6384
143 332 257 389 857

143 450 327 503 cessit
368 450 470 505 tibi
511 448 751 503 Christus
772 457 827 501 ut
857 446 1114 501 honorem
1142 445 1349 501 dividas
1372 461 1385 508 ;
1407 445 1547 499 dicit
1575 447 1719 501 enim
1753 463 1766 503 :

146 519 290 573 Ηατ
322 532 409 574 est
438 521 669 575 voluntas
715 516 887 572 Patris
911 559 927 583 ,
972 531 1025 570 ut
1070 533 1244 571 omnes
1273 517 1518 570 honorent
1552 516 1767 582 Filium,

143 592 289 645 sicut
322 592 591 661 honorant
617 589 821 643 Patrem
850 588 1029 661 (Joatt.
1062 590 1115 645 5.
1137 586 1503 661 25g).rllouora
1534 589 1767 661 Patrem.

146 673 211 715 ut
246 664 505 717 honores
533 660 758 724 Filium;
794 659 901 714 into
931 660 1130 713 honora
1180 659 1373 714 Filium
1398 700 1410 722 ,
1455 670 1511 713 ιιι
1539 660 1770 712 honores

144 733 399 789 Patrem
440 751 453 786 :
482 733 584 787 sibi
618 733 889 801 proprium
920 741 1070 800 putat
1117 731 1277 784 Pater
1317 729 1576 801 honorem
1609 730 1725 783 Filii
1753 745 1767 790 ;

142 806 259 858 sibi
322 803 609 873 proprium
657 800 806 873 putat
848 801 1014 873 Filius
1062 804 1322 873 honorem
1376 800 1595 860 Patris;
1642 802 1770 873 dicit

143 870 616 930 enim'Servator
641 870 670 927 ε’
686 873 784 940 Qui
812 889 890 925 me
915 872 1019 925 odit
1048 914 1060 934 ,
1112 883 1159 925 et
1204 870 1413 924 Patrem
1457 888 1622 923 meum
1663 872 1770 923 odit

144 945 357 1013 (Joan.
394 947 476 1011 l5.
511 944 622 1014 2'5).
658 945 733 998 Ne
762 959 891 1012 ergo
920 952 1105 1011 putent
1132 942 1366 1014 haeretici
1396 943 1592 1014 se_Deo
1616 942 1768 1011 quid-

142 1011 310 1085 piam
339 1016 530 1086 largiri
559 1011 742 1086 ,eumr
776 1011 961 1067 dicunt
993 1015 1141 1086 illum
1174 1013 1443 1085 majorem
1466 1011 1601 1086 Filio
1632 1032 1645 1066 :
1681 1028 1779 1086 net,

142 1082 263 1147 Eine
302 1082 457 1143 enini
490 1086 653 1142 Pater
699 1085 932 1139 oblatum
981 1085 1080 1137 sibi
1128 1085 1386 1137 ltonorem
1416 1082 1691 1147 admittit,
1727 1083 1767 1137 si

146 1156 346 1212 Vilius
394 1157 718 1216 contumelia
761 1156 1043 1209 afficiatur.
1078 1158 1119 1209 A
1150 1155 1317 1210 veteri
1362 1154 1637 1223 Scriptura
1679 1156 1773 1207 de-

146 1230 625 1283 moiistrationem
654 1229 853 1282 claram
885 1227 1087 1291 accipe.
1130 1225 1298 1279 Amici
1328 1225 1448 1279 .lobi
1479 1226 1545 1278 ad
1573 1240 1769 1279 conso-

147 1299 401 1353 landum
440 1300 749 1361 venientes,
794 1298 1118 1350 accusabant
1162 1312 1284 1351 eum
1331 1296 1471 1365 quod
1515 1296 1772 1349 audacter

145 1368 508 1439 loqueretur,
547 1370 817 1439 Deumque
839 1368 1222 1436 justilicabant.
1258 1365 1363 1420 Job
1399 1382 1524 1421 vero
1559 1366 1790 1439 dicebat.

147 1437 278 1495 Deo
316 1458 333 1495 :
367 1442 495 1507 Quis
526 1440 672 1493 dabit
708 1437 940 1508 judicem
982 1440 1121 1492 inter
1159 1454 1244 1491 me
1287 1446 1341 1491 et
1389 1445 1461 1499 te,
1506 1448 1558 1491 et
1604 1438 1771 1491 sciam

144 1523 301 1579 quot
338 1522 463 1566 sunt
507 1522 716 1578 peccata
759 1524 874 1563 mea
902 1550 914 1570 ,
945 1511 1067 1577 quia
1096 1525 1182 1563 me
1227 1510 1295 1561 ita
1324 1508 1571 1576 judicas?
1601 1509 1768 1561 Amici

146 1598 302 1635 vero
350 1582 468 1637 Jobi
513 1582 879 1651 justificabant
928 1582 1128 1643 Deum,
1173 1594 1284 1633 rem
1336 1580 1645 1647 ignorantes
1674 1594 1699 1651 :_
1719 1588 1773 1631 et

149 1653 376 1717 iustum
410 1649 735 1707 damnabunt
764 1662 819 1704 ut
852 1661 1185 1719 peceatorem
1212 1692 1226 1713 ,
1272 1651 1437 1703 Deum
1467 1660 1643 1702 autem
1672 1649 1771 1703 de-

148 1722 471 1779 fendebant
496 1735 551 1778 ut
579 1723 717 1776 mala
741 1718 1055 1776 inferentem
1082 1737 1094 1771 :
1122 1722 1413 1788 dicuntque
1443 1721 1489 1774 ei
1523 1737 1537 1771 :
1574 1718 1771 1789 Magni.

152 1795 261 1859 fice
306 1796 545 1861 loquutus
586 1811 636 1847 es
662 1834 675 1856 ,
720 1802 767 1845 et
811 1793 968 1845 nimia
1009 1793 1181 1845 dixisti
1225 1803 1401 1844 contra
1452 1789 1771 1843 Dominum:

152 1865 460 1937 nuntDeus
478 1868 675 1937 justum
706 1862 963 1937 perturbat
992 1861 1112 1937 (Job
1142 1863 1229 1917 15.
1388 1872 1433 1915 et
1560 1863 1654 1929 ων
1682 1876 1771 1915 se-

152 1936 414 1990 cuadum
459 1932 671 2003 peccata
704 1936 912 1987 tna'tibi
947 1932 1127 1987 intulit
1174 1949 1185 1983 :
1230 1932 1329 1985 nisi
1384 1934 1547 1985 multa
1590 1944 1772 1987 essent

154 2017 396 2074 peccata
417 2016 521 2065 tua.
546 2023 649 2059 non
675 2005 970 2073 ﬂagellatus
992 2021 1161 2060 esses.
1184 2004 1247 2057 Et
1270 2004 1586 2057 videbantur
1606 2003 1769 2057 Deum

154 2077 470 2132 defendere
495 2120 509 2142 ,
548 2077 750 2145 justum
785 2090 916 2129 vero
955 2075 1302 2129 damnabunt.
1338 2076 1472 2127 Num
1517 2076 1637 2128 illos
1677 2075 1773 2128 ad-

155 2148 325 2202 misit
358 2150 496 2202 Deus
524 2156 716 2214 pneter
744 2146 832 2215 jus
864 2162 957 2213 pro
985 2162 1042 2200 se
1072 2145 1392 2217 loquentes?
1416 2145 1468 2199 Si
1497 2154 1770 2217 acceptam

159 2218 456 2273 habuisset
485 2222 693 2271 illorum
722 2217 1087 2271 defensionem
1112 2259 1125 2280 ,
1148 2216 1286 2271 dum
1326 2217 1499 2281 justus
1542 2216 1770 2269 inhono-

156 2299 422 2353 raretur;
441 2291 750 2343 admitteret
772 2292 929 2342 etiam
956 2288 1213 2341 honorem
1238 2289 1335 2341 sibi
1362 2288 1621 2348 oblatum,
1645 2287 1770 2341 dum

159 2359 348 2414 Filius
379 2360 745 2427 inltonoratur.
786 2360 925 2414 Audi
968 2358 1095 2428 quid
1126 2359 1270 2413 dic:tt
1303 2359 1560 2412 Dominus
1586 2358 1773 2411 amicis

156 2430 297 2501 Jolsi
333 2448 347 2484 :
378 2432 479 2485 Cur
515 2449 616 2483 non
647 2430 840 2499 loqnttti
877 2431 990 2483 estis
1015 2440 1151 2483 recta
1179 2442 1356 2482 contra
1381 2446 1773 2501 servunt’meum

158 2502 179 2569 (
212 2500 329 2554 Job
360 2502 447 2555 42.
483 2502 579 2569 7,?
609 2502 661 2555 Si
690 2516 784 2553 eos
811 2502 898 2567 qui
944 2516 1047 2553 non
1094 2502 1381 2570 loquuntur
1410 2513 1549 2554 recta
1584 2510 1771 2553 contra

160 2588 393 2626 servum
423 2575 613 2639 rejicit,
647 2588 766 2625 eum
804 2573 893 2639 qui
934 2574 1161 2639 linguam
1189 2582 1331 2625 acut
1364 2582 1545 2625 contra
1582 2570 1775 2639 Linige-

162 2645 351 2696 nitum
379 2644 660 2697 admittet?
693 2644 862 2696 Absit.
899 2642 1219 2697 lnevitztbilis
1246 2659 1375 2711 ergo
1404 2644 1531 2695 ultio
1560 2642 1774 2695 invadet

162 2730 271 2767 eos
309 2717 393 2783 qui
428 2715 803 2781 blasphemant
831 2722 1016 2766 contra
1048 2712 1303 2779 Spiritum
1334 2722 1598 2766 sanctum.
1636 2712 1771 2767 Audi

159 2786 305 2853 quid
337 2786 468 2839 dicit
507 2786 752 2839 Salvator
783 2801 795 2837 :
831 2783 1007 2837 Omnis
1039 2786 1350 2853 blasphemia
1382 2785 1661 2837 remittetur
1688 2784 1773 2836 Itu-

163 2856 400 2909 minibus
423 2874 442 2917 ;
469 2856 781 2923 blasphemia
826 2864 991 2907 autem
1030 2858 1080 2906 in
1132 2856 1381 2922 Spiritum
1410 2864 1639 2907 sanctum
1672 2870 1773 2907 non

162 2928 495 3007 remittetur.
550 2928 816 3007 neauomin
866 2926 978 3007 ζιορ¹
1007 2927 1233 2987 smculo,
1292 2942 1450 3007 neque
1492 2927 1547 3007 in
1596 2928 1773 3007 futuro

164 2995 397 3059 (ﬂeuit.
430 2999 515 3052 12.
548 2999 637 3051 ⁸51.
691 2996 805 3059 32).
844 2996 980 3061 Quid
1022 3012 1155 3063 opus
1194 3005 1277 3050 est
1316 2995 1675 3066 syllogismis,
1706 3011 1772 3049 ex

162 3069 374 3137 genitis
425 3078 479 3123 et
523 3083 627 3122 non
670 3067 897 3135 genitis,
944 3082 1010 3119 ex
1059 3069 1253 3120 creatis
1300 3078 1353 3119 et
1399 3083 1504 3122 nou
1542 3066 1773 3120 creatis?

164 3148 384 3193 Acutus
413 3151 497 3194 est
528 3138 816 3192 hrereticus
859 3153 1039 3191 sermo
1082 3153 1245 3205 super
1292 3138 1551 3191 novacula
1593 3146 1771 3191 acuta.

166 3209 291 3277 Sed
316 3212 573 3263 novacula
597 3252 610 3271 ,
642 3208 984 3278 quantumvis
1012 3210 1078 3260 sit
1104 3219 1259 3262 acuta
1285 3251 1298 3268 ,
1333 3210 1553 3275 capillos
1584 3208 1774 3263 radere

168 3288 377 3349 potest,
408 3297 513 3334 non
537 3280 684 3351 ligna
714 3294 937 3342 secare;
960 3278 1203 3351 veritatis
1239 3288 1417 3351 autem
1458 3293 1637 3351 sermo
1666 3293 1773 3351 nou

166 3361 261 3406 est
306 3349 606 3416 novacula,
646 3351 740 3404 sed
790 3352 1013 3404 securis.
1072 3349 1196 3404 Ideo
1249 3349 1485 3405 Joannes
1531 3350 1771 3418 Baptista

167 3422 306 3476 dicit
354 3439 366 3474 :
416 3421 547 3475 Ecce
592 3422 783 3475 securis
830 3421 898 3472 ad
942 3421 1164 3473 radicem
1210 3422 1447 3473 arborum
1490 3422 1655 3489 posita
1701 3428 1771 3472 est

1689 334 1813 391 SN}
1824 332 1957 389 RH.
3377 338 3481 395 953

1881 444 2092 515 (Matth.
2123 446 2175 501 5.
2223 444 2331 509 10).
2370 444 2483 500 Non
2510 444 2645 499 dixit
2672 487 2686 509 ,
2721 444 3024 512 Novarula;
3073 449 3294 505 non'est
3339 453 3483 509 enim

1883 518 2068 571 limata
2100 532 2209 581 res,
2236 524 2294 569 ut
2314 516 2529 571 externi
2553 518 2841 571 vanitatem
2864 517 3024 572 dictis
3050 518 3239 575 limare
3269 522 3483 587 solent;

1876 591 1969 641 sed
2011 588 2232 642 verbum
2275 587 2365 643 Dei
2416 596 2498 658 est
2527 588 2735 641 securis
2765 602 2956 641 secans
2998 590 3301 658 superbiam
3333 608 3483 649 arno-

1876 660 2138 729 gautium,
2185 668 2241 710 ut
2271 657 2596 712 testificatur
2620 658 2856 713 Joannes
2882 657 3106 729 dicens,
3138 660 3261 715 1am
3289 667 3484 719 securis

1876 728 1961 805 ad
1989 730 2213 805 radicem
2268 730 2531 805 arborum_
2562 730 2729 799 posita
2781 737 2870 783 est.
2921 728 3101 785 Turba
3154 746 3341 805 eorum
3392 737 3487 805 qui

1875 800 2075 871 dolosa
2108 800 2398 871 loquuntur
2432 808 2486 853 et
2519 799 2753 871 hmreses
2787 808 3045 867 nectunt,
3078 804 3333 858 novacula
3378 799 3485 871 est,

1878 880 1933 923 ιιι
1958 872 2033 923 ait
2060 869 2225 943 David
2251 870 2393 943 Sauli
2411 888 2449 943 ἐ
2473 870 2610 943 Quid
2632 872 2883 943 gloriatur
2908 872 2960 923 in
2983 873 3179 926 malitia
3199 876 3283 942 qui
3308 869 3485 943 potens

1875 947 1949 995 est
1975 942 2315 1017 ininiqaitate
2408 939 2534 1011 Tota
2563 939 2646 1017 die
2676 942 3007 1017 injustitiam
3026 939 3269 1017 fagitavit
3307 939 3487 1017 lingua

1876 1023 1979 1083 tua,
2001 1014 2129 1066 sicut
2152 1010 2397 1083 novacula
2421 1010 2569 1083 acuta
2593 1013 2757 1083 fecisti
2782 1010 2958 1083 dolum
2989 1010 3163 1083 (Psal.
3191 1015 3283 1071 5|.
3311 1010 3479 1083 5.1).

1878 1082 2037 1136 Pater
2072 1082 2239 1151 legem
2284 1082 2412 1143 dat,
2452 1081 2619 1135 Filius
2655 1082 2827 1150 ju‘wet,
2862 1081 3094 1151 Spiritus
3140 1096 3357 1139 sanctus
3388 1081 3477 1143 dat

1877 1154 2273 1207 auctoritatem.
2310 1152 2446 1207 Audi
2496 1153 2663 1206 Deum
2712 1153 2981 1208 dicentem
3013 1171 3027 1208 :
3058 1154 3483 1224 Euangelizantes

1877 1226 2091 1278 venient
2112 1265 2127 1285 ,
2170 1241 2294 1293 quos
2323 1224 2571 1296 Dominus
2600 1226 2862 1296 adcocavtl
2889 1224 3049 1290 (loel.
3082 1226 3136 1281 2.
3161 1226 3274 1296 52).
3308 1229 3471 1281 Uhse-

1875 1308 1990 1356 cro,
2017 1310 2200 1348 aurem
2243 1295 2544 1359 commoda,
2581 1304 2635 1346 ιιι
2665 1295 2841 1349 discas
2871 1296 3112 1351 vetitzttis
3133 1295 3472 1353 concentum.

1877 1364 1992 1418 Non
2025 1366 2167 1420 enim
2199 1365 2493 1419 ratiociniis
2539 1381 2867 1433 pugnamus,
2923 1368 3017 1421 sed
3062 1368 3367 1437 Scripturas
3397 1384 3473 1424 se-

1877 1437 2119 1507 quimur:
2137 1437 2394 1504 Optamus
2411 1446 2590 1490 autem
2614 1437 2753 1489 servi
2778 1451 2899 1491 esse
2920 1437 3342 1507 Scripturarum.
3369 1456 3475 1495 non

1878 1516 2055 1560 autem
2097 1504 2400 1575 Scripturas
2428 1507 2695 1575 subjicere
2726 1508 3022 1562 ratiociniis
3044 1504 3275 1563 nostris.
3309 1510 3475 1565 Fales

1879 1577 2221 1647 syllogismos
2250 1592 2353 1630 non
2382 1579 2595 1646 recipit,
2624 1593 2727 1630 non
2760 1580 2903 1646 quod
2928 1582 3036 1632 sint
3060 1581 3477 1639 irrationabiles.

1879 1648 1972 1721 sed
2004 1650 2144 1721 quod
2176 1648 2291 1721 ha-c
2328 1663 2542 1721 omnem
2580 1649 2844 1703 rationem
2890 1661 3129 1721 superet.
3168 1650 3236 1705 Ut
3266 1667 3392 1705 vero
3430 1666 3481 1707 te

1879 1717 2072 1789 doceat
2104 1720 2322 1789 Paulus,
2353 1720 2509 1772 fidem
2534 1728 2720 1773 contra
2752 1717 3026 1776 ratiocinia
3066 1724 3262 1775 armari
3294 1722 3427 1775 dicit
3459 1742 3472 1776 :

1881 1788 2021 1841 Nam
2046 1788 2190 1842 arma
2216 1800 2388 1843 nostra
2424 1806 2523 1843 non
2549 1789 2779 1843 carnalia
2813 1801 2931 1845 sunt
2951 1833 2964 1850 ,
2995 1794 3080 1844 sed
3113 1794 3335 1858 potentia
3366 1792 3475 1847 Deo

1878 1860 1947 1912 ad
1977 1860 2367 1914 destructionem
2397 1861 2732 1913 munitionum
2759 1904 2773 1925 ,
2811 1863 3025 1915 consilia
3068 1862 3400 1923 destruentes,
3430 1872 3478 1917 et

1879 1947 2079 1983 onmem
2123 1933 2445 1985 altitudinem
2485 1932 2807 1985 extollentem
2852 1950 2905 1986 se
2933 1934 3174 1987 adversus
3214 1936 3479 1989 scientiam

1879 2000 1978 2054 Dei
2004 2001 2080 2072 (2.
2114 2003 2231 2056 Cor.
2262 2003 2328 2056 t0
2355 1999 2491 2070 4.5).
2520 2000 2624 2056 Sed
2652 2004 2861 2057 etiamsi
2890 2019 3034 2072 saepe
3063 2006 3277 2072 iniquus
3308 2005 3477 2060 diale-

1879 2073 2013 2127 ctica
2059 2074 2258 2137 vincat,
2316 2088 2382 2127 ne
2431 2074 2781 2141 obstupescas
2825 2090 2838 2124 :
2888 2075 3017 2128 dicit
3060 2076 3205 2129 enim
3253 2076 3416 2129 Dat-id
3459 2093 3473 2129 :

1890 2142 2051 2215 Verba
2108 2145 2401 2215 iniquorum
2455 2142 2832 2211 prtevaluerunt
2905 2162 3060 2214 super
3109 2163 3203 2200 nos
3279 2144 3471 2215 (Psal.

1880 2214 1968 2268 64.
2001 2217 2076 2281 4).
2110 2214 2268 2268 Mittit
2301 2215 2457 2268 Pater
2481 2217 2755 2281 apostolos
2778 2258 2791 2277 ,
2818 2216 2980 2269 mittit
3009 2216 3195 2280 Filius.
3225 2218 3388 2271 mittit
3418 2227 3474 2271 et

1879 2285 2109 2353 Spiritus
2143 2296 2378 2340 Sanctus.
2412 2285 2561 2358 (Dicit
2590 2286 2847 2358 Servatur
2875 2287 3132 2355 apostolis
3166 2305 3179 2340 :
3216 2287 3349 2345 Ecce
3376 2304 3485 2358 ego,

1880 2358 2022 2429 mitto
2056 2358 2223 2429 vasin
2262 2356 2509 2429 mundum
2537 2371 2555 2429 ς
2583 2366 2759 2410 euntes
2802 2357 3055 2425 baptizata
3086 2374 3259 2412 ontnes
3303 2356 3476 2429 gentes

1882 2424 2095 2495 (Matth.
2137 2426 2227 2498 28.
2279 2424 2392 2497 19).
2440 2427 2641 2479 Dicitur
2670 2428 2829 2481 etiam
2871 2424 2927 2482 in
2974 2430 3199 2485 Actibus
3242 2424 3476 2498 Aposto-

1881 2498 2052 2551 lorum
2090 2516 2112 2569 _:
2166 2497 2263 2562 Qui
2313 2512 2440 2566 ergo
2488 2498 2629 2550 missi
2675 2501 2875 2567 fuerant
2924 2516 2955 2551 a
3009 2500 3221 2569 Spiritu.
3257 2497 3473 2563 sancto,

1880 2567 2244 2621 descenderunt
2276 2569 2328 2620 in
2362 2568 2653 2638 Seleuciam
2698 2569 2836 2636 (Act.
2878 2572 2960 2623 l5.
3002 2567 3075 2638 ι).
3113 2571 3277 2625 Vocat
3313 2571 3475 2625 Pater

1880 2640 2170 2706 apostolos.
2226 2648 2376 2691 vocat
2431 2637 2596 2693 Filius
2643 2642 2938 2708 apostolm,
2973 2637 3103 2695 dicit
3154 2644 3409 2709 propheta
3461 2662 3474 2698 :

1880 2710 1923 2761 Α
1956 2721 2122 2762 monte
2170 2710 2337 2783 enim_
2355 2710 2486 2763 Sion
2528 2711 2686 2783 veniet
2730 2712 3083 2781 cvangelizans
3126 2723 3172 2783 et
3217 2715 3465 2783 evangeli-

1879 2791 2081 2853 ozanfes,
2128 2797 2257 2853 quos
2300 2779 2548 2833 Dominus
2601 2779 2874 2853 advocavit
2910 2784 3068 2853 (Joel.
3120 2782 3176 2836 2.
3231 2779 3474 2852 '52).'Del

1883 2852 2044 2920 igitur
2083 2850 2166 2905 e~t
2196 2850 2959 2924 advocareAcvangclizantes.
2992 2854 3049 2908 Si
3080 2869 3209 2924 ergo
3254 2850 3343 2907 Dei
3389 2864 3475 2907 est

1882 2924 2166 2993 advocare,
2202 2922 2321 2993 ideo
2351 2922 2583 2991 Spiritus
2616 2939 2708 2992 per
2735 2927 3024 2993 prepltetas
3054 2922 3279 2991 loquens
3300 2924 3424 2978 dicit
3463 2941 3475 2975 :

1886 2992 2011 3064 llwc
2038 2993 2159 3045 dicit
2187 2992 2413 3061 Spiritus
2436 3005 2643 3047 sanctus
2670 3010 2688 3046 :
2715 2992 2991 3064 Segregate
3016 2996 3145 3049 mihi
3174 2994 3401 3049 Paulum
3433 3004 3482 3048 et

1880 3063 2171 3116 Barnabam
2200 3066 2254 3117 in
2284 3080 2431 3133 Opus,
2460 3065 2528 3116 ad
2552 3066 2688 3133 quod
2719 3063 2963 3119 advocavi
2992 3084 3075 3121 eos
3104 3068 3237 3134 (Act.
3276 3067 3365 3121 15.
3392 3065 3476 3134 2).

1883 3136 2009 3189 Haec
2034 3150 2065 3188 a
2094 3135 2247 3188 nobis
2277 3134 2417 3207 dicta
2450 3138 2594 3207 satis
2624 3146 2771 3190 sunt.
2822 3138 2958 3191 Deus
2986 3148 3164 3193 autem
3197 3138 3342 3207 pacis
3378 3151 3474 3189 nos

1882 3220 2072 3260 omnes
2092 3214 2284 3279 augeat
2314 3207 2365 3279 in
2393 3205 2495 3259 fide
2518 3217 2573 3261 et
2598 3208 2824 3261 caritate
2850 3224 2942 3262 sua
2977 3226 2989 3261 :
3022 3210 3144 3279 quia
3178 3205 3349 3277 ipsum
3380 3207 3476 3279 dc-

1883 3288 1978 3348 εει⁸
2008 3278 2184 3330 omnis
2209 3277 2377 3345 gloria
2404 3318 2420 3341 ,
2450 3279 2622 3331 honor
2651 3287 2704 3332 et
2732 3280 2975 3333 adoratto
2998 3322 3012 3343 ,
3042 3277 3174 3348 cum,
3201 3278 3475 3348 unigenito

1880 3344 2436 3421 Filioetsanc’tissimo
2463 3349 2581 3414 ejus
2620 3348 2821 3418 Spiritu
2847 3394 2859 3414 ,
2896 3366 3037 3405 nunc
3059 3362 3114 3406 et
3143 3344 3357 3421 s'empér
3381 3390 3396 3416 ,
3423 3358 3479 3404 et

1885 3418 1939 3470 in
1967 3418 2159 3471 saecula
2191 3418 2539 3473 saeculorum.
2571 3421 2768 3474 Amen.

164 3649 261 3691 DE
306 3648 686 3705 PATIENTIA,
738 3648 813 3693 ΕΤ
860 3649 941 3690 DE
985 3646 1525 3689 CONSUMMATIONE
1572 3647 1771 3689 HUIUS
1818 3645 2093 3697 SECULI,
2140 3644 2223 3685 DE
2267 3643 2553 3689 SECUNDO
2598 3647 2931 3703 ADVENTU,
2977 3648 3061 3689 DE
3107 3648 3318 3692 REGNO
3360 3648 3476 3693 JU-

256 3751 506 3801 STOBUM
553 3751 915 3805 PERPETUO,
963 3751 1176 3803 DEQUE
1222 3750 1495 3793 ULTIONE
1550 3750 1771 3794 PECCA'I

1881 3750 1973 3792 ΟΜ
2018 3750 2311 3793 ΒΤΕΒΝΔε
2359 3750 2756 3796 HYPOTHESIS
2802 3753 2959 3797 ΙΤΕΜ
3004 3754 3474 3809 CONFESSIONIS,

244 3855 339 3897 ἘΤ
382 3853 795 3897 ADHORTATIO
840 3854 923 3895 AD
967 3852 1461 3896 MEDITATIONEM
1507 3853 1871 3898 DIVINABUM
1916 3852 2408 3897 SCRIPTURABUM
2446 3857 2462 3910 ;
2509 3855 2591 3897 ΕΤ
2661 3854 2803 3907 ρυλε
2870 3855 3012 3901 SINT
3082 3860 3284 3903 ARTES
3339 3859 3478 3901 IN!—

256 3958 422 4012 NICI,
471 3957 551 3999 ET
593 3956 737 4009 QUE
783 3956 869 3998 EX
910 3956 1146 4009 QUIETE
1194 3957 1504 4000 UTILITAS.

1614 4094 2035 4163 mw

246 4257 538 4340 Splendida
583 4266 673 4340 est
716 4258 827 4311 vita
878 4257 1147 4340 iustorum
1202 4275 1235 4340 ε,
1273 4259 1769 4340 quomodo-autem

173 4328 459 4411 Splendida
510 4328 789 4411 redditur,
842 4328 943 4411 nisi
992 4330 1477 4411 pernpatientiatu?
1527 4329 1673 4411 lianc
1726 4330 1771 4383 si

177 4415 389 4462 teneas,
411 4400 597 4463 frater,
623 4401 781 4469 dilige
804 4409 861 4453 ut
886 4400 1211 4454 fortitudinis
1229 4411 1453 4455 matrem
1487 4418 1499 4452 :
1527 4400 1771 4454 Psalmus

175 4474 325 4528 enim
376 4472 619 4525 hortatur
674 4471 757 4525 his
810 4472 987 4525 verbis
1030 4470 1320 4539 :.Ea:pecta
1364 4471 1679 4531 Dominum.
1726 4481 1773 4524 et

174 4544 380 4597 custodi
430 4544 561 4595 viam
605 4543 715 4613 ejus
744 4542 917 4613 (Psal.
950 4544 1042 4614 '56.
1084 4543 1198 4614 34).
1246 4543 1439 4614 Paulus
1471 4557 1600 4596 vero
1640 4559 1773 4607 quoo

178 4615 346 4669 modo
393 4612 644 4667 virtutem
688 4612 988 4682 poSsederit
1016 4612 1173 4667 docet
1210 4633 1222 4668 :
1255 4612 1539 4667 Tribulatio
1572 4614 1770 4677 patien-

169 4686 309 4739 tiam
341 4697 581 4753 operatur
616 4685 790 4755 (Rom.
836 4686 890 4740 5.
926 4686 1000 4755 '5).
1048 4684 1193 4738 llaue
1234 4687 1278 4739 si
1323 4687 1488 4747 eolas,
1532 4686 1773 4737 invenies

180 4772 333 4821 spem
385 4758 645 4809 bonorum
693 4756 925 4818 fontem;
976 4756 1106 4825 Spes
1151 4768 1318 4809 autem
1367 4773 1467 4809 non
1507 4756 1773 4825 confundit

184 4826 347 4897 (Ibid.
383 4842 431 4879 v.
464 4828 538 4895 5).
573 4827 814 4879 Subditus
842 4842 970 4896 ergo
997 4838 1100 4879 esto
1135 4826 1369 4889 Domino,
1406 4837 1449 4881 et
1478 4844 1570 4879 ora
1601 4828 1769 4889 illum,

178 4909 237 4953 et
283 4899 525 4953 invenies
552 4897 715 4958 illud,
778 4897 843 4950 Et
884 4898 1021 4949 dabit
1071 4896 1159 4950 tibi
1206 4901 1468 4968 petitiones
1498 4899 1663 4950 cordis
1702 4899 1774 4950 tui

184 4968 355 5039 (Psal.
379 4968 468 5023 36.
494 4970 541 5023 7.
568 4969 648 5035 4).
671 4970 807 5036 Quid
832 4970 1040 5023 beatius
1065 4986 1223 5036 quam
1251 4971 1447 5023 habere
1472 4970 1590 5021 talis
1615 4968 1773 5037 Regis

184 5054 345 5093 aures
374 5040 672 5108 protritias?
711 5040 833 5109 quis
882 5041 1015 5092 nolit
1060 5052 1302 5107 apertum
1339 5040 1537 5094 habere
1574 5048 1627 5093 et
1669 5042 1771 5093 0b-

181 5120 574 5181 temperantem
598 5110 794 5179 judicis
825 5110 1101 5164 auditum?
1130 5112 1419 5181 Operarius
1448 5127 1507 5165 es
1536 5111 1769 5175 virtutis,

182 5181 389 5244 frater;
434 5180 681 5235 Christus
726 5181 979 5235 conduxit
1031 5182 1082 5235 in
1129 5180 1339 5236 vineam
1382 5198 1533 5236 suam
1584 5200 1594 5233 ε
1644 5182 1771 5235 dum

185 5262 401 5322 tempus
429 5250 614 5319 babes,
640 5266 867 5319 aperare
892 5254 1109 5305 bonum.
1144 5252 1279 5307 Audi
1314 5253 1534 5307 Paulum
1576 5252 1776 5322 dicen—-

185 5321 308 5376 tem
325 5339 345 5395 7:
377 5322 526 5387 Quod
552 5325 870 5395 seminaverit
896 5322 1067 5388 homo,
1095 5323 1190 5377 hoc
1210 5334 1259 5377 et
1282 5334 1430 5377 metet
1453 5324 1592 5391 (Gal.
1618 5324 1670 5378 6.
1691 5321 1767 5395 8).

186 5394 405 5448 Semina
448 5395 500 5447 in
542 5394 773 5463 spiritu,
822 5409 879 5447 ut
922 5403 1092 5448 metas
1123 5397 1285 5448 vitam
1336 5407 1591 5449 aeternam
1627 5411 1639 5447 :
1673 5394 1775 5459 Qui

187 5466 331 5520 enim.
350 5465 561 5518 seminat
590 5466 640 5517 in
665 5480 896 5533 corpore,
926 5467 1113 5534 inquit.
1143 5468 1205 5519 de
1232 5482 1442 5532 corpore
1482 5476 1628 5519 metet
1656 5482 1772 5519 oor-

188 5534 675 5604 nptionemUbid.)
700 5536 839 5590 Antii
866 5536 1062 5589 bomnn
1094 5540 1421 5590 ltortatorem
1448 5536 1714 5591 dicentem
1750 5555 1762 5589 :

190 5606 606 5679 Sentin_ate_vobis
620 5607 894 5678 justitiam,
918 5608 1084 5660 metite
1106 5610 1326 5667 fructum
1354 5608 1465 5679 vitta
1490 5606 1642 5679 (Osee
1688 5606 1773 5661 l0.

194 5678 301 5747 l2).
331 5676 408 5731 Ne
433 5676 651 5732 deficias
674 5679 726 5731 in
756 5679 959 5743 labore,
984 5692 1133 5748 spem
1165 5688 1289 5732 ante
1312 5689 1360 5731 te
1380 5676 1570 5732 videns
1603 5696 1617 5732 :
1647 5692 1771 5732 nam

191 5749 281 5805 ubi
323 5749 616 5821 certamina
636 5790 650 5814 ,
685 5749 755 5821 ibi
802 5749 1053 5821 przetnia;
1087 5750 1175 5821 ubi
1205 5750 1374 5812 bella,
1406 5748 1477 5802 ibi
1509 5752 1768 5812 honores;

195 5821 282 5876 ubi
313 5836 508 5890 pugna,
540 5820 610 5873 ibi
641 5820 815 5875 etiam
838 5836 1057 5876 corona.
1091 5820 1214 5875 llaec
1244 5822 1566 5891 respiciens,
1593 5822 1763 5876 excita

1878 4260 2110 4327 teipsnm
2152 4274 2249 4337 per
2294 4260 2666 4337 patientiam“:
2711 4260 2806 4315 tibi
2849 4264 3067 4319 succine
3112 4280 3331 4337 semper
3381 4268 3478 4323 hos

1880 4342 2094 4385 sanctos
2135 4332 2405 4405 clamores
2431 4350 2443 4385 :
2490 4331 2851 4405 ViriliterAage
2878 4376 2891 4395 .
2916 4344 2989 4405 Aet
3028 4331 3343 4405 con/artetur
3387 4356 3477 4392 cor

1881 4412 2121 4477 tu_um,_et
2150 4405 2339 4455 sustine
2370 4401 2641 4456 Dominum
2686 4401 2859 4473 (Psal.
2896 4403 2995 4477 26.
3049 4401 3137 4475 li)
3170 4426 3182 4461 :
3222 4407 3471 4477 Purpura

1878 4474 1947 4548 od
1976 4474 2162 4548 asinina
2212 4490 2365 4540 opera
2390 4484 2483 4548 tua
2506 4515 2519 4536 ,
2569 4483 2616 4548 et
2645 4492 2843 4548 appara
2892 4476 2938 4528 te
2982 4486 3049 4530 ad
3077 4474 3254 4548 agrum
3289 4474 3475 4546 (Prov.

1877 4544 1966 4597 24.
2000 4543 2092 4610 27)
2126 4563 2137 4597 :
2166 4559 2293 4611 ager
2315 4547 2457 4598 enim
2486 4554 2567 4598 est
2597 4546 2711 4599 haec
2737 4547 2859 4600 vita.
2886 4550 3085 4611 Accipe
3111 4543 3263 4604 vetns
3290 4543 3479 4605 Testa-

1880 4614 2329 4690 mentum.“(linge
2356 4616 2722 4690 possessionem
2752 4628 2889 4669 tuam
2935 4620 3096 4688 spinis
3128 4624 3165 4690 .(
3187 4622 3343 4675 Ecclt‘.
3376 4623 3471 4677 28.

1879 4684 1993 4754 28).
2048 4684 2410 4751 Quibusnam?
2464 4686 2676 4754 Jejunio
2712 4729 2726 4748 ,
2781 4684 3055 4753 oratione,
3111 4684 3376 4746 doctrina.
3423 4695 3479 4749 Si

1880 4771 2063 4823 sepem
2096 4756 2315 4820 habeas,
2350 4773 2457 4811 non
2501 4758 2832 4826 ingredietur
2856 4761 2987 4824 fera,
3032 4761 3306 4816 diabolum
3335 4766 3474 4817 dico.

1881 4829 2043 4892 Quasi
2097 4827 2372 4896 pulchram
2418 4830 2627 4882 vineam
2677 4829 2863 4883 excole
2910 4833 3144 4885 animam
3193 4846 3362 4888 tuam.
3410 4835 3480 4889 Et

1881 4901 2019 4951 sicut
2048 4899 2079 4952 ii
2111 4901 2199 4969 qui
2231 4898 2414 4952 tineas
2453 4899 2762 4954 costodiunt
2784 4942 2796 4964 ,
2831 4900 3090 4968 plaudunt
3119 4920 3276 4957 manu
3300 4946 3313 4967 ,
3346 4922 3477 4961 voce

1880 4970 2147 5031 clamant,
2190 4978 2243 5022 et
2272 4969 2614 5024 insidiatores
2650 4973 2876 5040 strepitu
2926 4983 3111 5027 arcent
3164 4993 3175 5024 ε
3227 4980 3305 5029 sic
3334 4986 3388 5031 et
3422 4990 3476 5032 tu

1881 5040 2050 5111 Clama
2084 5055 2175 5108 per
2197 5042 2519 5111 orationem,
2539 5042 2707 5109 jubila
2741 5059 2833 5110 per
2862 5044 3215 5111 psalmodiam
3249 5065 3260 5099 :
3295 5058 3348 5101 et
3375 5048 3475 5101 do-

1883 5110 2050 5187 ioszun
2091 5111 2257 5187 feram
2285 5110 2775 5187 fugaltis,_vulpem
2817 5110 3044 5187 nempe,
3078 5131 3199 5187 qua:
3241 5130 3321 5172 est
3366 5120 3481 5173 dia-

1884 5181 2073 5260 bolus,
2117 5182 2326 5260 de‘qtto
2359 5182 2812 5260 dicit“Scriptttra_
2844 5203 2857 5238 :
2890 5181 3068 5256 capite
3095 5181 3254 5243 'nobis
3294 5192 3470 5260 vulpes

1883 5256 2123 5329 parvulas
2153 5251 2409 5329 (Cant.‘2.
2442 5251 2705 5329 15),_etc.
2753 5251 2991 5311 Observa
3036 5274 3251 5329 semper
3295 5251 3467 5315 inimi-

1881 5338 2001 5377 cum
2038 5342 2049 5377 ε
2083 5326 2125 5399 si
2156 5325 2361 5399 venerit
2393 5334 2447 5379 ut
2474 5325 2741 5399 confodiat
2778 5343 2874 5399 eor
2900 5339 3050 5399 tuum
3079 5341 3133 5384 et
3157 5325 3227 5383 ad
3258 5348 3476 5399 pravam

1882 5396 2371 5477 cuneupiscentiam
2403 5396 2597 5477 pellat;
2628 5407 2681 5451 et
2696 5402 2755 5477 _si
2784 5398 2947 5477 [unda
2976 5400 3197 5472 impetat
3236 5396 3475 5477 animam

1884 5473 2050 5546 tuam,
2084 5466 2249 5520 malas
2276 5466 2566 5546 imminens
2592 5470 2963 5546 cogitationes,
2984 5466 3196 5546 oppone
3223 5476 3475 5546 clypeum

1886 5537 2028 5613 fidei,
2051 5551 2265 5613 assume
2292 5539 2497 5613 galeam
2540 5537 2691 5613 spei,
2722 5542 2925 5611 stringe
2950 5537 3182 5612 gladium
3214 5537 3473 5613 Spiritus,

1881 5608 1971 5675 qui
2002 5620 2084 5662 est
2109 5610 2334 5662 verbum
2362 5608 2495 5683 Dei:
2521 5619 2581 5683 et
2599 5610 2676 5683 sic
2701 5608 2938 5683 armatus
2954 5608 3145 5669 contra
3178 5608 3476 5683 inimicum,

1879 5687 2185 5803 stistinet
2225 5696 2291 5732 ne
2331 5680 2511 5749 segnis
2544 5682 2619 5735 sis
2648 5682 2699 5735 in
2726 5682 2908 5749 bello,
2948 5686 3043 5741 sed
3072 5686 3226 5757 vigila
3269 5688 3319 5741 in
3356 5680 3480 5743 om;

1918 5768 1929 5803 ι
1973 5765 2033 5801 us
2132 5786 2144 5800 .

1918 5765 2144 5805 lDllS"".

1970 5820 2161 5878 Adfert
2196 5819 2538 5878 adversarius
2574 5823 2735 5881 modo
2768 5824 3146 5897 latitudinem,
3191 5828 3350 5885 modo
3391 5833 3481 5888 tri-
