4060 6440
257 406 3481 454 W

1566 754 2226 909 INDEX

637 1146 1193 1240 OPERUM
1287 1146 1379 1273 s.
1474 1145 2073 1238 JOANNIS
2161 1147 3137 1242 CHRYSOSTOMI

1041 1443 1207 1512 QUIE
1252 1446 1317 1501 IN
1352 1444 1487 1501 HOC.
1534 1444 1936 1503 DUODECIMO
1973 1447 2166 1506 TOMO
2213 1440 2728 1507 CONTINENTUR.

1554 1718 2267 1758 ψ

275 2008 322 2061 1.
361 2003 612 2059 Praefatio
630 2012 686 2057 et
717 1999 951 2056 ltomilia!
977 1997 1190 2054 XXXIV
1231 1999 1285 2054 in
1329 1998 1625 2068 Epistolam
1677 2000 1850 2055 sancti

344 2098 494 2153 Pauli
522 2096 588 2149 ad
626 2094 905 2161 Hebraeos,
949 2092 1298 2162 superaddita
1358 2086 1378 2157 (
1417 2086 1484 2142 ad
1514 2088 1673 2145 linem
1711 2104 1843 2160 ope-

344 2184 423 2240 ris
462 2186 483 2257 )
550 2186 777 2242 Mutiani
809 2183 1129 2241 Scholastici
1161 2182 1609 2251 interpretatione
1636 2181 1848 2247 Latina,

345 2279 543 2347 Savil.,
575 2277 730 2334 Tom.
760 2278 810 2332 4.
835 2291 957 2348 pag.
987 2276 1038 2331 1.
1072 2274 1263 2330 Morel.
1291 2272 1447 2329 Tom.
1482 2273 1534 2328 6.
1568 2288 1692 2345 pag.
1723 2273 1847 2328 427.

274 2424 591 2494 Sequuntur
610 2421 849 2477 homiliaa
877 2419 1127 2475 undecim
1160 2418 1426 2485 hactenus
1461 2431 1569 2469 non
1595 2414 1773 2481 editae,
1799 2425 1854 2471 et

342 2515 406 2569 ad
441 2514 724 2569 historiam
763 2512 909 2568 illius
934 2511 1033 2567 avi
1065 2510 1293 2564 multum
1325 2506 1691 2564 conferentes.

272 2627 312 2697 1-
347 2625 400 2682 2.
426 2625 665 2683 Homilia
697 2625 875 2697 prima
899 2624 1083 2680 habita
1122 2624 1176 2678 in
1198 2622 1459 2694 Martyrio
1482 2638 1579 2679 seu
1606 2623 1658 2678 in
1682 2622 1855 2679 cccle-

342 2720 444 2783 sia,
483 2734 605 2791 quae
644 2726 731 2774 est
778 2718 1002 2787 antiqua
1032 2714 1191 2771 Petra
1225 2732 1240 2768 :
1279 2732 1298 2765 ι
1336 2712 1491 2779 Quod
1544 2713 1854 2783 frequenter

342 2812 779 2869 conveniendum
808 2810 902 2874 sit,
931 2819 987 2865 et
1010 2807 1157 2880 quod
1193 2822 1302 2863 non
1331 2806 1405 2863 sit
1450 2804 1852 2877 desperandum

340 2905 408 2960 de
436 2904 633 2969 salute,
678 2922 698 2957 ι
736 2903 845 2959 col.
880 2902 1142 2959 469-470.

276 3029 318 3101 1-
350 3030 402 3085 5.
427 3027 664 3083 Homilia
684 3025 926 3084 secunda
958 3025 1145 3081 habita
1174 3041 1298 3081 cum
1320 3026 1635 3096 lmperatrix
1669 3025 1854 3081 Eudo-

344 3122 430 3177 xia
446 3119 706 3191 reliquias
735 3126 1036 3189 martyrum
1064 3119 1120 3172 in
1150 3118 1314 3172 aliam
1345 3119 1635 3173 ecclesiam
1671 3124 1855 3173 trans-

349 3213 485 3268 latas
513 3212 775 3267 comitata
809 3219 976 3276 esset,
1009 3221 1138 3277 etc.,
1174 3210 1279 3266 col.
1302 3210 1568 3267 475-476.

280 3325 318 3396 1-
355 3326 410 3381 4.
443 3324 679 3381 llomilia
700 3326 858 3382 tertia
877 3326 1063 3416 hahita
1080 3333 1372 3396 postquam
1399 3326 1701 3395 Imperator
1723 3325 1853 3381 reli-

330 3418 491 3488 quias
516 3426 872 3473 veneraturus
894 3418 949 3472 in
975 3418 1266 3474 ecclesiam
1291 3416 1349 3471 S.
1371 3416 1596 3472 Thoma:
1617 3432 1740 3474 cum
1759 3434 1855 3475 ρος

353 3510 549 3564 mitatu
582 3524 683 3564 suo
712 3518 952 3576 venerat,
980 3510 1088 3566 col.
1112 3507 1379 3565 481-482.

210 3620 219 3625 ’
283 3621 320 3691 1-
353 3620 406 3676 5.
436 3618 668 3676 Homilia
684 3630 880 3692 quarta
907 3622 961 3676 in
986 3623 1222 3679 ecclesia
1252 3621 1311 3677 8.
1334 3623 1643 3679 Anastasia:
1666 3623 1851 3681 habita

350 3708 416 3766 de
445 3711 713 3782 agonibus
740 3711 800 3766 S.
834 3710 979 3778 Juhi,
1013 3711 1119 3768 col.
1150 3711 1413 3768 485486.

285 3830 322 3900 1-
356 3830 409 3886 6.
441 3831 684 3887 ilomilia
710 3833 900 3903 quinta
918 3834 1099 3889 habita
1132 3836 1188 3890 in
1214 3835 1421 3906 templo
1451 3835 1509 3890 S.
1547 3834 1757 3902 lrenes,
1784 3836 1853 3891 de

341 3923 531 3977 studio
558 3925 912 3992 praesentium
931 3933 984 3980 et
1000 3924 1066 3982 de
1090 3926 1307 3997 ignavia
1339 3926 1647 3982 absentium
1672 3945 1685 3981 :
1710 3927 1854 3999 quod

347 4013 424 4066 sit
452 4011 820 4082 psallendum,
844 4022 972 4081 etc.,
1005 4017 1111 4071 col.
1138 4016 1397 4072 495-494.

278 4129 321 4202 1-
354 4132 647 4186 7.llomilia
669 4140 822 4188 sexta
870 4135 1057 4191 habita
1082 4135 1138 4189 in
1181 4136 1416 4193 ecclesia
1461 4141 1855 4209 Apostolorum

338 4222 392 4275 in
427 4222 515 4277 die
568 4221 871 4277 Theodosii
932 4224 1308 4294 Imperatoris,
1347 4238 1538 4284 contra
1565 4231 1858 4296 Catharos,

346 4316 448 4369 col.
472 4315 738 4371 499500.

276 4424 324 4495 1-
361 4424 412 4479 8.
447 4424 683 4505 llom‘ilia
715 4426 950 4496 septima
992 4428 1177 4485 habita
1209 4431 1265 4487 in
1298 4434 1499 4505 templo
1535 4434 1592 4491 S.
1626 4437 1861 4492 Anasta-

340 4517 451 4579 δίας.
481 4518 587 4572 col.
623 4518 721 4574 501
733 4519 889 4575 -502,

274 4628 327 4700 ~1-
382 4631 434 4685 9.
469 4630 701 4686 llomilia
758 4640 951 4689 octava
986 4633 1167 4691 habita
1199 4637 1253 4693 in
1284 4638 1517 4695 ecclesia
1569 4639 1629 4696 S.
1683 4640 1861 4708 Pauli,

348 4722 450 4776 col.
480 4723 607 4778 507.
620 4724 745 4780 508.

267 4838 324 4909 1-
361 4842 441 4895 10.
471 4842 704 4901 Homilia
741 4864 882 4903 nona
923 4869 937 4905 :
973 4868 991 4901 ‹
1044 4851 1199 4917 Quod
1235 4867 1343 4907 non
1374 4862 1626 4925 oporteat
1650 4854 1718 4909 ad
1754 4855 1863 4911 cir-

355 4943 480 4984 cum
507 4940 560 4988 ct
598 4936 805 4992 theatra
834 4942 1150 5007 ascendere,
1174 4950 1229 4997 et
1265 4942 1319 4997 in
1350 4943 1504 5007 illud,
1524 4942 1689 4997 Pater
1717 4961 1860 4998 meus

353 5034 520 5090 usque
545 5027 692 5082 modo
723 5042 989 5099 operatur,
1018 5043 1067 5088 et
1097 5049 1221 5104 ergo
1251 5050 1456 5103 operor,
1480 5054 1498 5087 ι
1521 5050 1571 5090 c.
1591 5035 1854 5091 519-520.

1953 2000 1994 2069 1-
2020 2000 2104 2055 11.
2132 1998 2364 2056 ilomilia
2380 1999 2590 2057 decima
2613 2001 2667 2055 in
2686 2001 2842 2065 illud,
2876 2001 3068 2057 Messi;
3091 2004 3299 2073 quidem
3334 2011 3521 2073 multa,

2012 2092 2241 2161 operarii
2269 2101 2443 2147 autem
2471 2093 2652 2161 pauci,
2684 2093 2793 2149 col.
2832 2092 3095 2150 525-524.

1953 2208 1993 2277 1-
2025 2207 2112 2262 12.
2137 2207 2371 2261 Homilia
2402 2206 2685 2262 undecima
2716 2205 2784 2261 de
2822 2205 3084 2262 Eleazaro
3114 2217 3168 2263 et
3205 2215 3272 2265 de
3312 2221 3517 2282 seluem

2022 2299 2227 2369 pueris,
2252 2300 2357 2353 col.
2388 2299 2648 2355 551-552.

1956 2414 2041 2469 15.
2085 2413 2367 2469 Severiani
2392 2415 2459 2469 de
2514 2415 2725 2485 Sigillis
2776 2416 3063 2478 librorum,
3097 2416 3204 2471 col.
3250 2418 3522 2474 559-510.

2018 2504 2188 2561 Savil.
2216 2504 2281 2562 T.
2317 2506 2368 2561 5.
2398 2521 2453 2577 p.
2488 2505 2615 2563 689.
2646 2505 2835 2562 Morel.
2860 2505 2995 2563 T.6.
3037 2522 3087 2577 p.
3118 2507 3241 2563 158.

1957 2617 2044 2671 14.
2081 2615 2316 2671 Homilia
2340 2617 2394 2672 in
2456 2617 2612 2684 illud,
2648 2615 2716 2672 In
2771 2619 3031 2689 principio
3082 2630 3196 2675 erat
3276 2622 3523 2688 Verbum,

2019 2710 2125 2766 col.
2159 2709 2420 2765 551-552.
2472 2708 2644 2767 Savil.
2677 2708 2742 2765 Τ.
2777 2709 2830 2765 5.
2866 2726 2925 2781 p.
2969 2711 3094 2768 659.
3143 2711 3335 2769 Morel.
3373 2714 3437 2770 Τ.
3475 2719 3528 2770 6.

2025 2822 2076 2875 p.
2108 2803 2235 2860 255.

1956 2916 2045 2971 15.
2088 2916 2281 2971 Sermo
2306 2914 2374 2972 de
2418 2912 2857 2979 Mansuetudine,
2886 2915 2991 2971 col.
3042 2914 3309 2973 555-558.
3359 2918 3529 2979 Savil.

2014 3005 2079 3061 T.
2097 3005 2149 3061 θ.
2179 3006 2384 3076 p.750.
2415 3006 2610 3065 Morel.
2635 3008 2699 3064 T.
2726 3008 2780 3064 5.
2810 3024 2863 3079 p.
2896 3007 3019 3065 558.

1944 3122 2045 3191 16.
2069 3120 2282 3192 Ecloga:
2302 3136 2399 3179 seu
2422 3121 2711 3194 Florilegia
2730 3138 2796 3179 ex
2820 3123 3026 3179 Savilio
3044 3130 3228 3189 aucta,
3252 3124 3360 3179 col.
3394 3123 3533 3178 567-

2012 3217 2141 3273 568.
2169 3216 2339 3272 Savil.
2370 3216 2435 3271 T.
2467 3216 2522 3270 7.
2555 3232 2611 3287 p.
2637 3215 2763 3272 665.
2786 3216 2975 3272 Morel.
3007 3216 3208 3287 T.6.p.
3240 3216 3367 3272 666.

1956 3328 2043 3383 17.
2076 3326 2325 3398 Liturgia
2352 3328 2530 3383 sancti
2550 3326 2780 3382 Joannis
2823 3326 3228 3400 Chrysostomi,
3258 3328 3366 3384 col.
3389 3327 3523 3383 901-

2027 3418 2152 3475 902.
2192 3417 2361 3476 Savil.
2393 3418 2457 3474 T.
2482 3419 2535 3475 6.
2568 3435 2623 3490 p.
2657 3418 2813 3475 983.‘

2548 3579 2819 3637 SPURIA.

1958 3711 2047 3768 18.
2086 3713 2145 3768 In
2184 3727 2377 3767 novam
2418 3712 2758 3769 Dominicam
2790 3722 2846 3769 et
2886 3714 2941 3769 in
2972 3713 3033 3769 S.
3087 3713 3373 3780 Thomam,
3422 3712 3532 3769 col.

1960 3874 1963 3877 η
2013 3801 2276 3857 927-928.
2302 3800 2473 3857 Savil.
2498 3801 2562 3857 T.
2590 3804 2644 3858 7.
2680 3819 2733 3874 p.
2762 3804 2890 3859 575.

1960 3916 2047 3971 19.
2085 3915 2143 3970 1η
2198 3917 2257 3971 8.
2325 3915 2686 3985 Stephanum,
2713 3915 2822 3971 Col.
2865 3914 3126 3972 929-950.
3189 3914 3355 3971 Savil.
3392 3914 3456 3970 Τ.
3482 3917 3535 3971 7.

2024 4023 2078 4078 p.
2110 4008 2241 4064 578.

1958 4123 2048 4178 20.
2081 4122 2140 4176 In
2198 4119 2256 4176 S.
2295 4119 2654 4191 Stephanum,
2708 4121 2815 4176 col.
2852 4120 3114 4177 951—932.
3169 4119 3339 4176 Savil.
3376 4119 3439 4175 Τ.
3482 4120 3534 4174 7.

2023 4229 2076 4283 p.
2111 4211 2239 4267 581.

1959 4327 2050 4381 21.
2082 4324 2141 4381 In
2173 4324 2230 4380 8.
2290 4324 2652 4397 Stephanum,
2685 4326 2796 4385 col.
2844 4326 3103 4383 955-954.
3145 4325 3317 4382 Savil.
3380 4325 3445 4380 Τ.
3478 4325 3535 4381 7.

2028 4435 2082 4491 p.
2117 4419 2240 4473 781.

1964 4532 2052 4587 22.
2088 4534 2145 4586 In
2182 4532 2239 4585 8.
2275 4532 2655 4616 Pentecosten,
2680 4531 2787 4587 col.
2822 4529 3083 4587 954-958.
3140 4529 3308 4585 Savil.
3370 4527 3434 4582 T.
3476 4528 3536 4584 7.

2022 4640 2075 4695 p.
2101 4623 2225 4680 782.

1962 4738 2052 4792 25.
2092 4737 2165 4792 De
2200 4736 2477 4807 patientia,
2508 4743 2562 4790 et
2588 4734 2657 4790 de
2703 4734 3189 4791 Consummatione
3238 4734 3404 4802 hujus
3439 4749 3542 4789 sa:-

2036 4831 2166 4897 culi,
2198 4838 2330 4899 etc.,
2357 4830 2464 4885 col.
2488 4827 2750 4884 937-958.
2795 4827 2965 4885 Savil.
2989 4825 3055 4881 T.
3080 4827 3135 4883 7.
3169 4842 3224 4896 ρ.
3255 4825 3381 4891 455.

1967 4947 2057 5003 84.
2112 4945 2433 5001 Encomium
2463 4945 2637 5000 sancti
2686 4943 2934 5016 Gregorii
2986 4940 3379 4998 llluminatoris
3412 4954 3439 4993 a
3477 4938 3541 4994 Ι).

2038 5038 2233 5095 abbate
2251 5038 2318 5093 de
2338 5035 2600 5108 Villel‘roy
2631 5050 2697 5092 ex
2722 5036 3046 5093 Armeniaco
3073 5032 3265 5090 Latine
3299 5044 3541 5087 versum.
