4060 6440
406 279 444 338 9
1393 293 1462 348 ΙΝ
1498 295 1718 354 EPIST.
1761 300 1853 356 AD
1892 301 2237 364 HEBRIEOS
2276 309 2667 370 PRJEFATIO.
3585 328 3654 385 10

409 555 3646 654 mg

975 1003 1585 1130 SANCTI
1717 1018 2303 1142 PATRIS
2442 1029 3062 1158 NOSTRI

393 1455 518 1658 J
535 1453 1069 1665 OAN
1081 1466 1253 1672 N
1273 1465 1521 1676 IS
1692 1475 3631 1709 CHRYSOSTOMI

1149 1981 1776 2048 ARCHIEPISCOPI
1842 1995 2814 2068 CONSTANTINOPOLITANI

1408 2366 1924 2498 OPERA
2034 2378 2582 2509 OMNIA.

1633 3171 2328 3274 ENARBATIO

582 3479 661 3540 In
694 3481 1046 3560 Epistolam
1083 3486 1166 3549 ad
1201 3488 1521 3567 Hebraeos,
1558 3512 1640 3554 ea:
1673 3498 1840 3558 notis
1865 3510 2010 3577 post
2055 3506 2186 3584 ejus
2225 3506 2461 3569 obitum
2499 3529 2536 3570 α
2569 3511 2983 3579 Constantino
3009 3520 3376 3601 presbytero

1583 3596 1968 3663 Antiocheno
2027 3606 2193 3667 edita
2258 3609 2364 3690 (α).

1865 3906 2069 3921 _-

1645 4221 2129 4284 ARGUMENTUM
2169 4229 2269 4300 (a).

409 4544 602 4598 Beatus
633 4542 832 4598 Paulus
860 4542 928 4598 ad
954 4544 1226 4600 Romanos
1255 4545 1498 4602 scribens
1517 4545 1645 4603 dicit
1674 4565 1686 4602 :
1721 4546 1915 4613 Quam-

336 4634 426 4686 diu
467 4650 556 4703 ego
586 4650 696 4687 sum
718 4634 938 4706 gentium
964 4636 1247 4706 apostolus,
1276 4637 1608 4692 ministerium
1633 4655 1801 4693 meum
1825 4641 1920 4692 lio-

333 4727 636 4796 noriﬁcabo,
694 4729 738 4782 si
787 4746 886 4799 quo
941 4730 1093 4784 modo
1144 4732 1213 4783 ad
1263 4732 1611 4787 wmulandum
1659 4748 1923 4803 provocem

333 4837 538 4874 mntem
567 4837 731 4875 meam
749 4821 926 4892 (Rom.
950 4824 1038 4878 11.
1064 4823 1152 4879 15.
1179 4822 1299 4896 14);
1324 4833 1379 4880 et
1398 4840 1583 4880 rursus
1604 4824 1754 4889 alibi,
1781 4825 1922 4882 Nam

329 4912 421 4972 qui
446 4923 688 4981 operatus
719 4922 792 4968 est
823 4912 978 4968 Petro
1018 4914 1087 4968 ad
1125 4917 1463 4985 apostolatum
1502 4917 1920 4984 circumcisionis,

333 5015 577 5073 operatus
607 5013 682 5058 est
711 5013 757 5058 et
784 5005 909 5059 mihi
948 5023 1071 5079 erga
1105 5017 1276 5079 gentes
1316 4992 1540 5079 (Gali2.
1567 5009 1646 5082 8).
1676 5009 1732 5066 Si
1761 5011 1924 5080 igitur

392 5176 468 5238 (α)
489 5175 718 5228 Homiliae
740 5179 790 5228 in
813 5179 1077 5243 Epistolam
1107 5183 1166 5233 ad
1187 5183 1431 5236 Hebrzeos
1460 5186 1650 5237 collatae
1679 5195 1792 5238 sunt
1815 5202 1924 5240 cum

325 5237 798 5314 dmpusﬂodicibas
812 5243 1359 5314 Colbertiuis,‘quorum
1377 5248 1503 5298 alter
1525 5263 1658 5314 pum.
1674 5251 1734 5300 9‘7
1737 5251 1769 5300 0
1783 5253 1924 5314 quin-

324 5299 494 5368 decim
518 5308 708 5351 tauwm
734 5308 934 5368 paginas
956 5309 1082 5356 circa
1114 5299 1259 5357 ﬁdem
1282 5309 1435 5361 habet
1461 5324 1473 5359 :
1498 5311 1622 5360 alter
1646 5299 1924 5363 ηιιὶιίλιέὸ

323 5363 434 5410 πει-ε
459 5370 615 5436 totum
641 5363 1287 5436 cgnimentaaiumexhibet,
1310 5380 1532 5436 _e_xcepta
1558 5374 1811 5436 hypomesi
1835 5389 1925 5424 seu

327 5431 642 5494 argumento.
671 5425 738 5494 In_
757 5427 841 5478 illo
876 5432 1023 5494 etiam
1047 5430 1204 5480 hiatus
1224 5425 1366 5482 multi
1394 5425 1923 5494 et'maglii'oocurrunt.

438 5499 468 5559 e
493 5485 935 5559 Qonstantipo,_qui
970 5492 1049 5559 hic
1081 5502 1189 5559 post
1218 5485 1760 5559 glirysostomiuobitum
1785 5485 1924 5549 Com?

329 5549 566 5621 metuaris
601 5550 707 5621 ejus
740 5552 788 5621 ig
821 5549 1098 5621 Epistolam'
1128 5556 1185 5604 ad
1219 5549 1456 5607 lleﬁraaos
1481 5559 1692 5610 edidisse
1729 5559 1924 5621 dicitur,

576 5605 938 5676 in:Pra-fatiohe
961 5617 1142 5676 agitur.

337 5670 593 5786 ἕως
613 5673 734 5739 Reg.
750 5676 900 5728 habet
923 5690 933 5723 :
967 5670 1303 5741 Argumentum
1318 5688 1362 5732 et
1382 5681 1640 5745 explicatio
1661 5685 1927 5737 summaria

2032 4545 2268 4617 gentium
2296 4545 2570 4615 apostolus
2596 4554 2714 4604 erat
2747 4548 3004 4623 (namque
3029 4562 3086 4611 et
3110 4554 3164 4612 in
3193 4557 3343 4617 Actis
3363 4563 3429 4620 ad
3449 4565 3626 4636 ipsum

2029 4635 2158 4691 dicit
2188 4637 2351 4703 Deus,
2383 4635 2527 4692 Vade
2549 4680 2564 4706 ,
2621 4639 2743 4710 quia
2790 4641 2860 4696 ad
2886 4653 3058 4715 gentes
3092 4647 3396 4723 longinquas
3423 4635 3623 4715 mittam

2004 4750 2005 4753 η
2031 4741 2077 4783 te
2095 4725 2243 4801 μοι.
2273 4728 2365 4784 22.
2399 4728 2536 4803 21])
2563 4748 2574 4784 :
2609 4731 2735 4801 quid
2762 4733 2812 4790 ei
2840 4737 3040 4806 negotii
3071 4753 3194 4795 cum
3224 4742 3463 4803 Hebrazis
3487 4749 3628 4807 fuit?

2028 4828 2120 4873 aut
2157 4833 2256 4874 cur
2303 4820 2468 4875 etiam
2510 4821 2578 4875 ad
2619 4822 2767 4891 ipsos
2793 4824 3080 4896 epistolam
3107 4830 3293 4888 misit?
3323 4841 3623 4905 prmsertim

2028 4925 2149 4965 cum
2181 4910 2292 4964 illis
2318 4924 2518 4978 exosus
2538 4920 2704 4978 esset,
2738 4922 2796 4968 ut
2825 4929 2890 4971 ex
2916 4918 3096 4975 multis
3123 4919 3255 4978 locis
3281 4929 3626 4998 perSpicuum

2029 5012 2130 5059 est.
2156 5001 2297 5057 Audi
2319 5002 2462 5057 enim
2486 5003 2612 5073 quid
2634 5003 2868 5062 Iacobus
2893 5009 2959 5064 ad
2981 5025 3102 5067 eum
3122 5012 3406 5084 loqualur:
3446 5019 3624 5091 Vides,

2030 5100 2215 5168 frater,
2257 5103 2378 5164 quot
2418 5095 2584 5152 millia
2621 5107 2741 5153 sunt
2775 5099 3080 5158 ludworum
3125 5109 3214 5177 qui
3257 5113 3628 5172 crediderunt?

2029 5195 2077 5239 et
2107 5185 2160 5239 hi
2188 5201 2360 5241 omnes
2391 5186 2663 5242 audierunt
2690 5189 2754 5244 de
2780 5199 2845 5258 te,
2876 5194 3015 5262 quod
3035 5195 3365 5265 defectionem
3385 5203 3569 5262 doceas
3587 5224 3621 5261 a

2029 5277 2139 5348 lege
2165 5275 2327 5346 (Ibid.
2355 5275 2446 5333 21.
2473 5278 2564 5336 20.
2593 5279 2688 5350 21)
2715 5299 2728 5335 :
2757 5289 2813 5338 et
2830 5285 3015 5341 multa:
3031 5301 3177 5358 saepe
3202 5294 3530 5362 quaestiones
3550 5310 3615 5352 ea

2029 5367 2098 5422 de
2117 5381 2177 5423 re
2201 5377 2325 5423 sunt
2346 5370 2396 5424 ei
2427 5369 2700 5426 exbibitae.

2102 5460 2207 5516 Cur
2233 5460 2435 5518 Paulus
2463 5462 2680 5520 Iudaeus
2701 5466 2768 5520 ad
2796 5466 3009 5525 Judceos
3037 5471 3222 5528 missus
3245 5491 3347 5532 non
3372 5481 3624 5551 fuerit.—

2031 5551 2249 5620 Quaarat
2279 5552 2440 5624 igitur
2459 5553 2675 5627 aliquis.
2699 5572 2823 5614 cum
2848 5558 2981 5630 legis
3010 5570 3156 5619 esset
3179 5567 3401 5635 peritus,
3433 5581 3617 5640 utpote

2031 5645 2096 5700 ad
2125 5645 2291 5715 pedes
2322 5644 2632 5705 Gamalielis
2649 5649 2870 5707 edoctus
2893 5661 2947 5707 et
2976 5669 3173 5725 magno
3199 5672 3321 5728 erga
3349 5674 3467 5716 eam
3497 5663 3613 5720 zelo

2035 5740 2275 5808 allectus,
2309 5756 2371 5798 ac
2402 5742 2622 5813 proinde
2654 5745 2805 5803 valde
2835 5745 3060 5804 idoneus
3085 5748 3152 5806 ad
3175 5749 3610 5811 confundendum
