  <div class='ocr_page' id='page_1' title='image "/cluster/home/n/w/nwhite01/storage/ocr_20150623/63/hvd.32044013655725/019.png"; bbox 0 0 4060 6440; ppageno 0'>
   <div class='ocr_carea' id='block_1_1' title="bbox 436 352 3711 427">
    <p class='ocr_par' dir='ltr' id='par_1_1' title="bbox 436 352 3711 427">
     <span class='ocr_line' id='line_1_1' title="bbox 436 352 3711 427; baseline -0.002 0"><span class='ocrx_word' id='word_1_1' title='bbox 436 368 495 427; x_wconf 85' lang='grc'><strong><em>11</em></strong></span> <span class='ocrx_word' id='word_1_2' title='bbox 1109 362 1168 421; x_wconf 89' lang='lat' dir='ltr'><strong><em>S.</em></strong></span> <span class='ocrx_word' id='word_1_3' title='bbox 1204 361 1482 421; x_wconf 79' lang='lat' dir='ltr'><strong><em>JOANNIS</em></strong></span> <span class='ocrx_word' id='word_1_4' title='bbox 1508 358 1979 419; x_wconf 73' lang='lat' dir='ltr'><strong><em>CHRYSOSTOMI</em></strong></span> <span class='ocrx_word' id='word_1_5' title='bbox 2020 353 2334 414; x_wconf 77' lang='lat' dir='ltr'><strong><em>ARCIIIEP.</em></strong></span> <span class='ocrx_word' id='word_1_6' title='bbox 2374 352 2903 416; x_wconf 77' lang='lat' dir='ltr'><strong><em>CONSTANTINOP.</em></strong></span> <span class='ocrx_word' id='word_1_7' title='bbox 3646 363 3711 419; x_wconf 69' lang='grc'><strong><em>12</em></strong></span> 
     </span>
    </p>
   </div>
   <div class='ocr_carea' id='block_1_2' title="bbox 435 470 2018 557">
    <p class='ocr_par' dir='ltr' id='par_1_2' title="bbox 435 470 2018 557">
     <span class='ocr_line' id='line_1_2' title="bbox 435 470 2018 557; baseline -0.012 -12"><span class='ocrx_word' id='word_1_8' title='bbox 435 488 795 555; x_wconf 78' lang='lat' dir='ltr'><strong><em>adversarios,</em></strong></span> <span class='ocrx_word' id='word_1_9' title='bbox 823 498 919 541; x_wconf 92' lang='lat' dir='ltr'><strong><em>cur</em></strong></span> <span class='ocrx_word' id='word_1_10' title='bbox 954 495 1063 539; x_wconf 90' lang='lat' dir='ltr'><strong><em>non</em></strong></span> <span class='ocrx_word' id='word_1_11' title='bbox 1092 479 1160 536; x_wconf 88' lang='lat' dir='ltr'><strong><em>ad</em></strong></span> <span class='ocrx_word' id='word_1_12' title='bbox 1196 477 1412 536; x_wconf 60' lang='lat' dir='ltr'><strong><em>Judaaos</em></strong></span> <span class='ocrx_word' id='word_1_13' title='bbox 1448 477 1628 557; x_wconf 87' lang='lat' dir='ltr'><strong><em>aDeo</em></strong></span> <span class='ocrx_word' id='word_1_14' title='bbox 1668 476 1868 531; x_wconf 91' lang='lat' dir='ltr'><strong><em>missus</em></strong></span> <span class='ocrx_word' id='word_1_15' title='bbox 1910 470 2018 527; x_wconf 77' lang='lat' dir='ltr'><strong><em>sit?</em></strong></span> 
     </span>
    </p>
   </div>
   <div class='ocr_carea' id='block_1_3' title="bbox 439 562 2019 654">
    <p class='ocr_par' dir='ltr' id='par_1_3' title="bbox 439 562 2019 654">
     <span class='ocr_line' id='line_1_3' title="bbox 439 562 2019 654; baseline -0.014 -16"><span class='ocrx_word' id='word_1_16' title='bbox 439 583 567 654; x_wconf 79' lang='lat' dir='ltr'><strong><em>quia</em></strong></span> <span class='ocrx_word' id='word_1_17' title='bbox 627 594 698 637; x_wconf 84' lang='lat' dir='ltr'><strong><em>eo</em></strong></span> <span class='ocrx_word' id='word_1_18' title='bbox 750 575 971 634; x_wconf 88' lang='lat' dir='ltr'><strong><em>nomine</em></strong></span> <span class='ocrx_word' id='word_1_19' title='bbox 1024 573 1299 644; x_wconf 73' lang='lat' dir='ltr'><strong><em>praecipue</em></strong></span> <span class='ocrx_word' id='word_1_20' title='bbox 1353 569 1455 641; x_wconf 88' lang='lat' dir='ltr'><strong><em>ipsi</em></strong></span> <span class='ocrx_word' id='word_1_21' title='bbox 1524 568 1754 624; x_wconf 76' lang='lat' dir='ltr'><strong><em>fuissent</em></strong></span> <span class='ocrx_word' id='word_1_22' title='bbox 1801 562 2019 620; x_wconf 82' lang='lat' dir='ltr'><strong><em>infensi.</em></strong></span> 
     </span>
    </p>
   </div>
   <div class='ocr_carea' id='block_1_4' title="bbox 441 656 2021 740">
    <p class='ocr_par' dir='ltr' id='par_1_4' title="bbox 441 656 2021 740">
     <span class='ocr_line' id='line_1_4' title="bbox 441 656 2021 740; baseline -0.015 -11"><span class='ocrx_word' id='word_1_23' title='bbox 441 674 576 729; x_wconf 88' lang='lat' dir='ltr'><strong><em>Cum</em></strong></span> <span class='ocrx_word' id='word_1_24' title='bbox 622 671 725 726; x_wconf 89' lang='lat' dir='ltr'><strong><em>hoc</em></strong></span> <span class='ocrx_word' id='word_1_25' title='bbox 772 667 933 740; x_wconf 89' lang='lat' dir='ltr'><strong><em>igitur</em></strong></span> <span class='ocrx_word' id='word_1_26' title='bbox 971 664 1250 736; x_wconf 66' lang='lat' dir='ltr'><strong><em>prmsciret</em></strong></span> <span class='ocrx_word' id='word_1_27' title='bbox 1292 661 1452 725; x_wconf 86' lang='lat' dir='ltr'><strong><em>Deus,</em></strong></span> <span class='ocrx_word' id='word_1_28' title='bbox 1498 667 1551 715; x_wconf 87' lang='lat' dir='ltr'><strong><em>et</em></strong></span> <span class='ocrx_word' id='word_1_29' title='bbox 1587 656 1728 728; x_wconf 91' lang='lat' dir='ltr'><strong><em>quod</em></strong></span> <span class='ocrx_word' id='word_1_30' title='bbox 1758 670 1880 712; x_wconf 91' lang='lat' dir='ltr'><strong><em>eum</em></strong></span> <span class='ocrx_word' id='word_1_31' title='bbox 1914 667 2021 707; x_wconf 89' lang='lat' dir='ltr'><strong><em>non</em></strong></span> 
     </span>
    </p>
   </div>
   <div class='ocr_carea' id='block_1_5' title="bbox 443 742 2021 823">
    <p class='ocr_par' dir='ltr' id='par_1_5' title="bbox 443 742 2021 823">
     <span class='ocr_line' id='line_1_5' title="bbox 443 742 2021 823; baseline -0.016 -3"><span class='ocrx_word' id='word_1_32' title='bbox 443 773 623 821; x_wconf 82' lang='lat' dir='ltr'><strong><em>essent</em></strong></span> <span class='ocrx_word' id='word_1_33' title='bbox 645 758 966 823; x_wconf 88' lang='lat' dir='ltr'><strong><em>admissuri;</em></strong></span> <span class='ocrx_word' id='word_1_34' title='bbox 994 755 1332 823; x_wconf 77' lang='lat' dir='ltr'><strong><em>Proﬁciscere</em></strong></span> <span class='ocrx_word' id='word_1_35' title='bbox 1364 751 1433 804; x_wconf 88' lang='lat' dir='ltr'><strong><em>ad</em></strong></span> <span class='ocrx_word' id='word_1_36' title='bbox 1456 758 1647 821; x_wconf 86' lang='lat' dir='ltr'><strong><em>gentes,</em></strong></span> <span class='ocrx_word' id='word_1_37' title='bbox 1681 746 1873 817; x_wconf 89' lang='lat' dir='ltr'><strong><em>inquit,</em></strong></span> <span class='ocrx_word' id='word_1_38' title='bbox 1901 742 2021 815; x_wconf 84' lang='lat' dir='ltr'><strong><em>quia</em></strong></span> 
     </span>
    </p>
   </div>
   <div class='ocr_carea' id='block_1_6' title="bbox 442 833 2021 920">
    <p class='ocr_par' dir='ltr' id='par_1_6' title="bbox 442 833 2021 920">
     <span class='ocr_line' id='line_1_6' title="bbox 442 833 2021 920; baseline -0.012 -10"><span class='ocrx_word' id='word_1_39' title='bbox 442 855 519 910; x_wconf 86' lang='lat' dir='ltr'><strong><em>illi</em></strong></span> <span class='ocrx_word' id='word_1_40' title='bbox 551 870 652 909; x_wconf 87' lang='lat' dir='ltr'><strong><em>non</em></strong></span> <span class='ocrx_word' id='word_1_41' title='bbox 692 851 937 920; x_wconf 87' lang='lat' dir='ltr'><strong><em>accipient</em></strong></span> <span class='ocrx_word' id='word_1_42' title='bbox 963 845 1307 902; x_wconf 88' lang='lat' dir='ltr'><strong><em>testimonium</em></strong></span> <span class='ocrx_word' id='word_1_43' title='bbox 1337 854 1478 897; x_wconf 91' lang='lat' dir='ltr'><strong><em>tuum</em></strong></span> <span class='ocrx_word' id='word_1_44' title='bbox 1518 840 1581 893; x_wconf 87' lang='lat' dir='ltr'><strong><em>dc</em></strong></span> <span class='ocrx_word' id='word_1_45' title='bbox 1620 855 1699 893; x_wconf 90' lang='lat' dir='ltr'><strong><em>me</em></strong></span> <span class='ocrx_word' id='word_1_46' title='bbox 1746 837 1885 909; x_wconf 85' lang='lat' dir='ltr'><strong><em>(Act.</em></strong></span> <span class='ocrx_word' id='word_1_47' title='bbox 1927 833 2021 891; x_wconf 78' lang='lat'><strong><em>22.</em></strong></span> 
     </span>
    </p>
   </div>
   <div class='ocr_carea' id='block_1_7' title="bbox 442 928 2024 1019">
    <p class='ocr_par' dir='ltr' id='par_1_7' title="bbox 442 928 2024 1019">
     <span class='ocr_line' id='line_1_7' title="bbox 442 928 2024 1019; baseline -0.015 -18"><span class='ocrx_word' id='word_1_48' title='bbox 442 945 556 1019; x_wconf 86' lang='grc'><strong>18).</strong></span> <span class='ocrx_word' id='word_1_49' title='bbox 580 943 715 1001; x_wconf 86' lang='lat' dir='ltr'><strong><em>Tum</em></strong></span> <span class='ocrx_word' id='word_1_50' title='bbox 742 942 869 998; x_wconf 89' lang='lat' dir='ltr'><strong><em>ille:</em></strong></span> <span class='ocrx_word' id='word_1_51' title='bbox 906 939 1102 1004; x_wconf 84' lang='lat' dir='ltr'><strong><em>Etiam,</em></strong></span> <span class='ocrx_word' id='word_1_52' title='bbox 1122 934 1359 1002; x_wconf 82' lang='lat' dir='ltr'><strong><em>Domine,</em></strong></span> <span class='ocrx_word' id='word_1_53' title='bbox 1399 933 1497 1002; x_wconf 89' lang='lat' dir='ltr'><strong><em>ipsi</em></strong></span> <span class='ocrx_word' id='word_1_54' title='bbox 1540 931 1703 985; x_wconf 88' lang='lat' dir='ltr'><strong><em>sciunt</em></strong></span> <span class='ocrx_word' id='word_1_55' title='bbox 1751 928 1890 999; x_wconf 86' lang='lat' dir='ltr'><strong><em>quod</em></strong></span> <span class='ocrx_word' id='word_1_56' title='bbox 1931 940 2024 996; x_wconf 84' lang='lat' dir='ltr'><strong><em>ego</em></strong></span> 
     </span>
    </p>
   </div>
   <div class='ocr_carea' id='block_1_8' title="bbox 440 1020 2024 1103">
    <p class='ocr_par' dir='ltr' id='par_1_8' title="bbox 440 1020 2024 1103">
     <span class='ocr_line' id='line_1_8' title="bbox 440 1020 2024 1103; baseline -0.013 -8"><span class='ocrx_word' id='word_1_57' title='bbox 440 1039 739 1103; x_wconf 76' lang='lat' dir='ltr'><strong><em>vinciebant,</em></strong></span> <span class='ocrx_word' id='word_1_58' title='bbox 783 1043 830 1088; x_wconf 90' lang='lat' dir='ltr'><strong><em>et</em></strong></span> <span class='ocrx_word' id='word_1_59' title='bbox 878 1028 1201 1087; x_wconf 72' lang='lat' dir='ltr'><strong><em>verberabam</em></strong></span> <span class='ocrx_word' id='word_1_60' title='bbox 1228 1042 1316 1097; x_wconf 90' lang='lat' dir='ltr'><strong><em>per</em></strong></span> <span class='ocrx_word' id='word_1_61' title='bbox 1343 1039 1631 1096; x_wconf 76' lang='lat' dir='ltr'><strong><em>synagogas</em></strong></span> <span class='ocrx_word' id='word_1_62' title='bbox 1676 1021 1933 1075; x_wconf 74' lang='lat' dir='ltr'><strong><em>credentes</em></strong></span> <span class='ocrx_word' id='word_1_63' title='bbox 1969 1020 2024 1075; x_wconf 88' lang='lat' dir='ltr'><strong><em>in</em></strong></span> 
     </span>
    </p>
   </div>
   <div class='ocr_carea' id='block_1_9' title="bbox 440 1112 2025 1201">
    <p class='ocr_par' dir='ltr' id='par_1_9' title="bbox 440 1112 2025 1201">
     <span class='ocr_line' id='line_1_9' title="bbox 440 1112 2025 1201; baseline -0.015 -13"><span class='ocrx_word' id='word_1_64' title='bbox 440 1145 508 1201; x_wconf 79' lang='lat' dir='ltr'><strong><em>te,</em></strong></span> <span class='ocrx_word' id='word_1_65' title='bbox 541 1140 587 1186; x_wconf 87' lang='lat' dir='ltr'><strong><em>et</em></strong></span> <span class='ocrx_word' id='word_1_66' title='bbox 616 1145 731 1184; x_wconf 88' lang='lat' dir='ltr'><strong><em>cum</em></strong></span> <span class='ocrx_word' id='word_1_67' title='bbox 752 1125 1095 1198; x_wconf 89' lang='lat' dir='ltr'><strong><em>effunderetur</em></strong></span> <span class='ocrx_word' id='word_1_68' title='bbox 1133 1118 1341 1190; x_wconf 86' lang='lat' dir='ltr'><strong><em>sanguis</em></strong></span> <span class='ocrx_word' id='word_1_69' title='bbox 1371 1114 1622 1186; x_wconf 85' lang='lat' dir='ltr'><strong><em>Stephani</em></strong></span> <span class='ocrx_word' id='word_1_70' title='bbox 1648 1114 1785 1168; x_wconf 88' lang='lat' dir='ltr'><strong><em>testis</em></strong></span> <span class='ocrx_word' id='word_1_71' title='bbox 1812 1112 1906 1177; x_wconf 90' lang='lat' dir='ltr'><strong><em>tui,</em></strong></span> <span class='ocrx_word' id='word_1_72' title='bbox 1932 1127 2025 1180; x_wconf 85' lang='lat' dir='ltr'><strong><em>ego</em></strong></span> 
     </span>
    </p>
   </div>
   <div class='ocr_carea' id='block_1_10' title="bbox 441 1202 2025 1294">
    <p class='ocr_par' dir='ltr' id='par_1_10' title="bbox 441 1202 2025 1294">
     <span class='ocr_line' id='line_1_10' title="bbox 441 1202 2025 1294; baseline -0.015 -15"><span class='ocrx_word' id='word_1_73' title='bbox 441 1237 640 1294; x_wconf 87' lang='lat' dir='ltr'><strong><em>quoque</em></strong></span> <span class='ocrx_word' id='word_1_74' title='bbox 693 1220 903 1273; x_wconf 90' lang='lat' dir='ltr'><strong><em>aderam</em></strong></span> <span class='ocrx_word' id='word_1_75' title='bbox 953 1212 1246 1285; x_wconf 88' lang='lat' dir='ltr'><strong><em>approbans</em></strong></span> <span class='ocrx_word' id='word_1_76' title='bbox 1294 1224 1406 1263; x_wconf 89' lang='lat' dir='ltr'><strong><em>eam</em></strong></span> <span class='ocrx_word' id='word_1_77' title='bbox 1457 1206 1680 1270; x_wconf 73' lang='lat' dir='ltr'><strong><em>aedem,</em></strong></span> <span class='ocrx_word' id='word_1_78' title='bbox 1739 1202 2025 1258; x_wconf 89' lang='lat' dir='ltr'><strong><em>custodiens</em></strong></span> 
     </span>
    </p>
   </div>
   <div class='ocr_carea' id='block_1_11' title="bbox 440 1294 2027 1373">
    <p class='ocr_par' dir='ltr' id='par_1_11' title="bbox 440 1294 2027 1373">
     <span class='ocr_line' id='line_1_11' title="bbox 440 1294 2027 1373; baseline -0.014 -5"><span class='ocrx_word' id='word_1_79' title='bbox 440 1323 597 1370; x_wconf 76' lang='lat' dir='ltr'><strong><em>vestes</em></strong></span> <span class='ocrx_word' id='word_1_80' title='bbox 632 1306 1029 1366; x_wconf 87' lang='lat' dir='ltr'><strong><em>interimentium</em></strong></span> <span class='ocrx_word' id='word_1_81' title='bbox 1074 1302 1222 1357; x_wconf 88' lang='lat' dir='ltr'><strong><em>illum</em></strong></span> <span class='ocrx_word' id='word_1_82' title='bbox 1265 1297 1428 1373; x_wconf 86' lang='lat' dir='ltr'><strong><em>(Ibid.</em></strong></span> <span class='ocrx_word' id='word_1_83' title='bbox 1464 1313 1513 1351; x_wconf 80' lang='grc' dir='ltr'><strong>υ.</strong></span> <span class='ocrx_word' id='word_1_84' title='bbox 1552 1296 1641 1351; x_wconf 87' lang='grc'><strong><em>19.</em></strong></span> <span class='ocrx_word' id='word_1_85' title='bbox 1681 1294 1798 1364; x_wconf 90' lang='grc'><strong>20).</strong></span> <span class='ocrx_word' id='word_1_86' title='bbox 1851 1295 2027 1363; x_wconf 86' lang='lat' dir='ltr'><strong><em>Atque</em></strong></span> 
     </span>
    </p>
   </div>
   <div class='ocr_carea' id='block_1_12' title="bbox 442 1386 2026 1473">
    <p class='ocr_par' dir='ltr' id='par_1_12' title="bbox 442 1386 2026 1473">
     <span class='ocr_line' id='line_1_12' title="bbox 442 1386 2026 1473; baseline -0.015 -10"><span class='ocrx_word' id='word_1_87' title='bbox 442 1406 548 1463; x_wconf 89' lang='lat' dir='ltr'><strong><em>hoc</em></strong></span> <span class='ocrx_word' id='word_1_88' title='bbox 571 1405 621 1460; x_wconf 90' lang='lat' dir='ltr'><strong><em>ei</em></strong></span> <span class='ocrx_word' id='word_1_89' title='bbox 646 1403 856 1473; x_wconf 88' lang='lat' dir='ltr'><strong><em>signum</em></strong></span> <span class='ocrx_word' id='word_1_90' title='bbox 896 1412 1018 1453; x_wconf 89' lang='lat' dir='ltr'><strong><em>esse</em></strong></span> <span class='ocrx_word' id='word_1_91' title='bbox 1060 1392 1297 1450; x_wconf 85' lang='lat' dir='ltr'><strong><em>ostendit</em></strong></span> <span class='ocrx_word' id='word_1_92' title='bbox 1340 1400 1396 1447; x_wconf 91' lang='lat' dir='ltr'><strong><em>et</em></strong></span> <span class='ocrx_word' id='word_1_93' title='bbox 1439 1397 1834 1460; x_wconf 76' lang='lat' dir='ltr'><strong><em>argumentum,</em></strong></span> <span class='ocrx_word' id='word_1_94' title='bbox 1883 1386 2026 1456; x_wconf 92' lang='lat' dir='ltr'><strong><em>quod</em></strong></span> 
     </span>
    </p>
   </div>
   <div class='ocr_carea' id='block_1_13' title="bbox 442 1480 2024 1556">
    <p class='ocr_par' dir='ltr' id='par_1_13' title="bbox 442 1480 2024 1556">
     <span class='ocr_line' id='line_1_13' title="bbox 442 1480 2024 1556; baseline -0.013 0"><span class='ocrx_word' id='word_1_95' title='bbox 442 1513 552 1556; x_wconf 89' lang='lat' dir='ltr'><strong><em>non</em></strong></span> <span class='ocrx_word' id='word_1_96' title='bbox 599 1492 858 1553; x_wconf 80' lang='lat' dir='ltr'><strong><em>credituri</em></strong></span> <span class='ocrx_word' id='word_1_97' title='bbox 899 1491 1007 1545; x_wconf 89' lang='lat' dir='ltr'><strong><em>sint</em></strong></span> <span class='ocrx_word' id='word_1_98' title='bbox 1052 1487 1175 1549; x_wconf 82' lang='lat' dir='ltr'><strong><em>sibi.</em></strong></span> <span class='ocrx_word' id='word_1_99' title='bbox 1229 1484 1320 1541; x_wconf 90' lang='lat' dir='ltr'><strong><em>Sic</em></strong></span> <span class='ocrx_word' id='word_1_100' title='bbox 1372 1484 1514 1539; x_wconf 92' lang='lat' dir='ltr'><strong><em>enim</em></strong></span> <span class='ocrx_word' id='word_1_101' title='bbox 1566 1496 1626 1537; x_wconf 89' lang='lat' dir='ltr'><strong><em>se</em></strong></span> <span class='ocrx_word' id='word_1_102' title='bbox 1677 1495 1764 1536; x_wconf 90' lang='lat' dir='ltr'><strong><em>res</em></strong></span> <span class='ocrx_word' id='word_1_103' title='bbox 1818 1480 2024 1535; x_wconf 83' lang='lat' dir='ltr'><strong><em>habet:</em></strong></span> 
     </span>
    </p>
   </div>
   <div class='ocr_carea' id='block_1_14' title="bbox 441 1572 2030 1661">
    <p class='ocr_par' dir='ltr' id='par_1_14' title="bbox 441 1572 2030 1661">
     <span class='ocr_line' id='line_1_14' title="bbox 441 1572 2030 1661; baseline -0.011 -19"><span class='ocrx_word' id='word_1_104' title='bbox 441 1588 659 1661; x_wconf 83' lang='lat' dir='ltr'><strong><em>quando</em></strong></span> <span class='ocrx_word' id='word_1_105' title='bbox 679 1586 799 1657; x_wconf 89' lang='lat' dir='ltr'><strong><em>quis</em></strong></span> <span class='ocrx_word' id='word_1_106' title='bbox 823 1598 855 1637; x_wconf 89' lang='lat' dir='ltr'><strong><em>a</em></strong></span> <span class='ocrx_word' id='word_1_107' title='bbox 880 1589 1040 1653; x_wconf 87' lang='lat' dir='ltr'><strong><em>gente</em></strong></span> <span class='ocrx_word' id='word_1_108' title='bbox 1069 1578 1321 1649; x_wconf 86' lang='lat' dir='ltr'><strong><em>quapiam</em></strong></span> <span class='ocrx_word' id='word_1_109' title='bbox 1346 1573 1625 1640; x_wconf 84' lang='lat' dir='ltr'><strong><em>defecerit,</em></strong></span> <span class='ocrx_word' id='word_1_110' title='bbox 1657 1572 1703 1629; x_wconf 88' lang='lat' dir='ltr'><strong><em>si</em></strong></span> <span class='ocrx_word' id='word_1_111' title='bbox 1733 1572 1805 1627; x_wconf 86' lang='lat' dir='ltr'><strong><em>sit</em></strong></span> <span class='ocrx_word' id='word_1_112' title='bbox 1840 1587 1906 1627; x_wconf 91' lang='lat' dir='ltr'><strong><em>ex</em></strong></span> <span class='ocrx_word' id='word_1_113' title='bbox 1948 1572 2030 1625; x_wconf 83' lang='lat' dir='ltr'><strong><em>iu-</em></strong></span> 
     </span>
    </p>
   </div>
   <div class='ocr_carea' id='block_1_15' title="bbox 443 1660 2029 1735">
    <p class='ocr_par' dir='ltr' id='par_1_15' title="bbox 443 1660 2029 1735">
     <span class='ocr_line' id='line_1_15' title="bbox 443 1660 2029 1735; baseline -0.011 0"><span class='ocrx_word' id='word_1_114' title='bbox 443 1680 585 1735; x_wconf 87' lang='lat' dir='ltr'><strong><em>fimis</em></strong></span> <span class='ocrx_word' id='word_1_115' title='bbox 628 1685 685 1732; x_wconf 86' lang='lat' dir='ltr'><strong><em>et</em></strong></span> <span class='ocrx_word' id='word_1_116' title='bbox 737 1672 934 1730; x_wconf 88' lang='lat' dir='ltr'><strong><em>nullius</em></strong></span> <span class='ocrx_word' id='word_1_117' title='bbox 991 1666 1427 1732; x_wconf 82' lang='lat' dir='ltr'><strong><em>existimationis,</em></strong></span> <span class='ocrx_word' id='word_1_118' title='bbox 1477 1680 1585 1719; x_wconf 83' lang='lat' dir='ltr'><strong><em>non</em></strong></span> <span class='ocrx_word' id='word_1_119' title='bbox 1634 1662 1921 1718; x_wconf 85' lang='lat' dir='ltr'><strong>admodum</strong></span> <span class='ocrx_word' id='word_1_120' title='bbox 1974 1660 2029 1717; x_wconf 89' lang='lat' dir='ltr'><strong><em>id</em></strong></span> 
     </span>
    </p>
   </div>
   <div class='ocr_carea' id='block_1_16' title="bbox 444 1754 2031 1835">
    <p class='ocr_par' dir='ltr' id='par_1_16' title="bbox 444 1754 2031 1835">
     <span class='ocr_line' id='line_1_16' title="bbox 444 1754 2031 1835; baseline -0.012 -6"><span class='ocrx_word' id='word_1_121' title='bbox 444 1773 733 1829; x_wconf 89' lang='lat' dir='ltr'><strong><em>molestum</em></strong></span> <span class='ocrx_word' id='word_1_122' title='bbox 762 1777 847 1824; x_wconf 89' lang='lat' dir='ltr'><strong><em>est</em></strong></span> <span class='ocrx_word' id='word_1_123' title='bbox 882 1766 948 1821; x_wconf 89' lang='lat' dir='ltr'><strong><em>iis</em></strong></span> <span class='ocrx_word' id='word_1_124' title='bbox 973 1778 1109 1835; x_wconf 91' lang='lat' dir='ltr'><strong><em>quos</em></strong></span> <span class='ocrx_word' id='word_1_125' title='bbox 1136 1760 1378 1817; x_wconf 88' lang='lat' dir='ltr'><strong><em>deseruit</em></strong></span> <span class='ocrx_word' id='word_1_126' title='bbox 1406 1777 1419 1813; x_wconf 87' lang='lat'><strong>:</strong></span> <span class='ocrx_word' id='word_1_127' title='bbox 1448 1756 1591 1829; x_wconf 90' lang='lat' dir='ltr'><strong><em>quod</em></strong></span> <span class='ocrx_word' id='word_1_128' title='bbox 1618 1756 1660 1811; x_wconf 92' lang='lat' dir='ltr'><strong><em>si</em></strong></span> <span class='ocrx_word' id='word_1_129' title='bbox 1700 1755 1841 1811; x_wconf 89' lang='lat' dir='ltr'><strong><em>idem</em></strong></span> <span class='ocrx_word' id='word_1_130' title='bbox 1871 1754 2031 1810; x_wconf 82' lang='lat' dir='ltr'><strong>faciat</strong></span> 
     </span>
    </p>
   </div>
   <div class='ocr_carea' id='block_1_17' title="bbox 443 1847 2027 1931">
    <p class='ocr_par' dir='ltr' id='par_1_17' title="bbox 443 1847 2027 1931">
     <span class='ocr_line' id='line_1_17' title="bbox 443 1847 2027 1931; baseline -0.013 -11"><span class='ocrx_word' id='word_1_131' title='bbox 443 1863 678 1921; x_wconf 82' lang='lat' dir='ltr'><strong><em>eximius</em></strong></span> <span class='ocrx_word' id='word_1_132' title='bbox 697 1860 893 1931; x_wconf 87' lang='lat' dir='ltr'><strong>aliquis</strong></span> <span class='ocrx_word' id='word_1_133' title='bbox 921 1867 975 1913; x_wconf 92' lang='lat' dir='ltr'><strong><em>et</em></strong></span> <span class='ocrx_word' id='word_1_134' title='bbox 995 1855 1111 1911; x_wconf 86' lang='lat' dir='ltr'><strong><em>zelo</em></strong></span> <span class='ocrx_word' id='word_1_135' title='bbox 1141 1853 1338 1909; x_wconf 88' lang='lat' dir='ltr'><strong><em>ardens</em></strong></span> <span class='ocrx_word' id='word_1_136' title='bbox 1367 1858 1423 1906; x_wconf 89' lang='lat' dir='ltr'><strong><em>et</em></strong></span> <span class='ocrx_word' id='word_1_137' title='bbox 1455 1850 1545 1920; x_wconf 90' lang='lat' dir='ltr'><strong><em>qui</em></strong></span> <span class='ocrx_word' id='word_1_138' title='bbox 1574 1848 1782 1919; x_wconf 86' lang='lat' dir='ltr'><strong><em>pridem</em></strong></span> <span class='ocrx_word' id='word_1_139' title='bbox 1810 1847 2027 1903; x_wconf 90' lang='lat' dir='ltr'><strong><em>illorum</em></strong></span> 
     </span>
    </p>
   </div>
   <div class='ocr_carea' id='block_1_18' title="bbox 443 1939 2028 2012">
    <p class='ocr_par' dir='ltr' id='par_1_18' title="bbox 443 1939 2028 2012">
     <span class='ocr_line' id='line_1_18' title="bbox 443 1939 2028 2012; baseline -0.012 -2"><span class='ocrx_word' id='word_1_140' title='bbox 443 1954 725 2011; x_wconf 62' lang='lat' dir='ltr'><strong><em>sententia!</em></strong></span> <span class='ocrx_word' id='word_1_141' title='bbox 765 1948 958 2012; x_wconf 85' lang='lat' dir='ltr'><strong><em>fuerat,</em></strong></span> <span class='ocrx_word' id='word_1_142' title='bbox 1001 1945 1053 2000; x_wconf 88' lang='lat' dir='ltr'><strong><em>id</em></strong></span> <span class='ocrx_word' id='word_1_143' title='bbox 1092 1957 1224 1999; x_wconf 89' lang='lat' dir='ltr'><strong><em>vero</em></strong></span> <span class='ocrx_word' id='word_1_144' title='bbox 1251 1942 1370 1997; x_wconf 90' lang='lat' dir='ltr'><strong><em>illos</em></strong></span> <span class='ocrx_word' id='word_1_145' title='bbox 1397 1939 1535 1995; x_wconf 88' lang='lat' dir='ltr'><strong><em>male</em></strong></span> <span class='ocrx_word' id='word_1_146' title='bbox 1563 1939 1748 2006; x_wconf 87' lang='lat' dir='ltr'><strong><em>habet,</em></strong></span> <span class='ocrx_word' id='word_1_147' title='bbox 1779 1946 1837 1993; x_wconf 89' lang='lat' dir='ltr'><strong><em>et</em></strong></span> <span class='ocrx_word' id='word_1_148' title='bbox 1865 1951 2028 2007; x_wconf 87' lang='lat' dir='ltr'><strong><em>supra</em></strong></span> 
     </span>
    </p>
   </div>
   <div class='ocr_carea' id='block_1_19' title="bbox 444 2028 2029 2102">
    <p class='ocr_par' dir='ltr' id='par_1_19' title="bbox 444 2028 2029 2102">
     <span class='ocr_line' id='line_1_19' title="bbox 444 2028 2029 2102; baseline -0.011 -3"><span class='ocrx_word' id='word_1_149' title='bbox 444 2044 662 2099; x_wconf 86' lang='lat' dir='ltr'><strong><em>modum</em></strong></span> <span class='ocrx_word' id='word_1_150' title='bbox 711 2051 946 2096; x_wconf 67' lang='lat' dir='ltr'><strong><em>maerore</em></strong></span> <span class='ocrx_word' id='word_1_151' title='bbox 990 2034 1229 2099; x_wconf 81' lang='lat' dir='ltr'><strong><em>conﬁcit,</em></strong></span> <span class='ocrx_word' id='word_1_152' title='bbox 1261 2030 1491 2102; x_wconf 89' lang='lat' dir='ltr'><strong><em>utquod</em></strong></span> <span class='ocrx_word' id='word_1_153' title='bbox 1538 2029 1771 2084; x_wconf 79' lang='lat' dir='ltr'><strong><em>maxime</em></strong></span> <span class='ocrx_word' id='word_1_154' title='bbox 1814 2028 2029 2083; x_wconf 90' lang='lat' dir='ltr'><strong><em>illorum</em></strong></span> 
     </span>
    </p>
   </div>
   <div class='ocr_carea' id='block_1_20' title="bbox 442 2119 2029 2207">
    <p class='ocr_par' dir='ltr' id='par_1_20' title="bbox 442 2119 2029 2207">
     <span class='ocr_line' id='line_1_20' title="bbox 442 2119 2029 2207; baseline -0.012 -15"><span class='ocrx_word' id='word_1_155' title='bbox 442 2137 636 2207; x_wconf 82' lang='lat' dir='ltr'><strong><em>dogma</em></strong></span> <span class='ocrx_word' id='word_1_156' title='bbox 666 2129 955 2196; x_wconf 79' lang='lat' dir='ltr'><strong><em>convellat,</em></strong></span> <span class='ocrx_word' id='word_1_157' title='bbox 989 2124 1282 2183; x_wconf 90' lang='lat' dir='ltr'><strong><em>resiliendo</em></strong></span> <span class='ocrx_word' id='word_1_158' title='bbox 1307 2123 1374 2178; x_wconf 94' lang='lat' dir='ltr'><strong><em>ad</em></strong></span> <span class='ocrx_word' id='word_1_159' title='bbox 1406 2123 1562 2176; x_wconf 87' lang='lat' dir='ltr'><strong><em>alios.</em></strong></span> <span class='ocrx_word' id='word_1_160' title='bbox 1605 2120 1743 2188; x_wconf 90' lang='lat' dir='ltr'><strong><em>Quin</em></strong></span> <span class='ocrx_word' id='word_1_161' title='bbox 1785 2130 1837 2176; x_wconf 91' lang='lat' dir='ltr'><strong><em>et</em></strong></span> <span class='ocrx_word' id='word_1_162' title='bbox 1884 2119 2029 2174; x_wconf 89' lang='lat' dir='ltr'><strong><em>aliud</em></strong></span> 
     </span>
    </p>
   </div>
   <div class='ocr_carea' id='block_1_21' title="bbox 444 2212 2030 2295">
    <p class='ocr_par' dir='ltr' id='par_1_21' title="bbox 444 2212 2030 2295">
     <span class='ocr_line' id='line_1_21' title="bbox 444 2212 2030 2295; baseline -0.009 -13"><span class='ocrx_word' id='word_1_163' title='bbox 444 2230 639 2293; x_wconf 87' lang='lat' dir='ltr'><strong><em>inerat,</em></strong></span> <span class='ocrx_word' id='word_1_164' title='bbox 694 2221 836 2295; x_wconf 89' lang='lat' dir='ltr'><strong><em>quod</em></strong></span> <span class='ocrx_word' id='word_1_165' title='bbox 891 2218 1200 2277; x_wconf 89' lang='lat' dir='ltr'><strong><em>incredulos</em></strong></span> <span class='ocrx_word' id='word_1_166' title='bbox 1253 2214 1522 2271; x_wconf 86' lang='lat' dir='ltr'><strong><em>redderet.</em></strong></span> <span class='ocrx_word' id='word_1_167' title='bbox 1578 2212 1842 2281; x_wconf 84' lang='lat' dir='ltr'><strong><em>Quidnam</em></strong></span> <span class='ocrx_word' id='word_1_168' title='bbox 1889 2213 2030 2268; x_wconf 80' lang='lat' dir='ltr'><strong><em>hoc?</em></strong></span> 
     </span>
    </p>
   </div>
   <div class='ocr_carea' id='block_1_22' title="bbox 444 2306 2031 2386">
    <p class='ocr_par' dir='ltr' id='par_1_22' title="bbox 444 2306 2031 2386">
     <span class='ocr_line' id='line_1_22' title="bbox 444 2306 2031 2386; baseline -0.009 -12"><span class='ocrx_word' id='word_1_169' title='bbox 444 2316 598 2386; x_wconf 86' lang='lat' dir='ltr'><strong><em>Quod</em></strong></span> <span class='ocrx_word' id='word_1_170' title='bbox 625 2316 815 2371; x_wconf 88' lang='lat' dir='ltr'><strong><em>Petrus</em></strong></span> <span class='ocrx_word' id='word_1_171' title='bbox 848 2322 902 2368; x_wconf 89' lang='lat' dir='ltr'><strong><em>et</em></strong></span> <span class='ocrx_word' id='word_1_172' title='bbox 929 2310 1121 2381; x_wconf 88' lang='lat' dir='ltr'><strong><em>reliqui</em></strong></span> <span class='ocrx_word' id='word_1_173' title='bbox 1152 2323 1275 2364; x_wconf 90' lang='lat' dir='ltr'><strong><em>cum</em></strong></span> <span class='ocrx_word' id='word_1_174' title='bbox 1302 2306 1519 2362; x_wconf 79' lang='lat' dir='ltr'><strong><em>Christo</em></strong></span> <span class='ocrx_word' id='word_1_175' title='bbox 1561 2306 1935 2372; x_wconf 88' lang='lat' dir='ltr'><strong><em>convixerant,</em></strong></span> <span class='ocrx_word' id='word_1_176' title='bbox 1975 2315 2031 2360; x_wconf 92' lang='lat' dir='ltr'><strong><em>et</em></strong></span> 
     </span>
    </p>
   </div>
   <div class='ocr_carea' id='block_1_23' title="bbox 444 2397 2027 2482">
    <p class='ocr_par' dir='ltr' id='par_1_23' title="bbox 444 2397 2027 2482">
     <span class='ocr_line' id='line_1_23' title="bbox 444 2397 2027 2482; baseline -0.009 -15"><span class='ocrx_word' id='word_1_177' title='bbox 444 2410 683 2482; x_wconf 80' lang='lat' dir='ltr'><strong><em>prodigia</em></strong></span> <span class='ocrx_word' id='word_1_178' title='bbox 715 2407 835 2478; x_wconf 82' lang='lat' dir='ltr'><strong><em>ejus</em></strong></span> <span class='ocrx_word' id='word_1_179' title='bbox 863 2421 925 2459; x_wconf 91' lang='lat' dir='ltr'><strong><em>ac</em></strong></span> <span class='ocrx_word' id='word_1_180' title='bbox 954 2402 1211 2459; x_wconf 90' lang='lat' dir='ltr'><strong><em>miracula</em></strong></span> <span class='ocrx_word' id='word_1_181' title='bbox 1240 2399 1484 2455; x_wconf 84' lang='lat' dir='ltr'><strong><em>viderant</em></strong></span> <span class='ocrx_word' id='word_1_182' title='bbox 1511 2416 1523 2452; x_wconf 91' lang='lat'>:</span> <span class='ocrx_word' id='word_1_183' title='bbox 1559 2397 1647 2452; x_wconf 88' lang='lat' dir='ltr'><strong><em>hic</em></strong></span> <span class='ocrx_word' id='word_1_184' title='bbox 1675 2407 1856 2452; x_wconf 89' lang='lat' dir='ltr'><strong><em>autem</em></strong></span> <span class='ocrx_word' id='word_1_185' title='bbox 1891 2397 2027 2452; x_wconf 91' lang='lat' dir='ltr'><strong><em>nihil</em></strong></span> 
     </span>
    </p>
   </div>
   <div class='ocr_carea' id='block_1_24' title="bbox 444 2489 2032 2569">
    <p class='ocr_par' dir='ltr' id='par_1_24' title="bbox 444 2489 2032 2569">
     <span class='ocr_line' id='line_1_24' title="bbox 444 2489 2032 2569; baseline -0.009 -11"><span class='ocrx_word' id='word_1_186' title='bbox 444 2506 659 2569; x_wconf 89' lang='lat' dir='ltr'><strong><em>borum,</em></strong></span> <span class='ocrx_word' id='word_1_187' title='bbox 685 2498 780 2556; x_wconf 89' lang='lat' dir='ltr'><strong><em>sed</em></strong></span> <span class='ocrx_word' id='word_1_188' title='bbox 797 2512 918 2555; x_wconf 91' lang='lat' dir='ltr'><strong><em>cum</em></strong></span> <span class='ocrx_word' id='word_1_189' title='bbox 936 2496 1150 2552; x_wconf 89' lang='lat' dir='ltr'><strong><em>essetin</em></strong></span> <span class='ocrx_word' id='word_1_190' title='bbox 1179 2490 1422 2563; x_wconf 89' lang='lat' dir='ltr'><strong><em>partibus</em></strong></span> <span class='ocrx_word' id='word_1_191' title='bbox 1446 2489 1781 2555; x_wconf 85' lang='lat' dir='ltr'><strong><em>Judaeorum,</em></strong></span> <span class='ocrx_word' id='word_1_192' title='bbox 1810 2497 2032 2558; x_wconf 90' lang='lat' dir='ltr'><strong><em>repente</em></strong></span> 
     </span>
    </p>
   </div>
   <div class='ocr_carea' id='block_1_25' title="bbox 445 2581 2033 2665">
    <p class='ocr_par' dir='ltr' id='par_1_25' title="bbox 445 2581 2033 2665">
     <span class='ocr_line' id='line_1_25' title="bbox 445 2581 2033 2665; baseline -0.011 -11"><span class='ocrx_word' id='word_1_193' title='bbox 445 2594 731 2665; x_wconf 76' lang='lat' dir='ltr'><strong><em>transfugit</em></strong></span> <span class='ocrx_word' id='word_1_194' title='bbox 776 2592 842 2647; x_wconf 90' lang='lat' dir='ltr'><strong><em>ad</em></strong></span> <span class='ocrx_word' id='word_1_195' title='bbox 889 2600 1151 2646; x_wconf 89' lang='lat' dir='ltr'><strong><em>nostros:</em></strong></span> <span class='ocrx_word' id='word_1_196' title='bbox 1202 2585 1255 2641; x_wconf 90' lang='lat' dir='ltr'><strong><em>id</em></strong></span> <span class='ocrx_word' id='word_1_197' title='bbox 1294 2582 1437 2656; x_wconf 90' lang='lat' dir='ltr'><strong><em>quod</em></strong></span> <span class='ocrx_word' id='word_1_198' title='bbox 1488 2581 1641 2637; x_wconf 86' lang='lat' dir='ltr'><strong><em>valde</em></strong></span> <span class='ocrx_word' id='word_1_199' title='bbox 1683 2597 1771 2636; x_wconf 91' lang='lat' dir='ltr'><strong><em>res</em></strong></span> <span class='ocrx_word' id='word_1_200' title='bbox 1820 2592 2033 2637; x_wconf 70' lang='lat' dir='ltr'><strong><em>nosnos</em></strong></span> 
     </span>
    </p>
   </div>
   <div class='ocr_carea' id='block_1_26' title="bbox 441 2672 2030 2745">
    <p class='ocr_par' dir='ltr' id='par_1_26' title="bbox 441 2672 2030 2745">
     <span class='ocr_line' id='line_1_26' title="bbox 441 2672 2030 2745; baseline -0.011 -2"><span class='ocrx_word' id='word_1_201' title='bbox 441 2684 799 2743; x_wconf 84' lang='lat' dir='ltr'><strong><em>confirmavit.</em></strong></span> <span class='ocrx_word' id='word_1_202' title='bbox 844 2681 924 2737; x_wconf 84' lang='lat' dir='ltr'><strong><em>Illi</em></strong></span> <span class='ocrx_word' id='word_1_203' title='bbox 968 2679 1113 2735; x_wconf 88' lang='lat' dir='ltr'><strong><em>enim</em></strong></span> <span class='ocrx_word' id='word_1_204' title='bbox 1157 2676 1241 2732; x_wconf 90' lang='lat' dir='ltr'><strong><em>vel</em></strong></span> <span class='ocrx_word' id='word_1_205' title='bbox 1280 2675 1349 2731; x_wconf 90' lang='lat' dir='ltr'><strong><em>ad</em></strong></span> <span class='ocrx_word' id='word_1_206' title='bbox 1390 2673 1616 2745; x_wconf 79' lang='lat' dir='ltr'><strong><em>gratiam</em></strong></span> <span class='ocrx_word' id='word_1_207' title='bbox 1668 2672 2030 2727; x_wconf 87' lang='lat' dir='ltr'><strong><em>testimonium</em></strong></span> 
     </span>
    </p>
   </div>
   <div class='ocr_carea' id='block_1_27' title="bbox 446 2764 2033 2846">
    <p class='ocr_par' dir='ltr' id='par_1_27' title="bbox 446 2764 2033 2846">
     <span class='ocr_line' id='line_1_27' title="bbox 446 2764 2033 2846; baseline -0.012 -8"><span class='ocrx_word' id='word_1_208' title='bbox 446 2780 589 2838; x_wconf 88' lang='lat' dir='ltr'><strong><em>ferre</em></strong></span> <span class='ocrx_word' id='word_1_209' title='bbox 622 2777 793 2833; x_wconf 88' lang='lat' dir='ltr'><strong><em>videri</em></strong></span> <span class='ocrx_word' id='word_1_210' title='bbox 834 2781 1104 2846; x_wconf 89' lang='lat' dir='ltr'><strong><em>poterant,</em></strong></span> <span class='ocrx_word' id='word_1_211' title='bbox 1136 2771 1291 2841; x_wconf 82' lang='lat' dir='ltr'><strong><em>quasi</em></strong></span> <span class='ocrx_word' id='word_1_212' title='bbox 1331 2767 1402 2823; x_wconf 91' lang='lat' dir='ltr'><strong><em>ob</em></strong></span> <span class='ocrx_word' id='word_1_213' title='bbox 1428 2765 1665 2836; x_wconf 85' lang='lat' dir='ltr'><strong><em>Magistri</em></strong></span> <span class='ocrx_word' id='word_1_214' title='bbox 1700 2764 2033 2821; x_wconf 88' lang='lat' dir='ltr'><strong><em>desiderium</em></strong></span> 
     </span>
    </p>
   </div>
   <div class='ocr_carea' id='block_1_28' title="bbox 445 2857 2033 2927">
    <p class='ocr_par' dir='ltr' id='par_1_28' title="bbox 445 2857 2033 2927">
     <span class='ocr_line' id='line_1_28' title="bbox 445 2857 2033 2927; baseline -0.01 1"><span class='ocrx_word' id='word_1_215' title='bbox 445 2876 828 2927; x_wconf 77' lang='lat' dir='ltr'><strong><em>attestarentur</em></strong></span> <span class='ocrx_word' id='word_1_216' title='bbox 870 2865 993 2921; x_wconf 91' lang='lat' dir='ltr'><strong><em>talia</em></strong></span> <span class='ocrx_word' id='word_1_217' title='bbox 1029 2880 1043 2917; x_wconf 89' lang='lat'><strong>:</strong></span> <span class='ocrx_word' id='word_1_218' title='bbox 1075 2871 1130 2918; x_wconf 92' lang='lat' dir='ltr'><strong><em>at</em></strong></span> <span class='ocrx_word' id='word_1_219' title='bbox 1172 2861 1261 2917; x_wconf 89' lang='lat' dir='ltr'><strong><em>hic</em></strong></span> <span class='ocrx_word' id='word_1_220' title='bbox 1295 2858 1709 2916; x_wconf 90' lang='lat' dir='ltr'><strong><em>resurrectionis</em></strong></span> <span class='ocrx_word' id='word_1_221' title='bbox 1753 2858 1929 2925; x_wconf 90' lang='lat' dir='ltr'><strong><em>testis,</em></strong></span> <span class='ocrx_word' id='word_1_222' title='bbox 1986 2857 2033 2912; x_wconf 89' lang='lat' dir='ltr'><strong><em>is</em></strong></span> 
     </span>
    </p>
   </div>
   <div class='ocr_carea' id='block_1_29' title="bbox 443 2951 2035 3036">
    <p class='ocr_par' dir='ltr' id='par_1_29' title="bbox 443 2951 2035 3036">
     <span class='ocr_line' id='line_1_29' title="bbox 443 2951 2035 3036; baseline -0.009 -14"><span class='ocrx_word' id='word_1_223' title='bbox 443 2967 568 3036; x_wconf 85' lang='lat' dir='ltr'><strong><em>ipse</em></strong></span> <span class='ocrx_word' id='word_1_224' title='bbox 593 2978 783 3019; x_wconf 87' lang='lat' dir='ltr'><strong><em>vocem</em></strong></span> <span class='ocrx_word' id='word_1_225' title='bbox 823 2960 996 3016; x_wconf 90' lang='lat' dir='ltr'><strong><em>solam</em></strong></span> <span class='ocrx_word' id='word_1_226' title='bbox 1037 2956 1156 3026; x_wconf 88' lang='lat' dir='ltr'><strong><em>ejus</em></strong></span> <span class='ocrx_word' id='word_1_227' title='bbox 1195 2954 1490 3010; x_wconf 85' lang='lat' dir='ltr'><strong><em>audiverat.</em></strong></span> <span class='ocrx_word' id='word_1_228' title='bbox 1522 2953 1861 3024; x_wconf 87' lang='lat' dir='ltr'><strong><em>Quapropter</em></strong></span> <span class='ocrx_word' id='word_1_229' title='bbox 1885 2951 2035 3008; x_wconf 82' lang='lat' dir='ltr'><strong><em>vides</em></strong></span> 
     </span>
    </p>
   </div>
   <div class='ocr_carea' id='block_1_30' title="bbox 444 3043 2033 3115">
    <p class='ocr_par' dir='ltr' id='par_1_30' title="bbox 444 3043 2033 3115">
     <span class='ocr_line' id='line_1_30' title="bbox 444 3043 2033 3115; baseline -0.01 -2"><span class='ocrx_word' id='word_1_230' title='bbox 444 3073 543 3114; x_wconf 85' lang='lat' dir='ltr'><strong><em>eos</em></strong></span> <span class='ocrx_word' id='word_1_231' title='bbox 588 3055 713 3110; x_wconf 85' lang='lat' dir='ltr'><strong><em>huic</em></strong></span> <span class='ocrx_word' id='word_1_232' title='bbox 755 3067 819 3109; x_wconf 88' lang='lat' dir='ltr'><strong><em>ex</em></strong></span> <span class='ocrx_word' id='word_1_233' title='bbox 863 3050 1044 3105; x_wconf 88' lang='lat' dir='ltr'><strong><em>animo</em></strong></span> <span class='ocrx_word' id='word_1_234' title='bbox 1089 3046 1336 3115; x_wconf 85' lang='lat' dir='ltr'><strong><em>infestos,</em></strong></span> <span class='ocrx_word' id='word_1_235' title='bbox 1365 3044 1659 3101; x_wconf 86' lang='lat' dir='ltr'><strong><em>seditiones</em></strong></span> <span class='ocrx_word' id='word_1_236' title='bbox 1681 3043 2033 3113; x_wconf 86' lang='lat' dir='ltr'><strong><em>concitantes,</em></strong></span> 
     </span>
    </p>
   </div>
   <div class='ocr_carea' id='block_1_31' title="bbox 445 3136 2034 3213">
    <p class='ocr_par' dir='ltr' id='par_1_31' title="bbox 445 3136 2034 3213">
     <span class='ocr_line' id='line_1_31' title="bbox 445 3136 2034 3213; baseline -0.008 -8"><span class='ocrx_word' id='word_1_237' title='bbox 445 3159 501 3205; x_wconf 92' lang='lat' dir='ltr'><strong><em>et</em></strong></span> <span class='ocrx_word' id='word_1_238' title='bbox 538 3147 670 3204; x_wconf 88' lang='lat' dir='ltr'><strong><em>nihil</em></strong></span> <span class='ocrx_word' id='word_1_239' title='bbox 700 3145 888 3202; x_wconf 88' lang='lat' dir='ltr'><strong><em>nonin</em></strong></span> <span class='ocrx_word' id='word_1_240' title='bbox 919 3140 1214 3213; x_wconf 89' lang='lat' dir='ltr'><strong><em>perniciem</em></strong></span> <span class='ocrx_word' id='word_1_241' title='bbox 1256 3142 1374 3209; x_wconf 83' lang='lat' dir='ltr'><strong><em>ejus</em></strong></span> <span class='ocrx_word' id='word_1_242' title='bbox 1416 3138 1724 3194; x_wconf 89' lang='lat' dir='ltr'><strong><em>molientes.</em></strong></span> <span class='ocrx_word' id='word_1_243' title='bbox 1768 3136 2034 3195; x_wconf 69' lang='lat' dir='ltr'><strong><em>Caeterum</em></strong></span> 
     </span>
    </p>
   </div>
   <div class='ocr_carea' id='block_1_32' title="bbox 445 3231 2035 3297">
    <p class='ocr_par' dir='ltr' id='par_1_32' title="bbox 445 3231 2035 3297">
     <span class='ocr_line' id='line_1_32' title="bbox 445 3231 2035 3297; baseline -0.007 0"><span class='ocrx_word' id='word_1_244' title='bbox 445 3237 755 3297; x_wconf 88' lang='lat' dir='ltr'><strong><em>incredulos</em></strong></span> <span class='ocrx_word' id='word_1_245' title='bbox 795 3234 1017 3293; x_wconf 74' lang='lat' dir='ltr'><strong><em>Judzeos</em></strong></span> <span class='ocrx_word' id='word_1_246' title='bbox 1064 3232 1180 3287; x_wconf 68' lang='lat' dir='ltr'><strong><em>haec</em></strong></span> <span class='ocrx_word' id='word_1_247' title='bbox 1228 3246 1392 3286; x_wconf 89' lang='lat' dir='ltr'><strong><em>causa</em></strong></span> <span class='ocrx_word' id='word_1_248' title='bbox 1442 3231 1864 3297; x_wconf 90' lang='lat' dir='ltr'><strong><em>abalienaverat,</em></strong></span> <span class='ocrx_word' id='word_1_249' title='bbox 1914 3245 2035 3287; x_wconf 91' lang='lat' dir='ltr'><strong><em>cre-</em></strong></span> 
     </span>
    </p>
   </div>
   <div class='ocr_carea' id='block_1_33' title="bbox 447 3321 2038 3397">
    <p class='ocr_par' dir='ltr' id='par_1_33' title="bbox 447 3321 2038 3397">
     <span class='ocr_line' id='line_1_33' title="bbox 447 3321 2038 3397; baseline -0.008 -8"><span class='ocrx_word' id='word_1_250' title='bbox 447 3332 639 3388; x_wconf 88' lang='lat' dir='ltr'><strong><em>dentes</em></strong></span> <span class='ocrx_word' id='word_1_251' title='bbox 662 3343 792 3385; x_wconf 89' lang='lat' dir='ltr'><strong><em>vero</em></strong></span> <span class='ocrx_word' id='word_1_252' title='bbox 820 3323 1110 3397; x_wconf 64' lang='lat' dir='ltr'><strong><em>quaenam?</em></strong></span> <span class='ocrx_word' id='word_1_253' title='bbox 1138 3322 1276 3391; x_wconf 87' lang='lat' dir='ltr'><strong><em>Quia</em></strong></span> <span class='ocrx_word' id='word_1_254' title='bbox 1323 3336 1547 3378; x_wconf 88' lang='lat' dir='ltr'><strong><em>necesse</em></strong></span> <span class='ocrx_word' id='word_1_255' title='bbox 1592 3321 1822 3378; x_wconf 88' lang='lat' dir='ltr'><strong><em>habebat</em></strong></span> <span class='ocrx_word' id='word_1_256' title='bbox 1863 3323 2038 3392; x_wconf 88' lang='lat' dir='ltr'><strong><em>genti-</em></strong></span> 
     </span>
    </p>
   </div>
   <div class='ocr_carea' id='block_1_34' title="bbox 446 3413 2038 3495">
    <p class='ocr_par' dir='ltr' id='par_1_34' title="bbox 446 3413 2038 3495">
     <span class='ocr_line' id='line_1_34' title="bbox 446 3413 2038 3495; baseline -0.008 -13"><span class='ocrx_word' id='word_1_257' title='bbox 446 3427 549 3482; x_wconf 89' lang='lat' dir='ltr'><strong><em>bus</em></strong></span> <span class='ocrx_word' id='word_1_258' title='bbox 589 3436 728 3495; x_wconf 89' lang='lat' dir='ltr'><strong><em>pure</em></strong></span> <span class='ocrx_word' id='word_1_259' title='bbox 773 3419 1070 3491; x_wconf 54' lang='lat' dir='ltr'><strong><em>praedicare</em></strong></span> <span class='ocrx_word' id='word_1_260' title='bbox 1108 3415 1469 3472; x_wconf 86' lang='lat' dir='ltr'><strong><em>Christianam</em></strong></span> <span class='ocrx_word' id='word_1_261' title='bbox 1514 3416 1852 3486; x_wconf 87' lang='lat' dir='ltr'><strong><em>religionem,</em></strong></span> <span class='ocrx_word' id='word_1_262' title='bbox 1899 3425 1955 3470; x_wconf 92' lang='lat' dir='ltr'><strong><em>et</em></strong></span> <span class='ocrx_word' id='word_1_263' title='bbox 1991 3413 2038 3469; x_wconf 88' lang='lat' dir='ltr'><strong><em>si</em></strong></span> 
     </span>
    </p>
   </div>
   <div class='ocr_carea' id='block_1_35' title="bbox 447 3504 2039 3586">
    <p class='ocr_par' dir='ltr' id='par_1_35' title="bbox 447 3504 2039 3586">
     <span class='ocr_line' id='line_1_35' title="bbox 447 3504 2039 3586; baseline -0.008 -15"><span class='ocrx_word' id='word_1_264' title='bbox 447 3514 666 3586; x_wconf 89' lang='lat' dir='ltr'><strong><em>quando</em></strong></span> <span class='ocrx_word' id='word_1_265' title='bbox 707 3512 761 3566; x_wconf 91' lang='lat' dir='ltr'><strong><em>in</em></strong></span> <span class='ocrx_word' id='word_1_266' title='bbox 806 3508 1116 3565; x_wconf 72' lang='lat' dir='ltr'><strong><em>Judzeorum</em></strong></span> <span class='ocrx_word' id='word_1_267' title='bbox 1156 3506 1380 3577; x_wconf 88' lang='lat' dir='ltr'><strong><em>regione</em></strong></span> <span class='ocrx_word' id='word_1_268' title='bbox 1432 3515 1758 3569; x_wconf 87' lang='lat' dir='ltr'><strong><em>versaretur,</em></strong></span> <span class='ocrx_word' id='word_1_269' title='bbox 1800 3504 1932 3558; x_wconf 93' lang='lat' dir='ltr'><strong><em>nihil</em></strong></span> <span class='ocrx_word' id='word_1_270' title='bbox 1986 3505 2039 3558; x_wconf 90' lang='lat' dir='ltr'><strong><em>id</em></strong></span> 
     </span>
    </p>
   </div>
   <div class='ocr_carea' id='block_1_36' title="bbox 448 3595 2041 3666">
    <p class='ocr_par' dir='ltr' id='par_1_36' title="bbox 448 3595 2041 3666">
     <span class='ocr_line' id='line_1_36' title="bbox 448 3595 2041 3666; baseline -0.009 -1"><span class='ocrx_word' id='word_1_271' title='bbox 448 3608 691 3664; x_wconf 87' lang='lat' dir='ltr'><strong><em>curabat.</em></strong></span> <span class='ocrx_word' id='word_1_272' title='bbox 736 3603 925 3657; x_wconf 82' lang='lat' dir='ltr'><strong><em>Petrus</em></strong></span> <span class='ocrx_word' id='word_1_273' title='bbox 974 3598 1119 3655; x_wconf 89' lang='lat' dir='ltr'><strong><em>enim</em></strong></span> <span class='ocrx_word' id='word_1_274' title='bbox 1166 3608 1222 3653; x_wconf 93' lang='lat' dir='ltr'><strong><em>et</em></strong></span> <span class='ocrx_word' id='word_1_275' title='bbox 1256 3597 1411 3662; x_wconf 85' lang='lat' dir='ltr'><strong><em>socii,</em></strong></span> <span class='ocrx_word' id='word_1_276' title='bbox 1456 3604 1516 3649; x_wconf 93' lang='lat' dir='ltr'><strong><em>ut</em></strong></span> <span class='ocrx_word' id='word_1_277' title='bbox 1556 3596 1649 3666; x_wconf 92' lang='lat' dir='ltr'><strong><em>qui</em></strong></span> <span class='ocrx_word' id='word_1_278' title='bbox 1686 3595 2041 3665; x_wconf 84' lang='lat' dir='ltr'><strong><em>Jerosolymis</em></strong></span> 
     </span>
    </p>
   </div>
   <div class='ocr_carea' id='block_1_37' title="bbox 451 3687 2041 3771">
    <p class='ocr_par' dir='ltr' id='par_1_37' title="bbox 451 3687 2041 3771">
     <span class='ocr_line' id='line_1_37' title="bbox 451 3687 2041 3771; baseline -0.007 -15"><span class='ocrx_word' id='word_1_279' title='bbox 451 3695 833 3771; x_wconf 65' lang='lat' dir='ltr'><strong><em>praedicabant,</em></strong></span> <span class='ocrx_word' id='word_1_280' title='bbox 866 3692 954 3747; x_wconf 89' lang='lat' dir='ltr'><strong><em>ubi</em></strong></span> <span class='ocrx_word' id='word_1_281' title='bbox 980 3690 1115 3762; x_wconf 87' lang='lat' dir='ltr'><strong><em>legis</em></strong></span> <span class='ocrx_word' id='word_1_282' title='bbox 1143 3687 1357 3745; x_wconf 88' lang='lat' dir='ltr'><strong><em>fervens</em></strong></span> <span class='ocrx_word' id='word_1_283' title='bbox 1377 3687 1618 3744; x_wconf 89' lang='lat' dir='ltr'><strong><em>studium</em></strong></span> <span class='ocrx_word' id='word_1_284' title='bbox 1645 3696 1784 3755; x_wconf 89' lang='lat' dir='ltr'><strong><em>erat,</em></strong></span> <span class='ocrx_word' id='word_1_285' title='bbox 1817 3701 2041 3745; x_wconf 89' lang='lat' dir='ltr'><strong><em>necesse</em></strong></span> 
     </span>
    </p>
   </div>
   <div class='ocr_carea' id='block_1_38' title="bbox 452 3780 2041 3857">
    <p class='ocr_par' dir='ltr' id='par_1_38' title="bbox 452 3780 2041 3857">
     <span class='ocr_line' id='line_1_38' title="bbox 452 3780 2041 3857; baseline -0.006 -10"><span class='ocrx_word' id='word_1_286' title='bbox 452 3791 723 3847; x_wconf 88' lang='lat' dir='ltr'><strong><em>habebant</em></strong></span> <span class='ocrx_word' id='word_1_287' title='bbox 758 3802 877 3843; x_wconf 88' lang='lat' dir='ltr'><strong><em>eam</em></strong></span> <span class='ocrx_word' id='word_1_288' title='bbox 917 3784 1110 3857; x_wconf 90' lang='lat' dir='ltr'><strong><em>jubere</em></strong></span> <span class='ocrx_word' id='word_1_289' title='bbox 1157 3782 1359 3838; x_wconf 87' lang='lat' dir='ltr'><strong><em>servari</em></strong></span> <span class='ocrx_word' id='word_1_290' title='bbox 1392 3799 1405 3834; x_wconf 90' lang='lat'><strong>:</strong></span> <span class='ocrx_word' id='word_1_291' title='bbox 1448 3789 1506 3836; x_wconf 90' lang='lat' dir='ltr'><strong><em>at</em></strong></span> <span class='ocrx_word' id='word_1_292' title='bbox 1546 3780 1633 3837; x_wconf 88' lang='lat' dir='ltr'><strong><em>hic</em></strong></span> <span class='ocrx_word' id='word_1_293' title='bbox 1663 3791 1847 3837; x_wconf 88' lang='lat' dir='ltr'><strong><em>noster</em></strong></span> <span class='ocrx_word' id='word_1_294' title='bbox 1877 3780 2041 3838; x_wconf 89' lang='lat' dir='ltr'><strong><em>multa</em></strong></span> 
     </span>
    </p>
   </div>
   <div class='ocr_carea' id='block_1_39' title="bbox 454 3872 2043 3945">
    <p class='ocr_par' dir='ltr' id='par_1_39' title="bbox 454 3872 2043 3945">
     <span class='ocr_line' id='line_1_39' title="bbox 454 3872 2043 3945; baseline -0.005 -7"><span class='ocrx_word' id='word_1_295' title='bbox 454 3884 702 3938; x_wconf 89' lang='lat' dir='ltr'><strong><em>libertate</em></strong></span> <span class='ocrx_word' id='word_1_296' title='bbox 746 3877 1011 3933; x_wconf 86' lang='lat' dir='ltr'><strong><em>utebatur.</em></strong></span> <span class='ocrx_word' id='word_1_297' title='bbox 1055 3873 1246 3930; x_wconf 85' lang='lat' dir='ltr'><strong><em>Plures</em></strong></span> <span class='ocrx_word' id='word_1_298' title='bbox 1279 3872 1442 3928; x_wconf 88' lang='lat' dir='ltr'><strong><em>etiam</em></strong></span> <span class='ocrx_word' id='word_1_299' title='bbox 1479 3881 1635 3928; x_wconf 89' lang='lat' dir='ltr'><strong><em>erant</em></strong></span> <span class='ocrx_word' id='word_1_300' title='bbox 1674 3888 1705 3929; x_wconf 90' lang='lat' dir='ltr'><strong><em>e</em></strong></span> <span class='ocrx_word' id='word_1_301' title='bbox 1753 3873 2043 3945; x_wconf 89' lang='lat' dir='ltr'><strong><em>gentilibus</em></strong></span> 
     </span>
    </p>
   </div>
   <div class='ocr_carea' id='block_1_40' title="bbox 453 3964 2044 4045">
    <p class='ocr_par' dir='ltr' id='par_1_40' title="bbox 453 3964 2044 4045">
     <span class='ocr_line' id='line_1_40' title="bbox 453 3964 2044 4045; baseline -0.004 -18"><span class='ocrx_word' id='word_1_302' title='bbox 453 3988 613 4045; x_wconf 88' lang='lat' dir='ltr'><strong><em>quam</em></strong></span> <span class='ocrx_word' id='word_1_303' title='bbox 652 3968 843 4035; x_wconf 73' lang='lat' dir='ltr'><strong><em>Judaei,</em></strong></span> <span class='ocrx_word' id='word_1_304' title='bbox 894 3974 1078 4036; x_wconf 91' lang='lat' dir='ltr'><strong><em>utpote</em></strong></span> <span class='ocrx_word' id='word_1_305' title='bbox 1118 3964 1209 4033; x_wconf 91' lang='lat' dir='ltr'><strong><em>qui</em></strong></span> <span class='ocrx_word' id='word_1_306' title='bbox 1259 3964 1469 4019; x_wconf 81' lang='lat' dir='ltr'><strong><em>externi</em></strong></span> <span class='ocrx_word' id='word_1_307' title='bbox 1516 3973 1731 4031; x_wconf 87' lang='lat' dir='ltr'><strong><em>essent,</em></strong></span> <span class='ocrx_word' id='word_1_308' title='bbox 1760 3979 1866 4020; x_wconf 92' lang='lat' dir='ltr'><strong><em>non</em></strong></span> <span class='ocrx_word' id='word_1_309' title='bbox 1901 3975 2044 4020; x_wconf 88' lang='lat' dir='ltr'><strong><em>tanta</em></strong></span> 
     </span>
    </p>
   </div>
   <div class='ocr_carea' id='block_1_41' title="bbox 455 4053 2043 4134">
    <p class='ocr_par' dir='ltr' id='par_1_41' title="bbox 455 4053 2043 4134">
     <span class='ocr_line' id='line_1_41' title="bbox 455 4053 2043 4134; baseline -0.01 -13"><span class='ocrx_word' id='word_1_310' title='bbox 455 4064 594 4134; x_wconf 86' lang='lat' dir='ltr'><strong><em>legis</em></strong></span> <span class='ocrx_word' id='word_1_311' title='bbox 640 4059 896 4129; x_wconf 87' lang='lat' dir='ltr'><strong><em>religione</em></strong></span> <span class='ocrx_word' id='word_1_312' title='bbox 943 4053 1293 4120; x_wconf 86' lang='lat' dir='ltr'><strong><em>tenebantur,</em></strong></span> <span class='ocrx_word' id='word_1_313' title='bbox 1325 4068 1498 4125; x_wconf 86' lang='lat' dir='ltr'><strong><em>eoque</em></strong></span> <span class='ocrx_word' id='word_1_314' title='bbox 1527 4054 1734 4111; x_wconf 78' lang='lat' dir='ltr'><strong><em>facilius</em></strong></span> <span class='ocrx_word' id='word_1_315' title='bbox 1760 4070 1819 4112; x_wconf 91' lang='lat' dir='ltr'><strong><em>se</em></strong></span> <span class='ocrx_word' id='word_1_316' title='bbox 1847 4056 1916 4113; x_wconf 89' lang='lat' dir='ltr'><strong><em>ab</em></strong></span> <span class='ocrx_word' id='word_1_317' title='bbox 1953 4058 2043 4113; x_wconf 67' lang='lat' dir='ltr'><strong><em>illa</em></strong></span> 
     </span>
    </p>
   </div>
   <div class='ocr_carea' id='block_1_42' title="bbox 460 4144 2048 4217">
    <p class='ocr_par' dir='ltr' id='par_1_42' title="bbox 460 4144 2048 4217">
     <span class='ocr_line' id='line_1_42' title="bbox 460 4144 2048 4217; baseline 0.002 -11"><span class='ocrx_word' id='word_1_318' title='bbox 460 4151 842 4217; x_wconf 79' lang='lat' dir='ltr'><strong><em>absolvebant,</em></strong></span> <span class='ocrx_word' id='word_1_319' title='bbox 873 4147 1039 4205; x_wconf 90' lang='lat' dir='ltr'><strong><em>Paulo</em></strong></span> <span class='ocrx_word' id='word_1_320' title='bbox 1066 4144 1244 4201; x_wconf 88' lang='lat' dir='ltr'><strong><em>omnia</em></strong></span> <span class='ocrx_word' id='word_1_321' title='bbox 1276 4161 1407 4217; x_wconf 90' lang='lat' dir='ltr'><strong><em>pure</em></strong></span> <span class='ocrx_word' id='word_1_322' title='bbox 1436 4146 1777 4217; x_wconf 66' lang='lat' dir='ltr'><strong><em>praedicante.</em></strong></span> <span class='ocrx_word' id='word_1_323' title='bbox 1808 4149 1880 4204; x_wconf 90' lang='lat' dir='ltr'><strong><em>Et</em></strong></span> <span class='ocrx_word' id='word_1_324' title='bbox 1923 4166 2048 4209; x_wconf 78' lang='lat' dir='ltr'><strong><em>vere</em></strong></span> 
     </span>
    </p>
   </div>
   <div class='ocr_carea' id='block_1_43' title="bbox 460 4236 2048 4307">
    <p class='ocr_par' dir='ltr' id='par_1_43' title="bbox 460 4236 2048 4307">
     <span class='ocr_line' id='line_1_43' title="bbox 460 4236 2048 4307; baseline -0.001 -5"><span class='ocrx_word' id='word_1_325' title='bbox 460 4261 522 4302; x_wconf 86' lang='lat' dir='ltr'><strong><em>ea</em></strong></span> <span class='ocrx_word' id='word_1_326' title='bbox 542 4243 610 4300; x_wconf 89' lang='lat' dir='ltr'><strong><em>de</em></strong></span> <span class='ocrx_word' id='word_1_327' title='bbox 634 4255 793 4299; x_wconf 87' lang='lat' dir='ltr'><strong><em>causa</em></strong></span> <span class='ocrx_word' id='word_1_328' title='bbox 814 4240 961 4295; x_wconf 91' lang='lat' dir='ltr'><strong><em>illum</em></strong></span> <span class='ocrx_word' id='word_1_329' title='bbox 990 4236 1245 4294; x_wconf 83' lang='lat' dir='ltr'><strong><em>inducere</em></strong></span> <span class='ocrx_word' id='word_1_330' title='bbox 1273 4237 1542 4307; x_wconf 89' lang='lat' dir='ltr'><strong><em>videntur,</em></strong></span> <span class='ocrx_word' id='word_1_331' title='bbox 1569 4249 1626 4294; x_wconf 92' lang='lat' dir='ltr'><strong><em>ut</em></strong></span> <span class='ocrx_word' id='word_1_332' title='bbox 1650 4241 2048 4301; x_wconf 88' lang='lat' dir='ltr'><strong><em>multitudinem</em></strong></span> 
     </span>
    </p>
   </div>
   <div class='ocr_carea' id='block_1_44' title="bbox 463 4326 2050 4400">
    <p class='ocr_par' dir='ltr' id='par_1_44' title="bbox 463 4326 2050 4400">
     <span class='ocr_line' id='line_1_44' title="bbox 463 4326 2050 4400; baseline 0.001 -10"><span class='ocrx_word' id='word_1_333' title='bbox 463 4340 849 4390; x_wconf 85' lang='lat' dir='ltr'><strong><em>revereantus:</em></strong></span> <span class='ocrx_word' id='word_1_334' title='bbox 893 4328 1063 4396; x_wconf 81' lang='lat' dir='ltr'><strong><em>Vides,</em></strong></span> <span class='ocrx_word' id='word_1_335' title='bbox 1088 4326 1353 4398; x_wconf 87' lang='lat' dir='ltr'><strong><em>inquiunt,</em></strong></span> <span class='ocrx_word' id='word_1_336' title='bbox 1382 4332 1561 4399; x_wconf 79' lang='lat' dir='ltr'><strong><em>frater,</em></strong></span> <span class='ocrx_word' id='word_1_337' title='bbox 1599 4339 1719 4400; x_wconf 88' lang='lat' dir='ltr'><strong><em>quot</em></strong></span> <span class='ocrx_word' id='word_1_338' title='bbox 1760 4332 1925 4387; x_wconf 84' lang='lat' dir='ltr'><strong><em>millia</em></strong></span> <span class='ocrx_word' id='word_1_339' title='bbox 1948 4336 2050 4391; x_wconf 90' lang='lat' dir='ltr'><strong><em>sint</em></strong></span> 
     </span>
    </p>
   </div>
   <div class='ocr_carea' id='block_1_45' title="bbox 456 4419 2049 4498">
    <p class='ocr_par' dir='ltr' id='par_1_45' title="bbox 456 4419 2049 4498">
     <span class='ocr_line' id='line_1_45' title="bbox 456 4419 2049 4498; baseline 0 -16"><span class='ocrx_word' id='word_1_340' title='bbox 456 4428 760 4482; x_wconf 76' lang='lat' dir='ltr'><strong><em>Judworum</em></strong></span> <span class='ocrx_word' id='word_1_341' title='bbox 803 4420 1153 4477; x_wconf 79' lang='lat' dir='ltr'><strong><em>credentium?</em></strong></span> <span class='ocrx_word' id='word_1_342' title='bbox 1194 4420 1282 4491; x_wconf 87' lang='lat' dir='ltr'><strong><em>qui</em></strong></span> <span class='ocrx_word' id='word_1_343' title='bbox 1326 4419 1388 4475; x_wconf 84' lang='lat' dir='ltr'><strong><em>ob</em></strong></span> <span class='ocrx_word' id='word_1_344' title='bbox 1433 4420 1529 4475; x_wconf 78' lang='lat' dir='ltr'><strong><em>hoc</em></strong></span> <span class='ocrx_word' id='word_1_345' title='bbox 1564 4430 1613 4477; x_wconf 86' lang='lat' dir='ltr'><strong><em>te</em></strong></span> <span class='ocrx_word' id='word_1_346' title='bbox 1648 4423 1885 4497; x_wconf 87' lang='lat' dir='ltr'><strong><em>oderunt,</em></strong></span> <span class='ocrx_word' id='word_1_347' title='bbox 1912 4430 2049 4498; x_wconf 85' lang='lat' dir='ltr'><strong><em>quod</em></strong></span> 
     </span>
    </p>
   </div>
   <div class='ocr_carea' id='block_1_46' title="bbox 459 4512 1548 4588">
    <p class='ocr_par' dir='ltr' id='par_1_46' title="bbox 459 4512 1548 4588">
     <span class='ocr_line' id='line_1_46' title="bbox 459 4512 1548 4588; baseline -0.007 -13"><span class='ocrx_word' id='word_1_348' title='bbox 459 4520 713 4575; x_wconf 84' lang='lat' dir='ltr'><strong><em>audierint</em></strong></span> <span class='ocrx_word' id='word_1_349' title='bbox 738 4527 785 4571; x_wconf 87' lang='lat' dir='ltr'><strong><em>te</em></strong></span> <span class='ocrx_word' id='word_1_350' title='bbox 808 4515 1137 4588; x_wconf 81' lang='lat' dir='ltr'><strong><em>defectionem</em></strong></span> <span class='ocrx_word' id='word_1_351' title='bbox 1162 4529 1194 4567; x_wconf 91' lang='lat' dir='ltr'><strong><em>a</em></strong></span> <span class='ocrx_word' id='word_1_352' title='bbox 1215 4514 1323 4585; x_wconf 85' lang='lat' dir='ltr'><strong><em>lege</em></strong></span> <span class='ocrx_word' id='word_1_353' title='bbox 1351 4512 1548 4568; x_wconf 90' lang='lat' dir='ltr'><strong><em>docere.</em></strong></span> 
     </span>
    </p>
   </div>
   <div class='ocr_carea' id='block_1_47' title="bbox 530 4602 2052 4684">
    <p class='ocr_par' dir='ltr' id='par_1_47' title="bbox 530 4602 2052 4684">
     <span class='ocr_line' id='line_1_47' title="bbox 530 4602 2052 4684; baseline 0.002 -20"><span class='ocrx_word' id='word_1_354' title='bbox 530 4611 634 4669; x_wconf 87' lang='lat' dir='ltr'><strong><em>Cur</em></strong></span> <span class='ocrx_word' id='word_1_355' title='bbox 673 4608 867 4663; x_wconf 84' lang='lat' dir='ltr'><strong><em>Paulus</em></strong></span> <span class='ocrx_word' id='word_1_356' title='bbox 912 4604 1195 4675; x_wconf 87' lang='lat' dir='ltr'><strong><em>Epistolam</em></strong></span> <span class='ocrx_word' id='word_1_357' title='bbox 1238 4605 1306 4658; x_wconf 92' lang='lat' dir='ltr'><strong><em>ad</em></strong></span> <span class='ocrx_word' id='word_1_358' title='bbox 1338 4602 1580 4660; x_wconf 76' lang='lat' dir='ltr'><strong><em>Hebraeos</em></strong></span> <span class='ocrx_word' id='word_1_359' title='bbox 1624 4607 1908 4679; x_wconf 88' lang='lat' dir='ltr'><strong><em>scripserit,</em></strong></span> <span class='ocrx_word' id='word_1_360' title='bbox 1951 4629 2052 4684; x_wconf 89' lang='lat' dir='ltr'><strong><em>quo</em></strong></span> 
     </span>
    </p>
   </div>
   <div class='ocr_carea' id='block_1_48' title="bbox 459 4694 2051 4781">
    <p class='ocr_par' dir='ltr' id='par_1_48' title="bbox 459 4694 2051 4781">
     <span class='ocr_line' id='line_1_48' title="bbox 459 4694 2051 4781; baseline -0.003 -19"><span class='ocrx_word' id='word_1_361' title='bbox 459 4720 707 4777; x_wconf 90' lang='lat' dir='ltr'><strong><em>tempore,</em></strong></span> <span class='ocrx_word' id='word_1_362' title='bbox 745 4717 847 4772; x_wconf 90' lang='lat' dir='ltr'><strong><em>qua</em></strong></span> <span class='ocrx_word' id='word_1_363' title='bbox 879 4697 1162 4756; x_wconf 85' lang='lat' dir='ltr'><strong><em>occasione.</em></strong></span> <span class='ocrx_word' id='word_1_364' title='bbox 1183 4726 1255 4738; x_wconf 92' lang='lat'><strong>—</strong></span> <span class='ocrx_word' id='word_1_365' title='bbox 1278 4694 1387 4752; x_wconf 91' lang='lat' dir='ltr'><strong><em>Cur</em></strong></span> <span class='ocrx_word' id='word_1_366' title='bbox 1409 4697 1571 4768; x_wconf 86' lang='lat' dir='ltr'><strong><em>igitur</em></strong></span> <span class='ocrx_word' id='word_1_367' title='bbox 1602 4697 1804 4756; x_wconf 68' lang='lat' dir='ltr'><strong><em>ludat-is</em></strong></span> <span class='ocrx_word' id='word_1_368' title='bbox 1843 4704 2051 4781; x_wconf 77' lang='lat' dir='ltr'><strong><em>scribit,</em></strong></span> 
     </span>
    </p>
   </div>
   <div class='ocr_carea' id='block_1_49' title="bbox 457 4787 2054 4866">
    <p class='ocr_par' dir='ltr' id='par_1_49' title="bbox 457 4787 2054 4866">
     <span class='ocr_line' id='line_1_49' title="bbox 457 4787 2054 4866; baseline -0.004 -9"><span class='ocrx_word' id='word_1_369' title='bbox 457 4816 583 4857; x_wconf 91' lang='lat' dir='ltr'><strong><em>cum</em></strong></span> <span class='ocrx_word' id='word_1_370' title='bbox 616 4814 720 4852; x_wconf 89' lang='lat' dir='ltr'><strong><em>non</em></strong></span> <span class='ocrx_word' id='word_1_371' title='bbox 747 4795 817 4850; x_wconf 90' lang='lat' dir='ltr'><strong><em>sit</em></strong></span> <span class='ocrx_word' id='word_1_372' title='bbox 851 4807 1038 4851; x_wconf 89' lang='lat' dir='ltr'><strong><em>eorum</em></strong></span> <span class='ocrx_word' id='word_1_373' title='bbox 1081 4787 1316 4846; x_wconf 80' lang='lat' dir='ltr'><strong><em>doctor?</em></strong></span> <span class='ocrx_word' id='word_1_374' title='bbox 1341 4798 1434 4843; x_wconf 90' lang='lat' dir='ltr'><strong><em>aut</em></strong></span> <span class='ocrx_word' id='word_1_375' title='bbox 1459 4803 1692 4859; x_wconf 91' lang='lat' dir='ltr'><strong><em>quonam</em></strong></span> <span class='ocrx_word' id='word_1_376' title='bbox 1720 4791 1789 4847; x_wconf 89' lang='lat' dir='ltr'><strong><em>ad</em></strong></span> <span class='ocrx_word' id='word_1_377' title='bbox 1816 4807 1910 4850; x_wconf 91' lang='lat' dir='ltr'><strong><em>eos</em></strong></span> <span class='ocrx_word' id='word_1_378' title='bbox 1939 4796 2054 4866; x_wconf 88' lang='lat' dir='ltr'><strong><em>epi-</em></strong></span> 
     </span>
    </p>
   </div>
   <div class='ocr_carea' id='block_1_50' title="bbox 457 4880 2054 4953">
    <p class='ocr_par' dir='ltr' id='par_1_50' title="bbox 457 4880 2054 4953">
     <span class='ocr_line' id='line_1_50' title="bbox 457 4880 2054 4953; baseline -0.006 -3"><span class='ocrx_word' id='word_1_379' title='bbox 457 4894 653 4950; x_wconf 77' lang='lat' dir='ltr'><strong><em>stolam</em></strong></span> <span class='ocrx_word' id='word_1_380' title='bbox 684 4887 883 4945; x_wconf 77' lang='lat' dir='ltr'><strong><em>mittit?</em></strong></span> <span class='ocrx_word' id='word_1_381' title='bbox 922 4884 1038 4940; x_wconf 74' lang='lat' dir='ltr'><strong><em>Mea</em></strong></span> <span class='ocrx_word' id='word_1_382' title='bbox 1065 4883 1322 4953; x_wconf 89' lang='lat' dir='ltr'><strong><em>opinione</em></strong></span> <span class='ocrx_word' id='word_1_383' title='bbox 1348 4880 1746 4953; x_wconf 85' lang='lat' dir='ltr'><strong><em>Jerosolymam</em></strong></span> <span class='ocrx_word' id='word_1_384' title='bbox 1789 4893 1844 4939; x_wconf 92' lang='lat' dir='ltr'><strong><em>et</em></strong></span> <span class='ocrx_word' id='word_1_385' title='bbox 1871 4885 1925 4940; x_wconf 92' lang='lat' dir='ltr'><strong><em>in</em></strong></span> <span class='ocrx_word' id='word_1_386' title='bbox 1954 4886 2054 4942; x_wconf 81' lang='lat' dir='ltr'><strong><em>Pa-</em></strong></span> 
     </span>
    </p>
   </div>
   <div class='ocr_carea' id='block_1_51' title="bbox 458 4974 2056 5048">
    <p class='ocr_par' dir='ltr' id='par_1_51' title="bbox 458 4974 2056 5048">
     <span class='ocr_line' id='line_1_51' title="bbox 458 4974 2056 5048; baseline -0.004 -7"><span class='ocrx_word' id='word_1_387' title='bbox 458 4984 748 5041; x_wconf 72' lang='lat' dir='ltr'><strong><em>laestinam.</em></strong></span> <span class='ocrx_word' id='word_1_388' title='bbox 780 4978 886 5035; x_wconf 89' lang='lat' dir='ltr'><strong><em>Sed</em></strong></span> <span class='ocrx_word' id='word_1_389' title='bbox 916 4976 1188 5048; x_wconf 86' lang='lat' dir='ltr'><strong><em>quomodo</em></strong></span> <span class='ocrx_word' id='word_1_390' title='bbox 1235 4974 1462 5030; x_wconf 87' lang='lat' dir='ltr'><strong><em>scribit?</em></strong></span> <span class='ocrx_word' id='word_1_391' title='bbox 1489 4975 1953 5043; x_wconf 89' lang='lat' dir='ltr'><strong><em>Quemadmodum</em></strong></span> <span class='ocrx_word' id='word_1_392' title='bbox 2002 4991 2056 5038; x_wconf 87' lang='lat' dir='ltr'><strong><em>et</em></strong></span> 
     </span>
    </p>
   </div>
   <div class='ocr_carea' id='block_1_52' title="bbox 457 5066 2053 5147">
    <p class='ocr_par' dir='ltr' id='par_1_52' title="bbox 457 5066 2053 5147">
     <span class='ocr_line' id='line_1_52' title="bbox 457 5066 2053 5147; baseline 0.002 -21"><span class='ocrx_word' id='word_1_393' title='bbox 457 5074 791 5147; x_wconf 64' lang='lat' dir='ltr'><strong><em>baptizabat,</em></strong></span> <span class='ocrx_word' id='word_1_394' title='bbox 838 5085 947 5125; x_wconf 90' lang='lat' dir='ltr'><strong><em>non</em></strong></span> <span class='ocrx_word' id='word_1_395' title='bbox 972 5068 1156 5139; x_wconf 88' lang='lat' dir='ltr'><strong><em>jussus</em></strong></span> <span class='ocrx_word' id='word_1_396' title='bbox 1203 5066 1515 5134; x_wconf 82' lang='lat' dir='ltr'><strong><em>baptizare;</em></strong></span> <span class='ocrx_word' id='word_1_397' title='bbox 1548 5068 1622 5121; x_wconf 92' lang='lat' dir='ltr'><strong><em>ait</em></strong></span> <span class='ocrx_word' id='word_1_398' title='bbox 1663 5069 1809 5124; x_wconf 89' lang='lat' dir='ltr'><strong><em>enim</em></strong></span> <span class='ocrx_word' id='word_1_399' title='bbox 1857 5086 1916 5127; x_wconf 91' lang='lat' dir='ltr'><strong><em>se</em></strong></span> <span class='ocrx_word' id='word_1_400' title='bbox 1946 5088 2053 5129; x_wconf 93' lang='lat' dir='ltr'><strong><em>non</em></strong></span> 
     </span>
    </p>
   </div>
   <div class='ocr_carea' id='block_1_53' title="bbox 460 5156 2057 5233">
    <p class='ocr_par' dir='ltr' id='par_1_53' title="bbox 460 5156 2057 5233">
     <span class='ocr_line' id='line_1_53' title="bbox 460 5156 2057 5233; baseline -0.001 -9"><span class='ocrx_word' id='word_1_401' title='bbox 460 5170 688 5224; x_wconf 88' lang='lat' dir='ltr'><strong><em>missum</em></strong></span> <span class='ocrx_word' id='word_1_402' title='bbox 718 5164 782 5220; x_wconf 88' lang='lat' dir='ltr'><strong><em>ad</em></strong></span> <span class='ocrx_word' id='word_1_403' title='bbox 813 5158 1190 5233; x_wconf 83' lang='lat' dir='ltr'><strong><em>baptizandum</em></strong></span> <span class='ocrx_word' id='word_1_404' title='bbox 1223 5158 1304 5227; x_wconf 88' lang='grc'><strong>(1.</strong></span> <span class='ocrx_word' id='word_1_405' title='bbox 1337 5156 1457 5212; x_wconf 88' lang='lat' dir='ltr'><strong><em>Cor.</em></strong></span> <span class='ocrx_word' id='word_1_406' title='bbox 1491 5159 1542 5213; x_wconf 92' lang='grc'><strong><em>1.</em></strong></span> <span class='ocrx_word' id='word_1_407' title='bbox 1576 5162 1665 5230; x_wconf 79' lang='grc'><strong>17)</strong></span> <span class='ocrx_word' id='word_1_408' title='bbox 1698 5183 1710 5217; x_wconf 93' lang='lat'>:</span> <span class='ocrx_word' id='word_1_409' title='bbox 1745 5178 1846 5219; x_wconf 90' lang='lat' dir='ltr'><strong><em>nec</em></strong></span> <span class='ocrx_word' id='word_1_410' title='bbox 1877 5173 2057 5223; x_wconf 86' lang='lat' dir='ltr'><strong><em>tamen</em></strong></span> 
     </span>
    </p>
   </div>
   <div class='ocr_carea' id='block_1_54' title="bbox 460 5248 2059 5322">
    <p class='ocr_par' dir='ltr' id='par_1_54' title="bbox 460 5248 2059 5322">
     <span class='ocr_line' id='line_1_54' title="bbox 460 5248 2059 5322; baseline 0.003 -12"><span class='ocrx_word' id='word_1_411' title='bbox 460 5261 665 5317; x_wconf 61' lang='lat' dir='ltr'><strong><em>vetitus</em></strong></span> <span class='ocrx_word' id='word_1_412' title='bbox 691 5265 831 5321; x_wconf 86' lang='lat' dir='ltr'><strong><em>erat,</em></strong></span> <span class='ocrx_word' id='word_1_413' title='bbox 864 5252 959 5308; x_wconf 89' lang='lat' dir='ltr'><strong><em>sed</em></strong></span> <span class='ocrx_word' id='word_1_414' title='bbox 991 5266 1172 5322; x_wconf 71' lang='lat' dir='ltr'><strong><em>operte</em></strong></span> <span class='ocrx_word' id='word_1_415' title='bbox 1206 5250 1503 5305; x_wconf 87' lang='lat' dir='ltr'><strong><em>auctarium</em></strong></span> <span class='ocrx_word' id='word_1_416' title='bbox 1532 5248 1635 5306; x_wconf 87' lang='lat' dir='ltr'><strong><em>hoc</em></strong></span> <span class='ocrx_word' id='word_1_417' title='bbox 1665 5252 1813 5309; x_wconf 88' lang='lat' dir='ltr'><strong><em>fecit.</em></strong></span> <span class='ocrx_word' id='word_1_418' title='bbox 1856 5256 1927 5312; x_wconf 87' lang='lat' dir='ltr'><strong><em>Et</em></strong></span> <span class='ocrx_word' id='word_1_419' title='bbox 1962 5275 2059 5315; x_wconf 89' lang='lat' dir='ltr'><strong><em>cur</em></strong></span> 
     </span>
    </p>
   </div>
   <div class='ocr_carea' id='block_1_55' title="bbox 460 5340 2059 5412">
    <p class='ocr_par' dir='ltr' id='par_1_55' title="bbox 460 5340 2059 5412">
     <span class='ocr_line' id='line_1_55' title="bbox 460 5340 2059 5412; baseline 0.001 -7"><span class='ocrx_word' id='word_1_420' title='bbox 460 5352 547 5405; x_wconf 87' lang='lat' dir='ltr'><strong><em>his</em></strong></span> <span class='ocrx_word' id='word_1_421' title='bbox 580 5365 684 5403; x_wconf 85' lang='lat' dir='ltr'><strong><em>non</em></strong></span> <span class='ocrx_word' id='word_1_422' title='bbox 717 5347 999 5409; x_wconf 87' lang='lat' dir='ltr'><strong><em>scriberet,</em></strong></span> <span class='ocrx_word' id='word_1_423' title='bbox 1032 5357 1128 5412; x_wconf 91' lang='lat' dir='ltr'><strong><em>pro</em></strong></span> <span class='ocrx_word' id='word_1_424' title='bbox 1154 5340 1348 5411; x_wconf 91' lang='lat' dir='ltr'><strong><em>quibus</em></strong></span> <span class='ocrx_word' id='word_1_425' title='bbox 1373 5341 1659 5396; x_wconf 85' lang='lat' dir='ltr'><strong><em>anathema</em></strong></span> <span class='ocrx_word' id='word_1_426' title='bbox 1699 5359 1822 5402; x_wconf 87' lang='lat' dir='ltr'><strong><em>esse</em></strong></span> <span class='ocrx_word' id='word_1_427' title='bbox 1848 5349 2059 5407; x_wconf 89' lang='lat' dir='ltr'><strong><em>volebat</em></strong></span> 
     </span>
    </p>
   </div>
   <div class='ocr_carea' id='block_1_56' title="bbox 463 5432 2061 5515">
    <p class='ocr_par' dir='ltr' id='par_1_56' title="bbox 463 5432 2061 5515">
     <span class='ocr_line' id='line_1_56' title="bbox 463 5432 2061 5515; baseline 0.001 -18"><span class='ocrx_word' id='word_1_428' title='bbox 463 5446 645 5515; x_wconf 74' lang='lat' dir='ltr'><strong><em>(fiam.</em></strong></span> <span class='ocrx_word' id='word_1_429' title='bbox 674 5440 731 5495; x_wconf 81' lang='lat'><strong><em>9.</em></strong></span> <span class='ocrx_word' id='word_1_430' title='bbox 754 5440 849 5509; x_wconf 70' lang='lat'><strong><em>3)?</em></strong></span> <span class='ocrx_word' id='word_1_431' title='bbox 874 5437 1215 5505; x_wconf 88' lang='lat' dir='ltr'><strong><em>Quapropter</em></strong></span> <span class='ocrx_word' id='word_1_432' title='bbox 1241 5433 1376 5488; x_wconf 81' lang='lat' dir='ltr'><strong><em>dixit</em></strong></span> <span class='ocrx_word' id='word_1_433' title='bbox 1402 5451 1415 5487; x_wconf 92' lang='lat'><strong>:</strong></span> <span class='ocrx_word' id='word_1_434' title='bbox 1446 5432 1624 5489; x_wconf 80' lang='lat' dir='ltr'><strong><em>Nostis</em></strong></span> <span class='ocrx_word' id='word_1_435' title='bbox 1652 5438 1862 5509; x_wconf 80' lang='lat' dir='ltr'><strong><em>fratrem</em></strong></span> <span class='ocrx_word' id='word_1_436' title='bbox 1891 5441 2061 5499; x_wconf 84' lang='lat' dir='ltr'><strong><em>Timo-</em></strong></span> 
     </span>
    </p>
   </div>
   <div class='ocr_carea' id='block_1_57' title="bbox 464 5524 2059 5596">
    <p class='ocr_par' dir='ltr' id='par_1_57' title="bbox 464 5524 2059 5596">
     <span class='ocr_line' id='line_1_57' title="bbox 464 5524 2059 5596; baseline 0.003 -11"><span class='ocrx_word' id='word_1_437' title='bbox 464 5534 640 5586; x_wconf 86' lang='lat' dir='ltr'><strong><em>theum</em></strong></span> <span class='ocrx_word' id='word_1_438' title='bbox 665 5529 908 5594; x_wconf 88' lang='lat' dir='ltr'><strong><em>solutum,</em></strong></span> <span class='ocrx_word' id='word_1_439' title='bbox 928 5543 1045 5580; x_wconf 88' lang='lat' dir='ltr'><strong><em>cum</em></strong></span> <span class='ocrx_word' id='word_1_440' title='bbox 1062 5540 1183 5596; x_wconf 86' lang='lat' dir='ltr'><strong><em>quo,</em></strong></span> <span class='ocrx_word' id='word_1_441' title='bbox 1200 5524 1246 5579; x_wconf 87' lang='lat' dir='ltr'><strong><em>si</em></strong></span> <span class='ocrx_word' id='word_1_442' title='bbox 1271 5524 1523 5579; x_wconf 88' lang='lat' dir='ltr'><strong><em>maturius</em></strong></span> <span class='ocrx_word' id='word_1_443' title='bbox 1552 5529 1762 5594; x_wconf 75' lang='lat' dir='ltr'><strong><em>venerit,</em></strong></span> <span class='ocrx_word' id='word_1_444' title='bbox 1794 5534 1953 5587; x_wconf 80' lang='lat' dir='ltr'><strong><em>visam</em></strong></span> <span class='ocrx_word' id='word_1_445' title='bbox 1973 5551 2059 5591; x_wconf 84' lang='lat' dir='ltr'><strong><em>vos</em></strong></span> 
     </span>
    </p>
   </div>
   <div class='ocr_carea' id='block_1_58' title="bbox 466 5617 2055 5698">
    <p class='ocr_par' dir='ltr' id='par_1_58' title="bbox 466 5617 2055 5698">
     <span class='ocr_line' id='line_1_58' title="bbox 466 5617 2055 5698; baseline 0.003 -20"><span class='ocrx_word' id='word_1_446' title='bbox 466 5623 655 5698; x_wconf 85' lang='lat' dir='ltr'><strong><em>(Hebr.</em></strong></span> <span class='ocrx_word' id='word_1_447' title='bbox 691 5622 779 5678; x_wconf 77' lang='lat' dir='ltr'><strong><em>l5.</em></strong></span> <span class='ocrx_word' id='word_1_448' title='bbox 812 5620 933 5691; x_wconf 77' lang='lat'><strong><em>23).</em></strong></span> <span class='ocrx_word' id='word_1_449' title='bbox 964 5617 1209 5674; x_wconf 83' lang='lat' dir='ltr'><strong><em>Nondum</em></strong></span> <span class='ocrx_word' id='word_1_450' title='bbox 1259 5617 1403 5673; x_wconf 91' lang='lat' dir='ltr'><strong><em>enim</em></strong></span> <span class='ocrx_word' id='word_1_451' title='bbox 1443 5619 1872 5688; x_wconf 88' lang='lat' dir='ltr'><strong><em>comprehensus</em></strong></span> <span class='ocrx_word' id='word_1_452' title='bbox 1914 5635 2055 5682; x_wconf 87' lang='lat' dir='ltr'><strong><em>erat.</em></strong></span> 
     </span>
    </p>
   </div>
   <div class='ocr_carea' id='block_1_59' title="bbox 465 5710 2055 5786">
    <p class='ocr_par' dir='ltr' id='par_1_59' title="bbox 465 5710 2055 5786">
     <span class='ocr_line' id='line_1_59' title="bbox 465 5710 2055 5786; baseline -0.001 -14"><span class='ocrx_word' id='word_1_453' title='bbox 465 5719 605 5772; x_wconf 86' lang='lat' dir='ltr'><strong><em>Cum</em></strong></span> <span class='ocrx_word' id='word_1_454' title='bbox 648 5714 807 5786; x_wconf 83' lang='lat' dir='ltr'><strong><em>igitur</em></strong></span> <span class='ocrx_word' id='word_1_455' title='bbox 847 5711 1127 5768; x_wconf 89' lang='lat' dir='ltr'><strong><em>biennium</em></strong></span> <span class='ocrx_word' id='word_1_456' title='bbox 1172 5710 1358 5765; x_wconf 77' lang='lat' dir='ltr'><strong><em>Roma:</em></strong></span> <span class='ocrx_word' id='word_1_457' title='bbox 1408 5712 1677 5780; x_wconf 83' lang='lat' dir='ltr'><strong><em>exegisset</em></strong></span> <span class='ocrx_word' id='word_1_458' title='bbox 1711 5714 1764 5768; x_wconf 90' lang='lat' dir='ltr'><strong><em>in</em></strong></span> <span class='ocrx_word' id='word_1_459' title='bbox 1809 5715 2055 5783; x_wconf 87' lang='lat' dir='ltr'><strong><em>vincuiis,</em></strong></span> 
     </span>
    </p>
   </div>
   <div class='ocr_carea' id='block_1_60' title="bbox 476 5806 2056 5881">
    <p class='ocr_par' dir='ltr' id='par_1_60' title="bbox 476 5806 2056 5881">
     <span class='ocr_line' id='line_1_60' title="bbox 476 5806 2056 5881; baseline 0.001 -16"><span class='ocrx_word' id='word_1_460' title='bbox 476 5810 693 5866; x_wconf 86' lang='lat' dir='ltr'><strong><em>tandem</em></strong></span> <span class='ocrx_word' id='word_1_461' title='bbox 721 5808 975 5866; x_wconf 87' lang='lat' dir='ltr'><strong><em>dimissus</em></strong></span> <span class='ocrx_word' id='word_1_462' title='bbox 1002 5816 1117 5875; x_wconf 80' lang='lat' dir='ltr'><strong><em>est;</em></strong></span> <span class='ocrx_word' id='word_1_463' title='bbox 1145 5806 1338 5865; x_wconf 89' lang='lat' dir='ltr'><strong><em>deinde</em></strong></span> <span class='ocrx_word' id='word_1_464' title='bbox 1368 5807 1423 5863; x_wconf 89' lang='lat' dir='ltr'><strong><em>in</em></strong></span> <span class='ocrx_word' id='word_1_465' title='bbox 1447 5807 1728 5878; x_wconf 84' lang='lat' dir='ltr'><strong><em>Hispanias</em></strong></span> <span class='ocrx_word' id='word_1_466' title='bbox 1753 5814 2056 5881; x_wconf 78' lang='lat' dir='ltr'><strong><em>prolectus;</em></strong></span> 
     </span>
    </p>
   </div>
   <div class='ocr_carea' id='block_1_61' title="bbox 2129 469 3707 542">
    <p class='ocr_par' dir='ltr' id='par_1_61' title="bbox 2129 469 3707 542">
     <span class='ocr_line' id='line_1_61' title="bbox 2129 469 3707 542; baseline 0.004 -17"><span class='ocrx_word' id='word_1_467' title='bbox 2129 478 2315 540; x_wconf 90' lang='lat' dir='ltr'><strong><em>postea</em></strong></span> <span class='ocrx_word' id='word_1_468' title='bbox 2343 469 2398 526; x_wconf 91' lang='lat' dir='ltr'><strong><em>in</em></strong></span> <span class='ocrx_word' id='word_1_469' title='bbox 2420 469 2660 527; x_wconf 69' lang='lat' dir='ltr'><strong><em>Judteam</em></strong></span> <span class='ocrx_word' id='word_1_470' title='bbox 2691 472 2857 538; x_wconf 87' lang='lat' dir='ltr'><strong><em>venit,</em></strong></span> <span class='ocrx_word' id='word_1_471' title='bbox 2906 478 2962 528; x_wconf 91' lang='lat' dir='ltr'><strong><em>et</em></strong></span> <span class='ocrx_word' id='word_1_472' title='bbox 2994 470 3209 529; x_wconf 65' lang='lat' dir='ltr'><strong><em>Iudaeos</em></strong></span> <span class='ocrx_word' id='word_1_473' title='bbox 3253 471 3466 542; x_wconf 78' lang='lat' dir='ltr'><strong><em>invisit:</em></strong></span> <span class='ocrx_word' id='word_1_474' title='bbox 3512 489 3576 531; x_wconf 84' lang='lat' dir='ltr'><strong><em>ac</em></strong></span> <span class='ocrx_word' id='word_1_475' title='bbox 3601 485 3707 531; x_wconf 87' lang='lat' dir='ltr'><strong><em>tum</em></strong></span> 
     </span>
    </p>
   </div>
   <div class='ocr_carea' id='block_1_62' title="bbox 2126 562 3709 636">
    <p class='ocr_par' dir='ltr' id='par_1_62' title="bbox 2126 562 3709 636">
     <span class='ocr_line' id='line_1_62' title="bbox 2126 562 3709 636; baseline 0.003 -19"><span class='ocrx_word' id='word_1_476' title='bbox 2126 576 2313 618; x_wconf 90' lang='lat' dir='ltr'><strong><em>rursus</em></strong></span> <span class='ocrx_word' id='word_1_477' title='bbox 2354 562 2583 619; x_wconf 83' lang='lat' dir='ltr'><strong><em>Romam</em></strong></span> <span class='ocrx_word' id='word_1_478' title='bbox 2616 578 2867 620; x_wconf 84' lang='lat' dir='ltr'><strong><em>reversus</em></strong></span> <span class='ocrx_word' id='word_1_479' title='bbox 2895 572 3000 627; x_wconf 88' lang='lat' dir='ltr'><strong><em>est,</em></strong></span> <span class='ocrx_word' id='word_1_480' title='bbox 3031 563 3248 636; x_wconf 86' lang='lat' dir='ltr'><strong><em>quando</em></strong></span> <span class='ocrx_word' id='word_1_481' title='bbox 3289 573 3343 621; x_wconf 92' lang='lat' dir='ltr'><strong><em>et</em></strong></span> <span class='ocrx_word' id='word_1_482' title='bbox 3387 565 3709 636; x_wconf 89' lang='lat' dir='ltr'><strong><em>supplicium</em></strong></span> 
     </span>
    </p>
   </div>
   <div class='ocr_carea' id='block_1_63' title="bbox 2122 653 3708 726">
    <p class='ocr_par' dir='ltr' id='par_1_63' title="bbox 2122 653 3708 726">
     <span class='ocr_line' id='line_1_63' title="bbox 2122 653 3708 726; baseline 0.003 -18"><span class='ocrx_word' id='word_1_483' title='bbox 2122 654 2275 723; x_wconf 87' lang='lat' dir='ltr'><strong><em>jussu</em></strong></span> <span class='ocrx_word' id='word_1_484' title='bbox 2324 653 2556 711; x_wconf 85' lang='lat' dir='ltr'><strong><em>Neronis</em></strong></span> <span class='ocrx_word' id='word_1_485' title='bbox 2587 655 2824 725; x_wconf 85' lang='lat' dir='ltr'><strong><em>pertulit.</em></strong></span> <span class='ocrx_word' id='word_1_486' title='bbox 2856 656 3093 712; x_wconf 86' lang='lat' dir='ltr'><strong><em>Proinde</em></strong></span> <span class='ocrx_word' id='word_1_487' title='bbox 3136 656 3361 726; x_wconf 90' lang='lat' dir='ltr'><strong><em>epistola</em></strong></span> <span class='ocrx_word' id='word_1_488' title='bbox 3408 658 3475 712; x_wconf 90' lang='lat' dir='ltr'><strong><em>ad</em></strong></span> <span class='ocrx_word' id='word_1_489' title='bbox 3527 657 3708 712; x_wconf 84' lang='lat' dir='ltr'><strong><em>Timo-</em></strong></span> 
     </span>
    </p>
   </div>
   <div class='ocr_carea' id='block_1_64' title="bbox 2129 746 3710 822">
    <p class='ocr_par' dir='ltr' id='par_1_64' title="bbox 2129 746 3710 822">
     <span class='ocr_line' id='line_1_64' title="bbox 2129 746 3710 822; baseline 0.003 -21"><span class='ocrx_word' id='word_1_490' title='bbox 2129 746 2311 803; x_wconf 88' lang='lat' dir='ltr'><strong><em>theum</em></strong></span> <span class='ocrx_word' id='word_1_491' title='bbox 2354 747 2627 817; x_wconf 88' lang='lat' dir='ltr'><strong><em>antiquior</em></strong></span> <span class='ocrx_word' id='word_1_492' title='bbox 2656 748 2757 803; x_wconf 92' lang='lat' dir='ltr'><strong><em>hac</em></strong></span> <span class='ocrx_word' id='word_1_493' title='bbox 2800 757 2916 816; x_wconf 90' lang='lat' dir='ltr'><strong><em>est;</em></strong></span> <span class='ocrx_word' id='word_1_494' title='bbox 2948 749 3057 805; x_wconf 90' lang='lat' dir='ltr'><strong><em>illic</em></strong></span> <span class='ocrx_word' id='word_1_495' title='bbox 3084 750 3227 805; x_wconf 89' lang='lat' dir='ltr'><strong><em>enim</em></strong></span> <span class='ocrx_word' id='word_1_496' title='bbox 3256 750 3406 816; x_wconf 89' lang='lat' dir='ltr'><strong><em>dicit,</em></strong></span> <span class='ocrx_word' id='word_1_497' title='bbox 3441 750 3551 822; x_wconf 85' lang='lat' dir='ltr'><strong><em>Ego</em></strong></span> <span class='ocrx_word' id='word_1_498' title='bbox 3582 752 3710 805; x_wconf 85' lang='lat' dir='ltr'><strong><em>enim</em></strong></span> 
     </span>
    </p>
   </div>
   <div class='ocr_carea' id='block_1_65' title="bbox 2116 840 3713 911">
    <p class='ocr_par' dir='ltr' id='par_1_65' title="bbox 2116 840 3713 911">
     <span class='ocr_line' id='line_1_65' title="bbox 2116 840 3713 911; baseline 0.003 -18"><span class='ocrx_word' id='word_1_499' title='bbox 2116 840 2233 910; x_wconf 87' lang='lat' dir='ltr'><strong><em>jam</em></strong></span> <span class='ocrx_word' id='word_1_500' title='bbox 2271 840 2543 906; x_wconf 89' lang='lat' dir='ltr'><strong><em>immolor;</em></strong></span> <span class='ocrx_word' id='word_1_501' title='bbox 2588 849 2644 897; x_wconf 91' lang='lat' dir='ltr'><strong><em>et</em></strong></span> <span class='ocrx_word' id='word_1_502' title='bbox 2683 856 2923 907; x_wconf 87' lang='lat' dir='ltr'><strong><em>rursum,</em></strong></span> <span class='ocrx_word' id='word_1_503' title='bbox 2970 840 3038 895; x_wconf 89' lang='lat' dir='ltr'><strong><em>In</em></strong></span> <span class='ocrx_word' id='word_1_504' title='bbox 3077 841 3241 911; x_wconf 88' lang='lat' dir='ltr'><strong><em>prima</em></strong></span> <span class='ocrx_word' id='word_1_505' title='bbox 3285 858 3397 896; x_wconf 88' lang='lat' dir='ltr'><strong><em>mea</em></strong></span> <span class='ocrx_word' id='word_1_506' title='bbox 3426 842 3713 911; x_wconf 81' lang='lat' dir='ltr'><strong><em>defensione</em></strong></span> 
     </span>
    </p>
   </div>
   <div class='ocr_carea' id='block_1_66' title="bbox 2127 931 3705 1005">
    <p class='ocr_par' dir='ltr' id='par_1_66' title="bbox 2127 931 3705 1005">
     <span class='ocr_line' id='line_1_66' title="bbox 2127 931 3705 1005; baseline 0.002 -19"><span class='ocrx_word' id='word_1_507' title='bbox 2127 947 2272 987; x_wconf 86' lang='lat' dir='ltr'><strong><em>nemo</em></strong></span> <span class='ocrx_word' id='word_1_508' title='bbox 2313 933 2438 986; x_wconf 84' lang='lat' dir='ltr'><strong><em>mihi</em></strong></span> <span class='ocrx_word' id='word_1_509' title='bbox 2463 932 2631 1004; x_wconf 86' lang='lat' dir='ltr'><strong><em>adfuit</em></strong></span> <span class='ocrx_word' id='word_1_510' title='bbox 2664 931 2739 1003; x_wconf 82' lang='lat'><strong><em>(2.</em></strong></span> <span class='ocrx_word' id='word_1_511' title='bbox 2782 933 2914 987; x_wconf 87' lang='lat' dir='ltr'><strong><em>Tim.</em></strong></span> <span class='ocrx_word' id='word_1_512' title='bbox 2946 935 3001 989; x_wconf 75' lang='grc'><strong>4.</strong></span> <span class='ocrx_word' id='word_1_513' title='bbox 3041 934 3093 989; x_wconf 89' lang='grc'><strong>6.</strong></span> <span class='ocrx_word' id='word_1_514' title='bbox 3138 944 3185 987; x_wconf 87' lang='lat' dir='ltr'><strong><em>et</em></strong></span> <span class='ocrx_word' id='word_1_515' title='bbox 3216 932 3305 1005; x_wconf 86' lang='grc'><strong>16)</strong></span> <span class='ocrx_word' id='word_1_516' title='bbox 3358 934 3517 1004; x_wconf 73' lang='lat' dir='ltr'><strong><em>Saepe</em></strong></span> <span class='ocrx_word' id='word_1_517' title='bbox 3556 950 3705 990; x_wconf 85' lang='lat' dir='ltr'><strong><em>nam-</em></strong></span> 
     </span>
    </p>
   </div>
   <div class='ocr_carea' id='block_1_67' title="bbox 2127 1023 3712 1094">
    <p class='ocr_par' dir='ltr' id='par_1_67' title="bbox 2127 1023 3712 1094">
     <span class='ocr_line' id='line_1_67' title="bbox 2127 1023 3712 1094; baseline 0.001 -15"><span class='ocrx_word' id='word_1_518' title='bbox 2127 1039 2231 1094; x_wconf 91' lang='lat' dir='ltr'><strong><em>que</em></strong></span> <span class='ocrx_word' id='word_1_519' title='bbox 2264 1023 2515 1089; x_wconf 86' lang='lat' dir='ltr'><strong><em>certavit,</em></strong></span> <span class='ocrx_word' id='word_1_520' title='bbox 2553 1023 3006 1094; x_wconf 86' lang='lat' dir='ltr'><strong><em>quemadmodum</em></strong></span> <span class='ocrx_word' id='word_1_521' title='bbox 3049 1033 3104 1079; x_wconf 92' lang='lat' dir='ltr'><strong><em>et</em></strong></span> <span class='ocrx_word' id='word_1_522' title='bbox 3139 1024 3712 1081; x_wconf 87' lang='lat' dir='ltr'><strong><em>Thessalonicensibus</em></strong></span> 
     </span>
    </p>
   </div>
   <div class='ocr_carea' id='block_1_68' title="bbox 2129 1114 3714 1188">
    <p class='ocr_par' dir='ltr' id='par_1_68' title="bbox 2129 1114 3714 1188">
     <span class='ocr_line' id='line_1_68' title="bbox 2129 1114 3714 1188; baseline 0.002 -17"><span class='ocrx_word' id='word_1_523' title='bbox 2129 1114 2313 1171; x_wconf 87' lang='lat' dir='ltr'><strong><em>scribit</em></strong></span> <span class='ocrx_word' id='word_1_524' title='bbox 2368 1134 2382 1170; x_wconf 90' lang='lat'><strong>:</strong></span> <span class='ocrx_word' id='word_1_525' title='bbox 2430 1115 2725 1171; x_wconf 87' lang='lat' dir='ltr'><strong><em>Imitatores</em></strong></span> <span class='ocrx_word' id='word_1_526' title='bbox 2771 1118 2896 1188; x_wconf 91' lang='lat' dir='ltr'><strong><em>facti</em></strong></span> <span class='ocrx_word' id='word_1_527' title='bbox 2949 1118 3065 1172; x_wconf 88' lang='lat' dir='ltr'><strong><em>estis</em></strong></span> <span class='ocrx_word' id='word_1_528' title='bbox 3118 1116 3470 1173; x_wconf 84' lang='lat' dir='ltr'><strong><em>Ecclesiarum</em></strong></span> <span class='ocrx_word' id='word_1_529' title='bbox 3517 1119 3714 1174; x_wconf 72' lang='lat' dir='ltr'><strong><em>Judrm</em></strong></span> 
     </span>
    </p>
   </div>
   <div class='ocr_carea' id='block_1_69' title="bbox 2133 1206 3709 1282">
    <p class='ocr_par' dir='ltr' id='par_1_69' title="bbox 2133 1206 3709 1282">
     <span class='ocr_line' id='line_1_69' title="bbox 2133 1206 3709 1282; baseline 0 -19"><span class='ocrx_word' id='word_1_530' title='bbox 2133 1209 2208 1279; x_wconf 93' lang='grc'><strong>(1.</strong></span> <span class='ocrx_word' id='word_1_531' title='bbox 2241 1206 2417 1262; x_wconf 83' lang='lat' dir='ltr'><strong><em>Thess.</em></strong></span> <span class='ocrx_word' id='word_1_532' title='bbox 2448 1208 2502 1261; x_wconf 86' lang='lat'><strong><em>2.</em></strong></span> <span class='ocrx_word' id='word_1_533' title='bbox 2528 1208 2641 1280; x_wconf 68' lang='grc'><strong>14).</strong></span> <span class='ocrx_word' id='word_1_534' title='bbox 2669 1208 2808 1275; x_wconf 88' lang='lat' dir='ltr'><strong><em>Quin</em></strong></span> <span class='ocrx_word' id='word_1_535' title='bbox 2830 1218 2885 1264; x_wconf 90' lang='lat' dir='ltr'><strong><em>et</em></strong></span> <span class='ocrx_word' id='word_1_536' title='bbox 2912 1209 3041 1279; x_wconf 87' lang='lat' dir='ltr'><strong><em>ipsis</em></strong></span> <span class='ocrx_word' id='word_1_537' title='bbox 3064 1210 3325 1276; x_wconf 84' lang='lat' dir='ltr'><strong><em>scribens,</em></strong></span> <span class='ocrx_word' id='word_1_538' title='bbox 3349 1208 3477 1265; x_wconf 87' lang='lat' dir='ltr'><strong><em>Cum</em></strong></span> <span class='ocrx_word' id='word_1_539' title='bbox 3504 1212 3709 1282; x_wconf 86' lang='lat' dir='ltr'><strong><em>gaudio,</em></strong></span> 
     </span>
    </p>
   </div>
   <div class='ocr_carea' id='block_1_70' title="bbox 2130 1299 3714 1373">
    <p class='ocr_par' dir='ltr' id='par_1_70' title="bbox 2130 1299 3714 1373">
     <span class='ocr_line' id='line_1_70' title="bbox 2130 1299 3714 1373; baseline 0.002 -20"><span class='ocrx_word' id='word_1_540' title='bbox 2130 1299 2323 1370; x_wconf 66' lang='lat' dir='ltr'><strong><em>inquit,</em></strong></span> <span class='ocrx_word' id='word_1_541' title='bbox 2376 1299 2713 1369; x_wconf 87' lang='lat' dir='ltr'><strong><em>direptionem</em></strong></span> <span class='ocrx_word' id='word_1_542' title='bbox 2761 1301 3068 1371; x_wconf 88' lang='lat' dir='ltr'><strong><em>facultatum</em></strong></span> <span class='ocrx_word' id='word_1_543' title='bbox 3119 1310 3401 1355; x_wconf 79' lang='lat' dir='ltr'><strong><em>vestrarum</em></strong></span> <span class='ocrx_word' id='word_1_544' title='bbox 3453 1304 3714 1373; x_wconf 82' lang='lat' dir='ltr'><strong><em>accepistis</em></strong></span> 
     </span>
    </p>
   </div>
   <div class='ocr_carea' id='block_1_71' title="bbox 2132 1393 3712 1467">
    <p class='ocr_par' dir='ltr' id='par_1_71' title="bbox 2132 1393 3712 1467">
     <span class='ocr_line' id='line_1_71' title="bbox 2132 1393 3712 1467; baseline 0.003 -20"><span class='ocrx_word' id='word_1_545' title='bbox 2132 1393 2316 1467; x_wconf 86' lang='lat' dir='ltr'><strong><em>(Hebr.</em></strong></span> <span class='ocrx_word' id='word_1_546' title='bbox 2371 1393 2457 1451; x_wconf 87' lang='grc'><strong>10.</strong></span> <span class='ocrx_word' id='word_1_547' title='bbox 2505 1395 2616 1467; x_wconf 76' lang='grc'><strong>54).</strong></span> <span class='ocrx_word' id='word_1_548' title='bbox 2654 1394 2817 1450; x_wconf 79' lang='lat' dir='ltr'><strong><em>Vides</em></strong></span> <span class='ocrx_word' id='word_1_549' title='bbox 2860 1410 3047 1449; x_wconf 90' lang='lat' dir='ltr'><strong><em>eorum</em></strong></span> <span class='ocrx_word' id='word_1_550' title='bbox 3090 1395 3422 1450; x_wconf 84' lang='lat' dir='ltr'><strong><em>certamina?</em></strong></span> <span class='ocrx_word' id='word_1_551' title='bbox 3472 1394 3625 1462; x_wconf 90' lang='lat' dir='ltr'><strong><em>Quod</em></strong></span> <span class='ocrx_word' id='word_1_552' title='bbox 3669 1395 3712 1451; x_wconf 91' lang='lat' dir='ltr'><strong><em>si</em></strong></span> 
     </span>
    </p>
   </div>
   <div class='ocr_carea' id='block_1_72' title="bbox 2130 1486 3713 1557">
    <p class='ocr_par' dir='ltr' id='par_1_72' title="bbox 2130 1486 3713 1557">
     <span class='ocr_line' id='line_1_72' title="bbox 2130 1486 3713 1557; baseline 0.001 -17"><span class='ocrx_word' id='word_1_553' title='bbox 2130 1487 2404 1557; x_wconf 90' lang='lat' dir='ltr'><strong><em>apostolos</em></strong></span> <span class='ocrx_word' id='word_1_554' title='bbox 2447 1487 2519 1542; x_wconf 91' lang='lat' dir='ltr'><strong><em>ita</em></strong></span> <span class='ocrx_word' id='word_1_555' title='bbox 2549 1486 2876 1553; x_wconf 89' lang='lat' dir='ltr'><strong><em>tractabant,</em></strong></span> <span class='ocrx_word' id='word_1_556' title='bbox 2929 1502 3035 1543; x_wconf 92' lang='lat' dir='ltr'><strong><em>non</em></strong></span> <span class='ocrx_word' id='word_1_557' title='bbox 3082 1487 3135 1541; x_wconf 92' lang='lat' dir='ltr'><strong><em>in</em></strong></span> <span class='ocrx_word' id='word_1_558' title='bbox 3165 1486 3349 1542; x_wconf 77' lang='lat' dir='ltr'><strong><em>Judzea</em></strong></span> <span class='ocrx_word' id='word_1_559' title='bbox 3398 1487 3578 1551; x_wconf 78' lang='lat' dir='ltr'><strong><em>modo,</em></strong></span> <span class='ocrx_word' id='word_1_560' title='bbox 3622 1488 3713 1541; x_wconf 74' lang='lat' dir='ltr'><strong><em>sed</em></strong></span> 
     </span>
    </p>
   </div>
   <div class='ocr_carea' id='block_1_73' title="bbox 2135 1578 3713 1650">
    <p class='ocr_par' dir='ltr' id='par_1_73' title="bbox 2135 1578 3713 1650">
     <span class='ocr_line' id='line_1_73' title="bbox 2135 1578 3713 1650; baseline 0 -17"><span class='ocrx_word' id='word_1_561' title='bbox 2135 1579 2457 1650; x_wconf 90' lang='lat' dir='ltr'><strong><em>ubicumque</em></strong></span> <span class='ocrx_word' id='word_1_562' title='bbox 2499 1579 2641 1633; x_wconf 90' lang='lat' dir='ltr'><strong><em>inter</em></strong></span> <span class='ocrx_word' id='word_1_563' title='bbox 2690 1578 2919 1649; x_wconf 85' lang='lat' dir='ltr'><strong><em>gentiles</em></strong></span> <span class='ocrx_word' id='word_1_564' title='bbox 2961 1578 3229 1649; x_wconf 85' lang='lat' dir='ltr'><strong><em>degebant</em></strong></span> <span class='ocrx_word' id='word_1_565' title='bbox 3267 1578 3436 1649; x_wconf 90' lang='lat' dir='ltr'><strong><em>:quid</em></strong></span> <span class='ocrx_word' id='word_1_566' title='bbox 3480 1594 3586 1632; x_wconf 84' lang='lat' dir='ltr'><strong><em>non</em></strong></span> <span class='ocrx_word' id='word_1_567' title='bbox 3638 1578 3713 1633; x_wconf 86' lang='lat' dir='ltr'><strong><em>fa-</em></strong></span> 
     </span>
    </p>
   </div>
   <div class='ocr_carea' id='block_1_74' title="bbox 2130 1668 3714 1727">
    <p class='ocr_par' dir='ltr' id='par_1_74' title="bbox 2130 1668 3714 1727">
     <span class='ocr_line' id='line_1_74' title="bbox 2130 1668 3714 1727; baseline -0.002 0"><span class='ocrx_word' id='word_1_568' title='bbox 2130 1672 2266 1727; x_wconf 91' lang='lat' dir='ltr'><strong><em>cturi</em></strong></span> <span class='ocrx_word' id='word_1_569' title='bbox 2296 1679 2452 1727; x_wconf 85' lang='lat' dir='ltr'><strong><em>erant</em></strong></span> <span class='ocrx_word' id='word_1_570' title='bbox 2479 1671 2693 1726; x_wconf 63' lang='lat' dir='ltr'><strong><em>exteris</em></strong></span> <span class='ocrx_word' id='word_1_571' title='bbox 2719 1669 3009 1726; x_wconf 83' lang='lat' dir='ltr'><strong><em>ﬁdelibus?</em></strong></span> <span class='ocrx_word' id='word_1_572' title='bbox 3034 1668 3160 1725; x_wconf 87' lang='lat' dir='ltr'><strong><em>Ideo</em></strong></span> <span class='ocrx_word' id='word_1_573' title='bbox 3190 1669 3340 1725; x_wconf 82' lang='lat' dir='ltr'><strong><em>vides</em></strong></span> <span class='ocrx_word' id='word_1_574' title='bbox 3367 1684 3489 1725; x_wconf 91' lang='lat' dir='ltr'><strong><em>eum</em></strong></span> <span class='ocrx_word' id='word_1_575' title='bbox 3522 1670 3714 1725; x_wconf 91' lang='lat' dir='ltr'><strong><em>horum</em></strong></span> 
     </span>
    </p>
   </div>
   <div class='ocr_carea' id='block_1_75' title="bbox 2132 1761 3715 1833">
    <p class='ocr_par' dir='ltr' id='par_1_75' title="bbox 2132 1761 3715 1833">
     <span class='ocr_line' id='line_1_75' title="bbox 2132 1761 3715 1833; baseline -0.002 -15"><span class='ocrx_word' id='word_1_576' title='bbox 2132 1778 2318 1819; x_wconf 90' lang='lat' dir='ltr'><strong><em>curam</em></strong></span> <span class='ocrx_word' id='word_1_577' title='bbox 2350 1776 2541 1833; x_wconf 87' lang='lat' dir='ltr'><strong><em>gerere</em></strong></span> <span class='ocrx_word' id='word_1_578' title='bbox 2581 1762 2927 1833; x_wconf 65' lang='lat' dir='ltr'><strong><em>praecipuam.</em></strong></span> <span class='ocrx_word' id='word_1_579' title='bbox 2956 1761 3089 1816; x_wconf 81' lang='lat' dir='ltr'><strong><em>Cum</em></strong></span> <span class='ocrx_word' id='word_1_580' title='bbox 3134 1761 3279 1816; x_wconf 90' lang='lat' dir='ltr'><strong><em>enim</em></strong></span> <span class='ocrx_word' id='word_1_581' title='bbox 3307 1761 3457 1827; x_wconf 87' lang='lat' dir='ltr'><strong><em>dicit,</em></strong></span> <span class='ocrx_word' id='word_1_582' title='bbox 3494 1761 3715 1831; x_wconf 82' lang='lat' dir='ltr'><strong><em>Pro/ici-</em></strong></span> 
     </span>
    </p>
   </div>
   <div class='ocr_carea' id='block_1_76' title="bbox 2132 1845 3714 1924">
    <p class='ocr_par' dir='ltr' id='par_1_76' title="bbox 2132 1845 3714 1924">
     <span class='ocr_line' id='line_1_76' title="bbox 2132 1845 3714 1924; baseline -0.001 -15"><span class='ocrx_word' id='word_1_583' title='bbox 2132 1871 2245 1909; x_wconf 83' lang='lat' dir='ltr'><strong><em>scor</em></strong></span> <span class='ocrx_word' id='word_1_584' title='bbox 2272 1854 2653 1908; x_wconf 88' lang='lat' dir='ltr'><strong><em>ministraturus</em></strong></span> <span class='ocrx_word' id='word_1_585' title='bbox 2677 1854 2867 1908; x_wconf 89' lang='lat' dir='ltr'><strong><em>sanctis</em></strong></span> <span class='ocrx_word' id='word_1_586' title='bbox 2885 1851 3224 1923; x_wconf 73' lang='lat' dir='ltr'><strong><em>Jerosolyma:</em></strong></span> <span class='ocrx_word' id='word_1_587' title='bbox 3247 1845 3426 1922; x_wconf 80' lang='lat' dir='ltr'><strong><em>(Rom.</em></strong></span> <span class='ocrx_word' id='word_1_588' title='bbox 3464 1853 3554 1909; x_wconf 84' lang='grc'><strong>15.</strong></span> <span class='ocrx_word' id='word_1_589' title='bbox 3586 1854 3677 1924; x_wconf 80' lang='grc'><strong>25)</strong></span> <span class='ocrx_word' id='word_1_590' title='bbox 3700 1872 3714 1919; x_wconf 90' lang='lat'><strong>;</strong></span> 
     </span>
    </p>
   </div>
   <div class='ocr_carea' id='block_1_77' title="bbox 2133 1940 3718 2000">
    <p class='ocr_par' dir='ltr' id='par_1_77' title="bbox 2133 1940 3718 2000">
     <span class='ocr_line' id='line_1_77' title="bbox 2133 1940 3718 2000; baseline 0 -1"><span class='ocrx_word' id='word_1_591' title='bbox 2133 1956 2190 2000; x_wconf 91' lang='lat' dir='ltr'><strong><em>et</em></strong></span> <span class='ocrx_word' id='word_1_592' title='bbox 2214 1940 2425 2000; x_wconf 89' lang='lat' dir='ltr'><strong><em>rursum</em></strong></span> <span class='ocrx_word' id='word_1_593' title='bbox 2454 1959 2574 1999; x_wconf 91' lang='lat' dir='ltr'><strong><em>cum</em></strong></span> <span class='ocrx_word' id='word_1_594' title='bbox 2616 1943 2933 1999; x_wconf 88' lang='lat' dir='ltr'><strong><em>adhortatur</em></strong></span> <span class='ocrx_word' id='word_1_595' title='bbox 2967 1943 3275 1999; x_wconf 85' lang='lat' dir='ltr'><strong><em>Corinthios</em></strong></span> <span class='ocrx_word' id='word_1_596' title='bbox 3317 1943 3383 1998; x_wconf 92' lang='lat' dir='ltr'><strong><em>ad</em></strong></span> <span class='ocrx_word' id='word_1_597' title='bbox 3414 1945 3718 2000; x_wconf 81' lang='lat' dir='ltr'><strong><em>beneﬁcen-</em></strong></span> 
     </span>
    </p>
   </div>
   <div class='ocr_carea' id='block_1_78' title="bbox 2133 2037 3721 2107">
    <p class='ocr_par' dir='ltr' id='par_1_78' title="bbox 2133 2037 3721 2107">
     <span class='ocr_line' id='line_1_78' title="bbox 2133 2037 3721 2107; baseline 0.001 -15"><span class='ocrx_word' id='word_1_598' title='bbox 2133 2038 2284 2105; x_wconf 88' lang='lat' dir='ltr'><strong><em>tiam,</em></strong></span> <span class='ocrx_word' id='word_1_599' title='bbox 2333 2037 2577 2093; x_wconf 89' lang='lat' dir='ltr'><strong><em>scribens</em></strong></span> <span class='ocrx_word' id='word_1_600' title='bbox 2625 2037 2941 2092; x_wconf 83' lang='lat' dir='ltr'><strong><em>Macedonas</em></strong></span> <span class='ocrx_word' id='word_1_601' title='bbox 2984 2037 3095 2107; x_wconf 88' lang='lat' dir='ltr'><strong><em>jam</em></strong></span> <span class='ocrx_word' id='word_1_602' title='bbox 3139 2037 3479 2105; x_wconf 81' lang='lat' dir='ltr'><strong><em>collationem</em></strong></span> <span class='ocrx_word' id='word_1_603' title='bbox 3531 2037 3721 2093; x_wconf 72' lang='lat' dir='ltr'><strong><em>fecisse</em></strong></span> 
     </span>
    </p>
   </div>
   <div class='ocr_carea' id='block_1_79' title="bbox 2134 2129 3722 2203">
    <p class='ocr_par' dir='ltr' id='par_1_79' title="bbox 2134 2129 3722 2203">
     <span class='ocr_line' id='line_1_79' title="bbox 2134 2129 3722 2203; baseline 0.001 -18"><span class='ocrx_word' id='word_1_604' title='bbox 2134 2131 2211 2201; x_wconf 80' lang='lat'><strong><em>(2.</em></strong></span> <span class='ocrx_word' id='word_1_605' title='bbox 2239 2129 2356 2187; x_wconf 86' lang='lat' dir='ltr'><strong><em>Cor.</em></strong></span> <span class='ocrx_word' id='word_1_606' title='bbox 2376 2131 2431 2187; x_wconf 87' lang='lat'><strong><em>8.</em></strong></span> <span class='ocrx_word' id='word_1_607' title='bbox 2461 2131 2536 2203; x_wconf 86' lang='grc'><strong>1),</strong></span> <span class='ocrx_word' id='word_1_608' title='bbox 2566 2130 2768 2186; x_wconf 86' lang='lat' dir='ltr'><strong><em>addens</em></strong></span> <span class='ocrx_word' id='word_1_609' title='bbox 2797 2144 2855 2185; x_wconf 91' lang='lat' dir='ltr'><strong><em>se</em></strong></span> <span class='ocrx_word' id='word_1_610' title='bbox 2880 2145 3091 2201; x_wconf 89' lang='lat' dir='ltr'><strong><em>quoque</em></strong></span> <span class='ocrx_word' id='word_1_611' title='bbox 3115 2130 3161 2186; x_wconf 90' lang='lat' dir='ltr'><strong><em>si</em></strong></span> <span class='ocrx_word' id='word_1_612' title='bbox 3191 2145 3325 2199; x_wconf 72' lang='lat' dir='ltr'><strong><em>opus</em></strong></span> <span class='ocrx_word' id='word_1_613' title='bbox 3356 2131 3427 2185; x_wconf 89' lang='lat' dir='ltr'><strong><em>sit</em></strong></span> <span class='ocrx_word' id='word_1_614' title='bbox 3460 2130 3722 2199; x_wconf 84' lang='lat' dir='ltr'><strong><em>profectu-</em></strong></span> 
     </span>
    </p>
   </div>
   <div class='ocr_carea' id='block_1_80' title="bbox 2132 2221 3722 2293">
    <p class='ocr_par' dir='ltr' id='par_1_80' title="bbox 2132 2221 3722 2293">
     <span class='ocr_line' id='line_1_80' title="bbox 2132 2221 3722 2293; baseline 0.001 -15"><span class='ocrx_word' id='word_1_615' title='bbox 2132 2239 2271 2278; x_wconf 88' lang='lat' dir='ltr'><strong><em>rum.</em></strong></span> <span class='ocrx_word' id='word_1_616' title='bbox 2300 2223 2365 2277; x_wconf 87' lang='lat' dir='ltr'><strong><em>Et</em></strong></span> <span class='ocrx_word' id='word_1_617' title='bbox 2391 2237 2513 2278; x_wconf 89' lang='lat' dir='ltr'><strong><em>eum</em></strong></span> <span class='ocrx_word' id='word_1_618' title='bbox 2556 2222 2703 2287; x_wconf 81' lang='lat' dir='ltr'><strong><em>dicit,</em></strong></span> <span class='ocrx_word' id='word_1_619' title='bbox 2731 2221 2953 2277; x_wconf 89' lang='lat' dir='ltr'><strong><em>Tantum</em></strong></span> <span class='ocrx_word' id='word_1_620' title='bbox 2990 2233 3043 2275; x_wconf 93' lang='lat' dir='ltr'><strong><em>ut</em></strong></span> <span class='ocrx_word' id='word_1_621' title='bbox 3069 2239 3349 2293; x_wconf 88' lang='lat' dir='ltr'><strong><em>pauperum</em></strong></span> <span class='ocrx_word' id='word_1_622' title='bbox 3378 2240 3621 2278; x_wconf 86' lang='lat' dir='ltr'><strong><em>memores</em></strong></span> <span class='ocrx_word' id='word_1_623' title='bbox 3648 2243 3722 2279; x_wconf 84' lang='lat' dir='ltr'><strong><em>es—</em></strong></span> 
     </span>
    </p>
   </div>
   <div class='ocr_carea' id='block_1_81' title="bbox 2132 2304 3720 2387">
    <p class='ocr_par' dir='ltr' id='par_1_81' title="bbox 2132 2304 3720 2387">
     <span class='ocr_line' id='line_1_81' title="bbox 2132 2304 3720 2387; baseline 0.002 -19"><span class='ocrx_word' id='word_1_624' title='bbox 2132 2330 2320 2380; x_wconf 89' lang='lat' dir='ltr'><strong><em>semus,</em></strong></span> <span class='ocrx_word' id='word_1_625' title='bbox 2358 2314 2413 2366; x_wconf 87' lang='lat' dir='ltr'><strong><em>id</em></strong></span> <span class='ocrx_word' id='word_1_626' title='bbox 2458 2314 2595 2383; x_wconf 88' lang='lat' dir='ltr'><strong><em>quod</em></strong></span> <span class='ocrx_word' id='word_1_627' title='bbox 2641 2313 2907 2383; x_wconf 88' lang='lat' dir='ltr'><strong><em>diligenter</em></strong></span> <span class='ocrx_word' id='word_1_628' title='bbox 2955 2315 3131 2367; x_wconf 85' lang='lat' dir='ltr'><strong><em>curavi</em></strong></span> <span class='ocrx_word' id='word_1_629' title='bbox 3160 2304 3301 2385; x_wconf 81' lang='lat' dir='ltr'><strong><em>(Gal.</em></strong></span> <span class='ocrx_word' id='word_1_630' title='bbox 3333 2314 3385 2368; x_wconf 85' lang='lat'><strong><em>2.</em></strong></span> <span class='ocrx_word' id='word_1_631' title='bbox 3422 2317 3533 2387; x_wconf 89' lang='grc'><strong>10),</strong></span> <span class='ocrx_word' id='word_1_632' title='bbox 3586 2317 3720 2371; x_wconf 84' lang='lat' dir='ltr'><strong><em>idem</em></strong></span> 
     </span>
    </p>
   </div>
   <div class='ocr_carea' id='block_1_82' title="bbox 2132 2402 3724 2469">
    <p class='ocr_par' dir='ltr' id='par_1_82' title="bbox 2132 2402 3724 2469">
     <span class='ocr_line' id='line_1_82' title="bbox 2132 2402 3724 2469; baseline 0.001 -8"><span class='ocrx_word' id='word_1_633' title='bbox 2132 2406 2281 2462; x_wconf 89' lang='lat' dir='ltr'><strong><em>dicit.</em></strong></span> <span class='ocrx_word' id='word_1_634' title='bbox 2335 2405 2565 2460; x_wconf 84' lang='lat' dir='ltr'><strong><em>Rursum</em></strong></span> <span class='ocrx_word' id='word_1_635' title='bbox 2621 2404 2809 2460; x_wconf 88' lang='lat' dir='ltr'><strong><em>dicens</em></strong></span> <span class='ocrx_word' id='word_1_636' title='bbox 2838 2444 2854 2469; x_wconf 90' lang='lat'><strong><em>,</em></strong></span> <span class='ocrx_word' id='word_1_637' title='bbox 2909 2402 3130 2459; x_wconf 76' lang='lat' dir='ltr'><strong><em>Dextras</em></strong></span> <span class='ocrx_word' id='word_1_638' title='bbox 3180 2405 3423 2460; x_wconf 85' lang='lat' dir='ltr'><strong><em>dederunt</em></strong></span> <span class='ocrx_word' id='word_1_639' title='bbox 3472 2408 3724 2463; x_wconf 88' lang='lat' dir='ltr'><strong><em>societatis</em></strong></span> 
     </span>
    </p>
   </div>
   <div class='ocr_carea' id='block_1_83' title="bbox 2133 2497 3725 2569">
    <p class='ocr_par' dir='ltr' id='par_1_83' title="bbox 2133 2497 3725 2569">
     <span class='ocr_line' id='line_1_83' title="bbox 2133 2497 3725 2569; baseline 0 -16"><span class='ocrx_word' id='word_1_640' title='bbox 2133 2500 2260 2555; x_wconf 77' lang='lat' dir='ltr'><strong><em>milii</em></strong></span> <span class='ocrx_word' id='word_1_641' title='bbox 2287 2509 2332 2553; x_wconf 89' lang='lat' dir='ltr'><strong><em>et</em></strong></span> <span class='ocrx_word' id='word_1_642' title='bbox 2355 2497 2625 2565; x_wconf 79' lang='lat' dir='ltr'><strong><em>Barnabw,</em></strong></span> <span class='ocrx_word' id='word_1_643' title='bbox 2656 2507 2709 2551; x_wconf 92' lang='lat' dir='ltr'><strong><em>ut</em></strong></span> <span class='ocrx_word' id='word_1_644' title='bbox 2738 2514 2829 2552; x_wconf 89' lang='lat' dir='ltr'><strong><em>nos</em></strong></span> <span class='ocrx_word' id='word_1_645' title='bbox 2866 2498 3066 2566; x_wconf 89' lang='lat' dir='ltr'><strong><em>quidem</em></strong></span> <span class='ocrx_word' id='word_1_646' title='bbox 3103 2497 3172 2550; x_wconf 90' lang='lat' dir='ltr'><strong><em>ad</em></strong></span> <span class='ocrx_word' id='word_1_647' title='bbox 3197 2508 3387 2569; x_wconf 89' lang='lat' dir='ltr'><strong><em>gentes,</em></strong></span> <span class='ocrx_word' id='word_1_648' title='bbox 3417 2499 3515 2567; x_wconf 90' lang='lat' dir='ltr'><strong><em>ipsi</em></strong></span> <span class='ocrx_word' id='word_1_649' title='bbox 3559 2510 3725 2553; x_wconf 82' lang='lat' dir='ltr'><strong><em>autent</em></strong></span> 
     </span>
    </p>
   </div>
   <div class='ocr_carea' id='block_1_84' title="bbox 2134 2587 3727 2663">
    <p class='ocr_par' dir='ltr' id='par_1_84' title="bbox 2134 2587 3727 2663">
     <span class='ocr_line' id='line_1_84' title="bbox 2134 2587 3727 2663; baseline -0.001 -16"><span class='ocrx_word' id='word_1_650' title='bbox 2134 2592 2203 2647; x_wconf 87' lang='lat' dir='ltr'><strong><em>ad</em></strong></span> <span class='ocrx_word' id='word_1_651' title='bbox 2247 2592 2568 2647; x_wconf 82' lang='lat' dir='ltr'><strong><em>circumcisae</em></strong></span> <span class='ocrx_word' id='word_1_652' title='bbox 2608 2587 2773 2658; x_wconf 88' lang='lat' dir='ltr'><strong><em>(Ibid.</em></strong></span> <span class='ocrx_word' id='word_1_653' title='bbox 2803 2605 2850 2644; x_wconf 82' lang='grc' dir='ltr'><strong>υ.</strong></span> <span class='ocrx_word' id='word_1_654' title='bbox 2883 2588 2965 2660; x_wconf 83' lang='grc'><strong><em>9),</em></strong></span> <span class='ocrx_word' id='word_1_655' title='bbox 2995 2588 3135 2663; x_wconf 79' lang='lat' dir='ltr'><strong><em>idem</em></strong></span> <span class='ocrx_word' id='word_1_656' title='bbox 3182 2588 3330 2644; x_wconf 88' lang='lat' dir='ltr'><strong><em>dicit.</em></strong></span> <span class='ocrx_word' id='word_1_657' title='bbox 3387 2591 3457 2644; x_wconf 82' lang='lat' dir='ltr'><strong><em>At</em></strong></span> <span class='ocrx_word' id='word_1_658' title='bbox 3500 2606 3605 2644; x_wconf 89' lang='lat' dir='ltr'><strong><em>non</em></strong></span> <span class='ocrx_word' id='word_1_659' title='bbox 3650 2593 3727 2647; x_wconf 90' lang='lat' dir='ltr'><strong><em>sic</em></strong></span> 
     </span>
    </p>
   </div>
   <div class='ocr_carea' id='block_1_85' title="bbox 2136 2680 3723 2755">
    <p class='ocr_par' dir='ltr' id='par_1_85' title="bbox 2136 2680 3723 2755">
     <span class='ocr_line' id='line_1_85' title="bbox 2136 2680 3723 2755; baseline -0.001 -15"><span class='ocrx_word' id='word_1_660' title='bbox 2136 2685 2203 2740; x_wconf 92' lang='lat' dir='ltr'><strong><em>de</em></strong></span> <span class='ocrx_word' id='word_1_661' title='bbox 2228 2682 2553 2755; x_wconf 88' lang='lat' dir='ltr'><strong><em>pauperibus</em></strong></span> <span class='ocrx_word' id='word_1_662' title='bbox 2582 2681 2691 2737; x_wconf 91' lang='lat' dir='ltr'><strong><em>illic</em></strong></span> <span class='ocrx_word' id='word_1_663' title='bbox 2712 2680 3019 2752; x_wconf 89' lang='lat' dir='ltr'><strong><em>agentibus,</em></strong></span> <span class='ocrx_word' id='word_1_664' title='bbox 3051 2682 3147 2737; x_wconf 89' lang='lat' dir='ltr'><strong><em>sed</em></strong></span> <span class='ocrx_word' id='word_1_665' title='bbox 3170 2681 3285 2737; x_wconf 90' lang='lat' dir='ltr'><strong><em>vult</em></strong></span> <span class='ocrx_word' id='word_1_666' title='bbox 3309 2697 3407 2736; x_wconf 88' lang='lat' dir='ltr'><strong><em>nos</em></strong></span> <span class='ocrx_word' id='word_1_667' title='bbox 3435 2684 3723 2753; x_wconf 84' lang='lat' dir='ltr'><strong><em>participes</em></strong></span> 
     </span>
    </p>
   </div>
   <div class='ocr_carea' id='block_1_86' title="bbox 2137 2771 3727 2845">
    <p class='ocr_par' dir='ltr' id='par_1_86' title="bbox 2137 2771 3727 2845">
     <span class='ocr_line' id='line_1_86' title="bbox 2137 2771 3727 2845; baseline 0 -14"><span class='ocrx_word' id='word_1_668' title='bbox 2137 2790 2260 2831; x_wconf 87' lang='lat' dir='ltr'><strong><em>esse</em></strong></span> <span class='ocrx_word' id='word_1_669' title='bbox 2311 2788 2437 2845; x_wconf 85' lang='lat' dir='ltr'><strong><em>erga</em></strong></span> <span class='ocrx_word' id='word_1_670' title='bbox 2488 2773 2610 2828; x_wconf 90' lang='lat' dir='ltr'><strong><em>illos</em></strong></span> <span class='ocrx_word' id='word_1_671' title='bbox 2654 2772 3043 2828; x_wconf 66' lang='lat' dir='ltr'><strong><em>beneficentiae.</em></strong></span> <span class='ocrx_word' id='word_1_672' title='bbox 3093 2771 3214 2828; x_wconf 88' lang='lat' dir='ltr'><strong><em>Non</em></strong></span> <span class='ocrx_word' id='word_1_673' title='bbox 3254 2776 3401 2830; x_wconf 91' lang='lat' dir='ltr'><strong><em>enim</em></strong></span> <span class='ocrx_word' id='word_1_674' title='bbox 3444 2784 3502 2828; x_wconf 89' lang='lat' dir='ltr'><strong><em>ut</em></strong></span> <span class='ocrx_word' id='word_1_675' title='bbox 3532 2776 3727 2844; x_wconf 74' lang='lat' dir='ltr'><strong><em>prmdi-</em></strong></span> 
     </span>
    </p>
   </div>
   <div class='ocr_carea' id='block_1_87' title="bbox 2142 2863 3731 2934">
    <p class='ocr_par' dir='ltr' id='par_1_87' title="bbox 2142 2863 3731 2934">
     <span class='ocr_line' id='line_1_87' title="bbox 2142 2863 3731 2934; baseline 0.001 -13"><span class='ocrx_word' id='word_1_676' title='bbox 2142 2863 2299 2921; x_wconf 86' lang='lat' dir='ltr'><strong><em>eandi</em></strong></span> <span class='ocrx_word' id='word_1_677' title='bbox 2322 2904 2338 2929; x_wconf 91' lang='lat'><strong><em>,</em></strong></span> <span class='ocrx_word' id='word_1_678' title='bbox 2364 2864 2442 2919; x_wconf 90' lang='lat' dir='ltr'><strong><em>sic</em></strong></span> <span class='ocrx_word' id='word_1_679' title='bbox 2465 2878 2758 2934; x_wconf 89' lang='lat' dir='ltr'><strong><em>pauperum</em></strong></span> <span class='ocrx_word' id='word_1_680' title='bbox 2790 2878 2973 2919; x_wconf 90' lang='lat' dir='ltr'><strong><em>curam</em></strong></span> <span class='ocrx_word' id='word_1_681' title='bbox 3020 2863 3092 2919; x_wconf 88' lang='lat' dir='ltr'><strong><em>ita</em></strong></span> <span class='ocrx_word' id='word_1_682' title='bbox 3138 2864 3243 2920; x_wconf 90' lang='lat' dir='ltr'><strong><em>illis</em></strong></span> <span class='ocrx_word' id='word_1_683' title='bbox 3271 2866 3636 2922; x_wconf 88' lang='lat' dir='ltr'><strong><em>commisimus</em></strong></span> <span class='ocrx_word' id='word_1_684' title='bbox 3658 2876 3731 2923; x_wconf 40' lang='grc' dir='ltr'><strong><em>ἰιι</em></strong></span> 
     </span>
    </p>
   </div>
   <div class='ocr_carea' id='block_1_88' title="bbox 2140 2957 3730 3034">
    <p class='ocr_par' dir='ltr' id='par_1_88' title="bbox 2140 2957 3730 3034">
     <span class='ocr_line' id='line_1_88' title="bbox 2140 2957 3730 3034; baseline 0.003 -21"><span class='ocrx_word' id='word_1_685' title='bbox 2140 2958 2193 3013; x_wconf 91' lang='lat' dir='ltr'><strong><em>hi</em></strong></span> <span class='ocrx_word' id='word_1_686' title='bbox 2246 2957 2540 3021; x_wconf 89' lang='lat' dir='ltr'><strong><em>Gentibus,</em></strong></span> <span class='ocrx_word' id='word_1_687' title='bbox 2568 2958 2641 3012; x_wconf 89' lang='lat' dir='ltr'><strong><em>illi</em></strong></span> <span class='ocrx_word' id='word_1_688' title='bbox 2685 2957 2885 3014; x_wconf 66' lang='lat' dir='ltr'><strong><em>Judazis</em></strong></span> <span class='ocrx_word' id='word_1_689' title='bbox 2912 2959 3299 3029; x_wconf 86' lang='lat' dir='ltr'><strong><em>prospicerent.</em></strong></span> <span class='ocrx_word' id='word_1_690' title='bbox 3335 2960 3495 3016; x_wconf 80' lang='lat' dir='ltr'><strong><em>Vides</em></strong></span> <span class='ocrx_word' id='word_1_691' title='bbox 3536 2962 3730 3034; x_wconf 89' lang='lat' dir='ltr'><strong><em>ubique</em></strong></span> 
     </span>
    </p>
   </div>
   <div class='ocr_carea' id='block_1_89' title="bbox 2137 3038 3731 3126">
    <p class='ocr_par' dir='ltr' id='par_1_89' title="bbox 2137 3038 3731 3126">
     <span class='ocr_line' id='line_1_89' title="bbox 2137 3038 3731 3126; baseline 0.003 -20"><span class='ocrx_word' id='word_1_692' title='bbox 2137 3038 2297 3123; x_wconf 89' lang='lat' dir='ltr'><strong><em>quam</em></strong></span> <span class='ocrx_word' id='word_1_693' title='bbox 2331 3052 2400 3106; x_wconf 91' lang='lat' dir='ltr'><strong><em>sit</em></strong></span> <span class='ocrx_word' id='word_1_694' title='bbox 2421 3051 2684 3107; x_wconf 90' lang='lat' dir='ltr'><strong><em>sollicitus</em></strong></span> <span class='ocrx_word' id='word_1_695' title='bbox 2715 3069 2728 3106; x_wconf 90' lang='lat'><strong>:</strong></span> <span class='ocrx_word' id='word_1_696' title='bbox 2758 3059 2812 3106; x_wconf 89' lang='lat' dir='ltr'><strong><em>et</em></strong></span> <span class='ocrx_word' id='word_1_697' title='bbox 2842 3051 3055 3107; x_wconf 90' lang='lat' dir='ltr'><strong><em>merito.</em></strong></span> <span class='ocrx_word' id='word_1_698' title='bbox 3086 3051 3242 3106; x_wconf 88' lang='lat' dir='ltr'><strong><em>Aliud</em></strong></span> <span class='ocrx_word' id='word_1_699' title='bbox 3272 3053 3414 3107; x_wconf 90' lang='lat' dir='ltr'><strong><em>enim</em></strong></span> <span class='ocrx_word' id='word_1_700' title='bbox 3448 3064 3565 3109; x_wconf 90' lang='lat' dir='ltr'><strong><em>erat</em></strong></span> <span class='ocrx_word' id='word_1_701' title='bbox 3592 3057 3731 3126; x_wconf 89' lang='lat' dir='ltr'><strong><em>apud</em></strong></span> 
     </span>
    </p>
   </div>
   <div class='ocr_carea' id='block_1_90' title="bbox 2141 3140 3733 3216">
    <p class='ocr_par' dir='ltr' id='par_1_90' title="bbox 2141 3140 3733 3216">
     <span class='ocr_line' id='line_1_90' title="bbox 2141 3140 3733 3216; baseline 0.003 -17"><span class='ocrx_word' id='word_1_702' title='bbox 2141 3152 2366 3199; x_wconf 63' lang='lat' dir='ltr'><strong><em>caateras</em></strong></span> <span class='ocrx_word' id='word_1_703' title='bbox 2414 3151 2618 3211; x_wconf 82' lang='lat' dir='ltr'><strong><em>gentes,</em></strong></span> <span class='ocrx_word' id='word_1_704' title='bbox 2654 3141 2742 3196; x_wconf 91' lang='lat' dir='ltr'><strong><em>ubi</em></strong></span> <span class='ocrx_word' id='word_1_705' title='bbox 2797 3140 2965 3198; x_wconf 74' lang='lat' dir='ltr'><strong><em>Judzei</em></strong></span> <span class='ocrx_word' id='word_1_706' title='bbox 3016 3158 3138 3197; x_wconf 92' lang='lat' dir='ltr'><strong><em>cum</em></strong></span> <span class='ocrx_word' id='word_1_707' title='bbox 3179 3141 3380 3199; x_wconf 78' lang='lat' dir='ltr'><strong><em>Graecis</em></strong></span> <span class='ocrx_word' id='word_1_708' title='bbox 3431 3147 3733 3216; x_wconf 86' lang='lat' dir='ltr'><strong><em>promiscue</em></strong></span> 
     </span>
    </p>
   </div>
   <div class='ocr_carea' id='block_1_91' title="bbox 2142 3234 3733 3306">
    <p class='ocr_par' dir='ltr' id='par_1_91' title="bbox 2142 3234 3733 3306">
     <span class='ocr_line' id='line_1_91' title="bbox 2142 3234 3733 3306; baseline 0.003 -14"><span class='ocrx_word' id='word_1_709' title='bbox 2142 3236 2538 3292; x_wconf 90' lang='lat' dir='ltr'><strong><em>versabantur:</em></strong></span> <span class='ocrx_word' id='word_1_710' title='bbox 2570 3235 2622 3289; x_wconf 90' lang='lat' dir='ltr'><strong><em>in</em></strong></span> <span class='ocrx_word' id='word_1_711' title='bbox 2675 3234 2861 3290; x_wconf 75' lang='lat' dir='ltr'><strong><em>Judzea</em></strong></span> <span class='ocrx_word' id='word_1_712' title='bbox 2912 3250 3041 3291; x_wconf 81' lang='lat' dir='ltr'><strong><em>vero</em></strong></span> <span class='ocrx_word' id='word_1_713' title='bbox 3094 3237 3344 3306; x_wconf 87' lang='lat' dir='ltr'><strong><em>quoniam</em></strong></span> <span class='ocrx_word' id='word_1_714' title='bbox 3400 3238 3562 3293; x_wconf 82' lang='lat' dir='ltr'><strong><em>etiam</em></strong></span> <span class='ocrx_word' id='word_1_715' title='bbox 3619 3250 3733 3296; x_wconf 91' lang='lat' dir='ltr'><strong><em>tum</em></strong></span> 
     </span>
    </p>
   </div>
   <div class='ocr_carea' id='block_1_92' title="bbox 2141 3327 3735 3400">
    <p class='ocr_par' dir='ltr' id='par_1_92' title="bbox 2141 3327 3735 3400">
     <span class='ocr_line' id='line_1_92' title="bbox 2141 3327 3735 3400; baseline 0.003 -17"><span class='ocrx_word' id='word_1_716' title='bbox 2141 3328 2381 3400; x_wconf 73' lang='lat' dir='ltr'><strong><em>quazdam</em></strong></span> <span class='ocrx_word' id='word_1_717' title='bbox 2430 3327 2696 3384; x_wconf 86' lang='lat' dir='ltr'><strong><em>libertatis</em></strong></span> <span class='ocrx_word' id='word_1_718' title='bbox 2724 3328 2936 3398; x_wconf 89' lang='lat' dir='ltr'><strong><em>species</em></strong></span> <span class='ocrx_word' id='word_1_719' title='bbox 2985 3329 3257 3394; x_wconf 84' lang='lat' dir='ltr'><strong><em>manebat,</em></strong></span> <span class='ocrx_word' id='word_1_720' title='bbox 3291 3344 3390 3385; x_wconf 90' lang='lat' dir='ltr'><strong><em>nec</em></strong></span> <span class='ocrx_word' id='word_1_721' title='bbox 3417 3332 3735 3388; x_wconf 85' lang='lat' dir='ltr'><strong><em>vetebantnr</em></strong></span> 
     </span>
    </p>
   </div>
   <div class='ocr_carea' id='block_1_93' title="bbox 2145 3420 3733 3493">
    <p class='ocr_par' dir='ltr' id='par_1_93' title="bbox 2145 3420 3733 3493">
     <span class='ocr_line' id='line_1_93' title="bbox 2145 3420 3733 3493; baseline 0.004 -19"><span class='ocrx_word' id='word_1_722' title='bbox 2145 3423 2257 3476; x_wconf 87' lang='lat' dir='ltr'><strong><em>suis</em></strong></span> <span class='ocrx_word' id='word_1_723' title='bbox 2303 3422 2507 3490; x_wconf 86' lang='lat' dir='ltr'><strong><em>legibus</em></strong></span> <span class='ocrx_word' id='word_1_724' title='bbox 2563 3421 2745 3475; x_wconf 87' lang='lat' dir='ltr'><strong><em>vivere</em></strong></span> <span class='ocrx_word' id='word_1_725' title='bbox 2799 3420 3033 3473; x_wconf 88' lang='lat' dir='ltr'><strong><em>nondum</em></strong></span> <span class='ocrx_word' id='word_1_726' title='bbox 3085 3421 3343 3476; x_wconf 83' lang='lat' dir='ltr'><strong><em>Romanis</em></strong></span> <span class='ocrx_word' id='word_1_727' title='bbox 3394 3423 3460 3478; x_wconf 91' lang='lat' dir='ltr'><strong><em>ad</em></strong></span> <span class='ocrx_word' id='word_1_728' title='bbox 3519 3425 3733 3493; x_wconf 81' lang='lat' dir='ltr'><strong><em>plenum</em></strong></span> 
     </span>
    </p>
   </div>
   <div class='ocr_carea' id='block_1_94' title="bbox 2144 3510 3737 3590">
    <p class='ocr_par' dir='ltr' id='par_1_94' title="bbox 2144 3510 3737 3590">
     <span class='ocr_line' id='line_1_94' title="bbox 2144 3510 3737 3590; baseline 0.006 -28"><span class='ocrx_word' id='word_1_729' title='bbox 2144 3510 2366 3574; x_wconf 87' lang='lat' dir='ltr'><strong><em>subditi,</em></strong></span> <span class='ocrx_word' id='word_1_730' title='bbox 2399 3524 2507 3563; x_wconf 86' lang='lat' dir='ltr'><strong><em>non</em></strong></span> <span class='ocrx_word' id='word_1_731' title='bbox 2558 3510 2751 3563; x_wconf 92' lang='lat' dir='ltr'><strong><em>mirum</em></strong></span> <span class='ocrx_word' id='word_1_732' title='bbox 2782 3511 2826 3562; x_wconf 88' lang='lat' dir='ltr'><strong><em>si</em></strong></span> <span class='ocrx_word' id='word_1_733' title='bbox 2868 3524 3119 3578; x_wconf 83' lang='lat' dir='ltr'><strong><em>magnam</em></strong></span> <span class='ocrx_word' id='word_1_734' title='bbox 3150 3512 3251 3566; x_wconf 90' lang='lat' dir='ltr'><strong><em>sibi</em></strong></span> <span class='ocrx_word' id='word_1_735' title='bbox 3283 3514 3621 3572; x_wconf 84' lang='lat' dir='ltr'><strong><em>vindicabant</em></strong></span> <span class='ocrx_word' id='word_1_736' title='bbox 3650 3530 3737 3590; x_wconf 82' lang='lat' dir='ltr'><strong><em>ty-</em></strong></span> 
     </span>
    </p>
   </div>
   <div class='ocr_carea' id='block_1_95' title="bbox 2145 3598 3742 3668">
    <p class='ocr_par' dir='ltr' id='par_1_95' title="bbox 2145 3598 3742 3668">
     <span class='ocr_line' id='line_1_95' title="bbox 2145 3598 3742 3668; baseline 0.008 -16"><span class='ocrx_word' id='word_1_737' title='bbox 2145 3598 2449 3653; x_wconf 89' lang='lat' dir='ltr'><strong><em>rannidem.</em></strong></span> <span class='ocrx_word' id='word_1_738' title='bbox 2479 3599 2533 3654; x_wconf 91' lang='lat' dir='ltr'><strong><em>Si</em></strong></span> <span class='ocrx_word' id='word_1_739' title='bbox 2562 3600 2704 3654; x_wconf 90' lang='lat' dir='ltr'><strong><em>enim</em></strong></span> <span class='ocrx_word' id='word_1_740' title='bbox 2736 3609 2792 3654; x_wconf 90' lang='lat' dir='ltr'><strong><em>et</em></strong></span> <span class='ocrx_word' id='word_1_741' title='bbox 2821 3600 2877 3654; x_wconf 90' lang='lat' dir='ltr'><strong><em>in</em></strong></span> <span class='ocrx_word' id='word_1_742' title='bbox 2907 3601 3097 3655; x_wconf 88' lang='lat' dir='ltr'><strong><em>alienis</em></strong></span> <span class='ocrx_word' id='word_1_743' title='bbox 3118 3603 3357 3668; x_wconf 86' lang='lat' dir='ltr'><strong><em>urbibus,</em></strong></span> <span class='ocrx_word' id='word_1_744' title='bbox 3387 3605 3522 3659; x_wconf 87' lang='lat' dir='ltr'><strong><em>sicut</em></strong></span> <span class='ocrx_word' id='word_1_745' title='bbox 3545 3610 3742 3664; x_wconf 86' lang='lat' dir='ltr'><strong><em>Corin-</em></strong></span> 
     </span>
    </p>
   </div>
   <div class='ocr_carea' id='block_1_96' title="bbox 2148 3688 3739 3763">
    <p class='ocr_par' dir='ltr' id='par_1_96' title="bbox 2148 3688 3739 3763">
     <span class='ocr_line' id='line_1_96' title="bbox 2148 3688 3739 3763; baseline 0.008 -21"><span class='ocrx_word' id='word_1_746' title='bbox 2148 3689 2245 3756; x_wconf 91' lang='lat' dir='ltr'><strong><em>thi,</em></strong></span> <span class='ocrx_word' id='word_1_747' title='bbox 2276 3688 2559 3758; x_wconf 90' lang='lat' dir='ltr'><strong><em>pulsabant</em></strong></span> <span class='ocrx_word' id='word_1_748' title='bbox 2610 3689 3090 3762; x_wconf 87' lang='lat' dir='ltr'><strong><em>archisynagogum</em></strong></span> <span class='ocrx_word' id='word_1_749' title='bbox 3120 3704 3245 3746; x_wconf 89' lang='lat' dir='ltr'><strong><em>ante</em></strong></span> <span class='ocrx_word' id='word_1_750' title='bbox 3286 3694 3457 3763; x_wconf 91' lang='lat' dir='ltr'><strong><em>ipsum</em></strong></span> <span class='ocrx_word' id='word_1_751' title='bbox 3502 3698 3739 3756; x_wconf 87' lang='lat' dir='ltr'><strong><em>tribunal</em></strong></span> 
     </span>
    </p>
   </div>
   <div class='ocr_carea' id='block_1_97' title="bbox 2147 3780 3737 3859">
    <p class='ocr_par' dir='ltr' id='par_1_97' title="bbox 2147 3780 3737 3859">
     <span class='ocr_line' id='line_1_97' title="bbox 2147 3780 3737 3859; baseline 0.008 -25"><span class='ocrx_word' id='word_1_752' title='bbox 2147 3780 2503 3851; x_wconf 84' lang='lat' dir='ltr'><strong><em>proconsulis,</em></strong></span> <span class='ocrx_word' id='word_1_753' title='bbox 2550 3780 2792 3837; x_wconf 87' lang='lat' dir='ltr'><strong><em>Gallione</em></strong></span> <span class='ocrx_word' id='word_1_754' title='bbox 2842 3798 2953 3837; x_wconf 90' lang='lat' dir='ltr'><strong><em>rem</em></strong></span> <span class='ocrx_word' id='word_1_755' title='bbox 3006 3782 3139 3838; x_wconf 89' lang='lat' dir='ltr'><strong><em>nihil</em></strong></span> <span class='ocrx_word' id='word_1_756' title='bbox 3190 3793 3413 3843; x_wconf 90' lang='lat' dir='ltr'><strong><em>curante</em></strong></span> <span class='ocrx_word' id='word_1_757' title='bbox 3455 3787 3608 3859; x_wconf 84' lang='lat' dir='ltr'><strong><em>(Act.</em></strong></span> <span class='ocrx_word' id='word_1_758' title='bbox 3643 3792 3737 3848; x_wconf 85' lang='grc'><strong>18.</strong></span> 
     </span>
    </p>
   </div>
   <div class='ocr_carea' id='block_1_98' title="bbox 2148 3874 3009 3946">
    <p class='ocr_par' dir='ltr' id='par_1_98' title="bbox 2148 3874 3009 3946">
     <span class='ocr_line' id='line_1_98' title="bbox 2148 3874 3009 3946; baseline 0.001 -16"><span class='ocrx_word' id='word_1_759' title='bbox 2148 3874 2273 3946; x_wconf 85' lang='grc'><strong>17);</strong></span> <span class='ocrx_word' id='word_1_760' title='bbox 2305 3889 2482 3929; x_wconf 87' lang='lat' dir='ltr'><strong><em>annon</em></strong></span> <span class='ocrx_word' id='word_1_761' title='bbox 2507 3874 2678 3946; x_wconf 90' lang='lat' dir='ltr'><strong><em>magis</em></strong></span> <span class='ocrx_word' id='word_1_762' title='bbox 2702 3876 2753 3930; x_wconf 93' lang='lat' dir='ltr'><strong><em>in</em></strong></span> <span class='ocrx_word' id='word_1_763' title='bbox 2785 3875 3009 3931; x_wconf 71' lang='lat' dir='ltr'><strong><em>Judzea?</em></strong></span> 
     </span>
    </p>
   </div>
   <div class='ocr_carea' id='block_1_99' title="bbox 2218 3965 3739 4041">
    <p class='ocr_par' dir='ltr' id='par_1_99' title="bbox 2218 3965 3739 4041">
     <span class='ocr_line' id='line_1_99' title="bbox 2218 3965 3739 4041; baseline 0.008 -22"><span class='ocrx_word' id='word_1_764' title='bbox 2218 3965 2275 4019; x_wconf 91' lang='lat'><strong><em>2.</em></strong></span> <span class='ocrx_word' id='word_1_765' title='bbox 2318 3965 2480 4021; x_wconf 78' lang='lat' dir='ltr'><strong><em>Vides</em></strong></span> <span class='ocrx_word' id='word_1_766' title='bbox 2506 3966 2667 4037; x_wconf 85' lang='lat' dir='ltr'><strong><em>igitur</em></strong></span> <span class='ocrx_word' id='word_1_767' title='bbox 2691 3967 2963 4037; x_wconf 89' lang='lat' dir='ltr'><strong><em>quomodo</em></strong></span> <span class='ocrx_word' id='word_1_768' title='bbox 2987 3968 3039 4022; x_wconf 93' lang='lat' dir='ltr'><strong><em>in</em></strong></span> <span class='ocrx_word' id='word_1_769' title='bbox 3073 3968 3178 4023; x_wconf 81' lang='lat' dir='ltr'><strong><em>illis</em></strong></span> <span class='ocrx_word' id='word_1_770' title='bbox 3208 3969 3430 4025; x_wconf 89' lang='lat' dir='ltr'><strong><em>urbibus</em></strong></span> <span class='ocrx_word' id='word_1_771' title='bbox 3462 3976 3739 4041; x_wconf 85' lang='lat' dir='ltr'><strong><em>apostolos</em></strong></span> 
     </span>
    </p>
   </div>
   <div class='ocr_carea' id='block_1_100' title="bbox 2150 4056 3737 4134">
    <p class='ocr_par' dir='ltr' id='par_1_100' title="bbox 2150 4056 3737 4134">
     <span class='ocr_line' id='line_1_100' title="bbox 2150 4056 3737 4134; baseline 0.008 -23"><span class='ocrx_word' id='word_1_772' title='bbox 2150 4056 2217 4112; x_wconf 88' lang='lat' dir='ltr'><strong><em>ad</em></strong></span> <span class='ocrx_word' id='word_1_773' title='bbox 2257 4057 2602 4128; x_wconf 89' lang='lat' dir='ltr'><strong><em>magistratus</em></strong></span> <span class='ocrx_word' id='word_1_774' title='bbox 2640 4058 2933 4125; x_wconf 86' lang='lat' dir='ltr'><strong><em>adducunt,</em></strong></span> <span class='ocrx_word' id='word_1_775' title='bbox 2980 4070 3036 4116; x_wconf 89' lang='lat' dir='ltr'><strong><em>et</em></strong></span> <span class='ocrx_word' id='word_1_776' title='bbox 3062 4063 3301 4132; x_wconf 90' lang='lat' dir='ltr'><strong><em>gentium</em></strong></span> <span class='ocrx_word' id='word_1_777' title='bbox 3348 4079 3507 4134; x_wconf 89' lang='lat' dir='ltr'><strong><em>opem</em></strong></span> <span class='ocrx_word' id='word_1_778' title='bbox 3550 4077 3737 4122; x_wconf 87' lang='lat' dir='ltr'><strong><em>contra</em></strong></span> 
     </span>
    </p>
   </div>
   <div class='ocr_carea' id='block_1_101' title="bbox 2150 4151 3741 4221">
    <p class='ocr_par' dir='ltr' id='par_1_101' title="bbox 2150 4151 3741 4221">
     <span class='ocr_line' id='line_1_101' title="bbox 2150 4151 3741 4221; baseline 0.005 -15"><span class='ocrx_word' id='word_1_779' title='bbox 2150 4164 2247 4206; x_wconf 91' lang='lat' dir='ltr'><strong><em>eos</em></strong></span> <span class='ocrx_word' id='word_1_780' title='bbox 2276 4151 2589 4221; x_wconf 86' lang='lat' dir='ltr'><strong><em>postulant:</em></strong></span> <span class='ocrx_word' id='word_1_781' title='bbox 2622 4151 2769 4208; x_wconf 92' lang='lat' dir='ltr'><strong><em>domi</em></strong></span> <span class='ocrx_word' id='word_1_782' title='bbox 2812 4168 2943 4208; x_wconf 87' lang='lat' dir='ltr'><strong><em>vero</em></strong></span> <span class='ocrx_word' id='word_1_783' title='bbox 2990 4153 3123 4209; x_wconf 89' lang='lat' dir='ltr'><strong><em>nihil</em></strong></span> <span class='ocrx_word' id='word_1_784' title='bbox 3165 4156 3270 4210; x_wconf 90' lang='lat' dir='ltr'><strong><em>tale</em></strong></span> <span class='ocrx_word' id='word_1_785' title='bbox 3308 4154 3596 4221; x_wconf 88' lang='lat' dir='ltr'><strong><em>faciebant,</em></strong></span> <span class='ocrx_word' id='word_1_786' title='bbox 3643 4161 3741 4215; x_wconf 88' lang='lat' dir='ltr'><strong><em>sed</em></strong></span> 
     </span>
    </p>
   </div>
   <div class='ocr_carea' id='block_1_102' title="bbox 2154 4243 3746 4318">
    <p class='ocr_par' dir='ltr' id='par_1_102' title="bbox 2154 4243 3746 4318">
     <span class='ocr_line' id='line_1_102' title="bbox 2154 4243 3746 4318; baseline 0.006 -21"><span class='ocrx_word' id='word_1_787' title='bbox 2154 4243 2277 4313; x_wconf 85' lang='lat' dir='ltr'><strong><em>ipsi,</em></strong></span> <span class='ocrx_word' id='word_1_788' title='bbox 2305 4252 2602 4298; x_wconf 85' lang='lat' dir='ltr'><strong><em>convocato</em></strong></span> <span class='ocrx_word' id='word_1_789' title='bbox 2628 4244 2879 4312; x_wconf 91' lang='lat' dir='ltr'><strong><em>concilio,</em></strong></span> <span class='ocrx_word' id='word_1_790' title='bbox 2904 4245 2957 4299; x_wconf 90' lang='lat' dir='ltr'><strong><em>in</em></strong></span> <span class='ocrx_word' id='word_1_791' title='bbox 2984 4260 3352 4318; x_wconf 90' lang='lat' dir='ltr'><strong><em>quoscumque</em></strong></span> <span class='ocrx_word' id='word_1_792' title='bbox 3381 4247 3598 4305; x_wconf 91' lang='lat' dir='ltr'><strong><em>libuerit</em></strong></span> <span class='ocrx_word' id='word_1_793' title='bbox 3625 4252 3746 4306; x_wconf 88' lang='lat' dir='ltr'><strong><em>ani-</em></strong></span> 
     </span>
    </p>
   </div>
   <div class='ocr_carea' id='block_1_103' title="bbox 2154 4333 3731 4414">
    <p class='ocr_par' dir='ltr' id='par_1_103' title="bbox 2154 4333 3731 4414">
     <span class='ocr_line' id='line_1_103' title="bbox 2154 4333 3731 4414; baseline 0.006 -25"><span class='ocrx_word' id='word_1_794' title='bbox 2154 4333 2514 4390; x_wconf 83' lang='lat' dir='ltr'><strong><em>madvertunt.</em></strong></span> <span class='ocrx_word' id='word_1_795' title='bbox 2547 4335 2637 4391; x_wconf 91' lang='lat' dir='ltr'><strong><em>Sic</em></strong></span> <span class='ocrx_word' id='word_1_796' title='bbox 2673 4334 3003 4408; x_wconf 87' lang='lat' dir='ltr'><strong><em>Stephanum</em></strong></span> <span class='ocrx_word' id='word_1_797' title='bbox 3050 4337 3457 4408; x_wconf 87' lang='lat' dir='ltr'><strong><em>interfecerunt,</em></strong></span> <span class='ocrx_word' id='word_1_798' title='bbox 3488 4341 3569 4397; x_wconf 88' lang='lat' dir='ltr'><strong><em>sic</em></strong></span> <span class='ocrx_word' id='word_1_799' title='bbox 3598 4359 3731 4414; x_wconf 85' lang='lat' dir='ltr'><strong><em>apo-</em></strong></span> 
     </span>
    </p>
   </div>
   <div class='ocr_carea' id='block_1_104' title="bbox 2155 4426 3740 4503">
    <p class='ocr_par' dir='ltr' id='par_1_104' title="bbox 2155 4426 3740 4503">
     <span class='ocr_line' id='line_1_104' title="bbox 2155 4426 3740 4503; baseline 0.006 -22"><span class='ocrx_word' id='word_1_800' title='bbox 2155 4427 2323 4483; x_wconf 88' lang='lat' dir='ltr'><strong><em>stolos</em></strong></span> <span class='ocrx_word' id='word_1_801' title='bbox 2347 4426 2528 4498; x_wconf 86' lang='lat' dir='ltr'><strong><em>ﬂagris</em></strong></span> <span class='ocrx_word' id='word_1_802' title='bbox 2568 4429 2970 4499; x_wconf 89' lang='lat' dir='ltr'><strong><em>castigavernnt</em></strong></span> <span class='ocrx_word' id='word_1_803' title='bbox 3013 4431 3330 4486; x_wconf 91' lang='lat' dir='ltr'><strong><em>inconsultis</em></strong></span> <span class='ocrx_word' id='word_1_804' title='bbox 3375 4433 3691 4503; x_wconf 66' lang='lat' dir='ltr'><strong><em>praesidibus</em></strong></span> <span class='ocrx_word' id='word_1_805' title='bbox 3724 4455 3740 4491; x_wconf 91' lang='lat'><strong>:</strong></span> 
     </span>
    </p>
   </div>
   <div class='ocr_carea' id='block_1_105' title="bbox 2156 4519 3743 4588">
    <p class='ocr_par' dir='ltr' id='par_1_105' title="bbox 2156 4519 3743 4588">
     <span class='ocr_line' id='line_1_105' title="bbox 2156 4519 3743 4588; baseline 0.004 -14"><span class='ocrx_word' id='word_1_806' title='bbox 2156 4520 2233 4575; x_wconf 91' lang='lat' dir='ltr'><strong><em>sic</em></strong></span> <span class='ocrx_word' id='word_1_807' title='bbox 2278 4528 2333 4574; x_wconf 92' lang='lat' dir='ltr'><strong><em>et</em></strong></span> <span class='ocrx_word' id='word_1_808' title='bbox 2373 4519 2595 4575; x_wconf 91' lang='lat' dir='ltr'><strong><em>Paulum</em></strong></span> <span class='ocrx_word' id='word_1_809' title='bbox 2638 4522 2866 4576; x_wconf 89' lang='lat' dir='ltr'><strong><em>occisuri</em></strong></span> <span class='ocrx_word' id='word_1_810' title='bbox 2912 4531 3087 4588; x_wconf 89' lang='lat' dir='ltr'><strong><em>erant,</em></strong></span> <span class='ocrx_word' id='word_1_811' title='bbox 3137 4523 3236 4577; x_wconf 91' lang='lat' dir='ltr'><strong><em>nisi</em></strong></span> <span class='ocrx_word' id='word_1_812' title='bbox 3270 4524 3515 4578; x_wconf 90' lang='lat' dir='ltr'><strong><em>tribunus</em></strong></span> <span class='ocrx_word' id='word_1_813' title='bbox 3557 4525 3637 4580; x_wconf 91' lang='lat' dir='ltr'><strong><em>eis</em></strong></span> <span class='ocrx_word' id='word_1_814' title='bbox 3683 4541 3743 4581; x_wconf 90' lang='lat' dir='ltr'><strong><em>se</em></strong></span> 
     </span>
    </p>
   </div>
   <div class='ocr_carea' id='block_1_106' title="bbox 2157 4609 3745 4680">
    <p class='ocr_par' dir='ltr' id='par_1_106' title="bbox 2157 4609 3745 4680">
     <span class='ocr_line' id='line_1_106' title="bbox 2157 4609 3745 4680; baseline 0.003 -15"><span class='ocrx_word' id='word_1_815' title='bbox 2157 4609 2460 4680; x_wconf 89' lang='lat' dir='ltr'><strong><em>objecisset.</em></strong></span> <span class='ocrx_word' id='word_1_816' title='bbox 2491 4611 2619 4667; x_wconf 71' lang='lat' dir='ltr'><strong><em>Hcce</em></strong></span> <span class='ocrx_word' id='word_1_817' title='bbox 2647 4613 2789 4667; x_wconf 91' lang='lat' dir='ltr'><strong><em>enim</em></strong></span> <span class='ocrx_word' id='word_1_818' title='bbox 2820 4612 3022 4668; x_wconf 87' lang='lat' dir='ltr'><strong><em>fiebant</em></strong></span> <span class='ocrx_word' id='word_1_819' title='bbox 3061 4623 3316 4670; x_wconf 85' lang='lat' dir='ltr'><strong><em>manente</em></strong></span> <span class='ocrx_word' id='word_1_820' title='bbox 3353 4616 3529 4672; x_wconf 90' lang='lat' dir='ltr'><strong><em>adhuc</em></strong></span> <span class='ocrx_word' id='word_1_821' title='bbox 3558 4627 3745 4671; x_wconf 83' lang='lat' dir='ltr'><strong><em>aucto-</em></strong></span> 
     </span>
    </p>
   </div>
   <div class='ocr_carea' id='block_1_107' title="bbox 2158 4702 3740 4776">
    <p class='ocr_par' dir='ltr' id='par_1_107' title="bbox 2158 4702 3740 4776">
     <span class='ocr_line' id='line_1_107' title="bbox 2158 4702 3740 4776; baseline 0.004 -21"><span class='ocrx_word' id='word_1_822' title='bbox 2158 4702 2317 4756; x_wconf 87' lang='lat' dir='ltr'><strong><em>ritate</em></strong></span> <span class='ocrx_word' id='word_1_823' title='bbox 2341 4702 2677 4772; x_wconf 88' lang='lat' dir='ltr'><strong><em>pontificum,</em></strong></span> <span class='ocrx_word' id='word_1_824' title='bbox 2708 4704 2963 4760; x_wconf 89' lang='lat' dir='ltr'><strong><em>incolumi</em></strong></span> <span class='ocrx_word' id='word_1_825' title='bbox 2994 4707 3195 4776; x_wconf 91' lang='lat' dir='ltr'><strong><em>templo</em></strong></span> <span class='ocrx_word' id='word_1_826' title='bbox 3234 4723 3355 4761; x_wconf 90' lang='lat' dir='ltr'><strong><em>eum</em></strong></span> <span class='ocrx_word' id='word_1_827' title='bbox 3383 4724 3481 4763; x_wconf 85' lang='lat' dir='ltr'><strong><em>suo</em></strong></span> <span class='ocrx_word' id='word_1_828' title='bbox 3512 4710 3660 4764; x_wconf 87' lang='lat' dir='ltr'><strong><em>cultu</em></strong></span> <span class='ocrx_word' id='word_1_829' title='bbox 3686 4719 3740 4764; x_wconf 88' lang='lat' dir='ltr'><strong><em>et</em></strong></span> 
     </span>
    </p>
   </div>
   <div class='ocr_carea' id='block_1_108' title="bbox 2160 4793 3747 4869">
    <p class='ocr_par' dir='ltr' id='par_1_108' title="bbox 2160 4793 3747 4869">
     <span class='ocr_line' id='line_1_108' title="bbox 2160 4793 3747 4869; baseline 0.006 -22"><span class='ocrx_word' id='word_1_830' title='bbox 2160 4793 2456 4849; x_wconf 89' lang='lat' dir='ltr'><strong><em>sacrificiis.</em></strong></span> <span class='ocrx_word' id='word_1_831' title='bbox 2501 4795 2697 4865; x_wconf 79' lang='lat' dir='ltr'><strong><em>ASpice</em></strong></span> <span class='ocrx_word' id='word_1_832' title='bbox 2728 4796 2900 4866; x_wconf 89' lang='lat' dir='ltr'><strong><em>ipsum</em></strong></span> <span class='ocrx_word' id='word_1_833' title='bbox 2946 4798 3167 4853; x_wconf 86' lang='lat' dir='ltr'><strong><em>Paulum</em></strong></span> <span class='ocrx_word' id='word_1_834' title='bbox 3195 4798 3403 4869; x_wconf 88' lang='lat' dir='ltr'><strong><em>judicio</em></strong></span> <span class='ocrx_word' id='word_1_835' title='bbox 3448 4802 3747 4857; x_wconf 87' lang='lat' dir='ltr'><strong><em>sacerdotis</em></strong></span> 
     </span>
    </p>
   </div>
   <div class='ocr_carea' id='block_1_109' title="bbox 2161 4885 3746 4964">
    <p class='ocr_par' dir='ltr' id='par_1_109' title="bbox 2161 4885 3746 4964">
     <span class='ocr_line' id='line_1_109' title="bbox 2161 4885 3746 4964; baseline 0.008 -25"><span class='ocrx_word' id='word_1_836' title='bbox 2161 4885 2372 4956; x_wconf 90' lang='lat' dir='ltr'><strong><em>subjici,</em></strong></span> <span class='ocrx_word' id='word_1_837' title='bbox 2400 4886 2689 4953; x_wconf 90' lang='lat' dir='ltr'><strong><em>dicentem,</em></strong></span> <span class='ocrx_word' id='word_1_838' title='bbox 2722 4890 3022 4945; x_wconf 84' lang='lat' dir='ltr'><strong><em>Nesciebam</em></strong></span> <span class='ocrx_word' id='word_1_839' title='bbox 3042 4909 3148 4947; x_wconf 90' lang='lat' dir='ltr'><strong><em>esse</em></strong></span> <span class='ocrx_word' id='word_1_840' title='bbox 3170 4893 3461 4962; x_wconf 78' lang='lat' dir='ltr'><strong><em>pontiﬁcem</em></strong></span> <span class='ocrx_word' id='word_1_841' title='bbox 3493 4895 3631 4964; x_wconf 81' lang='lat' dir='ltr'><strong><em>(Act.</em></strong></span> <span class='ocrx_word' id='word_1_842' title='bbox 3652 4896 3746 4951; x_wconf 79' lang='grc'><strong>23.</strong></span> 
     </span>
    </p>
   </div>
   <div class='ocr_carea' id='block_1_110' title="bbox 2162 4980 3747 5056">
    <p class='ocr_par' dir='ltr' id='par_1_110' title="bbox 2162 4980 3747 5056">
     <span class='ocr_line' id='line_1_110' title="bbox 2162 4980 3747 5056; baseline 0.004 -19"><span class='ocrx_word' id='word_1_843' title='bbox 2162 4980 2258 5051; x_wconf 82' lang='grc'><strong><em>5);</em></strong></span> <span class='ocrx_word' id='word_1_844' title='bbox 2292 4980 2451 5053; x_wconf 89' lang='lat' dir='ltr'><strong><em>idque</em></strong></span> <span class='ocrx_word' id='word_1_845' title='bbox 2497 4998 2676 5039; x_wconf 88' lang='lat' dir='ltr'><strong><em>coram</em></strong></span> <span class='ocrx_word' id='word_1_846' title='bbox 2708 4984 2951 5039; x_wconf 86' lang='lat' dir='ltr'><strong><em>Romano</em></strong></span> <span class='ocrx_word' id='word_1_847' title='bbox 2981 4986 3229 5056; x_wconf 74' lang='lat' dir='ltr'><strong><em>praeside.</em></strong></span> <span class='ocrx_word' id='word_1_848' title='bbox 3280 4986 3449 5042; x_wconf 89' lang='lat' dir='ltr'><strong><em>Tanta</em></strong></span> <span class='ocrx_word' id='word_1_849' title='bbox 3500 4989 3608 5042; x_wconf 88' lang='lat' dir='ltr'><strong><em>illis</em></strong></span> <span class='ocrx_word' id='word_1_850' title='bbox 3637 4999 3747 5045; x_wconf 91' lang='lat' dir='ltr'><strong><em>tum</em></strong></span> 
     </span>
    </p>
   </div>
   <div class='ocr_carea' id='block_1_111' title="bbox 2163 5075 3751 5149">
    <p class='ocr_par' dir='ltr' id='par_1_111' title="bbox 2163 5075 3751 5149">
     <span class='ocr_line' id='line_1_111' title="bbox 2163 5075 3751 5149; baseline 0.004 -19"><span class='ocrx_word' id='word_1_851' title='bbox 2163 5085 2279 5132; x_wconf 88' lang='lat' dir='ltr'><strong><em>erat</em></strong></span> <span class='ocrx_word' id='word_1_852' title='bbox 2303 5076 2538 5132; x_wconf 85' lang='lat' dir='ltr'><strong><em>licentia.</em></strong></span> <span class='ocrx_word' id='word_1_853' title='bbox 2571 5075 2756 5147; x_wconf 89' lang='lat' dir='ltr'><strong><em>Cogita</em></strong></span> <span class='ocrx_word' id='word_1_854' title='bbox 2801 5078 2963 5149; x_wconf 86' lang='lat' dir='ltr'><strong><em>igitur</em></strong></span> <span class='ocrx_word' id='word_1_855' title='bbox 3007 5096 3168 5149; x_wconf 83' lang='lat' dir='ltr'><strong><em>quam</em></strong></span> <span class='ocrx_word' id='word_1_856' title='bbox 3203 5082 3401 5137; x_wconf 88' lang='lat' dir='ltr'><strong><em>misera</em></strong></span> <span class='ocrx_word' id='word_1_857' title='bbox 3434 5092 3562 5136; x_wconf 89' lang='lat' dir='ltr'><strong><em>tunc</em></strong></span> <span class='ocrx_word' id='word_1_858' title='bbox 3592 5082 3751 5138; x_wconf 87' lang='lat' dir='ltr'><strong><em>fuerit</em></strong></span> 
     </span>
    </p>
   </div>
   <div class='ocr_carea' id='block_1_112' title="bbox 2166 5167 3752 5243">
    <p class='ocr_par' dir='ltr' id='par_1_112' title="bbox 2166 5167 3752 5243">
     <span class='ocr_line' id='line_1_112' title="bbox 2166 5167 3752 5243; baseline 0.006 -22"><span class='ocrx_word' id='word_1_859' title='bbox 2166 5167 2401 5223; x_wconf 88' lang='lat' dir='ltr'><strong><em>fidelium</em></strong></span> <span class='ocrx_word' id='word_1_860' title='bbox 2435 5168 2772 5241; x_wconf 82' lang='lat' dir='ltr'><strong><em>Jerosolyma</em></strong></span> <span class='ocrx_word' id='word_1_861' title='bbox 2814 5181 3175 5243; x_wconf 58' lang='lat' dir='ltr'><strong><em>easteramque</em></strong></span> <span class='ocrx_word' id='word_1_862' title='bbox 3215 5173 3458 5229; x_wconf 67' lang='lat' dir='ltr'><strong><em>Judaeam</em></strong></span> <span class='ocrx_word' id='word_1_863' title='bbox 3505 5175 3752 5232; x_wconf 81' lang='lat' dir='ltr'><strong><em>habitan-</em></strong></span> 
     </span>
    </p>
   </div>
   <div class='ocr_carea' id='block_1_113' title="bbox 2167 5261 3753 5338">
    <p class='ocr_par' dir='ltr' id='par_1_113' title="bbox 2167 5261 3753 5338">
     <span class='ocr_line' id='line_1_113' title="bbox 2167 5261 3753 5338; baseline 0.006 -23"><span class='ocrx_word' id='word_1_864' title='bbox 2167 5261 2303 5316; x_wconf 92' lang='lat' dir='ltr'><strong><em>tium</em></strong></span> <span class='ocrx_word' id='word_1_865' title='bbox 2340 5263 2599 5317; x_wconf 91' lang='lat' dir='ltr'><strong><em>conditio.</em></strong></span> <span class='ocrx_word' id='word_1_866' title='bbox 2632 5264 2806 5331; x_wconf 88' lang='lat' dir='ltr'><strong><em>Quare</em></strong></span> <span class='ocrx_word' id='word_1_867' title='bbox 2843 5265 2971 5336; x_wconf 92' lang='lat' dir='ltr'><strong><em>quid</em></strong></span> <span class='ocrx_word' id='word_1_868' title='bbox 3003 5266 3196 5321; x_wconf 91' lang='lat' dir='ltr'><strong><em>mirum</em></strong></span> <span class='ocrx_word' id='word_1_869' title='bbox 3236 5268 3305 5334; x_wconf 88' lang='lat' dir='ltr'><strong><em>si,</em></strong></span> <span class='ocrx_word' id='word_1_870' title='bbox 3345 5269 3435 5338; x_wconf 90' lang='lat' dir='ltr'><strong><em>qui</em></strong></span> <span class='ocrx_word' id='word_1_871' title='bbox 3466 5269 3753 5325; x_wconf 83' lang='lat' dir='ltr'><strong><em>anathema</em></strong></span> 
     </span>
    </p>
   </div>
   <div class='ocr_carea' id='block_1_114' title="bbox 2169 5357 3752 5429">
    <p class='ocr_par' dir='ltr' id='par_1_114' title="bbox 2169 5357 3752 5429">
     <span class='ocr_line' id='line_1_114' title="bbox 2169 5357 3752 5429; baseline 0.004 -18"><span class='ocrx_word' id='word_1_872' title='bbox 2169 5372 2289 5412; x_wconf 88' lang='lat' dir='ltr'><strong><em>esse</em></strong></span> <span class='ocrx_word' id='word_1_873' title='bbox 2317 5372 2413 5428; x_wconf 89' lang='lat' dir='ltr'><strong><em>pro</em></strong></span> <span class='ocrx_word' id='word_1_874' title='bbox 2434 5357 2720 5413; x_wconf 90' lang='lat' dir='ltr'><strong><em>incredulis</em></strong></span> <span class='ocrx_word' id='word_1_875' title='bbox 2747 5360 3012 5429; x_wconf 88' lang='lat' dir='ltr'><strong><em>cupiebat,</em></strong></span> <span class='ocrx_word' id='word_1_876' title='bbox 3036 5360 3176 5416; x_wconf 89' lang='lat' dir='ltr'><strong><em>etde</em></strong></span> <span class='ocrx_word' id='word_1_877' title='bbox 3205 5362 3480 5417; x_wconf 85' lang='lat' dir='ltr'><strong><em>conversis</em></strong></span> <span class='ocrx_word' id='word_1_878' title='bbox 3503 5362 3569 5417; x_wconf 91' lang='lat' dir='ltr'><strong><em>ad</em></strong></span> <span class='ocrx_word' id='word_1_879' title='bbox 3594 5363 3752 5419; x_wconf 87' lang='lat' dir='ltr'><strong><em>fidem</em></strong></span> 
     </span>
    </p>
   </div>
   <div class='ocr_carea' id='block_1_115' title="bbox 2170 5450 3753 5523">
    <p class='ocr_par' dir='ltr' id='par_1_115' title="bbox 2170 5450 3753 5523">
     <span class='ocr_line' id='line_1_115' title="bbox 2170 5450 3753 5523; baseline 0.005 -22"><span class='ocrx_word' id='word_1_880' title='bbox 2170 5456 2279 5502; x_wconf 89' lang='lat' dir='ltr'><strong><em>tum</em></strong></span> <span class='ocrx_word' id='word_1_881' title='bbox 2325 5457 2442 5504; x_wconf 87' lang='lat' dir='ltr'><strong><em>erat</em></strong></span> <span class='ocrx_word' id='word_1_882' title='bbox 2484 5450 2768 5519; x_wconf 89' lang='lat' dir='ltr'><strong><em>sollicitus,</em></strong></span> <span class='ocrx_word' id='word_1_883' title='bbox 2799 5460 2854 5504; x_wconf 90' lang='lat' dir='ltr'><strong><em>ut</em></strong></span> <span class='ocrx_word' id='word_1_884' title='bbox 2881 5453 2924 5505; x_wconf 89' lang='lat' dir='ltr'><strong><em>si</em></strong></span> <span class='ocrx_word' id='word_1_885' title='bbox 2954 5466 3042 5506; x_wconf 86' lang='lat' dir='ltr'><strong><em>res</em></strong></span> <span class='ocrx_word' id='word_1_886' title='bbox 3072 5463 3339 5522; x_wconf 89' lang='lat' dir='ltr'><strong><em>posceret,</em></strong></span> <span class='ocrx_word' id='word_1_887' title='bbox 3368 5452 3753 5523; x_wconf 87' lang='lat' dir='ltr'><strong><em>profectionem</em></strong></span> 
     </span>
    </p>
   </div>
   <div class='ocr_carea' id='block_1_116' title="bbox 2169 5540 3754 5609">
    <p class='ocr_par' dir='ltr' id='par_1_116' title="bbox 2169 5540 3754 5609">
     <span class='ocr_line' id='line_1_116' title="bbox 2169 5540 3754 5609; baseline 0.004 -17"><span class='ocrx_word' id='word_1_888' title='bbox 2169 5556 2273 5594; x_wconf 86' lang='lat' dir='ltr'><strong><em>non</em></strong></span> <span class='ocrx_word' id='word_1_889' title='bbox 2303 5540 2646 5609; x_wconf 86' lang='lat' dir='ltr'><strong><em>detrectaret,</em></strong></span> <span class='ocrx_word' id='word_1_890' title='bbox 2673 5541 2739 5597; x_wconf 90' lang='lat' dir='ltr'><strong><em>ad</em></strong></span> <span class='ocrx_word' id='word_1_891' title='bbox 2772 5542 3186 5598; x_wconf 81' lang='lat' dir='ltr'><strong><em>ministrantium</em></strong></span> <span class='ocrx_word' id='word_1_892' title='bbox 3223 5559 3409 5599; x_wconf 91' lang='lat' dir='ltr'><strong><em>eorum</em></strong></span> <span class='ocrx_word' id='word_1_893' title='bbox 3457 5546 3754 5600; x_wconf 80' lang='lat' dir='ltr'><strong><em>necessita-</em></strong></span> 
     </span>
    </p>
   </div>
   <div class='ocr_carea' id='block_1_117' title="bbox 2171 5630 3754 5707">
    <p class='ocr_par' dir='ltr' id='par_1_117' title="bbox 2171 5630 3754 5707">
     <span class='ocr_line' id='line_1_117' title="bbox 2171 5630 3754 5707; baseline 0.003 -22"><span class='ocrx_word' id='word_1_894' title='bbox 2171 5630 2313 5685; x_wconf 91' lang='lat' dir='ltr'><strong><em>tibus</em></strong></span> <span class='ocrx_word' id='word_1_895' title='bbox 2354 5630 2601 5701; x_wconf 82' lang='lat' dir='ltr'><strong><em>dignatur</em></strong></span> <span class='ocrx_word' id='word_1_896' title='bbox 2642 5648 2736 5688; x_wconf 93' lang='lat' dir='ltr'><strong><em>cos</em></strong></span> <span class='ocrx_word' id='word_1_897' title='bbox 2763 5634 3131 5689; x_wconf 89' lang='lat' dir='ltr'><strong><em>consolatione</em></strong></span> <span class='ocrx_word' id='word_1_898' title='bbox 3177 5649 3276 5707; x_wconf 88' lang='lat' dir='ltr'><strong><em>per</em></strong></span> <span class='ocrx_word' id='word_1_899' title='bbox 3314 5635 3546 5701; x_wconf 86' lang='lat' dir='ltr'><strong><em>litteras,</em></strong></span> <span class='ocrx_word' id='word_1_900' title='bbox 3593 5645 3651 5691; x_wconf 87' lang='lat' dir='ltr'><strong><em>et</em></strong></span> <span class='ocrx_word' id='word_1_901' title='bbox 3676 5637 3754 5690; x_wconf 83' lang='lat' dir='ltr'><strong><em>la-</em></strong></span> 
     </span>
    </p>
   </div>
   <div class='ocr_carea' id='block_1_118' title="bbox 2169 5719 3754 5781">
    <p class='ocr_par' dir='ltr' id='par_1_118' title="bbox 2169 5719 3754 5781">
     <span class='ocr_line' id='line_1_118' title="bbox 2169 5719 3754 5781; baseline 0.003 -7"><span class='ocrx_word' id='word_1_902' title='bbox 2169 5719 2355 5776; x_wconf 86' lang='lat' dir='ltr'><strong><em>bantes</em></strong></span> <span class='ocrx_word' id='word_1_903' title='bbox 2412 5720 2559 5776; x_wconf 89' lang='lat' dir='ltr'><strong><em>fulcit</em></strong></span> <span class='ocrx_word' id='word_1_904' title='bbox 2606 5724 2716 5777; x_wconf 89' lang='lat' dir='ltr'><strong><em>suis</em></strong></span> <span class='ocrx_word' id='word_1_905' title='bbox 2758 5723 3236 5779; x_wconf 80' lang='lat' dir='ltr'><strong><em>adhortationibus.</em></strong></span> <span class='ocrx_word' id='word_1_906' title='bbox 3267 5723 3323 5779; x_wconf 83' lang='lat' dir='ltr'><strong>In</strong></span> <span class='ocrx_word' id='word_1_907' title='bbox 3362 5734 3569 5781; x_wconf 88' lang='lat' dir='ltr'><strong><em>tantum</em></strong></span> <span class='ocrx_word' id='word_1_908' title='bbox 3610 5741 3754 5781; x_wconf 88' lang='lat' dir='ltr'><strong><em>ennn</em></strong></span> 
     </span>
    </p>
   </div>
   <div class='ocr_carea' id='block_1_119' title="bbox 2172 5814 3752 5892">
    <p class='ocr_par' dir='ltr' id='par_1_119' title="bbox 2172 5814 3752 5892">
     <span class='ocr_line' id='line_1_119' title="bbox 2172 5814 3752 5892; baseline 0.005 -25"><span class='ocrx_word' id='word_1_909' title='bbox 2172 5814 2629 5887; x_wconf 76' lang='lat' dir='ltr'><strong><em>Opprimebantur,</em></strong></span> <span class='ocrx_word' id='word_1_910' title='bbox 2660 5826 2715 5873; x_wconf 91' lang='lat' dir='ltr'><strong><em>ut</em></strong></span> <span class='ocrx_word' id='word_1_911' title='bbox 2766 5834 2904 5889; x_wconf 88' lang='lat' dir='ltr'><strong><em>pene</em></strong></span> <span class='ocrx_word' id='word_1_912' title='bbox 2951 5817 3243 5876; x_wconf 83' lang='lat' dir='ltr'><strong><em>deficerent</em></strong></span> <span class='ocrx_word' id='word_1_913' title='bbox 3272 5838 3285 5875; x_wconf 93' lang='lat'><strong>:</strong></span> <span class='ocrx_word' id='word_1_914' title='bbox 3317 5818 3370 5875; x_wconf 91' lang='lat' dir='ltr'><strong><em>id</em></strong></span> <span class='ocrx_word' id='word_1_915' title='bbox 3425 5819 3569 5892; x_wconf 89' lang='lat' dir='ltr'><strong><em>quod</em></strong></span> <span class='ocrx_word' id='word_1_916' title='bbox 3612 5820 3752 5877; x_wconf 88' lang='lat' dir='ltr'><strong><em>circa</em></strong></span> 
     </span>
    </p>
   </div>
  </div>
