4060 6440
271 346 340 401 t3
1172 337 1237 395 ΙΝ
1276 339 1487 398 EPIST.
1529 342 1621 397 AD
1659 337 2022 401 ilEBlUEOS.
2063 344 2216 404 CAP.
2260 349 2298 404 l.
2341 351 2566 408 liOillL.
2610 354 2648 409 Ι.
3492 350 3561 409 ii

269 456 514 530 cpistola:
544 455 705 513 linem
734 455 816 510 his
840 454 1019 509 verbis
1046 454 1242 509 indicat
1273 470 1285 509 :
1319 437 1642 525 Quapropter
1670 472 1849 511 manus

271 555 514 606 rentissas
542 559 589 604 et
617 563 778 619 genua
822 545 991 600 soluta
1032 545 1271 615 surrigitc
1293 544 1474 617 (Hebr.
1504 547 1589 601 12.
1626 544 1749 619 12);
1799 556 1853 602 et

271 655 513 703 rursum,
556 637 736 691 Adhuc
764 634 1097 706 perpusillum
1138 636 1396 703 temporis,
1426 647 1471 688 et
1500 636 1588 705 qui
1613 644 1851 690 venturus

269 744 344 787 est
371 730 550 795 veniet,
580 738 626 783 et
647 743 746 782 non
767 727 1020 791 tardabit;
1041 734 1093 781 et
1118 728 1332 791 iterum,
1360 726 1425 781 Si
1450 738 1592 781 extra
1616 728 1849 796 discipli-

269 838 392 875 nam
419 820 560 883 estis,
602 818 757 890 igitur
784 816 946 887 spurii
987 818 1126 881 estis,
1166 834 1266 871 non
1303 818 1398 886 filii
1429 817 1589 890 (Ibid.
1637 818 1723 873 10.
1756 821 1844 874 57.

270 922 320 965 et
353 911 439 966 12.
467 909 541 978 8).
572 908 837 977 Quoniam
864 908 1007 961 enim
1036 905 1205 962 Judsti
1249 917 1420 970 erant.
1468 919 1524 962 et
1549 924 1580 962 a
1609 908 1849 978 patrihus

267 1003 386 1058 suis
414 1001 711 1056 didicerant
738 1016 770 1055 e
790 1001 1012 1070 vestigio
1033 999 1416 1070 eXSpectandas
1440 1016 1560 1057 esse
1588 1003 1846 1056 malorum

268 1103 326 1149 ct
371 1094 636 1148 bonorum
673 1088 1110 1158 vicissitudines,
1137 1091 1321 1161 sicque
1357 1107 1479 1149 esse
1516 1092 1844 1159 vivendum;

271 1196 400 1240 tunc
438 1199 570 1239 vero
604 1197 701 1253 spe
742 1184 1003 1238 bonorum
1035 1193 1152 1255 post
1201 1193 1428 1240 mortem
1476 1185 1658 1253 dilata,
1705 1188 1845 1242 mala

270 1286 477 1331 tantum
504 1282 658 1330 erant
688 1275 741 1329 in
773 1275 1050 1340 manibus,
1080 1282 1133 1328 et
1158 1275 1413 1331 credibile
1445 1287 1559 1331 erat
1589 1288 1706 1347 post
1728 1280 1845 1333 lon-

267 1383 389 1436 gam
417 1364 755 1420 tolerantiam
784 1364 1041 1435 quosdam
1089 1366 1141 1419 in
1189 1367 1675 1434 pusillanimitatem
1710 1369 1846 1425 11ιοί-

269 1460 447 1524 disse;
479 1458 702 1513 multmn
736 1458 834 1511 hac
860 1457 928 1512 de
959 1473 1015 1512 re
1042 1458 1300 1513 sollicitus
1325 1469 1424 1514 est.
1460 1460 1563 1515 Sed
1591 1460 1704 1516 hazc
1747 1477 1845 1517 suo

270 1561 511 1621 tempore
536 1550 865 1604 disseremus
907 1549 1196 1618 prolixius;
1246 1568 1385 1607 nunc
1428 1554 1559 1609 satis
1599 1553 1666 1608 sil
1709 1555 1845 1610 indi-

268 1656 444 1707 casse,
483 1639 624 1710 quod
666 1654 889 1695 necesse
929 1640 1004 1693 illi
1036 1641 1195 1695 fuerit
1238 1642 1303 1696 ad
1334 1658 1428 1697 eos
1473 1644 1734 1711 scribere,
1777 1645 1845 1702 de

265 1733 464 1803 quibus
489 1742 605 1787 erat
633 1740 911 1800 tantopere
936 1731 1220 1787 sollicitus.
1253 1732 1403 1788 Licet
1431 1735 1572 1790 enim
1604 1736 1744 1792 notis
1775 1737 1843 1793 de

266 1826 447 1880 causis
474 1824 541 1879 ad
568 1826 713 1894 ipsos
744 1825 937 1879 missus
968 1839 1074 1879 non
1120 1826 1210 1891 sit,
1245 1825 1376 1881 nihil
1422 1835 1599 1882 tamen
1632 1830 1843 1884 vetabat

265 1934 388 1971 cum
423 1918 679 1973 scribere.
710 1915 865 1984 Quod
906 1925 1082 1981 autem
1111 1916 1176 1971 ad
1208 1916 1697 1986 pusillanimitatem
1726 1937 1845 1975 vcr-

260 2018 479 2079 gerent,
513 2007 714 2062 indicat
742 2006 824 2062 his
850 2006 1027 2061 verbis
1060 2024 1073 2059 :
1104 2005 1364 2063 Remissas
1402 2025 1582 2064 manus
1608 2020 1653 2063 et
1677 2013 1843 2066 soluta

266 2115 434 2168 genua
478 2098 729 2168 iurrigite,
779 2105 825 2151 et
866 2113 1069 2168 gressus
1105 2108 1265 2153 rectos
1305 2098 1487 2171 facile;
1534 2110 1588 2157 et
1626 2102 1839 2169 iterum,

270 2190 397 2244 Non
434 2191 567 2243 enim
604 2190 813 2259 injustas
840 2199 912 2243 cst
940 2188 1097 2256 Deus,
1125 2199 1180 2242 ut
1207 2189 1530 2245 obliviscatur
1565 2195 1731 2263 operis
1754 2212 1840 2250 re-

268 2283 363 2336 stri
404 2290 450 2335 et
487 2282 703 2333 caritatis
752 2279 931 2349 (Ibid.
981 2280 1067 2334 12.
1114 2279 1202 2334 12.
1246 2281 1314 2335 15
1358 2291 1405 2335 et
1447 2283 1501 2337 6.
1551 2283 1662 2353 10).
1708 2285 1841 2341 Nam

263 2373 443 2425 anima
488 2371 688 2426 crebris
727 2380 973 2440 quassata
1024 2371 1425 2437 teutationibus,
1479 2386 1623 2443 saepe
1664 2375 1839 2430 dium-

262 2472 418 2516 vetur
467 2477 499 2516 a
539 2462 666 2516 ﬁde.
705 2462 829 2517 Ideo
881 2461 1162 2517 conﬁrmat
1196 2478 1290 2518 eos
1336 2465 1530 2522 talibus
1593 2467 1844 2523 adhortao

262 2553 517 2615 tionibus,
563 2568 632 2607 ne
688 2554 795 2607 siut
839 2553 1003 2607 corde
1045 2554 1338 2609 incredula.
1372 2558 1547 2628 Atque
1598 2559 1713 2614 lucc
1759 2571 1843 2615 ost

259 2661 419 2699 causa
464 2662 561 2701 cur
601 2646 653 2701 in
686 2645 783 2700 hac
810 2646 1146 2717 petissimum
1179 2647 1403 2717 epistola
1436 2651 1599 2705 multa
1630 2651 1699 2707 de
1739 2652 1842 2709 ﬁde

258 2737 510 2805 disserat,
534 2747 589 2793 et
612 2738 795 2793 multis
818 2738 992 2793 allatis
1017 2740 1274 2809 exemplis
1303 2741 1443 2796 circa
1478 2742 1636 2798 ﬁnem
1661 2754 1842 2800 osten-

258 2828 362 2892 dit,
393 2828 632 2897 patribus
661 2843 873 2899 quoque
896 2843 1000 2882 non
1029 2839 1408 2899 reprmsentata
1435 2847 1552 2900 quae
1579 2835 1837 2902 promissa

259 2928 417 2974 erant
439 2935 472 2974 e
494 2920 717 2990 vestigio
743 2929 990 2974 secutura
1020 2918 1180 2974 bona.
1212 2920 1292 2975 Ad
1327 2924 1461 2985 luce,
1494 2939 1559 2978 ne
1596 2940 1656 2979 se
1682 2937 1838 2995 puta-

259 3018 382 3063 rent
404 3008 692 3064 derelictos
728 3010 782 3064 in
819 3009 1251 3077 adversitatibus,
1284 3011 1493 3069 duobus
1531 3016 1705 3072 modis
1745 3034 1839 3073 eos

260 3101 478 3155 instruit
506 3119 520 3156 :
552 3102 724 3170 primo
754 3117 1106 3172 quaecumque
1152 3104 1444 3160 acciderint
1467 3107 1661 3177 jubens
1697 3110 1838 3165 ferre

259 3191 475 3247 fortiter
498 3232 513 3257 ,
572 3192 767 3248 deinde
806 3207 1027 3263 sperare
1073 3204 1278 3249 eertum
1320 3198 1595 3266 praemium
1628 3217 1643 3255 :
1673 3201 1835 3257 Deum

261 3283 406 3336 enim
430 3297 533 3337 non
565 3283 931 3355 neglecturum
964 3282 1340 3340 inhonoratum
1373 3287 1617 3355 Abelem,
1659 3300 1713 3346 et
1749 3308 1834 3347 re-

1962 458 2156 529 liquam
2183 461 2437 537 deinceps
2458 467 2726 536 justorum
2757 471 2975 530 seriem.
3024 475 3087 528 Et
3118 476 3381 547 triplicem
3432 476 3542 531 illis

1959 553 2379 610 consolationem
2432 546 2652 615 adhibet
2694 578 2708 615 :
2754 578 2914 618 unam
2964 567 3212 635 exemplo
3268 568 3532 637 passionis

1958 643 2154 699 Christi
2185 664 2199 699 :
2230 647 2418 704 dicens
2454 664 2559 705 non
2601 668 2719 707 esse
2749 656 3007 723 potiorem
3034 672 3247 711 servum
3279 675 3440 729 quam
3461 661 3531 715 sit

1957 736 2123 805 ipsius
2147 739 2396 819 dominus
2428 758 2441 795 :
2473 743 2696 797 alteram
2725 753 2993 800 ostentato
3031 749 3361 805 credentium
3390 766 3531 820 pra:-

1957 830 2065 884 mio
2092 847 2107 886 :
2140 818 2347 887 tertiam
2372 832 2497 887 dum
2526 834 2683 890 docet
2706 838 3002 906 qualisnam
3047 840 3115 895 sit
3156 843 3267 897 lucc
3287 843 3530 900 adversi-

1938 931 2058 977 .tas.
2086 922 2195 977 Nec
2222 938 2317 993 per
2341 924 2516 979 lutura
2542 927 2713 982 solum
2741 944 2834 984 eos
2861 931 3140 986 conﬁrmat
3166 976 3181 999 ,
3213 934 3404 1005 quibus
3432 938 3537 991 min

1955 1031 2056 1071 nus
2093 1018 2291 1071 moveri
2344 1027 2623 1087 poterant,
2674 1036 2857 1077 verum
2905 1023 3061 1077 etiam
3119 1041 3207 1092 per
3261 1030 3533 1096 prreterita

1954 1125 2073 1179 qute
2097 1110 2407 1166 acciderunt
2448 1111 2685 1182 ipsorum
2725 1114 2982 1184 patribus.
3010 1116 3154 1171 Idem
3194 1126 3247 1173 et
3285 1119 3499 1175 Christu

1955 1202 2099 1266 facit,
2124 1218 2266 1259 nunc
2286 1220 2485 1276 negans
2503 1220 2713 1260 servum
2733 1207 2988 1277 majorem
3015 1225 3135 1264 esse
3161 1226 3258 1263 suo
3288 1209 3516 1276 domino,

1953 1310 2094 1350 nunc
2138 1298 2331 1350 multas
2360 1312 2480 1353 esse
2510 1298 2816 1354 mansiones
2845 1300 2981 1370 apud
3028 1290 3236 1356 Patrem
3264 1318 3415 1357 suum
3442 1319 3502 1357 as

1951 1401 2224 1449 severans.
2248 1396 2303 1442 et
2322 1404 2607 1459 numquam
2638 1406 2744 1445 non
2774 1390 3059 1447 incredulis
3084 1408 3164 1445 va:
3184 1392 3519 1447 denuntians.

1953 1478 2122 1532 Porro
2176 1480 2465 1547 Apostolus
2518 1483 2762 1536 crebram
2814 1484 3138 1537 intentionem
3183 1485 3307 1539 facit
3334 1485 3523 1540 Te~ta-

1952 1571 2114 1627 menti
2144 1570 2273 1626 Novi
2304 1572 2458 1627 simul
2480 1582 2535 1629 et
2566 1572 2808 1629 Veteris:
2838 1574 2975 1645 quod
3000 1577 3048 1629 id
3079 1577 3524 1632 animadverteret

1949 1664 2016 1719 ad
2061 1665 2472 1719 resurrectionis
2511 1666 2908 1734 persuasionem
2961 1667 3112 1721 valde
3164 1667 3521 1723 conducibile.

1950 1755 2027 1811 Ne
2054 1756 2194 1811 enim
2224 1766 2442 1825 pr0pter
2467 1757 2765 1825 passionem
2799 1758 3005 1811 Domini
3036 1758 3101 1812 de
3135 1760 3524 1814 resurrectione

1950 1847 2066 1916 ejus
2086 1847 2348 1910 dubitent,
2376 1848 2749 1917 proiihetarum
2782 1863 2899 1902 eam
2933 1849 3250 1903 testimoniis
3275 1849 3523 1916 adstruit,

1950 1940 2210 2011 docetque
2232 1942 2428 1994 nostris
2450 1940 2609 1994 rebus
2632 1940 3029 1995 venerationem
3054 1941 3258 2007 deberi,
3291 1956 3394 1995 non
3424 1941 3521 1997 Ju—

1949 2030 2116 2085 daicis
2144 2048 2157 2082 :
2190 2030 2364 2085 adhuc
2389 2032 2530 2084 enim
2558 2030 2812 2099 templum
2839 2030 3011 2084 stabat
3030 2046 3150 2085 cum
3180 2031 3292 2085 suis
3317 2032 3522 2086 sacriﬁ-

1949 2122 2047 2177 ciis
2075 2140 2087 2176 :
2118 2133 2443 2192 quapmpter
2467 2122 2595 2177 dicit
2631 2141 2644 2176 :
2677 2120 2932 2177 Exeamus
2972 2122 3126 2191 igitur
3151 2133 3293 2177 extra
3331 2134 3518 2190 castra,

1950 2212 2275 2281 opprobrium
2303 2214 2413 2281 ejus
2442 2222 2694 2282 portantes
2718 2211 2900 2282 (Hebr.
2934 2213 3018 2267 13.
3052 2211 3162 2281 15).
3191 2214 3405 2268 Paterat
3429 2231 3523 2268 au-

1953 2316 2057 2361 tem
2079 2305 2177 2360 hac
2208 2314 2356 2375 parte
2384 2303 2709 2361 contradici:
2732 2304 2786 2359 Si
2813 2302 2929 2359 hme
2956 2304 3141 2358 umbra
3175 2313 3373 2359 tantum
3398 2315 3521 2360 sunt

1948 2406 2003 2452 et
2052 2398 2225 2465 imago
2272 2396 2360 2466 qui
2394 2394 2449 2449 fit
2478 2403 2535 2449 ut
2586 2410 2690 2448 non
2719 2402 3079 2464 praetereant,
3111 2410 3285 2465 neque
3330 2396 3523 2452 cedant

1946 2489 2055 2559 jam
2087 2496 2285 2541 exorta:
2313 2486 2417 2541 luci
2449 2485 2708 2550 veritatis,
2741 2483 2832 2539 sed
2861 2485 2912 2538 in
2941 2498 3038 2539 suo
3062 2485 3240 2555 vigore
3267 2501 3521 2554 perseve-

1947 2581 2105 2637 rent?
2129 2580 2250 2635 ldeo
2281 2579 2383 2634 hoc
2404 2593 2613 2648 quoque
2646 2586 2958 2631 eventurum
2987 2591 3084 2631 suo
3113 2588 3349 2646 tempore
3392 2579 3520 2632 Stili-

1949 2673 2164 2727 indicat.
2193 2670 2343 2740 Quod
2371 2680 2547 2724 autem
2588 2669 2696 2738 jam
2746 2679 2890 2733 ante,
2932 2668 3090 2738 longo
3136 2664 3392 2738 tetnpore.
3427 2686 3522 2738 per

1948 2767 2104 2820 iidem
2150 2765 2201 2819 in
2248 2761 2621 2817 afﬂictionibus
2657 2768 2962 2815 constanter
2989 2759 3391 2830 perduraverint
3419 2763 3515 2815 de-

1944 2861 2111 2915 clarat
2130 2858 2313 2912 dicens
2356 2874 2370 2909 :
2407 2855 2532 2911 Cum
2578 2854 2796 2909 debeatis
2825 2870 2919 2921 pro
2948 2854 3181 2924 temporis
3209 2855 3402 2908 ratione
3429 2856 3522 2907 do-

1946 2962 2103 3006 ctores
2130 2967 2266 3011 esse;
2287 2958 2363 3015 et,
2389 2946 2470 3002 Ne
2490 2949 2620 3016 forte
2634 2948 2697 3000 sit
2718 2946 2771 3000 in
2792 2946 2962 3015 aliquo
2982 2955 3195 2999 vestrum
3220 2961 3309 2999 cor
3332 2944 3521 2998 malum

1945 3040 2297 3110 inﬁdelitatis;
2341 3049 2415 3104 et,
2448 3038 2738 3091 Imitatores
2765 3037 2886 3106 facti
2935 3038 3052 3091 estis
3089 3053 3282 3103 eorum,
3324 3038 3406 3107 qui
3434 3051 3522 3103 per

1945 3135 2099 3203 ﬁdem
2138 3147 2197 3185 ac
2223 3131 2517 3202 patientiam
2561 3130 2886 3182 hereditatem
2920 3129 3305 3198 promissionum
3342 3145 3518 3183 consc-

1944 3225 2086 3296 quuti
2113 3232 2228 3277 sunt
2257 3221 2417 3291 (Ibid.
2460 3221 2513 3275 5.
2546 3220 2613 3273 12
2662 3230 2708 3273 et
2734 3220 2785 3273 5.
2815 3219 2899 3272 12.
2933 3228 2980 3273 et
3009 3219 3063 3274 6.
3098 3218 3208 3289 12).
3299 3286 3309 3301 θ

1723 3587 2058 3648 ΗΟΜΙῌΑ
2108 3586 2150 3644 l.

254 3719 386 3775 Car.
414 3720 469 3774 1.
497 3733 551 3774 ν.
584 3720 634 3775 1.
666 3719 1011 3787 Multifariam
1044 3720 1317 3793 multisque
1352 3723 1518 3777 modis
1549 3724 1670 3778 olim
1695 3723 1834 3779 Deus

327 3812 536 3880 loquens
557 3811 786 3880 patribus
807 3811 859 3864 in
889 3812 1171 3881 prophetis,
1218 3813 1487 3867 novissime
1516 3814 1692 3869 diebus
1725 3816 1837 3869 istis

325 3902 569 3970 loquutus
599 3911 673 3956 est
700 3902 842 3955 nobis
863 3902 916 3954 in
950 3900 1089 3955 Filio
1119 3917 1137 3955 :
1160 3901 1215 3955 2.
1240 3918 1390 3972 quem
1404 3905 1657 3958 constituit
1686 3904 1831 3960 here-

327 3993 442 4046 dem
463 3993 830 4057 universorum,
863 4010 952 4063 per
978 4009 1125 4062 queat
1143 3994 1261 4064 fecit
1288 4003 1337 4047 et
1354 3994 1562 4048 stecula.

328 4082 380 4136 1.
422 4081 636 4138 Revera
661 4082 747 4136 ubi
777 4081 1063 4136 abundavit
1097 4090 1393 4151 peceatum,
1424 4084 1834 4154 superabunda-

254 4174 330 4226 vit
349 4181 406 4227 et
432 4173 603 4243 gratia
635 4172 812 4243 (Rom.
841 4173 894 4227 5.
928 4171 1043 4242 20).
1076 4173 1187 4227 lloc
1212 4173 1373 4242 igitur
1411 4173 1498 4230 hic
1536 4190 1751 4245 quoque
1782 4176 1835 4231 in

254 4264 521 4332 prommio
558 4264 863 4319 subindicat
891 4264 1078 4320 beatus
1108 4264 1323 4330 Paulus,
1350 4266 1593 4323 scribens
1628 4268 1695 4323 ad
1731 4269 1837 4325 He-

250 4354 449 4409 brteos.
473 4354 606 4408 Nam
633 4355 883 4423 quoniam
904 4362 1021 4409 erat
1040 4354 1327 4410 verisimile
1344 4357 1486 4424 ipsos
1497 4360 1764 4413 cruciatos
1785 4370 1839 4415 et

254 4453 286 4491 a
317 4438 477 4493 malis
504 4446 744 4503 vexatos,
776 4445 832 4494 et
858 4450 946 4493 res
973 4452 1037 4493 ex
1058 4438 1142 4493 his
1165 4437 1489 4507 judicantes,
1518 4438 1831 4494 existimare

162 4552 169 4559 -
252 4527 471 4595 scipsos
498 4528 749 4582 omnibus
775 4527 894 4582 aliis
921 4527 1181 4594 minores,
1221 4528 1459 4583 ostendit
1494 4528 1596 4583 hac
1621 4528 1835 4584 ratione

252 4629 350 4670 eos
378 4616 557 4686 potius
586 4614 846 4684 majorem
873 4625 1187 4685 assequutos
1206 4631 1325 4672 esse
1349 4618 1572 4687 gratiam
1598 4627 1653 4673 et
1679 4617 1835 4672 valde

250 4716 702 4776 exsuperantem,
750 4722 816 4761 ex
862 4707 980 4775 ipso
1021 4708 1243 4763 exordio
1282 4708 1541 4765 orationis
1588 4709 1834 4764 excitans

252 4798 576 4852 auditorem.
626 4799 914 4869 Propterea
959 4799 1128 4854 dicit:
1162 4800 1506 4871 Multiforiam
1549 4802 1825 4873 multisque

251 4889 419 4942 modis
451 4890 573 4943 olim
595 4888 734 4942 Deus
761 4890 969 4960 loquens
991 4891 1220 4959 patribus
1249 4892 1302 4944 in
1333 4894 1592 4961 prophetis
1615 4908 1634 4948 :
1658 4894 1713 4947 in
1734 4911 1799 4948 no

250 4986 468 5040 cissimis
494 4986 573 5041 his
598 4986 771 5041 diebus
791 4986 1026 5057 loquutus
1052 4998 1125 5044 est
1150 4991 1291 5045 nobis
1310 4992 1363 5044 in
1384 4991 1540 5051 Filio.

324 5073 527 5129 Paulus
564 5078 728 5144 major
756 5077 1035 5145 prophetis.
1060 5107 1132 5119 —
1163 5080 1269 5134 Cur
1303 5096 1410 5137 non
1442 5084 1679 5152 seipsum
1723 5098 1818 5149 op-

245 5163 429 5232 posuit
458 5165 733 5234 prophetis
768 5167 793 5220 ?
824 5167 971 5238 atqui
1018 5176 1138 5224 erat
1178 5168 1284 5224 illis
1312 5169 1469 5241 longe
1513 5170 1709 5241 major,
1741 5185 1847 5241 quo

240 5273 275 5311 ιι
288 5254 414 5309 tiam
457 5256 661 5327 majora
691 5257 900 5314 fuerant
937 5259 986 5313 ei
1016 5260 1242 5314 credita.
1279 5260 1386 5316 Sed
1416 5260 1517 5317 hoc
1544 5277 1651 5316 non
1693 5260 1840 5317 facit.

241 5346 470 5413 Quare?
499 5348 738 5405 Primum
768 5351 986 5419 quidem
1017 5367 1207 5422 magna
1246 5352 1317 5408 de
1355 5369 1414 5409 se
1457 5353 1639 5409 dicere
1681 5370 1841 5411 recu-

241 5450 413 5492 sane:
444 5438 684 5495 secundo
710 5448 889 5497 autem
909 5482 926 5508 ,
953 5442 1096 5513 quod
1139 5443 1376 5499 nondum
1410 5444 1628 5515 perfecti
1655 5455 1841 5502 essent

240 5528 561 5588 auditores:
588 5535 781 5602 tertio,
811 5548 908 5590 eos
933 5535 1105 5605 magis
1134 5535 1325 5590 volens
1349 5537 1643 5604 extollere,
1674 5548 1729 5592 et
1750 5554 1835 5593 os-

240 5620 467 5679 tendere
497 5636 746 5694 magnam
775 5639 899 5682 esse
930 5626 1369 5695 praecellentiam.
1397 5628 1557 5697 Quasi
1588 5629 1794 5685 diceret
1820 5647 1833 5683 :

1940 3709 2159 3777 (nostros
2177 3700 2202 3755 ἲ
2221 3699 2289 3757 ad
2314 3717 2414 3758 nos
2438 3702 2581 3759 enim
2608 3704 2753 3758 misit
2774 3704 2966 3759 Filium
2992 3720 3148 3761 suum
3177 3705 3529 3777 unigenitum.

1944 3789 2179 3848 Pulchre
2226 3802 2405 3848 autem
2449 3795 2529 3851 sic
2576 3795 2811 3866 incepit,
2862 3796 3205 3869 Multifariam
3257 3784 3533 3870 multisque

1941 3884 2104 3939 modis
2125 3901 2146 3939 :
2172 3887 2411 3942 ostendit
2432 3888 2574 3942 enim
2602 3889 2745 3959 quod
2775 3905 2842 3946 ne
2871 3891 2972 3960 ipsi
3000 3891 3216 3961 quidem
3247 3893 3530 3963 prophetae

1942 3975 2110 4030 Deum
2160 3978 2434 4046 viderunt;
2465 3979 2633 4035 Filius
2663 3997 2792 4037 vero
2820 3983 2970 4039 vidit.
3004 3984 3139 4039 Illud
3171 3985 3312 4041 enim
3338 4027 3353 4053 ,
3384 3985 3527 4041 Mul-

1942 4053 2168 4137 tifariam
2197 4073 2469 4143 multisque
2496 4074 2692 4139 modis,
2727 4075 2829 4130 hoc
2870 4085 2985 4142 est,
3024 4077 3237 4134 diverse
3276 4087 3329 4133 et
3356 4080 3523 4134 varie.

1942 4160 2056 4232 Ego
2076 4163 2221 4218 enim
2243 4205 2257 4230 ,
2286 4165 2478 4235 inquit,
2511 4168 2846 4237 multiplicavi
2876 4171 3110 4238 visiones,
3135 4179 3181 4225 et
3211 4171 3264 4226 in
3292 4173 3525 4227 manibus
3566 4236 3573 4241 ι

1938 4255 2305 4325 prophetarum
2348 4274 2461 4311 sum
2485 4257 2796 4315 assimilatas
2821 4260 2976 4330 (Osee
3001 4262 3088 4318 12.
3114 4263 3224 4334 10).
3253 4263 3525 4332 Quamob-

1936 4360 2050 4401 rem
2092 4348 2286 4404 nonin
2334 4349 2438 4405 hoc
2481 4352 2654 4407 solum
2699 4363 2783 4409 est
2828 4355 3226 4424 przecellentia,
3269 4357 3411 4427 quod
3453 4357 3523 4412 ad

1934 4439 2056 4496 illos
2077 4440 2292 4511 quidem
2321 4444 2470 4499 missi
2493 4454 2619 4500 sunt
2650 4445 2925 4516 propheta:
2945 4488 2961 4511 ,
3001 4447 3069 4501 ad
3100 4463 3198 4503 nos
3223 4457 3401 4504 autem
3435 4450 3522 4504 Fi—

1932 4531 2068 4595 lius;
2114 4532 2208 4589 sed
2258 4534 2418 4589 etiam
2449 4534 2593 4605 quod
2642 4536 2854 4591 illorum
2900 4538 3116 4607 quidem
3164 4540 3345 4593 nullus
3389 4540 3522 4595 vidit

1935 4625 2100 4682 Deum
2120 4668 2137 4693 ,
2163 4627 2296 4683 vidit
2320 4638 2498 4683 autem
2521 4630 2691 4685 Filius
2716 4631 3047 4701 unigenitus.
3077 4629 3143 4686 Et
3172 4632 3275 4688 hoc
3302 4632 3518 4702 quidem

1932 4733 2037 4771 non
2067 4720 2246 4773 statim
2275 4721 2446 4791 ponit.
2478 4722 2670 4791 probat
2696 4732 2875 4778 autem
2904 4739 3000 4793 per
3025 4740 3085 4779 ea
3114 4741 3234 4795 qure
3260 4726 3519 4796 deinceps

1931 4823 2228 4882 sequuntur
2257 4831 2269 4866 :
2302 4829 2495 4883 nempe
2524 4815 2739 4883 quando
2769 4815 2897 4869 dicit
2925 4816 2991 4870 de
3018 4815 3350 4872 humanitate
3376 4835 3389 4870 :
3421 4819 3518 4873 Cui

1930 4905 2064 4957 enim
2099 4906 2398 4976 angelorum
2438 4907 2566 4961 dixit
2589 4927 2608 4961 :
2639 4907 2807 4962 Filius
2834 4925 2971 4962 meus
2995 4926 3047 4963 es
3075 4919 3127 4963 tu
3153 4912 3179 4964 ?
3206 4919 3289 4976 et,
3324 4912 3458 4967 Sede
3483 4932 3517 4967 a

1931 4995 2123 5050 dextris
2165 4998 2287 5050 meis
2320 4998 2389 5068 (υ.
2419 4998 2473 5052 5.
2499 5008 2545 5051 et
2571 4998 2701 5070 i5)?
2735 4998 2866 5055 Vide
2895 5010 3074 5056 autem
3122 5017 3366 5073 magnam
3397 5003 3514 5072 ejus

1930 5085 2265 5156 prudentiam
2293 5108 2307 5142 :
2335 5104 2363 5141 a
2387 5090 2660 5159 prophetis
2688 5093 2920 5162 primum
2948 5094 3180 5149 ostendit
3205 5097 3515 5164 praecellen-

1931 5177 2055 5230 tiam
2081 5194 2094 5229 :
2114 5178 2309 5233 deinde
2335 5195 2456 5234 cum
2483 5181 2611 5237 illud
2633 5184 3007 5240 conﬁrmasset
3029 5194 3297 5257 tamquam
3317 5187 3383 5243 de
3403 5204 3513 5259 quo

1926 5277 2233 5336 constaret,
2266 5274 2575 5339 pronuntiat
2597 5275 2739 5345 quod
2771 5276 2878 5330 illis
2902 5276 3117 5347 quidem
3152 5278 3404 5350 loquutus
3429 5291 3512 5336 est

1927 5374 2022 5428 per
2056 5360 2377 5430 prophetas,
2412 5363 2569 5420 nobis
2609 5375 2788 5421 autem
2836 5382 2932 5436 per
2962 5367 3324 5440 Unigcnitnm.
3356 5372 3508 5438 Quod

1925 5452 1969 5505 si
2002 5451 2109 5507 illis
2138 5454 2298 5508 etiam
2328 5470 2421 5524 per
2449 5457 2668 5525 angelos
2695 5456 2861 5531 (nam
2888 5460 3063 5529 angeli
3094 5476 3311 5531 quoque
3337 5464 3508 5517 eollo-

1925 5542 2074 5610 quuti
2119 5553 2245 5598 sunt
2283 5560 2404 5599 cum
2442 5545 2640 5602 Iudicis
2666 5548 2684 5616 )
2710 5564 2722 5600 :
2751 5557 2806 5603 at
2831 5550 2882 5603 in
2915 5549 3015 5605 hoc
3042 5566 3256 5621 quoque
3302 5553 3421 5609 illos
3453 5554 3506 5607 in

1920 5643 2125 5691 tantum
2153 5652 2486 5708 superamus,
2517 5640 2659 5710 quod
2688 5642 2963 5698 nobiscum
2989 5644 3201 5714 quidem
3226 5646 3503 5709 Dominus,

237 5706 383 5775 Quid
420 5728 678 5784 magnum
722 5730 805 5773 es:
843 5719 984 5789 quod
1026 5719 1320 5789 prophetas
1358 5721 1507 5777 misit
1546 5720 1613 5777 ad
1655 5731 1837 5794 patres
1916 5741 2042 5784 cum
2073 5729 2183 5787 illis
2221 5706 2405 5788 autem
2450 5706 2592 5788 servi
2632 5750 2797 5790 :nam
2828 5744 2883 5791 et
2913 5706 3091 5805 angeli
3137 5746 3190 5793 et
3230 5706 3503 5808 propheta:
