4060 6440
584 308 653 366 ili

584 412 855 468 conservi.
884 412 1114 473 Pulchre
1137 422 1316 473 autem
1345 417 1477 476 dicit
1504 437 1520 476 :
1550 421 1619 477 In
1644 428 1927 483 novissimis
1949 433 2123 489 diebus
2148 453 2170 491 .-

585 518 708 557 nam
753 502 856 559 hoc
901 520 1117 576 quoque
1161 507 1311 576 ipsos
1338 512 1569 578 excitat,
1619 524 1675 569 et
1723 521 2035 578 consulatur
2056 525 2170 595 jam

580 596 845 651 defessos.
880 597 1192 654 Sicutenim
1221 599 1354 655 dicit
1379 602 1539 661 alibi:
1564 602 1817 664 Dominus
1861 630 2021 685 prope
2054 627 2167 678 est.

581 688 712 742 nihil
744 690 951 743 solliciti
988 691 1097 745 sitis
1144 690 1408 764 (Philipp.
1453 696 1507 751 4.
1539 698 1634 765 6);
1667 709 1721 754 et
1749 718 1972 770 rursus,
2016 706 2169 763 Nunc

579 782 711 833 enim
749 783 960 852 propior
988 793 1061 837 est
1090 795 1268 839 nostra
1309 788 1451 843 salus
1470 830 1486 855 ,
1534 808 1688 861 quam
1720 811 1831 847 eum
1861 798 2168 855 credidimus

579 869 757 937 (Rom.
806 872 890 927 15.
931 875 1056 943 ii):
1084 875 1154 929 ita
1186 876 1275 932 hic
1304 894 1535 950 quoque.
1571 882 1707 948 Quid
1745 895 1828 941 cst
1857 905 1984 957 ergo
2023 894 2165 961 quod

577 959 749 1014 dicit?
771 961 920 1030 Quod
948 965 1040 1035 qui
1073 969 1125 1021 in
1165 971 1459 1027 certamine
1484 982 1567 1028 est
1593 990 1946 1049 consmnptus
1990 959 2166 1040 etex-

579 1049 821 1120 haustus,
841 1067 1120 1127 postquam
1153 1060 1382 1117 audierit
1421 1064 1579 1121 ﬁnem
1606 1073 1934 1141 certaminis,
1974 1077 2164 1145 paulu-

577 1141 687 1219 lum
707 1146 957 1215 respirat,
982 1158 1038 1203 ut
1063 1151 1150 1220 qui
1173 1152 1308 1208 sciat
1326 1154 1466 1211 illius
1484 1158 1697 1228 quidem
1715 1177 1833 1219 esse
1856 1141 2037 1232 ﬁnem,
2064 1169 2169 1224 ini-

580 1234 709 1287 tium
742 1248 920 1292 autem
945 1240 1158 1308 quietis.
1203 1242 1269 1297 In
1311 1247 1594 1303 novissimis
1630 1252 1804 1308 diebus
1829 1256 2064 1324 loquutus
2093 1272 2166 1316 est

577 1325 791 1381 nobisin
819 1327 978 1385 Filio.
1014 1332 1151 1389 Ecce
1182 1351 1399 1406 rursus,
1433 1338 1496 1393 In
1525 1340 1683 1397 Filio.
1714 1345 1818 1401 Per
1843 1347 2059 1419 Filium,
2086 1353 2166 1408 in-

574 1419 721 1485 quit,
768 1422 1025 1479 adversus
1054 1440 1147 1481 eos
1178 1430 1266 1498 qui
1309 1430 1494 1488 dicunt
1524 1434 1573 1489 id
1600 1441 1891 1497 convenire
1918 1442 2163 1515 Spiritui.

574 1506 738 1609 vides
762 1514 902 1581 quod
934 1515 1073 1572 istud
1104 1518 1171 1574 In
1199 1530 1280 1575 est
1310 1523 1429 1578 Per.
1466 1526 1530 1580 Et
1556 1527 1709 1594 illud,
1737 1531 1894 1600 Olim,
1924 1506 1979 1590 εἰ
2006 1538 2159 1609 illud,

576 1598 642 1653 In
670 1604 951 1661 novissimis
976 1608 1151 1677 diebus
1170 1652 1185 1679 ,
1218 1612 1417 1684 aliquid
1448 1618 1591 1673 aliud
1622 1620 1813 1679 innuit.
1843 1598 2163 1693 Quodnam'l

572 1692 776 1765 Nempe
801 1712 923 1753 cum
956 1701 1182 1756 multum
1220 1708 1476 1775 temporis
1503 1692 1919 1785 intercessisset,
1957 1736 2027 1776 ex
2055 1739 2161 1793 quo

572 1801 785 1843 eramus
810 1793 1130 1863 castigandi,
1161 1812 1225 1850 ex
1254 1813 1362 1867 quo
1388 1799 1698 1859 defecerant
1723 1807 2067 1881 charismata,
2093 1831 2157 1871 ex

570 1892 677 1945 quo
705 1894 807 1933 non
831 1892 946 1937 erat
974 1900 1096 1954 spes
1121 1888 1327 1953 salutis,
1360 1907 1425 1945 ex
1451 1909 1556 1963 quo
1583 1901 2026 1966 exspectabamus
2046 1906 2160 1963 fore

570 1978 628 2021 ut
653 1969 980 2027 detrimento
1010 1976 1244 2046 undique
1266 1978 1623 2047 afﬁccrcmur,
1649 1994 1775 2043 tunc
1804 1992 1977 2058 majus
2005 1997 2157 2051 nobis

569 2059 760 2129 obtigit
800 2064 1248 2121 emolumentum.
1298 2070 1431 2126 Vide
1459 2083 1637 2130 autem
1671 2095 1828 2145 quam
1864 2084 2160 2150 prudenter

569 2150 671 2207 hoc
700 2153 915 2209 dixerit.
943 2156 1059 2211 Non
1089 2161 1231 2218 enim
1275 2161 1439 2231 dixit,
1480 2166 1730 2225 Christus
1760 2172 2010 2243 loquutus
2037 2188 2119 2233 est
2138 2222 2151 2245 ,

567 2261 885 2317 quamquam
920 2250 1031 2319 ipse
1070 2262 1185 2306 crat
1216 2253 1501 2324 loquutus;
1544 2259 1639 2315 sed
1677 2265 1930 2330 quoniam
1989 2268 2155 2324 inibco

565 2341 673 2394 cilli
700 2357 886 2396 eorum
913 2343 1076 2397 animi
1099 2385 1115 2410 ,
1145 2362 1243 2401 nec
1269 2363 1387 2417 quae
1413 2349 1481 2405 de
1509 2350 1727 2408 Christo
1758 2356 1979 2412 dicenda
2003 2372 2154 2416 erant

564 2432 739 2486 adhuc
780 2432 963 2487 audire
1004 2444 1264 2502 poterant,
1313 2438 1486 2494 dicit:
1530 2441 1595 2496 In
1626 2442 1764 2500 Filio
1800 2448 2038 2517 loquutus
2080 2462 2153 2506 est

566 2522 725 2577 nobis.
746 2524 880 2592 Quid
899 2525 1053 2591 dicis,
1079 2527 1218 2581 Deus
1232 2544 1325 2598 per
1345 2530 1539 2586 Filium
1562 2534 1810 2606 loquutus
1830 2542 1951 2595 est?
1970 2542 2149 2599 Certe.

566 2613 666 2670 Ubi
694 2631 822 2686 ergo
847 2618 1207 2675 excellentia?
1240 2622 1327 2676 hic
1352 2624 1498 2679 enim
1537 2628 1818 2685 ostendisti
1850 2641 1905 2687 et
1943 2632 2149 2691 Novum

563 2717 619 2762 et
645 2708 810 2764 Vetus
838 2725 959 2766 esse
991 2713 1149 2767 unius
1187 2722 1241 2768 et
1270 2715 1513 2784 ejusdem
1537 2759 1553 2783 ,
1596 2721 1739 2789 quod
1769 2724 1985 2793 quidem
2039 2744 2152 2784 ma-

562 2815 680 2871 gna:
711 2817 815 2855 non
839 2811 921 2856 est
944 2803 1297 2859 excellentiae.
1332 2804 1620 2878 Propterea
1650 2809 1752 2868 hoc
1781 2815 2000 2870 verbum
2027 2833 2151 2888 per-

563 2894 804 2962 sequitur
851 2902 906 2948 et
944 2897 1199 2965 exponit,
1228 2897 1414 2953 dicens
1454 2898 1759 2971 :Loquutus
1800 2918 1872 2961 est
1910 2910 2054 2965 nobis
2096 2911 2150 2966 in

565 2983 722 3039 Filio.
759 2984 887 3039 Vide
912 2987 1182 3056 quomodo
1202 2988 1253 3043 id
1279 3004 1563 3048 commune
1586 2993 1774 3063 faciat,
1813 3006 1869 3053 et
1899 2999 2141 3072 discipu-

563 3077 642 3132 los
673 3076 773 3132 sibi
803 3088 1050 3149 exaequat
1081 3080 1280 3137 Paulus
1305 3081 1491 3140 dicens
1530 3103 1543 3137 :
1574 3085 1841 3159 Loquatus
1868 3103 1939 3147 est
1980 3096 2144 3153 nobis.

563 3176 721 3243 Atqui
756 3189 860 3228 non
887 3185 967 3229 est
997 3182 1045 3230 el
1077 3182 1325 3248 loquutus
1346 3219 1361 3243 ,
1395 3178 1488 3234 scd
1529 3181 1786 3249 apostolis
1806 3220 1823 3247 ,
1854 3190 1910 3235 ct
1938 3198 2031 3252 per
2056 3184 2133 3252 ip-

558 3278 648 3317 sos
689 3264 889 3320 multis.
925 3264 1029 3321 Sed
1063 3267 1206 3336 ipsos
1247 3269 1488 3337 extollit,
1537 3279 1591 3324 et
1620 3271 1851 3326 ostendit
1884 3273 2025 3343 quod
2057 3274 2136 3329 eis

557 3368 769 3424 quoque
819 3355 890 3410 sit
944 3356 1222 3428 loquutus;
1271 3359 1337 3413 Et
1389 3359 1547 3415 simul
1603 3360 1819 3417 Judwos
1875 3365 2137 3434 perstrin-

554 3447 631 3511 git
674 3461 843 3499 :nam
894 3461 1082 3503 omnes
1143 3450 1282 3516 fere,
1337 3453 1529 3521 quibus
1588 3453 1793 3523 loquuti
1833 3466 1959 3510 sunt
2013 3473 2135 3526 pro-

554 3536 751 3606 phetae,
794 3540 1039 3593 scelerati
1090 3550 1245 3595 erant
1295 3551 1350 3596 et
1391 3544 1725 3598 exsecrandi.
1781 3546 1844 3598 Et
1893 3547 2129 3600 nondum

553 3626 621 3679 de
662 3629 743 3683 his
780 3630 940 3685 verba
976 3630 1146 3698 ﬁunt;
1175 3632 1387 3688 interim
1433 3643 1609 3689 autem
1660 3636 1892 3706 loquitur
1919 3637 1986 3692 de
2032 3637 2131 3691 do-

553 3721 637 3773 nis
656 3735 773 3789 qute
794 3736 823 3775 a
850 3721 959 3776 Deo
986 3731 1108 3776 sunt
1135 3723 1361 3787 collata;
1386 3725 1611 3796 ideoque
1636 3727 1944 3799 subjuugit:
1970 3727 2130 3794 Quem

549 3813 802 3866 constituit
828 3814 1058 3869 heredem
1080 3817 1445 3871 universorum.
1476 3819 1574 3875 Hic
1599 3819 1728 3875 dicit
1752 3836 1970 3877 carnem
1991 3840 2004 3874 :
2022 3821 2128 3877 sic-

550 3912 608 3957 ut
633 3914 687 3956 et
729 3903 891 3959 David
920 3904 1055 3960 dixit
1085 3907 1137 3960 in
1189 3908 1426 3964 secundo
1455 3910 1690 3979 psalmo,
1722 3910 1936 3966 Postulo
1965 3930 1998 3966 a
2028 3930 2126 3981 me,

548 4003 597 4047 et
622 3995 752 4048 dabo
778 3995 868 4049 tibi
891 4005 1061 4066 gentes
1101 3996 1429 4052 hereditatem
1462 4008 1601 4053 tuam
1620 4002 1791 4072 (Psal.
1818 4001 1867 4055 2.
1905 4002 1986 4071 8).
2014 4001 2129 4058 Non

547 4094 632 4139 est
651 4087 794 4141 enim
821 4087 1051 4156 amplius
1078 4103 1200 4159 pars
1220 4088 1434 4146 Domini
1458 4091 1643 4159 Iacob,
1675 4111 1848 4165 neque
1874 4111 1992 4152 sors
2011 4099 2129 4169 ejus

470 4178 489 4197 ⁸
540 4186 632 4231 est
676 4176 866 4245 Israel,
898 4178 993 4234 sed
1035 4194 1243 4236 omnes.
1288 4181 1424 4249 Quid
1465 4185 1567 4240 sibi
1610 4188 1721 4242 vult
1751 4188 1919 4257 illud,
1967 4190 2128 4258 Quem

545 4270 806 4323 constituit
831 4270 1062 4327 heredem
1082 4273 1108 4327 γ
1125 4273 1237 4328 Hoc
1263 4284 1367 4342 est,
1399 4275 1525 4332 fecit
1553 4294 1675 4334 eum
1704 4279 1984 4337 Dominum
2010 4298 2129 4339 om-

547 4360 716 4415 nium.
745 4360 896 4427 Quod
925 4362 1086 4417 etiam
1129 4363 1323 4420 Petrus
1361 4366 1495 4422 dixit
1539 4369 1592 4424 in
1638 4371 1812 4437 Actis,
1847 4372 1915 4426 Et
1939 4373 2124 4428 Domi-

547 4470 667 4506 num
697 4464 745 4509 et
772 4453 1029 4509 Christum
1057 4472 1173 4510 eum
1198 4458 1316 4529 fecit
1342 4457 1482 4514 Deus
1512 4459 1648 4533 (Act.
1670 4463 1727 4517 2.
1755 4464 1868 4535 36).
1902 4465 2125 4523 Heredis

543 4554 721 4601 autem
751 4548 970 4603 nomine
994 4563 1123 4604 usus
1143 4556 1255 4613 est,
1279 4550 1386 4605 duo
1413 4552 1739 4623 signiﬁcans,
1770 4572 1960 4627 nempe
1980 4560 2125 4630 quod

544 4637 790 4706 proprius
829 4648 883 4693 et
926 4654 1219 4709 germanus
1265 4652 1409 4698 esset
1452 4642 1648 4712 Filius,
1695 4650 1917 4718 etquod
1963 4651 2124 4710 abeo

542 4727 697 4782 avelli
740 4744 845 4783 non
878 4739 1059 4799 posset
1090 4730 1407 4788 dominium.
1440 4732 1693 4789 Heredem
1733 4740 2079 4797 universorum
2103 4786 2120 4814 ,

543 4815 645 4871 hoc
674 4827 788 4884 est,
823 4820 986 4875 totius
1018 4823 1222 4877 mundi.
1256 4822 1488 4879 Rursum
1521 4825 1588 4880 ad
1619 4826 1670 4882 id
1696 4831 1837 4899 quod
1864 4842 1949 4888 est
1975 4835 2121 4904 prius

542 4911 709 4967 refert
734 4913 1036 4971 orationem
1068 4934 1082 4971 :
1114 4916 1221 4973 Per
1242 4935 1388 4988 quem
1416 4920 1537 4990 fecit
1564 4930 1609 4975 et
1633 4925 1841 4979 saecula.

610 5004 665 5058 2.
705 5003 893 5060 Contra
944 5007 1383 5066 Arianos.—Ubi
1411 5022 1535 5067 sunt
1586 5015 1675 5084 qui
1730 5016 1938 5088 dicunt,
1999 5021 2123 5080 Erat

540 5096 755 5165 quando
798 5112 905 5151 non
936 5098 1090 5153 erat?
1121 5100 1323 5158 Deinde
1371 5114 1529 5160 utens
1568 5107 1857 5177 gradibus,
1885 5110 2021 5169 dixit
2064 5114 2120 5171 id

537 5188 681 5260 quod
703 5196 786 5244 est
812 5188 970 5259 longe
994 5189 1186 5260 majus.
1214 5192 1267 5246 '5.
1295 5192 1396 5259 Qui
1422 5212 1537 5249 cum
1558 5198 1623 5251 sit
1648 5200 1888 5267 splendor
1918 5204 2116 5275 glorise,

535 5294 583 5336 et
623 5282 791 5352 ﬁgura
818 5283 1114 5338 substantiae
1137 5287 1268 5356 ejus,
1302 5298 1611 5358 portansque
1636 5294 1808 5347 omnia
1834 5298 1983 5352 verba
2012 5301 2116 5354 uir-

534 5375 655 5427 tutis
698 5390 825 5442 suat,
869 5378 1221 5445 purgationem
1262 5389 1580 5450 peccatorum
1622 5385 1833 5454 faciens,
1874 5390 2010 5445 sedet
2049 5396 2119 5448 ad

532 5465 789 5518 dexteram
820 5469 1103 5537 majestatis
1128 5469 1181 5522 in
1211 5471 1422 5525 excelsis
1450 5488 1469 5526 :
1493 5473 1547 5527 4.
1578 5482 1719 5528 tanto
1758 5478 1938 5533 melior
1960 5499 2116 5555 ange-

532 5556 596 5609 lis
639 5556 864 5624 e/fectus,
895 5570 1086 5629 quanto
1116 5560 1432 5627 di/ferentius
1461 5579 1570 5633 prce
1609 5566 1712 5621 illis
1754 5584 1934 5625 nomen
1974 5575 2116 5630 here-

530 5649 721 5701 ditarit.
755 5649 930 5719 Papu‘,
978 5661 1173 5721 quanta
1213 5663 1295 5708 est
1335 5655 1627 5723 apostolica
1672 5659 1969 5728 sapientia!
2007 5666 2114 5722 imo

532 5756 659 5795 vero
691 5756 797 5796 non
830 5742 1000 5807 Pauli,
1027 5745 1117 5802 scd
1156 5745 1384 5818 Spiritus
1421 5758 1501 5805 est
1532 5749 1620 5807 hic
1648 5753 1957 5812 admiranda
1986 5776 2110 5829 gra-

1312 308 1369 365 S.
1408 308 1684 367 JOANNIS
1720 311 2192 370 CHRYSOSTOMI
2229 313 2550 373 ARtlliiEP.
2582 317 3113 383 CONSTANTINOP.
3778 346 3837 404 ιο

2261 428 2353 481 tia.
2382 426 2498 481 Non
2534 427 2679 482 enim
2718 443 2786 483 ex
2821 442 2922 484 suo
2958 442 3121 484 sensu
3166 427 3280 486 haec
3319 440 3401 486 est
3441 431 3711 504 loquutus,
3741 458 3831 499 nec

2262 522 2463 569 tantam
2510 529 2577 570 ex
2621 530 2680 571 se
2723 517 2929 574 invenit
2976 519 3291 590 sapientiam
3324 539 3337 574 :
3370 523 3512 580 unde
3549 527 3736 583 enim?
3770 547 3829 589 ex

2262 606 2435 661 cultro
2461 616 2514 662 et
2538 608 2789 679 pellibus,
2820 619 2912 665 aut
2933 628 2997 667 ex
3025 612 3279 668 officina?
3303 616 3397 671 sed
3426 616 3620 674 divina:
3644 621 3696 677 id
3722 637 3829 682 erat

2260 699 2611 767 operationis.
2657 701 2774 759 Non
2816 705 2960 759 enim
3009 704 3126 761 haec
3163 708 3393 779 cogitata
3436 712 3680 780 pariebat
3720 719 3828 786 ejus

2261 788 2633 860 intelligentia,
2681 808 2802 863 quae
2848 805 2973 851 tunc
3011 796 3225 868 quidem
3272 808 3389 854 erat
3440 802 3578 859 adeo
3621 805 3829 870 viliset

2259 879 2487 949 abiecta,
2518 890 2577 937 ut
2617 882 2749 938 nihil
2796 884 3018 941 haberet
3057 889 3287 959 amplius
3327 906 3485 962 quam
3528 893 3717 963 plebeii
3746 899 3824 967 qui

2258 968 2312 1023 in
2342 969 2458 1026 foro
2484 984 2765 1029 versantur
2792 993 2807 1029 :
2835 978 3103 1045 quomodo
3133 980 3274 1035 enim
3305 981 3425 1050 plus
3453 982 3693 1053 haberet,
3718 1003 3826 1057 qua:

2255 1058 2313 1115 in
2342 1064 2727 1129 contractibus,
2761 1075 2817 1121 et
2842 1067 3069 1136 pellibus
3098 1078 3352 1140 perpetuo
3386 1083 3595 1128 versata
3625 1086 3678 1130 et
3705 1092 3825 1132 con-

2256 1164 2468 1223 sumpta
2486 1155 2688 1211 fuerat?
2709 1157 2804 1213 sed
2826 1158 3053 1229 Spiritus
3081 1164 3246 1232 gratia
3270 1180 3365 1234 per
3388 1181 3525 1237 quos
3553 1170 3665 1225 vult
3687 1186 3823 1228 suam

2256 1243 2363 1297 vim
2395 1248 2652 1303 ostendit.
2689 1249 2840 1305 Sicut
2873 1252 3017 1306 enim
3056 1253 3100 1308 si
3130 1256 3250 1325 quis
3276 1270 3496 1325 parvum
3526 1274 3744 1329 puerum
3779 1266 3823 1320 in

2257 1335 2425 1390 altum
2472 1341 2758 1407 quemdam
2802 1342 3000 1409 locum,
3028 1354 3083 1400 et
3110 1348 3198 1417 qui
3234 1347 3304 1403 ad
3356 1350 3527 1419 ipsum
3577 1355 3826 1427 pertingat

2256 1429 2372 1484 caeli
2413 1432 2689 1500 verticem,
2744 1434 2871 1490 velit
2910 1436 3200 1507 adducere,
3240 1441 3441 1496 sensim
3481 1452 3536 1499 et
3584 1448 3824 1516 paulatim

2257 1519 2359 1576 hoc
2381 1520 2527 1589 facit,
2559 1540 2656 1594 per
2676 1527 2871 1596 gradus
2895 1530 2982 1598 qui
3004 1540 3129 1585 sunt
3156 1530 3365 1588 inferne
3386 1550 3510 1590 eum
3542 1536 3822 1606 adducens;

2255 1611 2451 1668 deinde
2489 1624 2769 1686 postquam
2805 1633 2927 1672 eum
2953 1634 3113 1689 supra
3143 1625 3406 1689 statuerit,
3439 1634 3494 1678 et
3513 1625 3735 1693 jusserit
3762 1632 3819 1684 ad

2257 1701 2507 1757 inferiora
2544 1707 2779 1759 animum
2820 1709 3134 1777 advertere,
3164 1711 3459 1783 videritque
3486 1716 3822 1786 caligantem,

2257 1795 2634 1850 conturbatum
2681 1804 2737 1851 et
2782 1797 3167 1855 circumfusum
3221 1803 3477 1872 tenebris,
3521 1821 3645 1862 cum
3694 1811 3824 1865 acci-

2257 1886 2409 1954 piens
2439 1887 2586 1942 ducit
2626 1888 2871 1956 inferius,
2908 1892 3209 1949 concedens
3246 1904 3305 1949 ut
3344 1896 3611 1966 respiret;
3645 1899 3826 1959 deinde

2258 1985 2535 2046 postquam
2566 1978 2738 2047 ipsum
2764 1980 3044 2047 recrearit,
3072 1998 3258 2038 rursus
3284 1988 3537 2056 sustollit,
3566 1996 3625 2044 et
3653 2005 3825 2049 rursus

2254 2066 2507 2122 deorsum
2548 2069 2693 2125 ducit
2722 2090 2736 2125 :
2768 2072 2836 2125 ita
2868 2074 3027 2129 etiam
3057 2074 3184 2131 fecit
3220 2077 3408 2135 beatus
3448 2080 3665 2149 Paulus,
3693 2096 3745 2142 et
3777 2088 3822 2142 in

2258 2157 2493 2213 Hebraeis
2519 2170 2573 2214 et
2612 2161 2824 2232 ubique,
2858 2172 2916 2217 ut
2958 2164 3051 2235 qui
3094 2165 3195 2222 hoc
3221 2183 3251 2222 a
3291 2168 3540 2239 Magistro
3570 2173 3819 2231 didicerit.

2254 2247 2467 2302 Etenim
2503 2250 2616 2318 ipse
2644 2267 2856 2322 quoque
2898 2255 2976 2309 sic
3024 2254 3148 2311 fecit
3176 2275 3191 2312 :
3222 2259 3510 2330 aliquando
3535 2265 3749 2334 quidem
3779 2269 3822 2323 in

2253 2339 2420 2393 altum
2458 2342 2692 2409 sustulit,
2727 2344 3016 2415 aliquando
3043 2359 3221 2404 autem
3280 2350 3415 2406 infra
3446 2354 3667 2413 demisit
3690 2363 3825 2414 aud.

2256 2439 2418 2496 tores,
2460 2448 2563 2486 non
2592 2434 2774 2490 sinetis
2813 2445 2869 2490 ut
2909 2437 2998 2491 diu
3028 2440 3215 2495 eodem
3245 2443 3305 2504 in,
3325 2455 3468 2500 statu
3497 2462 3825 2507 morarentur

2257 2519 2352 2589 (α).
2391 2520 2521 2576 Vide
2562 2538 2691 2593 ergo
2728 2526 2815 2580 hic
2842 2542 3074 2598 quoque,
3107 2540 3385 2602 postquam
3417 2536 3561 2606 ipsos
3591 2539 3644 2593 in
3674 2543 3826 2597 altum

2252 2610 2527 2666 eduxisset
2555 2614 2830 2683 gradibus,
2859 2628 2913 2671 et
2938 2621 3214 2676 statuisset
3251 2622 3304 2677 in
3335 2624 3450 2694 ipso
3490 2630 3692 2685 vertice
3720 2634 3826 2701 pie-

2251 2703 2415 2766 tatis,
2446 2704 2750 2774 priusquam
2799 2709 3090 2779 caligarcnt
3138 2722 3193 2768 et
3236 2716 3484 2784 gravibus
3527 2720 3826 2781 circumfusi

2250 2802 2433 2847 essent
2471 2796 2726 2863 tenebris,
2758 2801 3027 2869 quomodo
3069 2818 3165 2859 eos
3209 2822 3397 2863 rursus
3437 2809 3655 2868 deducit
3699 2816 3826 2871 infe-

2249 2884 2383 2949 rius,
2414 2894 2470 2940 et
2494 2888 2797 2944 cont-edens
2827 2901 2883 2945 ut
2911 2894 3257 2965 respirarent,
3289 2900 3440 2967 dicit,
3477 2902 3739 2975 Loquulus
3763 2920 3826 2963 est

2251 2975 2392 3030 nobis
2432 2977 2484 3030 in
2532 2977 2795 3045 Filio;et
2840 2999 3046 3051 rursus,
3084 2988 3243 3055 Quem
3288 2996 3545 3049 constituit
3591 2999 3817 3054 heredem
3883 2986 3890 2995 ’

2250 3067 2616 3123 universorum.
2664 3064 2870 3129 Nomen
2923 3076 3066 3130 enim
3120 3077 3240 3134 Filii
3295 3081 3510 3139 interim
3555 3099 3639 3141 est
3681 3105 3824 3145 com-

2255 3178 2438 3221 mune.
2470 3165 2574 3222 Ubi
2615 3168 2758 3222 enim
2807 3168 3110 3225 intellectus
3154 3170 3314 3228 fuerit
3354 3174 3605 3244 proprius
3633 3185 3689 3232 et
3714 3192 3829 3248 ger-

2256 3271 2468 3323 manus,
2500 3265 2584 3313 est
2607 3259 2857 3331 superior
2882 3263 3151 3320 universis
3179 3282 3193 3319 :
3223 3265 3434 3322 interim
3461 3277 3666 3337 autem,
3698 3286 3827 3342 quo-

2248 3348 2642 3421 modocumque
2667 3353 2758 3418 sit,
2787 3355 3015 3410 adstruit
3038 3356 3180 3425 quod
3201 3357 3323 3413 site
3351 3361 3581 3429 superis.

2323 3436 2523 3492 Paulus
2550 3442 2806 3514 gradatim
2827 3444 2891 3497 de
2916 3444 3119 3498 Christo
3147 3447 3387 3514 loquitur.
3407 3478 3477 3489 -—
3493 3440 3625 3505 Vide
3652 3460 3825 3507 autem

2249 3535 2306 3577 ut
2332 3526 2383 3578 in
2413 3512 2699 3584 humiliore
2722 3533 2889 3598 gradu
2913 3534 3084 3601 primo
3110 3512 3328 3603 statuat,
3354 3539 3515 3603 Quem
3543 3546 3824 3611 constituit,

2243 3612 2447 3679 dicens,
2469 3615 2700 3671 heredem
2720 3621 3100 3690 universorum;
3122 3624 3251 3680 illud
3269 3627 3433 3691 enim,
3449 3630 3723 3688 Constituit
3745 3637 3828 3690 he-

2241 3706 2432 3771 redem,
2474 3717 2560 3763 est
2588 3707 2789 3766 humile
2814 3721 2869 3766 et
2897 3713 3216 3782 subjectum.
3252 3716 3452 3774 Deinde
3480 3721 3529 3773 in
3559 3726 3828 3792 superiori

2238 3797 2405 3868 gradu
2430 3815 2551 3855 eum
2577 3802 2875 3869 constituit,
2922 3805 3250 3878 subjungens
3277 3826 3291 3863 :
3326 3808 3427 3864 Per
3456 3827 3604 3881 quem
3628 3815 3753 3884 fecit
3782 3827 3827 3871 et

2236 3893 2425 3945 stecula
2444 3908 2464 3946 :
2491 3893 2685 3949 deinde
2719 3896 2771 3948 in
2787 3896 2987 3961 altiori,
3005 3908 3061 3955 et
3080 3911 3200 3970 post
3220 3917 3376 3972 quem
3396 3919 3499 3958 non
3524 3915 3606 3959 est
3634 3908 3776 3964 alius
3804 3927 3818 3962 :

2243 3980 2345 4048 Qui
2368 3999 2483 4037 cum
2509 3985 2575 4038 sit
2598 3985 2842 4057 splendor
2869 3990 3047 4059 gloria:
3092 4002 3140 4045 et
3168 3993 3336 4063 ﬁgura
3364 3997 3659 4051 substantia:
3685 4003 3814 4071 ejus.

2235 4072 2442 4130 Revera
2465 4076 2615 4133 duxit
2629 4079 2696 4133 ad
2716 4080 2884 4136 lucem
2906 4082 3346 4149 inaccessibilem,
3365 4087 3431 4141 ad
3452 4089 3620 4157 ipsum
3643 4092 3815 4159 spicu-

2235 4163 2440 4220 dorem.
2485 4169 2552 4223 Et
2583 4171 2891 4242 priusquam
2942 4174 3177 4229 tcnebrm
3213 4177 3488 4243 accedant,
3535 4180 3656 4235 vide
3683 4200 3811 4250 quoe

2216 4257 2393 4327 'modo
2414 4274 2597 4313 rursus
2617 4276 2737 4315 eum
2761 4263 2958 4318 sensim
2981 4264 3229 4330 demittit,
3253 4266 3432 4321 dicens
3455 4285 3470 4321 :
3499 4268 3808 4341 Portamth

2231 4349 2403 4403 omnia
2445 4352 2593 4405 verbo
2642 4353 2840 4408 virtutis
2884 4370 3010 4419 sure,
3053 4372 3166 4408 cum
3210 4373 3303 4424 per
3349 4359 3570 4426 seipsum
3616 4364 3808 4430 fecisset

2227 4442 2581 4508 purgationem
2613 4454 2929 4512 peccatorum
2961 4456 3269 4512 nostrorum,
3299 4448 3426 4501 sedit
3454 4449 3523 4502 ad
3547 4450 3804 4505 dexteram

2226 4530 2526 4599 majestatis.
2554 4532 2668 4587 Non
2696 4534 2828 4588 dixit
2856 4534 3118 4601 absolute,
3148 4535 3317 4601 Sedit,
3346 4538 3440 4593 sed
3467 4540 3593 4594 Post
3615 4556 3804 4610 purga-

2225 4622 2423 4677 tionem
2469 4624 2627 4679 sedit.
2661 4627 3026 4696 Apprehendit
3063 4628 3206 4684 enim
3255 4631 3674 4687 incarnationem
3709 4641 3801 4688 :et

2220 4728 2405 4768 rursus
2434 4714 2666 4785 loquitur
2690 4717 2933 4773 humilia.
2965 4718 3166 4776 Deinde
3195 4736 3379 4776 rursus
3402 4737 3521 4777 cum
3548 4739 3795 4793 magnum

2219 4805 2345 4872 quid
2381 4815 2526 4861 esset
2553 4807 2823 4879 loquutus,
2855 4809 2936 4864 Ad
2962 4810 3221 4865 dexteram
3265 4813 3429 4880 enim,
3459 4814 3649 4884 inquit,
3685 4833 3792 4871 ma-

2212 4897 2412 4966 iestatis
2437 4899 2488 4953 in
2516 4900 2747 4965 excelsis,
2779 4903 3063 4958 revertitur
3090 4904 3156 4958 ad
3188 4905 3238 4959 id
3264 4905 3405 4977 quod
3431 4916 3515 4963 est
3544 4907 3747 4965 humile
3777 4928 3791 4966 :

2213 4987 2380 5042 Tanto
2428 4994 2608 5047 melior
2644 4995 2839 5065 angelis
2882 4999 3073 5065 factus,
3103 5009 3290 5065 quanto
3334 4997 3652 5065 diﬁ'erentins
3691 5016 3795 5071 pra:

2214 5077 2319 5133 illis
2345 5096 2529 5134 nomen
2573 5082 2888 5138 hereditauit.
2933 5084 3028 5139 Hic
3068 5085 3324 5157 deinceps
3358 5087 3592 5158 loquitur
3628 5089 3701 5146 dc
3729 5106 3791 5147 eo

2212 5167 2354 5237 quod
2386 5171 2619 5237 pertinet
2641 5172 2707 5227 ad
2738 5187 2977 5229 carnem.
3009 5173 3144 5229 Illud
3171 5175 3336 5243 enim,
3368 5175 3561 5233 Factus
3589 5180 3787 5247 melior,

2212 5265 2489 5326 paternam
2537 5275 2645 5316 non
2693 5262 2958 5333 signiﬁcat
2998 5266 3322 5333 essentiam;
3371 5267 3459 5322 illa
3506 5269 3787 5325 enimnon

2208 5348 2368 5418 facta,
2406 5352 2500 5407 sed
2530 5354 2708 5425 genita
2735 5364 2819 5412 est
2846 5371 2863 5413 :
2895 5356 2990 5413 sed
3014 5358 3287 5415 carnalem
3317 5362 3640 5427 essentiam;
3673 5363 3781 5433 ipsa

2213 5439 2356 5494 enim
2382 5450 2462 5495 est
2490 5440 2647 5497 facta.
2672 5443 2776 5499 Sed
2802 5459 2909 5499 non
2932 5460 3077 5501 nunc
3101 5447 3275 5517 agitur
3302 5448 3369 5504 de
3397 5462 3626 5529 essentia
3650 5470 3666 5519 ;
3697 5453 3785 5508 sed

2212 5528 2354 5583 sicut
2378 5531 2615 5588 Joannes
2642 5533 2858 5600 dicens,
2884 5535 2987 5603 Qui
3009 5547 3123 5607 post
3159 5555 3238 5593 me
3262 5542 3399 5595 venit
3416 5582 3431 5607 ,
3462 5553 3581 5597 ante
3607 5561 3685 5597 mc
3710 5548 3786 5615 fa-

2217 5629 2326 5674 ctus
2355 5632 2449 5688 est,
2480 5625 2600 5691 quia
2624 5632 2696 5679 est
2734 5626 2876 5695 prior
2903 5626 3081 5696 (Joan.
3110 5629 3163 5684 1.
3183 5630 3294 5698 i5),
3315 5631 3367 5685 id
3398 5632 3615 5700 indicat,
3643 5633 3779 5704 quod

2288 5756 2361 5819 (ll)
2384 5756 2488 5807 Huc
2511 5756 2690 5807 desinit
2714 5754 2905 5807 bomilia
2930 5754 3083 5820 prima
3104 5756 3152 5808 in
3186 5753 3361 5808 Codice
3384 5755 3681 5811 Colbcrtiuo.
