4064 6564
156 351 211 407 ﬁ
1040 343 1106 402 IN
1136 343 1350 402 EPIST.
1417 345 1509 401 AD
1561 344 1924 404 HEBREOS.
1964 347 2116 405 CAP.
2172 351 2220 406 l.
2274 351 2509 410 HOMIL.
2543 354 2584 408 1.
3339 361 3409 418 16

155 461 431 540 probro)
456 459 560 515 καὶ
587 457 855 514 ἐνταῦθα.
891 458 958 512 Τί
995 454 1090 514 οὖν
1143 460 1293 513 ἐστιν
1327 458 1358 512 δ
1389 459 1578 528 λέγει;
1612 459 1740 513 Ὅτι

157 552 244 613 πᾶς
270 549 298 600 6
327 547 387 600 ιν
418 543 501 615 τῷ
545 542 732 610 ἀγῶνι
771 541 1203 607 κατ-ἀναλωθεὶς.
1245 541 1464 596 ἐπειδάν
1514 541 1724 613 ἀκούσῃ

151 631 229 688 τοῦ
258 629 470 699 ἀγῶνος
502 626 570 680 16
598 625 780 691 τέλος,
816 625 1047 679 ἀναπνεῖ
1075 624 1291 696 μικρὸν,
1317 625 1474 690 είδὼς
1489 626 1573 679 61:
1615 625 1726 678 τῶν

157 717 311 769 πόνων
350 711 452 782 μέν
497 712 625 763 ἐστι
666 709 732 762 16
772 707 947 771 τέλος,
970 708 1070 778 τῆς
1089 707 1145 760 δὲ
1169 707 1527 773 ἀναπαύσεως
1557 709 1722 782 ἀρχή.

145 798 236 855 Ex‘
253 793 526 866 ἐσχάτων
579 789 708 867 τῶν
738 790 981 861 ἡμερῶν
1001 792 1227 844 τούτων
1244 791 1553 858 ἐλάλησεν
1580 791 1725 861 ἡμῖν

144 885 202 938 ἐν
224 879 344 945 Υιῷ.
387 877 520 932 Ἰδοὺ
555 875 733 930 πάλιν
746 876 829 942 16,
873 872 1117 942 ἘνΥίῷ,
1146 873 1235 928 διά
1256 873 1351 927 τοῦ
1380 874 1532 942 Υίοῦ,
1560 875 1718 944 φησὶ,

144 967 260 1040 πρὸς
278 963 401 1026 τοὺς
451 961 736 1030 λέγοντας
763 958 843 1029 τῷ
894 957 1176 1029 Πνεύματι
1221 957 1382 1012 τοῦτο
1434 957 1720 1030 ἁρμόζειν.

151 1051 288 1122 Ὁρᾷς
308 1050 388 1102 ὅτι
439 1045 538 1099 καὶ
595 1045 690 1109 τδ,
737 1044 828 1108 ἐν,
855 1043 955 1097 διὰ
989 1041 1146 1106 ἐστί;
1179 1042 1294 1096 Kal
1348 1041 1432 1108 16,
1490 1042 1711 1107 Πάλαι,

138 1134 218 1189 καὶ
243 1131 320 1195 16,
354 1129 481 1184 Ἐπ’
507 1127 806 1197 ἐσχάτων
834 1125 953 1180 τῶν
976 1125 1234 1196 ἡμερῶν,
1275 1126 1438 1181 πάλιν
1456 1125 1645 1198 ἔτερόν
1670 1143 1724 1179 τι

137 1220 422 1274 αἰνίττεται.
449 1217 620 1269 Ποῖον
645 1214 719 1286 δὴ
745 1212 940 1280 τοῦτο;
975 1214 1101 1268 "01:
1130 1214 1327 1268 πολλοῦ
1350 1215 1542 1288 χρόνου
1573 1231 1728 1284 γενο-

141 1303 281 1373 μένου
305 1299 470 1370 μέσου
503 1311 557 1363 ι,
595 1299 698 1352 ὅτε
723 1297 1025 1368 ἐμέλλομεν
1055 1297 1406 1365 κολάξεσθαι,
1428 1300 1520 1352 ὅτε
1565 1299 1725 1352 ἐκλε-

142 1384 294 1438 λοίπει
321 1383 388 1436 τά
418 1380 790 1453 χαρίσματα,
852 1381 942 1434 ὅτε
974 1381 1275 1452 προσδοκία
1315 1383 1592 1452 σωτηρίας
1627 1381 1728 1434 οὐκ

139 1466 219 1538 ἦν,
237 1470 320 1522 ὅτε
373 1465 742 1536 πανταχόθεν
811 1465 1232 1535 προσεδοκῶμεν
1275 1464 1500 1520 ἔλαττον
1557 1466 1726 1537 ἐχειν,

111 1553 240 1607 ’τότε
261 1551 414 1606 πλέον
455 1551 822 1622 ἐσχήκαμεν.
848 1547 962 1601 Καὶ
993 1547 1094 1602 θέα
1135 1547 1253 1613 πῶς
1310 1548 1551 1614 συνετῶς
1592 1551 1726 1605 αὐτὸ

135 1636 326 1707 είρηκεν
350 1654 363 1667 ’
392 1636 453 1688 οὐ
471 1635 587 1704 γάρ
607 1627 802 1696 εἶπεν,
835 1632 896 1686 Ὃ
922 1632 1159 1703 Χριστὸς
1181 1634 1437 1706 ἐλάλησε.
1461 1635 1644 1689 καίτοι
1661 1651 1726 1704 γε

136 1718 274 1782 αὐτὸς
285 1713 350 1789 ἦν
364 1719 392 1770 6
409 1717 692 1786 λαλήσας·
709 1715 830 1770 ἀλλ’
843 1715 1032 1786 ἐπειδὴ
1053 1715 1304 1781 ἀσθενεῖς
1315 1717 1498 1772 αὐτῶν
1513 1713 1655 1789 ἦσαν
1671 1719 1727 1772 αἱ

134 1800 402 1872 ψυχαὶ,καὶ
415 1799 641 1869 οὐδέπω
675 1797 903 1853 ἀκούειν
921 1797 1187 1869 ἠδύναντο
1215 1800 1284 1855 τὰ
1301 1819 1367 1854 πε
1378 1802 1430 1872 pl
1456 1802 1550 1855 τοῦ
1592 1803 1728 1872 Χρι-

139 1885 262 1950 στοῦ,
291 1883 647 1952 Ἐλάλησεν
688 1881 841 1950 ἡμῖν
874 1882 966 1936 ἐν,
997 1881 1128 1951 ms,
1160 1885 1313 1954 φησί.
1353 1884 1418 1939 Τί
1455 1885 1668 1954 λέγειςς
1699 1885 1728 1938 6

136 1968 244 2032 Θεδς
267 1967 350 2021 διά
368 1965 463 2021 τοῦ
490 1965 633 2020 Υίοῦ
667 1965 944 2036 ἐλάλησε;
972 1965 1098 2021 Ναί.
1129 1966 1238 2021 Ποῦ
1273 1963 1418 2040 οὖνὴ
1447 1969 1722 2040 ὑπεροχή;

138 2051 342 2105 ἐνταῦθα
371 2051 472 2122 μὲν
504 2051 622 2120 γὰρ
660 2048 902 2114 ἔδειξας,
933 2050 1018 2104 61:
1049 2050 1143 2104 καὶ
1172 2053 1206 2122 ἡ
1237 2051 1417 2124 Καινὴ
1445 2054 1593 2125 καὶὴ
1619 2054 1730 2106 Πα-

136 2131 246 2190 λαιά
269 2133 380 2198 ἑνός
408 2136 530 2187 ἐστι
579 2132 693 2187 καὶ
740 2132 836 2186 τοῦ
877 2132 1066 2197 αὐτοῦ,
1095 2134 1157 2187 οὐ
1201 2135 1402 2208 πολλὴν
1426 2136 1484 2190 δέ
1516 2135 1724 2207 ταύτην

137 2215 376 2288 ὑπεροχὴν
397 2217 426 2257 δ
453 2213 659 2271 οὖσαν.
697 2215 802 2269 Διά
835 2215 994 2269 τοῦτο
1016 2216 1204 2272 λοιπὸν
1233 2218 1408 2290 τούτῳ
1436 2219 1729 2291 ἐπεξέρχε-

142 2317 212 2354 ται
231 2300 301 2372 τῷ
319 2301 484 2372 λόγῳ,
516 2300 749 2369 λέγων’
793 2298 1138 2368 Ἐλάλησεν
1160 2302 1306 2371 ἡμῖν
1331 2303 1402 2356 ἐν
1429 2301 1557 2369 Υίῷ.
1586 2303 1728 2376 Ὅρα

143 2385 234 2449 πῶς
258 2384 384 2438 αὐτὸ
408 2384 756 2445 κοινοποιεῖ,
781 2381 880 2435 καὶ⁸
907 2380 1076 2447 ἐξισοῖ
1090 2387 1204 2447 τοῖς
1231 2385 1502 2456 μαθηταῖς
1531 2387 1727 2441 ἑαυτὸν

139 2467 386 2532 ὸΠαῦλος,
426 2468 631 2536 λέγων·
683 2463 1038 2533 Ἔλάλησεν
1063 2467 1228 2535 ἡμῖν.
1261 2457 1456 2523 Καίτοι
1478 2486 1542 2538 γε
1575 2470 1728 2542 αὐτῷ

140 2551 222 2604 οὐκ
258 2551 532 2623 ἐλάλησεν,
575 2549 736 2604 ἀλλὰ
792 2551 903 2612 τοῖς
948 2549 1290 2618 ἀποστόλοις,
1318 2556 1413 2607 καὶ
1447 2554 1516 2609 δι’
1547 2555 1728 2609 αὐτῶν

141 2639 233 2699 τοῖς
279 2637 504 2700 πολλοῖς.
579 2635 744 2690 ’Δλλ’
795 2635 1014 2705 ἐπαίρει
1053 2638 1272 2698 αὐτοὺς.
1310 2637 1406 2692 καὶ
1433 2638 1724 2706 δείκνυσιν,

142 2718 209 2771 6::
244 2719 329 2772 καὶ
361 2720 545 2784 αὐτοῖς
591 2718 903 2787 ἐλάλησεν,
947 2717 1067 2789 ἅμα
1115 2718 1174 2774 66
1215 2721 1557 2776 καθάπτεται
1612 2739 1729 2784 πως

144 2801 521 2856 τιῖινἹουδαίων.
537 2801 626 2876 [7]
649 2801 860 2873 Σχεδὸν
871 2802 979 2873 γὰρ
992 2800 1257 2869 ἅπαντες,
1272 2799 1353 2868 οἷς
1381 2803 1650 2874 ἐλάλησαν
1676 2807 1727 2858 οί

146 2886 408 2958 προφῆται,
432 2886 723 2958 μοχθηροί
749 2906 897 2954 τινες
920 2885 1178 2960 ἦσαν-καὶ
1207 2889 1415 2960 μιαροί.
1441 2889 1552 2942 Καὶ
1575 2887 1728 2942 οὔπω

150 2971 472 3041 περὶτούτων
515 2975 783 3026 ποιεῖται
811 2973 904 3028 τὸν
939 2973 1120 3043 λόγον,
1149 2973 1289 3037 τέως
1337 2973 1395 3027 δὲ
1443 2975 1572 3045 περὶ
1618 2973 1729 3027 τῶν

154 3053 483 3126 ὑπηργμένων
532 3057 708 3128 παρὰ
744 3058 839 3112 τοῦ
866 3058 1002 3112 Θεοῦ
1029 3056 1270 3130 δωρεῶν.
1294 3059 1393 3112 Διά
1429 3057 1588 3113 τοῦτο
1636 3059 1731 3113 καὶ

155 3139 334 3209 ἐπάγει·
362 3144 467 3196 Ὀν
486 3143 688 3209 ἔθηκε
720 3143 1105 3211 κληρονόμον
1126 3140 1429 3196 ἁπάντων.
1467 3142 1732 3197 Ἐνταῦθα

155 3222 236 3292 τὴν
272 3224 436 3294 σάρκα
471 3225 654 3296 φησί’
689 3225 881 3290 καθως
916 3227 1012 3280 καὶ
1042 3228 1071 3280 6
1109 3226 1273 3280 Aaul6
1300 3227 1358 3280 ἐν
1389 3226 1468 3295 τῷ
1493 3227 1732 3299 δευτέρῳ

158 3305 324 3378 ψαλμῷ
350 3308 488 3379 λέγει
511 3327 527 3342 ’
582 3309 861 3377 Αἴτησαι
893 3311 1032 3380 παρ’
1077 3310 1246 3380 ἐμοῦ,
1292 3310 1390 3364 καὶ
1423 3311 1596 3366 δώσω
1633 3327 1733 3366 σοι

161 3391 284 3457 ἔοι-η
301 3393 401 3460 τὴν
424 3393 865 3463 κληρονομίαν
892 3407 1030 3449 σου.
1067 3393 1266 3447 Οὐκέτι
1294 3392 1407 3465 γάρ
1441 3395 1601 3465 μερὶς
1620 3395 1735 3447 Κυ-

172 3474 270 3544 ρίου
309 3477 494 3544 Ἰακὼϐ,
553 3479 705 3533 οὐδὲ
757 3479 960 3549 κλῆοος
997 3478 1147 3549 αὐτῷ
1204 3480 1234 3532 6
1308 3477 1550 3550 Ἰσραὴλ,
1596 3478 1736 3534 ἀλλά

165 3559 351 3623 πάντες.
376 3562 433 3614 Τί
448 3565 643 3626 ἐστιν,
679 3564 787 3616 Ὃν
810 3563 988 3630 ἔθηκε
1014 3562 1430 3632 κληρονόμον;
1450 3561 1734 3627 Τουτέστι,

162 3640 322 3696 τοῦτον
343 3645 538 3717 Κύριον
615 3644 886 3700 ἁπάντων
934 3647 1214 3717 ἐποίησεν.
1250 3646 1316 3700 Ὃ
1365 3646 1463 3700 καὶ
1510 3646 1569 3700 ἐν
1617 3649 1738 3710 ταῖς

159 3725 395 3795 Ηράξεσιν
428 3732 458 3784 6
484 3731 723 3799 Πέτρος
751 3728 878 3802 ἔφη·
919 3728 1033 3784 Καὶ
1082 3731 1304 3799 Κύριον
1339 3727 1442 3784 καί
1478 3729 1739 3797 Χριστὸν

155 3811 317 3864 αὐτὸν
342 3815 374 3868 ό
401 3814 548 3880 Θεὸς
609 3812 890 3880 ἐποίησε.
923 3812 1014 3884 Τῷ
1041 3812 1099 3866 δὲ
1123 3811 1219 3865 τοῦ
1259 3811 1601 3884 κληρονόμου
1623 3811 1740 3866 ὀνό-

155 3909 269 3962 ματι
299 3897 603 3969 κέχρηται,
637 3894 734 3948 δύο
756 3895 956 3966 δηλῶν,
989 3895 1085 3950 καὶ
1102 3895 1166 3948 16
1195 3895 1299 3966 τῆς
1326 3895 1575 3966 υίότητος
1605 3895 1739 3966 γνή-

153 3992 271 4041 σιον,
294 3981 388 4035 καὶ
415 3984 476 4036 16
504 3981 632 4051 τῆς
671 3981 996 4052 κυριότητος
1025 3980 1467 4036 ἀναπόσπαστον.
1512 3983 1742 4049 Κληρο-

148 4061 322 4130 νόμον
342 4063 631 4120 πάντων·
697 4062 968 4125 τουτέστι,
995 4061 1090 4116 τοῦ
1115 4062 1322 4134 κόσμου
1354 4062 1577 4126 παντὸς.
1609 4058 1744 4117 Εἶτα

148 4144 293 4199 πάλιν
341 4149 434 4202 ἐπὶ
487 4151 560 4203 16
604 4147 879 4218 πρότερον
909 4147 1174 4215 ἐπανάγει
1209 4146 1302 4200 τὸν
1333 4147 1526 4216 λόγον·
1562 4147 1646 4201 Δι’
1667 4142 1742 4204 οὗ

147 4229 232 4282 καὶ
260 4231 400 4300 τοὺς
435 4231 684 4298 αῖιῖινας
722 4230 996 4298 ἐποίησε.

205 4397 266 4470 β’.
285 4400 402 4455 Ποῦ
419 4401 574 4456 τίσιν
603 4402 656 4454 οί
675 4399 949 4470 λέγοντες,
971 4394 1082 4453 Ἦν
1097 4399 1184 4454 ὅτε
1211 4399 1314 4452 οὐκ
1331 4392 1400 4471 ἦν
1419 4416 1434 4467 ;
1453 4395 1587 4454 Εἶτα
1613 4401 1748 4455 ἀνα-

143 4481 361 4555 σαθμοῖς
391 4487 719 4558 χρώμενος,
751 4484 812 4538 16
840 4483 1022 4555 πολλῷ
1049 4483 1252 4538 τούτων
1292 4483 1477 4554 μεῖζον
1520 4484 1748 4558 ὕστερον

147 4567 435 4637 ςθέγγεται
472 4571 696 4638 λέγων’
745 4571 852 4634 Ὃς
888 4565 974 4621 ὢν
1004 4567 1376 4638 ἀπαύγασμα
1405 4567 1513 4636 τῆς
1537 4569 1746 4638 δόξης,

144 4651 232 4706 καί
265 4653 603 4722 χαρακτὴρ
636 4651 748 4719 τῆς
772 4651 1172 4718 ὑποστάσεως
1209 4652 1420 4717 αὑτοῦ.
1453 4652 1653 4722 φέρων
1683 4670 1749 4706 τε

145 4734 210 4788 τὰ
243 4737 446 4790 πάντα
503 4737 600 4802 τῷ
647 4735 869 4806 ῥήματι
911 4735 1022 4805 τῆς
1071 4735 1381 4806 δυνάμεως
1415 4737 1627 4800 αὑτοῦ,
1673 4737 1748 4792 δι’

143 4815 352 4873 ἑαυτοῦ
396 4819 798 4889 καθαρισμὸν
834 4818 1248 4889 ποιησάμενος
1285 4817 1407 4873 τῶν
1451 4818 1751 4890 ἁμαρτιῶν

144 4900 322 4968 ἡμῶν,
358 4905 669 4958 ἐκάθισεν
721 4903 793 4957 ἐν
833 4901 1002 4970 δεξιᾷ
1041 4901 1151 4971 τῆς
1185 4906 1631 4974 μεγαλωσύνης
1681 4905 1752 4959 ἐν

146 4986 402 5054 ὑψηλοῖς
421 5007 437 5021 ο
470 4988 759 5054 τοσούτῳ
787 4988 1071 5057 κρείττων
1091 4988 1412 5058 γενόμενος
1437 4989 1558 5043 τῶν
1581 4990 1752 5060 ἀγγέ-

139 5072 276 5134 λων,
311 5071 446 5140 ὅσῳ
471 5072 930 5140 διαφορώτερον
954 5072 1092 5140 παρ’
1127 5071 1352 5138 αὐτοὺς
1393 5077 1754 5143 κεκληρονό-

139 5171 323 5219 μηκεν
366 5156 602 5225 ὄνομα.
651 5154 828 5210 Βασαὶ
879 5154 981 5224 τῆς
1039 5155 1310 5220 συνέσεως
1362 5155 1466 5226 τῆς
1519 5158 1755 5212 ἀποστο-

141 5235 325 5312 λιιῆςί
369 5240 600 5312 μᾶλλον
627 5239 686 5293 δὲ
722 5239 786 5293 ού
819 5238 919 5309 τὴν
945 5238 1042 5292 τοῦ
1085 5237 1300 5293 Παύλου
1338 5239 1574 5306 σύνεσιν,
1615 5241 1753 5296 ἀλλά

141 5323 233 5391 τὴν
254 5323 355 5377 τοῦ
411 5321 753 5392 Πνεύματός
797 5323 916 5377 ἐστι
958 5321 1235 5392 θαυμάσαι
1283 5321 1446 5392 χάριν
1494 5323 1748 5379 ἐνταῦθα.

144 5406 212 5460 υύ
245 5409 359 5480 γάρ
404 5407 483 5480 δὴ
538 5407 603 5474 ἐξ
647 5405 861 5470 οίκείας
909 5405 1146 5470 διανοίας
1203 5405 1378 5460 ταῦτα
1431 5406 1752 5477 ἐφθέγξατο,

194 5668 319 5737 ῥεια
339 5666 864 5737 (ἷοῐὲ.Εόίῐί,μέσσν.
923 5733 933 5737 Α
999 5727 1010 5737 ,

193 5729 225 5769 ι
241 5731 410 5810 βοιαι
431 5731 664 5810 {humus
693 5729 708 5778 ἑ
732 5731 810 5780 Bx
858 5729 1010 5780 veteri
1031 5729 1131 5780 Int.
1158 5734 1288 5781 certo
1318 5729 1498 5782 certius
1518 5729 1613 5797 leg.
1639 5733 1755 5782 ταύ-

133 5809 213 5849 της
236 5808 526 5856 malm.

141 5855 334 5929 ..ο-εἰσ
356 5853 593 5929 (Σοὼθὶ
614 5853 801 5929 Ἆρες..
845 5853 1018 5929 sicqqe
1068 5851 1352 5929 Πιιὶίδηιιξκ
1385 5855 1558 5929 ξιιγὶιη
1608 5857 1756 5923 εῦρεν.

141 5911 249 5966 Ἀπὸ
271 5923 484 5976 τῆς.....
515 5911 846 5981 ἐργαστηρίου,
874 5911 1019 5981 σοῖρία
1047 5916 1187 5966 πόθεν
1201 5930 1218 5978 ;
1243 5917 1366 5966 ἀλλὰ
1388 5917 1531 5976 θείας.

1833 461 1960 548 οὐδέ
1988 462 2266 548 τοσαύτην
2291 467 2490 537 σοφίαν
2520 467 2584 534 ἐξ
2611 467 2812 522 ἑαυτοῦ
2843 459 3030 540 εὗρεν·
3061 471 3229 527 πόθεν
3265 475 3422 548 ’γάρς

1834 543 1946 630 ἀπὸ
1979 545 2084 615 τῆς
2125 547 2326 630 σμίλης
2379 549 2491 621 γὰρ
2549 553 2647 605 καὶ
2703 551 2816 606 τῶν
2871 553 3182 624 δερμάτων,
3233 557 3267 630 ἦ
3327 543 3425 612 τοῦ

1833 627 2204 699 ἐργαστηρίου
2233 648 2248 697 ;
2277 631 2416 686 ἀλλὰ
2446 631 2599 696 θείας
2640 645 2664 672 ο
2720 635 3004 708 ἐνεργείας
3044 633 3113 709 ἦν
3149 637 3212 692 16
3253 627 3428 705 οὕτως

1832 710 2028 796 εἰπεῖν.
2061 712 2134 765 Οὐ
2173 713 2280 786 γάρ
2314 715 2482 769 αὐτοῦ
2529 715 2706 770 ταῦτα
2750 719 2822 773 τὰ
2862 721 3110 791 νοήματα
3151 721 3363 777 ἔτικτεν
3389 728 3424 796 ἡ

1834 791 2066 860 διάνοια,
2102 796 2226 849 τότε
2273 798 2375 868 μὲν
2411 797 2554 852 οὓτω
2599 800 2834 871 ταπεινὴ
2877 804 2975 856 καὶ
3015 804 3240 875 εὐτελὴς
3267 791 3424 873 οὐσα,

1830 875 1908 940 ὡς
1932 876 2041 962 τῶν
2062 879 2342 950 ἀγοραίων
2367 881 2535 953 μηδὲν
2554 881 2698 953 ἔχειν
2727 883 2890 937 πλέον
2913 903 2928 916 ·
2953 886 3072 951 πῶς
3095 888 3205 960 γὰρ
3234 893 3266 961 η
3297 895 3427 962 περὶ

1835 961 2141 1030 συμϐόλαια
2165 964 2259 1016 καὶ
2288 963 2537 1035 δέρματα
2555 965 3065 1044 ’καταναλωθεῖσα;
3105 972 3220 1024 ἀλλ’
3261 974 3295 1044 ἡ
3328 961 3424 1028 τοῦ

1834 1044 2152 1117 Πνεύματος
2173 1047 2353 1119 χάρις,
2385 1049 2419 1120 ἢ
2453 1048 2522 1102 δι’
2545 1041 2621 1104 ὧν
2650 1049 2718 1103 ἂν
2746 1049 2906 1122 ἐθέλῃ
2937 1051 3037 1122 τὴν
3068 1053 3221 1124 ίσχὺν
3256 1041 3428 1128 αὐτῆς

1833 1127 2226 1184 ἐπιδείκνυται.
2258 1130 2529 1203 Καθάπερ
2568 1132 2680 1204 γὰρ
2709 1135 2790 1198 εἰς
2819 1133 3025 1205 ὑψηλὸν
3070 1135 3235 1191 τόπον
3278 1141 3425 1203 τινὰ,

1833 1212 1931 1265 καὶ
1988 1213 2130 1284 πρὸς
2181 1213 2354 1286 αὐτὴν
2420 1214 2515 1268 τοῦ
2561 1214 2795 1286 οὐρανοῦ
2847 1217 3123 1286 φθάνοντα
3167 1219 3266 1290 τὴν
3331 1238 3426 1274 κο-

1838 1296 2037 1368 ρυφὴν,
2067 1297 2123 1351 εί
2158 1314 2246 1361 τις
2290 1297 2506 1352 παιδίον
2559 1300 2760 1371 μικρὸν
2803 1301 3107 1371 ἀναγαγεῖν
3157 1302 3424 1373 βούλοιτο,

1837 1377 1918 1451 [8]
1952 1379 2139 1450 ἡρέμα
2191 1379 2289 1434 καὶ
2336 1381 2482 1435 κατά
2527 1384 2726 1454 μικρὸν
2770 1384 2930 1438 τοῦτο
2972 1387 3136 1448 ποιεῖ,
3188 1386 3278 1440 διὰ
3317 1387 3429 1440 τῶν

1835 1463 2083 1518 κάτωθεν
2115 1464 2340 1536 βαθμῶν
2392 1467 2528 1520 αὐτὸ
2581 1469 2838 1538 ἀνάγωνο
2879 1464 3001 1523 εἶτα
3047 1469 3270 1523 ἐπειδάν
3313 1469 3429 1524 άνω

1837 1548 2033 1619 στήσῃ,
2070 1549 2167 1602 καὶ
2204 1548 2440 1624 κελεύσῃ
2482 1551 2637 1606 κάτω
2666 1553 2980 1624 προσέχειν,
3022 1555 3118 1607 καὶ
3157 1555 3242 1625 ῐδη
3286 1554 3428 1623 ἰλιγ-

1835 1631 1974 1699 γιῶν
2002 1631 2098 1684 καὶ
2132 1631 2532 1704 θορυύούμενον
2573 1636 2672 1689 καὶ
2720 1636 3094 1699 σκοτοδινιῶν,
3123 1636 3427 1709 λαδόμενος

1835 1712 2003 1768 αὐτοῦ
2029 1715 2258 1784 κατάγει
2297 1716 2463 1770 πάλιν
2491 1717 2586 1770 ἐπὶ
2623 1717 2684 1770 16
2723 1719 3133 1791 ταπεινότερον,
3169 1720 3426 1791 παρέχων

1835 1799 2213 1853 ἀναπνεῦσαιο
2258 1794 2381 1857 εἶτα
2433 1802 2564 1856 ὅταν
2619 1803 2996 1876 ἀνακτήσηται
3045 1806 3199 1873 αὐτὸ,
3245 1793 3426 1860 ⁴πάλιν

1836 1882 2052 1950 ἀνάγει,
2087 1883 2183 1936 καὶ
2208 1883 2372 1938 πάλιν
2404 1884 2637 1954 κατάγει
2657 1903 2672 1918 ο
2703 1885 2847 1939 οὕτω
2875 1886 2940 1958 δὴ
2967 1888 3060 1941 καὶ⁵
3097 1889 3125 1941 6
3156 1889 3428 1959 μακάριος

1837 1962 2051 2028 Παῦλος
2079 1965 2305 2035 ἐποίησε
2329 1968 2426 2020 καὶ
2443 1967 2537 2020 ἐπὶ
2556 1968 2665 2022 τῶν
2705 1967 2975 2038 Ἐϐραίων
3007 1969 3102 2022 καὶ
3122 1969 3424 2041 πανταχοῦ,

1838 2047 1991 2118 παρά
2016 2046 2111 2101 τοῦ
2133 2047 2461 2102 διδασκάλου
2485 2049 2646 2104 τοῦτο
2684 2050 2895 2122 μαθών.
2930 2052 3042 2106 Kal
3067 2051 3176 2124 γάρ
3203 2054 3300 2106 καὶ
3328 2054 3428 2106 αὐ-

1833 2130 1927 2195 τὸς
1946 2131 2120 2195 οὕτως
2152 2133 2398 2205 ἐποίησε,
2429 2135 2558 2187 ποτὲ
2585 2133 2686 2205 μὲν
2723 2135 2942 2204 ἀνάγων
2973 2137 3054 2196 εἰς
3093 2135 3248 2206 ὕψος,
3287 2137 3426 2191 ποτὲ

1835 2215 1893 2270 δέ
1929 2214 2188 2284 κατάγων
2223 2217 2355 2280 τοὺς
2400 2217 2701 2288 ἀκροατὰς,
2737 2219 2834 2271 καί⁹
2861 2218 2963 2272 οὐκ
3002 2219 3161 2288 ἀφεὶς
3187 2220 3423 2274 ἐπιπολὺ

1838 2298 1978 2354 κατά
2007 2299 2070 2353 τὸ
2097 2297 2232 2353 αὐτὸ
2259 2301 2618 2370 ἐγχρονίζειν.
2660 2301 2806 2372 Ὅρα
2848 2301 2980 2370 γοῦν
3013 2302 3178 2356 αὐτὸν
3218 2304 3312 2357 καὶ
3334 2305 3424 2356 ἐν·

1835 2382 2030 2451 ταῦθα,
2053 2383 2123 2438 δι’
2163 2385 2306 2440 ὅσων
2343 2385 2542 2448 αὐτοὺς
2574 2383 2870 2454 ἀναγαγὼν
2920 2384 3278 2456 ἀναϐαθμῶν.
3327 2387 3426 2440 καὶ

1835 2469 1977 2540 πρὸς
2023 2468 2198 2541 αὐτὴν
2257 2470 2464 2540 στήσας
2518 2468 2618 2539 τὴν
2670 2467 2917 2540 κορυφὴν
2969 2468 3074 2539 τῆς
3117 2469 3422 2537 εὐσεϐείας,

1835 2555 1968 2624 πρὶν
1997 2553 2301 2623 ίλιγγιᾶσαι
2335 2553 2433 2608 καὶ
2465 2552 2768 2624 σκοτοδινίᾳ
2797 2551 3022 2618 ἁλῶναι,
3053 2553 3170 2615 πῶς
3194 2553 3427 2623 κατάγει

1837 2637 2002 2692 πάλιν
2059 2638 2260 2702 αὐτοὺς
2309 2635 2643 2708 κατώτερον,
2691 2641 2788 2690 καὶ
2834 2635 3011 2701 διδοὺς
3061 2637 3425 2705 ἀναπνεῦσαι,

1836 2720 2022 2792 φησιν’
2090 2719 2428 2789 Ἐλάλησεν
2477 2719 2624 2789 ἡμῖν
2655 2719 2730 2773 ἐν
2767 2717 2909 2785 Υίῷο
2949 2721 3043 2774 καὶ
3089 2720 3276 2797 πάλιν,
3326 2723 3431 2776 Ὃν

1835 2803 2016 2872 ἔθηκε
2048 2805 2433 2874 κληρονόμον
2453 2803 2716 2860 πάντων.
2733 2804 2807 2857 T6
2836 2802 2946 2877 γὰρ
2969 2805 3065 2859 τοῦ
3091 2804 3220 2859 Υίοῦ
3253 2805 3429 2876 ὄνομα

1835 2889 1973 2952 τέως
2008 2889 2206 2944 κοινόν.
2238 2890 2410 2943 Ἔνθα
2451 2889 2551 2958 μὲν
2591 2886 2701 2959 γὰρ
2729 2887 2795 2941 ἂν
2824 2889 3051 2958 γνήσιος
3101 2889 3425 2958 ύπονοῆται,

1837 2973 2060 3026 πάντων
2090 2972 2239 3026 ἐστὶν
2276 2971 2549 3042 ἀνώτερος
2573 2987 2587 3001 °
2622 2971 2760 3036 τέως
2794 2970 2852 3026 δὲ
2882 2971 3033 3034 ὅπως
3069 2971 3134 3025 ἂν
3165 2966 3222 3044 ᾗ,
3261 2987 3432 3026 κατα-

1841 3055 2096 3122 σκευάζει
2124 3055 2324 3111 λοιπδνη
2344 3057 2438 3110 καὶ
2463 3055 2738 3110 δείκνυσιν
2768 3055 2854 3109 61:
2880 3054 3089 3109 ἄνωθέν
3111 3055 3288 3115 ἐστιν,

1912 3228 2057 3300 Ὅρα
2085 3228 2144 3281 δέ
2182 3227 2431 3292 καὶπῶς
2475 3228 2701 3298 πρῶτον
2748 3227 2844 3282 ἐπὶ
2897 3227 2990 3283 τὸν
3043 3229 3434 3300 ταπεινότερον

1843 3311 2051 3384 βαθμὸν
2074 3313 2258 3382 ἵστησι
2279 3311 2475 3379 λέγων·
2511 3313 2616 3364 Ὃν
2645 3311 2826 3377 ἔθηκε
2863 3311 3248 3379 κληρονόμον
3275 3311 3428 3364 πάν-

1840 3410 1994 3448 τωνο
2035 3394 2098 3448 16
2134 3394 2266 3466 γὰρ,
2291 3394 2684 3461 κληρονόμον
2727 3392 2929 3461 ἔθηκε,
2967 3393 3224 3446 ταπεινόν
3243 3407 3259 3424 ο
3311 3387 3433 3448 είτα

1842 3478 1938 3532 ἐπὶ
1956 3477 2050 3531 τὸν
2070 3477 2360 3549 ἀνώτερον,
2379 3474 2696 3544 ἐπαγαγώνο
2723 3475 2803 3529 Δι’
2829 3471 2902 3530 οὗ
2930 3475 3027 3528 καὶ
3049 3474 3194 3540 τοὺς
3213 3474 3434 3541 αιῶνας

1842 3561 2158 3629 ἐποίησεν
2185 3556 2306 3614 εἶτα
2335 3560 2430 3613 ἐπὶ
2453 3559 2546 3613 16v
2581 3558 2934 3630 ὑψηλότερον,
2969 3559 3064 3612 καὶ
3097 3559 3215 3629 μεθ’
3245 3559 3434 3614 δνκούκ

1845 3644 1995 3698 ἐστιν
2020 3645 2242 3716 ἕτερος·
2282 3647 2390 3708 ’ος
2427 3641 2514 3696 ὢν
2540 3641 2909 3712 ἀπαύγασμα
2954 3640 3064 3708 τῆς
3100 3641 3312 3711 δόξης,
3333 3642 3434 3697 καὶ

1846 3726 2152 3797 χαρακτὴρ
2224 3725 2336 3795 τῆς
2387 3725 2782 3790 ὑποστάσεως
2841 3724 3048 3779 αὑτοῦ.
3105 3725 3314 3789 Ὄντως
3353 3727 3432 3787 είς

1812 3810 2145 3882 ,ἀπρόσιτον
2176 3809 2293 3880 φῶς
2319 3810 2548 3880 ἢγαγεν,
2574 3809 2654 3872 είς
2693 3807 2826 3861 αὐτὸ
2845 3808 2904 3862 16
2927 3807 3293 3879 ἀπαύγασμα.
3325 3810 3436 3864 Kal

1848 3896 1980 3965 πρὶν
2013 3894 2048 3966 ἢ
2081 3894 2440 3965 σκοτωθῆναι,
2481 3895 2584 3962 δρα
2612 3892 2730 3956 πῶς
2764 3892 2926 3945 πάλιν
2965 3892 3150 3962 ἠρέμα
3201 3893 3436 3962 κατάγει

1847 3978 2048 4048 λέγων’
2069 3978 2268 4047 Φέρων
2289 3995 2351 4032 τε
2364 3979 2437 4032 τὰ
2451 3977 2649 4030 πάντα
2666 3973 2744 4041 τῷ
2760 3974 2981 4046 ῥήματι
2997 3976 3108 4045 τῆς
3127 3977 3436 4046 δυνάμεως

1851 4063 2060 4126 αὐτοῦ,
2115 4061 2190 4116 δι’
2224 4060 2442 4115 ἑαυτοῦ
2472 4058 2844 4127 καθαρισμὸν
2876 4058 3284 4128 ποιησάμενος
3316 4060 3436 4114 τῶν

1851 4144 2150 4218 ἁμαρτιῶν
2180 4142 2369 4213 ἡμῶν,
2397 4143 2683 4197 ἐκάθισεν
2721 4141 2791 4194 ἐν
2827 4141 2996 4210 δεξιᾷ
3027 4141 3137 4211 τῆς
3168 4146 3437 4212 μεγαλω-

1852 4233 2068 4297 σύνης.
2088 4228 2201 4298 Οὐχ
2220 4226 2408 4290 ἀπλῶς
2427 4223 2600 4279 εἶπεν·
2619 4225 2928 4290 Ἐκάθισεν,
2965 4225 3125 4291 ἀλλά,
3157 4226 3314 4281 Μετά
3343 4225 3439 4280 τὸν

1853 4311 2197 4383 καθαρισμὸν
2270 4308 2545 4364 ἐκάθισεν.
2603 4308 2930 4363 Ἐπελάὅετο
2981 4311 3090 4380 γὰρ
3147 4311 3247 4380 τῆς
3301 4327 3438 4381 σαρ-

1854 4397 2095 4460 animo):
2130 4393 2226 4448 καὶ
2262 4393 2424 4448 πάλιν
2471 4392 2709 4447 ταπεινά
2758 4392 3076 4462 φθέγγεται.
3105 4389 3239 4447 Εἶτα
3274 4395 3438 4450 πάλιν

1855 4477 2231 4552 φθεγξάμενός
2275 4495 2329 4531 τι
2366 4475 2593 4546 ὑψηλὸν,
2639 4476 2742 4529 Ἔν
2785 4474 2955 4543 δεξιᾷ
2979 4476 3108 4548 γὰρ,
3141 4477 3294 4548 φησὶ,
3327 4478 3439 4545 τῆς

1850 4564 2292 4638 μεγαλωσύνης
2335 4561 2406 4616 ἐν
2459 4559 2750 4628 ὑψηλοῖς,
2803 4560 2966 4615 πάλιν
3019 4559 3319 4631 φθέγγεται
3376 4561 3439 4613 16

1855 4648 2112 4705 ταπεινὸν
2140 4647 2228 4701 διὰ
2259 4648 2356 4717 τῆς
2384 4643 2680 4713 ἐπαγωγῆς
2704 4643 2826 4713 τῆς,
2866 4645 3137 4710 Τοσούτῳ
3156 4644 3440 4714 κρείττων

1857 4735 2180 4805 γενόμενος
2206 4729 2324 4784 τῶν
2356 4728 2650 4798 ἀγγέλων,
2682 4725 2806 4790 ὅσῳ
2835 4725 3272 4796 διαφορώτερον
3299 4725 3438 4793 παρ’

1857 4819 2081 4884 αὐτοὺς
2134 4813 2665 4882 κεκληρονόμηκεν
2732 4809 2940 4878 ὄνομα.
3007 4809 3273 4863 Ἐνταῦθα
3328 4810 3440 4881 γὰρ

1858 4903 1954 4956 καὶ
1979 4900 2108 4972 περὶ¹
2134 4899 2232 4967 τῆς
2257 4894 2402 4951 κατὰ
2446 4896 2624 4965 σάρκα
2668 4895 2979 4964 οἰκονομίας
3004 4891 3310 4960 διαλέγεται
3332 4907 3346 4922 ο
3375 4893 3440 4947 τὸ

1858 4987 1988 5057 γὰρ,
2018 4982 2308 5052 Κρείττων
2330 4980 2674 5049 γενόμενος,
2702 4974 2780 5048 [9]
2820 4975 2920 5029 οὐκ
2971 4974 3160 5037 οὐσίας
3202 4975 3436 5045 δηλωτι-

1859 5070 1955 5124 κόν
1981 5070 2096 5121 ἐστι
2125 5065 2226 5132 τῆς
2259 5063 2402 5117 κατά
2443 5061 2698 5132 Πατέρα⁶
2719 5059 2903 5130 ἐκείνη
2933 5059 3040 5131 γὰρ
3062 5059 3165 5112 οὐκ
3197 5059 3438 5128 ἐγένετο,

1858 5153 1998 5210 ἀλλά
2029 5151 2350 5220 γεγέννηται
2377 5165 2391 5178 ο
2421 5144 2558 5200 ἀλλά
2593 5143 2695 5214 τῆς
2731 5145 2874 5198 κατὰ
2913 5144 3125 5214 σάρκα’
3163 5143 3300 5215 αὕτη
3328 5146 3440 5216 γάρ

1859 5237 2094 5307 ἐγένετο.
2144 5232 2282 5287 Ἀλλ’
2307 5231 2369 5285 οὐ
2399 5229 2527 5302 περὶ
2547 5227 2858 5291 ούσιώσεως
2883 5227 2978 5281 νῦν
3003 5230 3032 5282 6
3053 5227 3213 5297 λόγος
3255 5228 3404 5299 αὐτῷ
3423 5245 3438 5260 ο

1859 5323 1975 5378 ἀλλ’
2004 5321 2194 5389 ὥσπερ
2229 5315 2484 5385 Ἰωάννης
2513 5312 2706 5382 λέγων’
2753 5312 2806 5365 '0
2835 5312 3028 5366 ὀπίσω
3049 5329 3172 5381 μου
3194 5312 3439 5380 ἐρχόμε-

1859 5423 1987 5471 νος,
2023 5398 2364 5472 ἕμπροσθέν
2411 5415 2533 5468 μου
2587 5397 2852 5467 γέγονεν,
2914 5395 3002 5447 ὅτι
3054 5393 3287 5463 πρῶτός
3322 5412 3442 5462 μου

1860 5486 1958 5560 ἦν,
1991 5487 2147 5542 τοῦτο
2173 5485 2343 5556 δηλοῖ,
2371 5483 2452 5537 61:
2497 5481 2840 5552 ἐντιμότερος
2868 5479 2962 5532 καὶ
3010 5478 3392 5549 λαμπρότερος
3423 5491 3438 5505 '

1860 5573 2006 5629 οὕτω
2033 5571 2130 5627 καὶ
2175 5567 2410 5624 ἐνταῦθα
2449 5565 2660 5629 Παῦλος
2696 5562 2884 5618 εἰπών·
2915 5563 3188 5629 Τοσούτῳ
3245 5561 3440 5632 κρείτ-

1863 5676 1982 5716 των
2013 5655 2332 5728 γενόμενος
2371 5651 2663 5721 ἀγγέλων,
2682 5649 2764 5702 61:
2799 5646 3022 5717 βελτίων
3064 5645 3303 5717 ἐδήλωσε
3347 5644 3439 5728 καὶ

1865 5726 2315 5810 εὐδοκιμώτερος,
2357 5735 2484 5801 ὅσῳ
2532 5731 2963 5802 διαφορώτερον
3020 5731 3159 5797 παρ’
3219 5726 3441 5810 αὐτοὺς

1866 5807 2391 5892 κεκληρονόμηκεν
2425 5818 2632 5888 ὄνομα.
2671 5813 2838 5887 Ὀρᾷς
2874 5815 2957 5868 61:
2993 5815 3125 5884 περὶ
3163 5811 3257 5865 τοῦ
3303 5807 3445 5862 κατά

1873 5911 2048 5985 σάρκα
2098 5909 2125 5961 ὁ
2178 5908 2332 5977 λόγος
2386 5902 2487 5980 ἧν;
2548 5903 2705 5958 τοῦτο
2761 5901 2867 5973 γὰρ
2919 5899 2980 5952 16
3031 5898 3274 5970 δνομα,ό
3309 5893 3442 5957 Θείς
