4064 6590
634 342 704 400 Π
1412 329 1469 383 S.
1507 325 1798 384 JOANNIS
1835 322 2325 382 CIIRYSOSTOMI
2364 323 2685 381 ARCHIEP.
2727 317 3281 382 CONSTANI‘INUP.
3834 330 3893 388 is

622 460 819 527 Λόγος,
850 453 941 507 ἀεὶ
992 445 1161 520 εἶχεν,
1192 448 1292 517 οὑχ
1323 445 1552 516 ὕστερον
1582 445 2046 514 ἐκληρονόμησεν,
2090 443 2212 497 οὐδὲ

621 553 744 606 τότε
801 548 909 602 τῶν
962 544 1210 613 ἀγγέλων
1278 539 1544 611 κρείττων
1596 540 1835 607 ἐγένετο,
1882 539 1972 591 ὅτε
2031 538 2207 592 καθα-

626 641 826 714 ρισμὸν
861 638 971 691 τῶν
1024 631 1311 706 ἁμαρτιῶν
1369 631 1530 701 ἡμῶν
1585 631 1901 701 ἐποιήσατο,
1962 631 2081 684 ἀλλ⁹
2124 632 2214 685 ἀεὶ

622 734 891 805 κρείττων
919 724 1011 798 ἦν,
1038 724 1134 779 καὶ
1165 723 1433 795 κρείττων
1456 721 1830 792 ἀσυγκρίτως.
1866 722 2005 794 Περὶ
2034 722 2092 775 δὲ
2117 720 2212 777 τοῦ

621 825 766 879 κατὰ
794 821 972 891 σάρκα
997 817 1158 872 τοῦτο
1185 816 1421 888 εῐρηται.
1453 813 1610 869 Οὕτω
1633 815 1767 883 γοῦν
1804 814 1903 868 καὶ
1932 814 2066 885 ἡμῖν
2094 813 2216 880 ἔθος

621 932 688 967 πε
700 915 752 985 ρ).
775 908 1067 981 ἀνθρώπου
1090 906 1522 978 διαλεγομένοις,
1544 906 1641 958 καὶ
1660 904 1841 977 ὑψηλά
1866 903 1962 958 καὶ
1980 904 2217 973 ταπεινά

622 1003 982 1074 φθέγγεσθαι.
1001 1002 1174 1055 Ὅταν
1210 998 1311 1071 μὲν
1342 999 1451 1070 γάρ
1478 997 1754 1067 λέγωμεν,
1783 996 1952 1050 Οὐδὲν
1998 994 2213 1068 ἀνθρω-

622 1117 745 1162 πος,
782 1099 855 1168 γῆ
894 1095 1203 1166 ἄνθρωπος,
1242 1091 1438 1155 σποδὸς
1480 1090 1791 1161 ἄνθρωπος,
1826 1089 1935 1144 ἀπὸ
1967 1088 2064 1143 τοῦ
2103 1089 2219 1160 χεί-

625 1204 781 1261 ρονος
818 1189 879 1243 τὸ
900 1189 1009 1242 πᾶν
1032 1184 1309 1257 καλοῦμεν
1330 1203 1342 1218 ·
1367 1185 1496 1239 ὅταν
1524 1183 1583 1237 δέ
1617 1182 1892 1253 λέγωμεν,
1920 1182 2217 1237 Ἀθάνατον

624 1281 764 1345 ζῶον
801 1282 831 1335 6
856 1278 1167 1351 ἄνθρωπος,
1214 1276 1311 1331 καί⁸
1355 1273 1573 1344 λογικὸς
1602 1275 1630 1328 ὀ
1669 1273 1978 1345 ἄνθρωπος,
2009 1275 2104 1329 καὶ
2133 1275 2217 1329 ὅτι

621 1371 732 1427 τῶν
752 1371 866 1426 ἀνω
900 1367 1194 1439 συγγενὴς,
1225 1365 1335 1420 ἀπὸ
1358 1364 1453 1420 τοῦ
1483 1364 1797 1438 κρείττονος
1822 1365 1885 1420 τὸ
1912 1367 2023 1420 πᾶν
2053 1366 2217 1421 πάλιν

623 1461 920 1533 καλοῦμεν.
962 1458 1122 1514 Οὑτω
1163 1458 1260 1512 καὶ⁵
1306 1459 1440 1528 περὶ
1486 1455 1586 1510 τοῦ
1621 1457 1884 1528 Χριστοῦ,
1936 1457 2071 1511 ποτέ
2117 1458 2217 1528 μὲν

622 1554 733 1608 ἀπὸ
762 1551 857 1607 τοῦ
893 1551 1201 1616 ἐλάττονος,
1237 1548 1370 1602 ποτὲ
1396 1546 1454 1600 δὲ
1484 1545 1594 1600 ἀπὸ
1624 1547 1720 1601 τοῦ
1759 1548 2069 1619 κρείττονος
2100 1548 2217 1603 δια-

622 1643 896 1714 λέγεταιό
928 1640 1163 1705 Παῦλος,
1213 1639 1307 1693 καὶ
1335 1638 1434 1710 τὴν
1458 1638 1775 1709 οἰκονομίαν
1798 1639 2064 1711 συστῆσαι
2093 1640 2219 1713 βου.

621 1736 872 1808 λόμενος,
908 1732 1006 1788 καὶ
1035 1733 1165 1803 περί¹
1197 1731 1294 1803 τῆς
1322 1730 1605 1802 ἀκηράτου
1627 1730 1838 1800 διδάξαι
1866 1730 2108 1802 φύσεως.

690 1909 763 1979 γ’.
807 1908 966 1964 Ἐπεὶ
1014 1904 1109 1965 οῦν
1153 1910 1500 1983 καθαρισμὸν
1535 1910 1762 1984 ἐποίησε
1798 1912 1907 1967 τῶν
1928 1910 2215 1985 ἁμαρτιῶν

621 2003 802 2074 ἡμῶν,
845 2003 1101 2075 μένωμεν
1148 2003 1407 2075 καθαροὶ,
1453 2004 1548 2059 καὶ
1606 2004 1881 2077 μηδεμίαν
1929 2004 2216 2077 δεξώμεθα

622 2096 839 2166 κηλῖδα,
857 2095 993 2150 ἀλλά
1015 2095 1076 2149 τὸ
1092 2094 1308 2163 κάλλος,
1330 2097 1613 2168 ὃπερήμῖν
1636 2098 1884 2170 ἐνέθηκε,
1910 2098 2217 2169 καὶτὴνεύ-

623 2186 895 2258 πρέπειαν
914 2187 1301 2258 διαφυλάττειν
1323 2187 1466 2242 οὕτω
1496 2189 1891 2261 σπουδάζωμεν
1916 2190 2216 2261 ἀμόλυντον

620 2278 721 2334 καὶ
739 2278 1165 2350 καθαράν,ῶστε
1196 2280 1401 2352 μηδένα
1434 2281 1622 2335 σπῖλον
1652 2280 1800 2352 ἔχειν
1828 2281 1862 2351 ῆ
1881 2282 2093 2352 ῥυτίδα,
2112 2281 2147 2350 ἦ
2163 2298 2215 2334 τι

619 2369 733 2424 τῶν
752 2370 1033 2426 τοιούτων.
1070 2371 1268 2436 Σπῖλος
1306 2371 1418 2443 γάρ
1442 2373 1559 2427 ἐστι
1586 2375 1683 2428 καὶ
1712 2373 1869 2444 ῥυτὶς
1904 2374 2000 2427 καὶ
2030 2373 2099 2427 τά
2123 2390 2215 2443 μι-

619 2461 735 2533 κρά
760 2461 871 2516 τῶν
890 2461 1111 2535 ἀμάρτη
1122 2463 1326 2533 μάτων·
1349 2458 1461 2519 οἷόν
1482 2482 1535 2518 τι
1554 2465 1720 2535 λέγω,
1744 2466 2003 2535 λοιδορία,
2034 2463 2216 2535 ὑϐρις,

617 2553 836 2623 ψεῦδος·
869 2553 1072 2624 μᾶλλον
1102 2553 1160 2607 δέ
1184 2554 1308 2609 οὐδὲ
1328 2553 1504 2609 ταῦτα
1540 2556 1741 2627 μικρὰ,
1783 2555 1922 2609 ἀλλὰ
1952 2554 2047 2609 καὶ
2080 2555 2215 2623 σφό-

617 2643 720 2716 δρα
744 2644 978 2716 μεγάλα,
1011 2646 1105 2699 καὶ
1132 2644 1278 2700 οὑτω
1310 2646 1545 2718 μεγάλα,
1574 2646 1652 2710 ὡς
1673 2645 1771 2700 καὶ
1801 2646 1902 2718 τῆς
1933 2632 2213 2717 βασιλείας

617 2739 944 2811 ἀποστερεῖν
969 2739 1081 2794 τῶν
1128 2740 1395 2812 οὐρανῶν.
1435 2740 1560 2807 Πῶς
1595 2742 1689 2796 καὶ
1707 2742 1816 2796 τίνι
1865 2741 2091 2813 τρόπῳ;
2153 2740 2214 2794 '0

618 2829 802 2885 καλῶν
828 2832 919 2886 τὸν
969 2831 1200 2903 ἀδελφὸν
1232 2832 1399 2887 αὑτοῦ
1434 2834 1640 2904 μωρὸν,
1693 2832 1878 2904 ἔνοχός
1928 2835 2069 2901 ἐστι,
2108 2851 2212 2905 φηο

621 2923 727 2986 σὶν.
757 2925 839 2987 εἰς
866 2924 967 2995 τὴν
1004 2923 1235 2993 γέενναν
1268 2928 1365 2979 τοῦ
1402 2927 1594 2999 πυρός.
1636 2925 1699 2979 Εἰ
1731 2926 1787 2979 δὲ
1820 2928 1849 2980 6
1890 2926 2075 2998 μωρὸν
2107 2943 2211 2980 κα-

615 3014 749 3079 λῶν,
779 3014 810 3070 ὸ
847 3016 997 3071 δοκεῖ
1029 3017 1253 3073 πάντων
1286 3016 1427 3074 εἰναι
1476 3020 1829 3092 κουφότερον,
1864 3021 1961 3074 καὶ
2000 3020 2210 3074 παίδων

615 3105 823 3175 ὁμιλία·
854 3109 884 3161 ό
918 3107 1168 3179 κακοήθη
1198 3107 1385 3163 καλῶν
1409 3109 1504 3162 καὶ
1533 3110 1848 3179 κακοῦργον
1872 3110 1967 3164 καί
1999 3110 2209 3181 βάσκα-

614 3218 729 3269 νον,
762 3202 858 3257 καὶ
891 3202 1108 3274 μυρίοις
1146 3202 1362 3274 ἑτέροις
1403 3203 1615 3273 βάλλων
1647 3204 1912 3270 ὀνείδεσι,
1942 3205 2068 3259 τίνα
2108 3205 2207 3276 οὐχ

616 3292 987 3363 ὑποστήσεται
1024 3293 1302 3358 κολάσεως
1329 3294 1517 3364 δίκην;
1544 3295 1595 3348 τί
1622 3295 2062 3367 φρικωδέστερον
2083 3297 2208 3351 τοῦ·

612 3399 745 3452 τους
779 3385 919 3440 Ἀλλ’
941 3386 1266 3458 ἀνάσχεσθε,
1303 3388 1631 3459 παρακαλῶ,
1662 3387 1757 3441 τοῦ
1789 3388 1967 3458 λόγου.
2007 3388 2071 3442 Εἰ
2098 3389 2207 3462 γὰρ

611 3477 644 3530 ὀ
690 3476 862 3531 ποιιῖιν
895 3478 980 3532 ἐνὶ
1013 3478 1126 3532 τῶν
1153 3478 1478 3549 ἐλαχίστων,
1514 3480 1665 3549 αὐτῷ
1703 3484 1882 3548 ποιεῖ,
1918 3481 2015 3536 καὶ
2060 3484 2089 3536 6
2130 3484 2205 3554 μὴ

613 3569 789 3623 ποιῶν
813 3568 897 3623 ἐνὶ
931 3567 1049 3642 [10]
1078 3569 1187 3624 τῶν
1214 3571 1538 3642 ἐλαχίστων,
1579 3571 1728 3643 αὑτῷ
1761 3573 1823 3626 οὑ
1857 3576 2039 3627 ποιεῖ·
2081 3573 2203 3637 πῶς

612 3659 736 3731 οὐχὶ
766 3661 865 3715 καὶ⁸
892 3662 986 3715 ἐπὶ
1014 3662 1116 3733 τῆς
1143 3662 1445 3734 εὐφημίας,
1480 3664 1575 3718 καὶ
1604 3667 1700 3719 ἐπὶ
1728 3666 1831 3737 τῆς
1865 3666 2206 3739 κατηγορίας

612 3751 810 3806 ταύτόν
839 3751 1026 3819 ἐστιν;
1087 3752 1147 3806 Ὀ
1183 3753 1426 3825 ὑϐρίζων
1455 3755 1565 3826 γὰρ
1599 3756 1693 3810 τὸν
1729 3756 1963 3826 ἀδελφὸν
1992 3755 2158 3809 αὑτοῦ
2185 3796 2200 3822 ,

609 3841 707 3897 τὸν
735 3842 867 3898 Θεὸν
901 3843 1093 3916 ὕϐρισε
1120 3861 1135 3876 ·
1187 3846 1283 3902 καί
1323 3846 1352 3900 6
1402 3847 1581 3918 τιμῶν
1618 3848 1710 3903 τὸν
1745 3849 1974 3918 ἀδελφὸν
2002 3848 2200 3915 αὑτοῦ,

612 3934 708 3990 τὸν
731 3934 864 3990 Θεὸν
889 3939 1045 4008 τιμᾷ.

681 4088 745 4141 δ’.
790 4088 1147 4161 Παιδεύωμεν
1175 4085 1267 4146 οῦν
1311 4092 1412 4165 τὴν
1463 4094 1712 4163 γλῶτταν
1759 4095 2007 4167 εὔφημον
2036 4093 2197 4152 εἶναι·

612 4174 866 4231 Παῦσον
896 4176 1027 4248 γάρ,
1064 4179 1221 4250 φησί,
1239 4180 1355 4249 τὴν
1377 4181 1666 4251 γλῶσσάν
1691 4198 1808 4239 σου
1837 4185 1957 4240 ἀπὸ
1984 4185 2197 4241 κακοῦ.

609 4268 688 4322 Ob
705 4268 813 4341 γὰρ
839 4269 927 4323 διὰ
955 4271 1118 4325 τοῦτο
1151 4271 1321 4343 αὐτὴν
1340 4271 1542 4327 ἔδωκεν
1556 4275 1585 4327 6
1601 4274 1753 4339 Θεὸς,
1773 4275 1863 4328 ἵνα
1879 4278 2201 4349 κατηγορῶ-

614 4376 736 4429 μεν,
771 4362 857 4416 ῐνα
884 4361 1221 4436 ὑϐρίζωμεν,
1251 4364 1339 4419 ἵνα
1364 4365 1626 4437 ἀλλήλους
1655 4365 2057 4440 διαϐάλλωμεν·
2083 4371 2198 4425 ἀλλ’

612 4449 702 4503 ἵνα
732 4449 824 4505 τὸν
847 4451 979 4506 Θεὸν
1010 4452 1293 4524 ὑμνῶμεν,
1326 4454 1415 4508 ἵνα
1444 4454 1619 4510 ταῦτα
1671 4456 1923 4531 λαλῶμεν
1948 4462 1985 4518 ἀ
2016 4463 2200 4518 δίδωσι

614 4546 775 4616 χάριν
813 4550 925 4612 τοῖς
955 4548 1252 4614 ἀκούουσι,
1302 4550 1370 4603 τά
1406 4550 1544 4622 πρὸς
1585 4551 1904 4623 οἰκοδομὴν,
1944 4555 2014 4609 τὰ
2062 4556 2201 4627 πρὸς

612 4636 902 4704 ὠφέλειαν.
934 4633 1103 4701 Εἶπες
1140 4638 1231 4691 τὸν
1259 4638 1409 4692 δεῖνα
1442 4640 1666 4707 κακῶς;
1698 4642 1752 4694 τί
1777 4643 2077 4713 κερδαίνεις
2105 4648 2199 4699 καὶ

612 4726 812 4781 σαυτὸν
847 4729 965 4797 μετ’
1011 4729 1221 4782 ἐκείνου
1264 4729 1437 4803 βλάϐῃ
1475 4733 1852 4803 περιϐάλλων;
1886 4735 2047 4801 δόξαν
2088 4738 2197 4810 γάρ

610 4818 801 4882 ἐλαϐες
854 4822 1192 4893 κακηγόρου.
1225 4823 1298 4874 Οὑ
1339 4822 1448 4893 γάρ
1478 4824 1649 4890 ἐστιν,
1700 4826 1801 4880 οὐκ
1845 4827 1994 4883 ἐστιν
2041 4831 2196 4885 οὐδὲν

606 4906 799 4972 κακὸν,
836 4908 864 4961 ὸ
894 4910 1056 4981 μέχρι
1086 4911 1179 4963 τοῦ
1213 4911 1514 4981 πάσχοντος
1544 4913 1784 4979 ἵσταται,
1814 4918 1950 4973 ἀλλά
1981 4922 2076 4972 καὶ
2104 4921 2195 4974 τὸν

608 5000 869 5054 ποιοῦντα
904 5003 1324 5072 περιλαμϐάνει·
1361 4998 1493 5071 οἷον,
1527 5008 1555 5060 6
1595 5008 1864 5078 βάσκανος
1896 5011 2045 5065 δοκεῖ
2094 5012 2195 5084 μὲν

607 5092 981 5147 ἐπιϐουλεύειν
1006 5096 1196 5165 ἑτέρῳ,
1233 5096 1496 5168 πρότερος
1521 5099 1576 5153 δὲ
1601 5101 1761 5165 αὐτὸς
1793 5106 2059 5160 ἀπολαύει
2092 5108 2195 5178 τῆς

604 5189 858 5255 ἀδικίας,
916 5188 1216 5259 τηκόμενος
1278 5189 1373 5245 καὶ
1443 5192 1842 5266 φθειρόμενος,
1897 5199 1993 5253 καὶ
2038 5200 2195 5271 παρὰ

605 5280 822 5334 πάντων
862 5278 1214 5349 μισούμενος.
1271 5281 1329 5335 ’0
1356 5280 1685 5355 πλεονέκτης
1721 5286 2025 5361 ἀποστερεῖ
2056 5292 2194 5363 χρή-

607 5389 752 5441 ματα
780 5372 989 5442 ἕτερον,
1014 5372 1149 5426 ἀλλά
1194 5373 1288 5427 καὶ
1321 5372 1383 5428 τὸ
1433 5375 1706 5444 φιλεῖσθαι
1732 5378 1946 5435 ἑαυτόν·
1991 5384 2192 5453 μᾶλλον

601 5461 659 5515 δέ
708 5464 858 5535 παρά
917 5466 1137 5520 πάντων
1188 5468 1333 5521 ποιεῖ
1386 5471 1840 5540 κακηγορείσθαι.
1894 5474 2082 5547 Πολλῷ
2131 5478 2190 5532 δέ

606 5557 869 5625 κρείττων
911 5558 1090 5628 ἀγαθὴ
1136 5558 1265 5625 δόξα
1311 5559 1645 5631 χρημάτων·
1690 5562 1790 5634 τὴν
1832 5564 1932 5635 μὲν
1958 5567 2067 5638 γὰρ
2124 5570 2187 5624 οὑ

604 5647 786 5717 ῥᾴδιον
828 5648 1236 5719 ἀπονίψασθαι,
1286 5650 1357 5704 τὰ
1407 5650 1467 5703 δὲ
1501 5653 1683 5723 ῥᾴδιον
1733 5655 2184 5729 ἀποκτήσασθαι·

600 5738 805 5807 μᾶλλον
848 5740 941 5801 δὲ,
994 5740 1063 5794 τά
1122 5742 1222 5812 μὲν
1287 5744 1349 5796 οὐ
1406 5742 1650 5811 παρόντα
1702 5746 1856 5802 οὐδὲν
1928 5749 2020 5803 τὸν
2084 5751 2185 5806 οὑκ

598 5830 789 5901 ἔχοντα
850 5831 1185 5906 ἔϐλαψενοή
1246 5834 1299 5888 δὲ
1360 5836 1436 5910 μή
1510 5837 1756 5911 παροῦσα
1821 5839 2182 5900 ἐπονείδιστον

2323 446 2466 498 ποιεῖ
2502 445 2597 497 καὶ
2639 445 3070 513 καταγέλαστον,
3105 438 3205 495 καὶ
3241 437 3410 492 πᾶσιν
3441 437 3638 508 ἐχθρὸν
3686 442 3783 495 καὶ
3808 462 3893 499 πο·

2315 535 2526 604 λέμιον.
2575 536 2635 589 Ὀ
2670 534 2888 607 ὀργίλος
2922 534 3089 589 πάλιν
3129 532 3399 602 πρότερον
3429 530 3625 585 ἐαυτὸν
3652 538 3893 605 τιμωρεῖ-

2312 642 2405 679 ται
2429 627 2779 697 σπαράττων,
2805 626 2902 681 καὶ
2925 626 3050 679 τότε
3082 626 3298 677 ἐκεῖνον
3322 616 3367 691 ᾧ
3390 622 3695 694 ὀργίζεται.
3724 626 3894 691 Οὕτως

2313 720 2343 774 6
2382 721 2704 791 κακήγορος
2732 719 3000 791 πρότερον
3036 713 3231 770 ἐαυτὸν
3255 713 3525 785 αἰσχύνει,
3558 715 3652 768 καί
3672 716 3790 769 τότε
3816 717 3895 771 τὸν

2315 811 2819 884 κακηγορούμενον·
2850 811 2884 883 ἢ
2920 809 3041 863 οὐδὲ
3079 806 3257 862 τοῦτο
3283 807 3415 870 ἴσως
3447 805 3762 879 δεδύνηται,
3793 809 3893 863 ἀλλ’

2316 905 2561 977 ἀπῆλθεν
2602 898 2758 968 οὗτος
2802 892 2906 975 μὲν
2946 900 3146 973 μιαροῦ
3195 916 3344 964 τινος
3392 900 3487 952 καὶ
3530 900 3893 957 καταπτύστου

2315 998 2474 1065 δόξαν
2492 995 2698 1063 λαϐὼν,
2720 997 2928 1051 ἐκεῖνον
2952 995 3010 1050 δὲ
3036 991 3239 1065 μᾶλλον
3264 989 3545 1063 φιλεῖσθαι
3564 993 3895 1064 παρασκευάς

2316 1089 2445 1155 ζων.
2477 1090 2645 1144 Ὅταν
2665 1088 2776 1161 γὰρ
2796 1086 3015 1141 ἀκούων
3045 1084 3255 1149 κακῶς,
3287 1082 3366 1158 μὴ
3396 1086 3510 1149 τοῖς
3540 1083 3727 1149 αὐτοῖς
3747 1086 3893 1139 αὐτὸν

2315 1182 2612 1253 ἀμύνηται,
2649 1180 2766 1235 ἁλλ’
2812 1181 3014 1251 ἐπαινῇ
3071 1179 3168 1234 καὶ
3212 1175 3512 1249 θαυμάζῃ·
3549 1178 3652 1231 οὑκ
3701 1179 3893 1233 ἐκεῖνον

2316 1275 2698 1338 ἐπαινέσεται,
2737 1274 2855 1329 ἀλλ’
2894 1271 3114 1328 ἑαυτόν.
3150 1272 3366 1343 Ὥσπερ
3394 1271 3505 1343 γὰρ
3529 1312 3545 1337 ,
3575 1272 3714 1342 ὅπερ
3740 1271 3896 1342 ἔφθην

2315 1370 2509 1433 εἰπὼν,
2541 1372 2596 1423 αἰ
2633 1369 2779 1424 κατά
2813 1368 2927 1423 τῶν
2955 1368 3189 1439 πλησίον
3242 1366 3586 1437 κακηγορίαι
3635 1366 3748 1420 τῶν
3790 1367 3896 1420 ἐπι-

2315 1462 2685 1517 ϐουλευόντων
2717 1460 2985 1516 ἅπτονται
3012 1458 3250 1532 πρῶτον·
3280 1456 3426 1512 οὑτω
3455 1458 3551 1511 καὶ
3577 1457 3647 1511 τὰ
3675 1458 3756 1521 εἰς
3781 1460 3895 1522 τοὺς

2314 1554 2547 1626 πλησίον
2569 1553 2754 1623 ἀγαθά
2769 1554 2898 1616 τοὺς
2921 1551 3337 1624 ἐργαζομένους
3358 1549 3645 1622 εὐφραίνει
3669 1550 3892 1621 πρῶτον.

2326 1647 2385 1700 '0
2418 1646 2528 1717 γάρ
2557 1646 2759 1700 τίκτων
2794 1644 2891 1699 καὶ
2923 1644 2987 1698 τὸ
3016 1642 3182 1698 καλὸν
3213 1642 3311 1695 καί
3356 1641 3419 1695 τὸ
3453 1641 3645 1705 κακὸν,
3686 1641 3896 1706 εἰκότως

2315 1734 2534 1806 πρῶτος
2565 1734 2732 1799 αὐτὸς
2769 1732 3057 1788 ἀπολαύει·
3090 1733 3187 1787 καὶ
3216 1731 3468 1802 καθάπερ
3496 1732 3641 1804 ὕδωρ
3672 1735 3893 1801 πηγαῖον

2310 1824 2370 1879 τό
2391 1843 2450 1879 τε
2477 1824 2744 1897 ἁλμυρὸν,
2769 1825 2831 1878 τό
2864 1822 2979 1897 [11]
3007 1842 3066 1879 τε
3100 1823 3353 1895 πότιμον,
3380 1823 3477 1877 καὶ
3502 1824 3571 1877 τά
3601 1823 3711 1877 τῶν
3740 1840 3895 1896 προσ.

2314 1918 2558 1986 αγόντων
2616 1918 2816 1987 ἀγγεῖα
2842 1916 3064 1988 πληροῖ,
3096 1915 3194 1969 καὶ
3213 1914 3314 1987 τὴν
3344 1914 3532 1986 πηγὴν
3558 1914 3660 1970 οὐκ
3690 1914 3893 1970 ἐλαττοῖ

2312 2010 2412 2084 τὴν
2451 2011 2825 2083 ἐκφέρουσαν·
2852 2008 2996 2064 οὕτω
3020 2008 3086 2079 δὴ
3116 2009 3213 2063 καὶ
3242 2008 3415 2063 κακία
3444 2008 3541 2063 καὶ
3571 2009 3767 2080 ἀρετὴ,
3785 2008 3894 2063 ὅθεν

2314 2105 2381 2160 ἂν
2418 2105 2539 2177 ἐξίῃ
2564 2146 2581 2171 ,
2630 2106 2841 2159 ἐκεῖνον
2880 2104 2978 2159 καὶ
3007 2103 3297 2175 εὐφραίνει
3331 2103 3428 2160 καὶ
3459 2102 3754 2158 ἀπόλλυσι.
3796 2103 3895 2161 Καὶ

2313 2198 2489 2254 ταῦτα
2536 2199 2637 2270 μὲν
2660 2196 2921 2253 ἐνταῦθα.

2383 2344 2465 2399 Τά
2492 2343 2549 2400 δὲ
2578 2345 2696 2399 ἐκεῖ
2717 2344 2801 2408 τίς
2822 2343 3147 2417 διηγήσεται
3172 2340 3354 2413 λόγος,
3387 2342 3421 2415 ἢ
3451 2341 3521 2397 τά
3544 2342 3749 2413 ἁγαθά,
3778 2342 3810 2414 ἢ
3836 2343 3901 2397 τὰ

2313 2438 2498 2507 κακά;
2543 2437 2660 2491 Οὐκ
2701 2437 2849 2491 ἔστιν
2890 2435 3088 2501 οὐδείς.
3136 2434 3219 2490 Τά
3262 2436 3477 2509 χρηστὰ
3525 2437 3625 2507 μὲν
3656 2436 3764 2505 γὰρ
3810 2436 3902 2491 καί⁵

2314 2530 2492 2587 πάντα
2520 2529 2647 2585 νοῦν
2683 2528 3026 2603 ὑπερϐαίνει,
3057 2528 3179 2602 οὑχί¹
3216 2529 3375 2600 λόγον
3420 2529 3582 2600 μόνον
3603 2545 3618 2560 ·
3650 2528 3719 2582 τὰ
3749 2530 3898 2582 ἐναν-

2312 2624 2405 2679 τία
2424 2625 2480 2679 δὲ
2501 2626 2718 2697 εἴρηται
2752 2623 2852 2694 μὲν
2875 2624 2989 2701 τοῖς
3020 2622 3249 2694 ὀνόμασι
3274 2624 3390 2686 τοῖς
3404 2621 3731 2692 συντρόφοις
3750 2623 3898 2692 ἡμῖν·

2313 2716 2426 2789 πῦρ
2464 2715 2596 2788 γὰρ,
2633 2716 2829 2788 φησὶν,
2876 2716 3024 2769 ἐστὶν
3057 2717 3176 2768 ἐκεῖ
3223 2715 3321 2769 καὶ
3368 2713 3564 2779 σκότος
3607 2715 3702 2768 καὶ
3729 2713 3899 2784 δεσμά

2310 2810 2406 2865 καὶ
2447 2810 2663 2881 σκώληξ
2707 2808 3065 2880 ἀτελεύτητος
3090 2824 3104 2839 ·
3136 2810 3198 2863 οὑ
3240 2806 3415 2862 ταῦτα
3457 2808 3512 2861 δὲ
3561 2808 3721 2878 μόνον
3764 2824 3899 2879 παρ-

2312 2902 2542 2972 ίστησιν,
2578 2904 2724 2973 ἀπερ
2771 2901 3016 2973 εἴρηται,
3047 2901 3162 2955 ἀλλ’
3188 2903 3352 2975 ἕτερα
3378 2902 3760 2974 χαλεπώτερα.
3797 2901 3901 2955 Καὶ

2308 2996 2395 3049 ἵνα
2440 2996 2657 3067 μάθῃς,
2704 2994 2909 3058 εὐθέως
2950 2994 3112 3048 τοῦτο
3154 2995 3431 3067 σκόπησον
3480 2993 3716 3065 πρῶτον.
3770 2993 3899 3047 Εἰπὲ

2306 3085 2437 3156 γὰρ,
2466 3087 2514 3138 εἰ
2545 3084 2658 3157 πῦρ
2683 3086 2841 3151 ἐστι,
2874 3085 2992 3149 πῶς
3026 3086 3122 3139 καὶ
3169 3086 3360 3151 σκότος
3394 3085 3541 3139 ἐστίν
3568 3103 3583 3150 ;
3622 3087 3793 3157 Ὁρᾷς
3820 3086 3898 3140 ὅτι

2305 3176 2684 3250 χαλεπώτερον
2710 3178 2902 3232 τούτου
2933 3178 2995 3232 τὸ
3016 3177 3129 3251 πῦρ
3163 3181 3341 3233 ἐκεῖνο
3366 3197 3380 3247 ;
3404 3179 3464 3233 οὐ
3488 3178 3598 3249 γὰρ
3625 3178 3738 3250 ἔχει
3762 3178 3897 3247 φῶς.

2303 3269 2369 3323 El
2396 3268 2506 3342 πῦρ
2546 3272 2684 3335 ἐστι,
2721 3271 2838 3336 πῶς
2879 3272 2968 3328 ἀεὶ
3016 3273 3361 3339 munia;
3405 3273 3569 3344 Ὁρᾷς
3612 3274 3693 3326 ὅτι
3739 3271 3900 3343 χαλε-

2304 3360 2552 3434 πώτερον
2590 3362 2784 3417 τούτου
2829 3364 3132 3434 τυγχάνει;
3176 3364 3240 3419 οὑ
3281 3365 3391 3438 γὰρ
3435 3365 3719 3420 σϐέννυται
3760 3382 3777 3396 ·
3812 3364 3899 3417 διὰ

2302 3453 2413 3523 γὰρ
2433 3454 2589 3507 τοῦτο
2608 3454 2869 3509 ἄσϐεστον
2890 3455 3129 3524 λέγεται.
3163 3458 3543 3528 Ἐννοήσωμεν
3569 3456 3753 3512 τοίνυν
3776 3457 3899 3510 ὅσον

2303 3544 2421 3597 ἐστὶ
2446 3543 2616 3598 κακὸν
2639 3544 3042 3601 κατακαίεσθαι
3070 3548 3386 3613 διαπαντὸς,
3423 3551 3518 3604 καὶ
3542 3552 3601 3604 ἐν
3626 3548 3804 3620 σκότῳ
3823 3542 3900 3601 εἰ·

2302 3650 2391 3688 ναι
2417 3674 2432 3698 ,
2465 3634 2561 3687 καὶ
2588 3634 2759 3703 μυρία
2787 3634 3069 3704 οἰμώζειν,
3102 3638 3197 3689 καὶ
3239 3637 3464 3709 βρύχειν
3500 3642 3626 3702 τοὺς
3657 3641 3899 3705 ὀδόντας,

2302 3726 2398 3779 καὶ
2431 3725 2565 3795 μηδὲ
2592 3724 2909 3779 ἀκούεσθαι.
2943 3727 3005 3779 Εἰ
3035 3727 3145 3797 γὰρ
3169 3727 3251 3791 εἰς
3278 3728 3654 3802 δεσμωτήριόν
3676 3751 3765 3796 τις
3800 3734 3902 3803 ἐμ-

2247 3839 2267 3859 σ
2302 3815 2521 3887 ϐληθεὶς
2549 3814 2783 3870 ἐνταῦθα
2797 3816 2905 3869 τῶν
2932 3818 3168 3888 εὐγενῶς
3182 3818 3601 3892 τεθραμμένων,
3631 3825 3734 3896 τὴν
3771 3827 3904 3881 δυσ-

2298 3908 2461 3963 ωδίαν
2499 3908 2680 3980 μόνον,
2714 3910 2809 3963 καὶ
2847 3910 2908 3964 τὸ
2966 3912 3024 3964 ἐν
3056 3911 3234 3984 σκότῳ
3263 3914 3498 3981 κεῖσθαι,
3527 3914 3622 3968 καὶ
3654 3915 3715 3968 τὸ
3753 3917 3907 3983 μετὰ

2299 4000 2639 4070 ἀνδροφόνων
2680 4000 2968 4067 δεδέσθαι,
3004 4002 3207 4066 παντὸς
3245 4002 3476 4057 θανάτου
3511 4002 3906 4078 χαλεπώτερον

2299 4089 2440 4147 εἷναί
2469 4110 2635 4165 φησιν
2665 4117 2681 4132 ο
2724 4093 2977 4164 ἐννόησον
3018 4095 3072 4148 τί
3102 4097 3273 4159 ἐστιν,
3314 4097 3443 4151 ὃταν
3478 4097 3618 4167 μετὰ
3657 4099 3769 4152 τῶν
3798 4100 3903 4171 τῆς

2299 4184 2627 4255 οἰκουμένης
2648 4184 2996 4256 ἀνδροφόνων
3019 4185 3472 4259 κατακαιώμεθα,
3496 4189 3636 4258 μήτε
3656 4189 3902 4260 ὁρῶντες

2302 4276 2441 4345 μήτε
2488 4273 2757 4345 ὁρώμενοι
2780 4313 2795 4338 .
2831 4274 2948 4329 ἀλλ’
2973 4275 3033 4329 ἐν
3079 4275 3278 4348 πλήθει
3307 4279 3549 4349 τοσούτῳ
3580 4278 3898 4348 νομίζοντες

2298 4363 2440 4422 εἶναι
2492 4367 2669 4438 μόνοι.
2715 4367 2790 4420 Τὸ
2836 4366 2947 4439 γὰρ
2992 4366 3185 4433 σκότος
3234 4369 3329 4423 καὶ
3376 4369 3436 4422 τὸ
3489 4369 3742 4440 ἀλαμπὲς
3793 4371 3899 4424 οὐκ

2297 4457 2523 4529 ἀφίησιν
2549 4457 2671 4512 οὐδέ
2708 4456 2835 4520 τοὺς
2877 4457 3108 4529 πλησίον
3138 4458 3287 4529 ἡμᾶς
3322 4458 3705 4528 διαγινώσκειν
3729 4472 3745 4490 ·
3774 4460 3897 4513 ἀλλ’

2297 4548 2373 4612 ὡς
2405 4549 2566 4619 μόνος
2597 4547 2757 4603 τοῦτο
2780 4549 3009 4619 πάσχων
3040 4549 3274 4613 ἕκαστος
3299 4589 3314 4614 ,
3345 4549 3489 4604 οὑτω
3531 4552 3892 4607 διακείσεται.

2298 4641 2362 4694 Εἰ
2389 4641 2447 4694 δὲ
2483 4642 2673 4705 σκότος
2719 4640 2893 4695 θλίϐει
2922 4640 3047 4696 καθ’
3071 4641 3233 4696 ἐαυτὸ
3261 4642 3365 4707 τὰς
3405 4644 3682 4715 ἡμετέρας
3708 4644 3895 4715 ψυχὰς

2298 4735 2391 4788 καὶ
2419 4735 2678 4806 θορυϐεῖ·
2713 4735 2767 4788 τί
2804 4734 2957 4789 ἔσται
3005 4737 3137 4809 ἄρα,
3174 4738 3305 4790 ὅταν
3354 4738 3493 4808 μετά
3532 4737 3627 4791 τοῦ
3663 4742 3895 4804 σκότους

2299 4827 2395 4880 καὶ
2420 4827 2607 4883 ὀδύναι
2628 4825 2890 4881 τοσαῦται
2926 4821 3031 4882 ὦσι
3057 4829 3153 4882 καὶ
3185 4829 3506 4902 ἐμπρησμοί
3532 4849 3547 4898 ;
3576 4831 3666 4884 Διὸ
3698 4831 3893 4902 δέομαι

2296 4921 2469 4975 ταῦτα
2496 4922 2789 4987 διαπαντὸς
2821 4923 3077 4995 στρέφειν
3107 4924 3237 4996 παρ’
3260 4925 3495 4989 ἑαυτοῖς,
3529 4926 3624 4978 καὶ
3648 4925 3748 4996 τῆς
3778 4927 3891 4980 ἀπὸ

2295 5018 2403 5071 τῶν
2434 5017 2697 5089 ῥημάτων
2724 5017 2901 5089 λύπης
2941 5019 3230 5090 ἀνέχεσθαι
3256 5060 3270 5081 ,
3306 5022 3393 5075 ἳνα
3426 5023 3501 5093 μὴ
3538 5022 3636 5093 τὴν
3661 5022 3748 5077 διὰ
3776 5025 3891 5078 τῶν

2296 5110 2639 5182 πραγμάτων
2656 5112 3043 5183 ὑπομείνωμεν
3066 5113 3359 5183 τιμωρίαν.
3386 5116 3611 5179 Πάντως
3630 5115 3739 5187 γὰρ
3759 5117 3869 5171 ταῦ

2292 5218 2363 5256 τα
2395 5202 2575 5256 πάντα
2602 5201 2779 5267 ἔσται,
2817 5206 2911 5258 καί
2949 5205 3077 5269 τοὺς
3106 5205 3232 5271 ἄξια
3269 5206 3586 5277 πράξαντας
3629 5207 3739 5261 τῶν
3769 5210 3892 5263 ἐκεῖ

2292 5293 2671 5367 κολαστηρίων
2699 5293 2873 5358 οὐδεὶς
2911 5293 3282 5366 ἐξαιρήσεται,
3325 5297 3387 5349 οὑ
3434 5296 3638 5368 πατὴρ,
3666 5299 3728 5352 οὐ
3778 5300 3890 5369 μή-

2290 5403 2418 5457 τηρ,
2446 5387 2548 5440 οὑκ
2580 5386 2813 5455 ἀδελφὸς
2835 5426 2851 5451 ,
2880 5387 2985 5442 κᾶν
3029 5388 3235 5459 πολλὴν
3260 5389 3576 5461 παῤῥησίαν
3602 5390 3703 5463 ἔχῃ
3726 5432 3741 5455 ,
3780 5393 3889 5445 κᾶν

2293 5477 2506 5549 μεγάλα
2552 5477 2711 5550 ἰσχύῃ
2761 5478 2901 5551 πρὸς
2949 5479 3043 5533 τὸν
3088 5480 3243 5534 Θεόν.
3289 5481 3580 5551 Ἀδελερὸς
3646 5483 3755 5553 γάρ
3809 5484 3886 5536 οὐ

2288 5570 2642 5638 λυτροῦται,
2691 5570 2865 5642 φησί·
2908 5573 3277 5641 λυτρώσεται
3316 5573 3668 5642 ἅνθρωπος;
3711 5574 3887 5637 Αὐτὸς

2291 5659 2403 5732 [12]
2436 5660 2544 5732 γάρ
2588 5660 2740 5715 ἐστιν
2786 5662 2816 5715 6
2860 5663 3144 5727 ἀποδιδοὺς
3187 5664 3407 5735 ἑκάστῳ
3436 5666 3577 5721 κατὰ
3626 5664 3696 5719 τὰ
3741 5664 3882 5736 ἔργα

2287 5750 2452 5803 αὑτοῦ
2480 5793 2495 5816 ,
2528 5751 2622 5807 καί⁹
2663 5750 2771 5808 ἀπὸ
2809 5751 3015 5809 τούτων
3060 5752 3156 5809 καὶ
3197 5753 3439 5825 σωθῆναι
3469 5755 3550 5809 ἔνι
3592 5754 3688 5811 καὶ
3717 5754 3879 5810 κολα-

2293 5844 2505 5915 σθῆναι.
