4060 6440
170 374 241 429 17
1050 361 1115 418 ΙΝ
1154 359 1370 418 EPIST.
1422 358 1513 416 AD
1554 356 1761 413 "EBRJ

1866 357 1914 415 5.
1958 357 2107 415 CAP.
2153 359 2193 415 Ι.
2237 359 2466 416 HOMIL.
2508 359 2551 415 1.
3389 362 3452 418 f8

172 471 246 516 sit
281 462 607 516 honoratior
646 472 699 517 et
739 460 1072 532 splendidior
1101 478 1117 517 :
1149 464 1221 517 ita
1266 463 1353 517 hic
1392 478 1603 533 qunque
1632 463 1769 518 Pau-

174 556 283 621 lus,
316 570 448 610 cum
471 556 620 622 dicit,
654 553 814 609 Tanto
840 557 1019 610 melior
1044 540 1238 627 angelis
1259 556 1442 626 factus,
1475 557 1573 612 huc
1604 559 1772 629 signi-

171 646 324 712 ﬁcat,
358 646 509 716 quod
535 646 755 718 probior
778 654 833 702 et
859 647 1187 717 praeclarior,
1216 658 1407 718 quanto
1448 649 1772 703 excellentius

172 754 285 807 pra:
324 738 441 792 illis
468 754 650 792 nomen
678 738 994 792 hereditavit.
1026 736 1189 792 Vides
1226 738 1368 808 quod
1407 738 1582 809 agitur
1609 738 1677 793 de
1704 752 1769 793 eo

169 827 321 898 quod
370 829 607 898 pertinet
648 827 715 883 ad
756 827 1012 883 carnem?
1056 827 1157 884 hoc
1195 829 1339 884 enim
1384 843 1600 896 nomen,
1634 828 1772 884 Deus

169 919 451 986 Verbum,
482 934 698 990 semper
724 918 931 988 habuit,
963 935 1067 975 non
1107 930 1289 991 postea
1325 921 1528 992 accepit
1557 920 1770 975 heredi-

173 1011 404 1076 tarium;
432 1026 606 1081 neque
629 1022 755 1065 tunc
781 1010 973 1066 melior
1001 1010 1205 1082 angelis
1230 1010 1400 1066 factus
1422 1021 1526 1079 est,
1557 1010 1771 1080 quando

174 1101 304 1157 fecit
351 1101 729 1170 purgationem
777 1109 1084 1155 nostrorum
1130 1109 1496 1171 peccatorum,
1535 1101 1630 1156 sed
1676 1100 1769 1155 fuit

173 1208 398 1263 semper
429 1193 641 1257 melior,
673 1201 729 1246 et
753 1191 941 1246 melior
978 1190 1491 1262 incomparabiliter.
1528 1190 1632 1247 Sed
1668 1190 1770 1246 hoc

173 1283 383 1340 dictum
432 1294 517 1339 est
558 1291 820 1353 quantum
867 1282 933 1337 ad
981 1297 1197 1337 carnem
1230 1284 1442 1337 attinet.
1485 1283 1573 1338 Sic
1614 1282 1768 1337 nobis

174 1389 396 1445 quoque
426 1388 543 1429 mos
566 1382 669 1438 est,
696 1387 817 1428 cum
846 1372 1115 1443 loquimur
1139 1372 1205 1428 de
1232 1371 1557 1439 hominibus,
1583 1380 1637 1427 et
1660 1372 1767 1426 alta

175 1478 232 1523 et
274 1466 502 1522 humilia
541 1465 740 1521 dicere.
772 1464 903 1520 Nam
934 1463 1149 1536 quando
1181 1462 1430 1530 dicimus,
1471 1463 1643 1518 Homo
1683 1464 1767 1517 ui-

179 1559 299 1625 bili,
323 1560 487 1613 homo
516 1566 679 1621 terra,
708 1556 869 1610 homo
897 1554 1052 1620 cinis,
1081 1555 1148 1610 ab
1169 1570 1235 1611 eo
1255 1554 1395 1627 quod
1419 1562 1502 1611 est
1531 1553 1767 1609 deterius

180 1659 355 1705 totum
390 1661 681 1712 vocamus;
726 1645 940 1717 quando
970 1656 1148 1703 autem
1179 1646 1425 1712 dicimus,
1458 1644 1766 1701 lmmortale

185 1743 384 1797 animal
427 1740 610 1807 homo,
644 1739 974 1794 rationabilis
1013 1748 1069 1794 et
1097 1748 1354 1811 cognatus
1380 1752 1760 1808 supernorum,

187 1837 257 1891 ah
307 1851 373 1891 eo
427 1833 570 1905 quod
637 1839 723 1889 est
784 1832 979 1888 melius
1030 1848 1218 1888 rursus
1262 1841 1429 1886 totum
1485 1846 1760 1887 vocamus.

189 1928 264 1983 Ita
308 1928 463 1982 etiam
518 1927 585 1983 de
636 1922 886 1993 Christo,
941 1923 1228 1995 aliquando
1301 1922 1518 1995 quidem
1575 1939 1641 1979 ex
1697 1938 1763 1977 eo

192 2019 335 2089 quod
369 2026 450 2074 est
489 2019 697 2083 minus,
771 2014 1063 2086 aliquando
1132 2022 1311 2070 autem
1366 2030 1435 2071 ex
1494 2030 1560 2070 eo
1620 2014 1761 2084 quod

197 2122 281 2165 est
342 2111 531 2165 melius
607 2108 835 2179 loquitur
904 2107 1133 2172 Paulus,
1194 2115 1249 2161 et
1308 2106 1758 2176 dispensationem

199 2202 383 2257 volens
407 2202 739 2266 constituere,
769 2208 825 2255 et
854 2197 1049 2255 docere
1076 2199 1145 2255 de
1170 2207 1356 2254 natura
1388 2197 1441 2253 in
1468 2213 1625 2269 quam
1655 2214 1759 2253 non

205 2294 343 2350 cadit
368 2294 620 2349 interitus.

266 2386 313 2439 5.
340 2383 635 2438 Exhortatio
657 2383 725 2436 ad
760 2382 1099 2437 innocentiam
1121 2380 1441 2436 servandam.
1481 2378 1759 2436 Maledicta

190 2472 245 2527 ξπ
270 2481 547 2533 proximum
576 2480 780 2539 quantm
805 2488 966 2540 patrue
986 2472 1222 2527 obnoxia.
1250 2499 1320 2511 —-
1339 2472 1602 2540 Quoniam
1628 2485 1757 2541 ergo

189 2568 525 2627 peccatorum
548 2570 855 2616 nostrorum
880 2562 1004 2618 fecit
1034 2564 1420 2633 purgationem,
1446 2578 1758 2619 maneamus

186 2650 299 2718 puri
336 2660 393 2705 et
440 2650 658 2718 mundi,
690 2653 887 2708 nullam
933 2656 1286 2724 suscipiamus
1330 2655 1624 2721 maculam;
1664 2655 1757 2711 sed

181 2758 339 2812 quam
372 2744 532 2801 nobis
557 2744 748 2801 indidit
784 2746 1235 2816 pulchritudinem
1266 2756 1320 2802 et
1342 2747 1594 2803 decorem
1623 2762 1760 2802 con-

180 2848 459 2891 servemus
502 2836 836 2907 impollutum
878 2848 932 2894 et
981 2840 1235 2894 mundum
1262 2880 1277 2903 ,
1310 2841 1516 2894 nullam
1541 2840 1758 2896 sordem

183 2924 470 2982 habentem
495 2967 511 2990 ,
543 2937 635 2982 aut
660 2944 870 2999 rugam,
894 2939 990 2984 aut
1016 2930 1215 3000 aliquid
1245 2930 1529 3000 ejusmodi.
1558 2931 1756 2987 Sordes

179 3016 320 3069 enim
337 3026 533 3071 suntet
550 3034 678 3089 ruga
694 3021 854 3074 etiam
874 3035 1032 3090 parva
1052 3028 1288 3090 peccata,
1309 3030 1367 3076 ut
1393 3021 1754 3087 maledictum,

179 3107 503 3162 contumelia
534 3149 549 3172 ,
584 3110 920 3164 mendacium
968 3128 981 3163 :
1028 3112 1136 3165 imo
1181 3124 1310 3165 vero
1341 3127 1408 3164 ue
1433 3126 1495 3165 ea
1542 3112 1755 3180 quidem

179 3206 303 3251 sunt
334 3212 498 3267 parva
527 3240 543 3265 ,
572 3199 666 3255 sed
696 3209 753 3255 et
779 3200 932 3256 valde
958 3214 1145 3271 magna
1169 3239 1185 3267 ,
1211 3200 1348 3256 adeo
1375 3218 1433 3255 ιιι
1460 3202 1621 3256 etiam
1647 3203 1759 3273 pri-

180 3300 306 3345 vent
334 3306 502 3361 regno
539 3292 817 3347 calorum.
867 3293 1182 3361 Quomodo?
1205 3292 1304 3361 Qui
1337 3293 1555 3348 fratrem
1598 3308 1753 3349 suum

180 3391 341 3436 vocat
373 3380 573 3437 fatuum
598 3424 615 3449 ,
647 3392 731 3438 est
754 3384 1019 3439 obnoxius
1042 3426 1058 3449 ,
1083 3384 1291 3453 inquit,
1330 3382 1595 3453 gehent
1622 3383 1759 3453 ignis

180 3474 200 3542 ί
230 3473 421 3527 Matth.
456 3475 508 3530 5.
538 3474 611 3530 22
635 3474 677 3546 ).
708 3476 763 3531 Si
793 3485 971 3532 autem
1019 3476 1109 3546 qui
1140 3484 1295 3530 vocat
1342 3476 1541 3530 fatuum
1567 3516 1584 3542 ,
1616 3474 1757 3546 quod

180 3565 391 3620 videtur
416 3571 655 3621 omnium
696 3582 820 3623 esse
850 3567 1180 3623 levissimum
1208 3576 1262 3622 et
1308 3566 1457 3622 lusus
1485 3567 1707 3637 puerilis
1738 3582 1753 3633 ;

189 3656 264 3726 μή
295 3666 452 3713 vocat
497 3658 789 3728 malignum
827 3668 882 3714 et
930 3657 1229 3713 maleficum
1260 3667 1314 3712 et
1340 3657 1573 3712 invidum
1601 3666 1654 3711 et
1679 3657 1759 3711 in-

176 3750 601 3805 numerabilibus
629 3750 749 3806 aliis
793 3750 1007 3821 probris
1054 3750 1290 3819 appetit,
1323 3764 1460 3817 quas
1492 3764 1598 3803 non
1650 3749 1759 3804 luet

177 3856 369 3911 paruas
416 3842 825 3913 castigationis?
855 3842 983 3913 quid
1028 3852 1110 3897 est
1154 3843 1252 3896 hoc
1284 3841 1625 3895 horribilius?
1652 3841 1756 3897 Sed

174 3933 442 3988 sustinete
486 3947 672 4003 quaeso
695 3932 840 4003 quod
862 3933 1002 3988 dico.
1032 3932 1091 3987 Si
1117 3933 1259 3988 enim
1303 3934 1393 4003 qui
1421 3931 1546 3986 facit
1573 3932 1663 3986 uni
1691 3948 1758 3987 ex

175 4025 456 4091 minimis,
480 4026 580 4095 ipsi
607 4024 754 4091 facit,
785 4034 839 4081 et
871 4025 959 4095 qui
988 4038 1094 4079 non
1126 4023 1256 4079 facit
1283 4024 1373 4078 uni
1402 4037 1470 4079 ex
1496 4024 1754 4091 minimis,

172 4120 277 4189 ipsi
300 4133 411 4173 non
440 4117 563 4174 facit
584 4118 799 4187 (Matth.
818 4118 910 4173 25.
934 4116 1153 4184 40.45);
1181 4115 1452 4185 quomodo
1478 4130 1585 4170 non
1616 4114 1758 4170 idem

173 4221 259 4265 est
282 4211 335 4264 in
365 4210 525 4265 laude
542 4219 598 4265 et
618 4209 1045 4279 vituperatione?
1064 4208 1165 4275 Qui
1188 4209 1331 4263 enim
1361 4207 1580 4262 fratrem
1601 4222 1757 4263 suum

175 4302 509 4356 contumelia
555 4302 763 4367 afficit,
794 4302 962 4357 Deum
996 4301 1161 4355 allicit
1188 4300 1542 4364 contumelia;
1572 4308 1628 4354 et
1667 4298 1759 4368 qui

172 4392 402 4451 fratrem
430 4410 588 4451 suum
629 4394 890 4458 honorat,
919 4393 1148 4449 honorat
1177 4392 1365 4447 Deum.

248 4509 307 4562 ι.
354 4506 674 4563 Erudiamus
702 4523 832 4579 ergo
857 4507 1115 4578 linguam,
1146 4514 1205 4560 ut
1233 4504 1514 4561 benedicat
1539 4514 1593 4559 et
1620 4503 1757 4561 bona

177 4599 346 4655 verba
376 4599 603 4655 efferat:
630 4597 904 4670 Compesce
926 4599 1068 4655 enim
1086 4639 1103 4665 ,
1138 4598 1338 4667 inquit,
1368 4597 1592 4667 linguam
1618 4605 1756 4650 tuam

177 4708 209 4742 α
231 4691 370 4743 malo
397 4690 569 4761 (Psal.
590 4691 682 4746 53.
704 4690 818 4760 H).
836 4689 953 4745 Non
970 4689 1112 4744 enim
1140 4686 1263 4742 ideo
1282 4701 1401 4742 eam
1427 4686 1573 4741 dedit
1597 4687 1755 4755 Deus,

178 4788 237 4833 ut
258 4779 563 4836 maledictis
584 4790 642 4837 et
670 4783 1010 4837 contumeliis
1038 4792 1377 4853 appetamus,
1408 4794 1465 4839 ut
1491 4799 1592 4840 nos
1618 4786 1755 4840 iuvi-

177 4886 295 4927 ccm
343 4872 764 4941 calumniemur;
814 4876 907 4931 sed
944 4886 999 4931 ut
1046 4877 1213 4931 Deum
1260 4876 1580 4944 laudemus,
1614 4887 1757 4933 utea

176 4966 464 5036 loquamur
500 4983 618 5037 qua:
644 4968 774 5023 dant
801 4971 1025 5040 gratiam
1069 4970 1432 5037 audientibus,
1487 4988 1605 5041 qua:
1636 4982 1761 5027 sunt

174 5056 241 5110 ad
266 5056 681 5113 aedificationem
708 5101 721 5122 ,
748 5076 865 5129 qua:
894 5069 1019 5115 sunt
1063 5059 1127 5114 ad
1159 5061 1458 5115 utilitatem.
1481 5061 1763 5116 Maledieto

174 5150 484 5218 quempiam
511 5165 568 5203 es
596 5150 925 5207 insectatus?
949 5152 1073 5221 quid
1105 5153 1329 5208 lucraris
1353 5195 1367 5220 ,
1395 5153 1484 5225 qui
1531 5154 1759 5223 teipsum

175 5253 389 5308 quoque
419 5254 540 5293 cum
567 5240 658 5294 illo
678 5240 873 5296 damno
902 5242 1178 5312 implicas?
1205 5259 1265 5299 ea
1288 5259 1352 5299 eo
1374 5245 1513 5299 enim
1546 5260 1605 5299 es
1630 5260 1760 5300 con-

174 5338 435 5397 sequutus
466 5338 524 5381 ut
550 5332 815 5398 reputcris
848 5332 1158 5389 maledicus.
1188 5334 1398 5388 Nullum
1432 5335 1571 5389 enim
1595 5376 1609 5399 ,
1644 5334 1765 5389 nul—

177 5418 282 5472 lum
314 5428 401 5473 est
426 5420 627 5475 malum
653 5422 790 5492 quod
818 5436 877 5478 se
905 5425 1057 5478 sistat
1081 5424 1143 5479 ad
1177 5425 1321 5479 illum
1346 5440 1513 5494 usque
1546 5425 1631 5495 qui
1665 5440 1760 5494 pa-

178 5506 326 5573 titur,
359 5508 456 5563 sed
482 5524 607 5564 eum
628 5524 835 5581 quoque
870 5512 957 5581 qui
996 5511 1121 5567 facit
1144 5513 1551 5584 comprehendit
1576 5533 1588 5566 :
1610 5514 1760 5569 verbi

176 5613 359 5667 causa,
380 5602 592 5657 invidus
615 5604 821 5660 videtur
840 5605 1051 5675 quidem
1074 5606 1223 5661 alteri
1253 5605 1508 5674 insidiari,
1532 5606 1645 5676 ipse
1664 5622 1761 5661 au-

181 5698 287 5745 tem
313 5692 467 5761 prior
495 5692 722 5752 fructum
749 5696 942 5765 accipit
970 5697 1204 5766 peccati,
1232 5706 1289 5753 ut
1313 5699 1400 5768 qui
1431 5697 1664 5753 tabescat
1707 5704 1761 5752 et

180 5794 555 5855 corrumpatur
577 5828 590 5855 ,
633 5796 688 5843 et
716 5787 783 5842 ab
811 5787 1057 5843 omnibus
1085 5787 1205 5843 odio
1236 5787 1504 5843 habeatur.
1556 5790 1757 5842 Avarus

1861 462 2021 515 alium
2047 462 2215 531 privat
2238 464 2504 531 pecuniis,
2539 462 2633 519 sed
2661 462 2763 518 sibi
2791 477 3004 533 quoque
3023 463 3191 518 aufert
3212 463 3438 521 aliorum

1861 568 2132 618 amorem;
2168 553 2275 608 imo
2302 553 2465 609 efficit
2492 564 2547 608 ut
2590 570 2778 610 onmes
2804 571 2926 611 eum
2972 555 3270 612 maledictis
3296 557 3441 612 inse-

1862 653 2092 699 ctentur.
2119 644 2216 699 Est
2241 653 2421 700 autem
2450 645 2589 700 bona
2614 646 2751 700 fama
2777 646 2933 717 longe
2956 647 3146 702 melior
3169 648 3435 718 pecuniis:

1864 750 1986 789 nam
2018 734 2164 790 illam
2192 736 2405 807 quidem
2438 753 2542 791 non
2568 746 2649 793 est
2674 737 2829 793 facile
2855 739 3183 810 abstergere,
3214 738 3312 794 has
3337 755 3437 795 au-

1866 836 1968 881 tem
1997 827 2152 883 facile
2177 838 2259 882 est
2302 828 2547 884 amittere
2590 848 2603 883 :
2650 838 2810 899 atque
2837 830 2969 885 adeo
2992 872 3008 897 ,
3037 830 3179 901 quod
3206 839 3289 886 est
3317 846 3434 889 am-

1866 917 2038 987 plius,
2084 918 2189 971 illa:
2216 918 2429 988 quidem
2461 920 2505 973 si
2555 934 2662 973 non
2691 918 2901 985 adsint,
2932 920 3063 976 nihil
3093 921 3290 977 lzedunt
3315 938 3434 977 eum

1863 1008 1952 1078 qui
1980 1024 2085 1063 non
2114 1008 2301 1075 habet;
2334 1014 2447 1064 haec
2477 1019 2650 1064 autem
2682 1011 2728 1063 si
2758 1026 2865 1064 non
2892 1010 3071 1076 adsit,
3096 1012 3263 1067 efficit
3286 1022 3343 1067 ut
3371 1013 3440 1067 sit

1864 1099 2155 1170 probrosus
2179 1110 2234 1156 et
2261 1100 2516 1157 ridiculus
2536 1142 2551 1168 ,
2581 1102 2936 1172 omnibusque
2979 1101 3150 1158 hostis
3178 1114 3233 1158 et
3261 1104 3439 1159 inimi-

1864 1206 1979 1246 cus.
2010 1191 2297 1247 Iracundus
2324 1208 2509 1248 rursus
2536 1193 2684 1264 prius
2726 1194 2967 1265 scipsum,
3005 1195 3205 1249 cruciat
3232 1235 3247 1259 ,
3275 1210 3332 1249 se
3360 1196 3440 1249 lu-

1867 1283 2019 1337 nians
2049 1298 2110 1337 ac
2140 1282 2450 1352 discerpens
2474 1324 2490 1351 ,
2535 1293 2589 1339 et
2619 1292 2745 1339 tunc
2774 1285 2922 1340 illum
2949 1286 3031 1340 cui
3057 1285 3331 1340 irascitur.
3364 1286 3439 1339 lta

1866 1372 2160 1428 maledicus
2186 1390 2244 1429 se
2272 1375 2502 1444 priorem
2544 1375 2740 1445 probro
2767 1384 2820 1431 et
2858 1375 3125 1432 dedecore
3150 1375 3315 1433 afficit
3342 1417 3357 1441 ,
3389 1386 3443 1430 et

1870 1472 1996 1519 tunc
2023 1480 2143 1520 eum
2171 1479 2329 1535 quem
2359 1464 2643 1519 maledicto
2672 1466 2909 1535 appetit:
2941 1476 3032 1520 aut
3078 1482 3145 1520 ne
3186 1466 3287 1520 huc
3312 1467 3435 1536 qui-

1868 1556 1989 1611 dem
2016 1556 2150 1611 forte
2177 1564 2353 1627 potest
2378 1576 2390 1610 :
2423 1557 2517 1612 sed
2547 1556 2656 1611 abit
2686 1557 2799 1629 ipse
2828 1558 3041 1627 quidem
3069 1600 3086 1623 ,
3115 1566 3301 1611 nactus
3330 1559 3446 1611 exi-

1876 1655 2237 1710 stimationem
2257 1653 2504 1709 scelerati
2527 1664 2579 1708 et
2604 1653 2914 1709 exsecrandi
2945 1653 3195 1720 hominis,
3221 1653 3309 1708 ille
3330 1666 3462 1707 vero

1873 1756 1931 1801 ut
1950 1748 2125 1818 magis
2142 1756 2355 1802 ametur
2370 1746 2632 1807 efficiens.
2644 1747 2868 1815 Quando
2888 1748 3030 1802 enim
3054 1748 3191 1803 male
3211 1747 3454 1813 audiens,

1871 1856 1975 1890 non
2004 1854 2098 1907 par
2124 1839 2239 1909 pari
2267 1837 2465 1902 refert,
2496 1839 2589 1894 sed
2622 1840 2807 1896 laudat
2835 1849 2889 1896 et
2913 1840 3229 1906 admiratur,
3260 1857 3367 1896 non
3391 1840 3459 1895 il-

1869 1929 1978 1983 lum
2006 1928 2221 1996 laudat,
2254 1929 2350 1986 sed
2376 1930 2635 2000 seipsum.
2680 1929 2813 1985 Nam
2839 1930 2978 1986 sicut
3003 1973 3018 1998 ,
3047 1940 3107 1987 ut
3137 1932 3282 2002 prius
3308 1930 3414 1985 dixi
3438 1972 3454 1997 ,

1866 2036 1991 2091 quas
2027 2021 2081 2076 in
2109 2021 2383 2092 proximos
2412 2031 2731 2091 torquentur
2758 2022 3043 2077 maledicta
3065 2063 3080 2085 ,
3110 2038 3172 2077 ea
3203 2023 3348 2092 prius
3374 2032 3457 2077 at-

1869 2110 2085 2183 tingunt
2128 2128 2223 2170 eos
2266 2116 2355 2186 qui
2402 2116 2764 2172 insidiantur:
2800 2118 2869 2171 ita
2899 2119 3060 2173 etiam
3092 2133 3211 2186 qua:
3239 2116 3290 2171 in
3322 2134 3454 2187 pro-

1869 2203 2100 2275 pinquos
2133 2206 2486 2263 conferuntur
2510 2207 2651 2264 bona
2677 2250 2692 2275 ,
2727 2224 2822 2264 eos
2850 2210 2943 2278 qui
2987 2219 3281 2280 operantur
3310 2210 3455 2278 prius

1867 2294 2143 2351 delectant
2193 2306 2248 2351 et
2286 2299 2483 2369 gaudio
2521 2300 2780 2354 afficiunt.
2814 2300 2946 2355 Nam
2977 2301 3065 2368 qui
3094 2301 3289 2354 bonum
3318 2300 3457 2368 parit

1872 2396 1924 2442 et
1953 2387 2187 2452 malum,
2221 2404 2286 2444 eo
2333 2391 2527 2445 merito
2583 2391 2732 2460 prior
2775 2392 2888 2460 ipse
2924 2388 3119 2445 fruitur
3164 2406 3178 2444 :
3224 2399 3279 2446 et
3320 2390 3457 2444 sicut

1869 2492 2008 2547 aqua
2035 2488 2093 2534 et
2130 2479 2273 2535 salsa
2299 2491 2354 2536 et
2384 2481 2634 2550 potabilis
2667 2497 2794 2537 vasa
2824 2482 3012 2553 implet
3040 2496 3229 2537 eorum
3258 2480 3349 2552 qui
3377 2481 3457 2535 af-

1868 2566 2088 2637 ferunt,
2122 2586 2185 2625 ac
2228 2570 2429 2627 fontem
2470 2588 2574 2628 non
2609 2574 2796 2628 minuit
2823 2589 2888 2629 ex
2919 2589 3028 2643 quo
3070 2582 3285 2629 emanat
3322 2591 3336 2628 :
3384 2574 3455 2628 ita

1868 2662 2030 2716 etiam
2060 2671 2115 2717 et
2140 2663 2327 2717 vitium
2357 2674 2411 2719 et
2443 2666 2610 2720 virtus
2637 2666 2787 2721 illum
2816 2666 2960 2721 unde
2986 2666 3096 2721 exit
3122 2675 3177 2721 et
3203 2665 3453 2731 delectat,

1868 2760 1925 2808 et
1950 2754 2147 2822 perdit.
2181 2754 2250 2809 Et
2275 2755 2390 2810 haec
2420 2757 2636 2827 quidem
2663 2759 2748 2812 hic
2775 2759 2846 2813 ita
2876 2758 3099 2815 habent.

1940 2842 2235 2915 Inferorum
2262 2862 2437 2916 ρωηω.
2467 2877 2536 2887 -
2556 2847 2687 2915 Quze
2705 2858 2882 2903 autem
2912 2849 3018 2905 illic
3038 2858 3182 2915 sunt,
3211 2865 3454 2921 quamam

1867 2936 2152 3006 explicabit
2175 2936 2388 2993 dicendi
2411 2939 2653 3004 facultas,
2682 2940 2768 2996 vel
2794 2940 2931 2995 bona
2956 2942 3040 2996 vel
3070 2942 3252 2996 mala?
3280 2941 3455 2996 Nulla.

1874 3026 2007 3082 Nam
2038 3028 2175 3084 bona
2208 3030 2423 3101 quidem
2452 3032 2534 3087 vel
2558 3048 2773 3088 omnem
2807 3043 3134 3104 exsuperant
3163 3034 3455 3104 intelligen-

1870 3118 2038 3187 tiam,
2081 3118 2282 3178 nedum
2318 3123 2655 3189 orationem;
2702 3125 2843 3178 mala
2905 3132 3083 3180 autem
3136 3124 3279 3179 dicta
3332 3126 3452 3194 qui-

1867 3210 1993 3266 dem
2036 3220 2163 3267 sunt
2198 3214 2506 3270 nominibus
2532 3216 2726 3287 quibus
2750 3217 3122 3272 assuevimus:
3153 3232 3274 3272 nam
3304 3218 3411 3272 illic
3440 3260 3454 3279 ,

1872 3304 2085 3376 inquit,
2113 3314 2196 3361 est
2224 3307 2361 3377 ignis
2386 3317 2441 3363 et
2473 3309 2707 3364 tenebras
2733 3320 2785 3363 et
2810 3310 3023 3365 vincula
3056 3320 3109 3364 et
3142 3310 3340 3364 vermis
3364 3312 3452 3379 qui

1868 3410 1976 3451 non
1998 3396 2236 3465 desinit;
2269 3413 2448 3469 neque
2477 3400 2589 3454 haec
2634 3400 2806 3455 solum
2854 3399 3144 3455 ostendunt
3171 3400 3449 3471 qtim'tlicta

1873 3498 2017 3554 sunt,
2042 3489 2137 3545 sed
2168 3490 2269 3545 alia
2300 3491 2564 3561 graviora.
2598 3492 2666 3546 Et
2686 3502 2745 3547 ut
2772 3492 3057 3562 intelligas,
3086 3491 3191 3546 hoc
3218 3494 3447 3561 primum

1870 3580 2051 3635 statim
2072 3581 2377 3637 considera.
2411 3582 2542 3636 Nam
2570 3583 2613 3637 si
2641 3583 2907 3653 estiguis,
2932 3583 3202 3654 quomodo
3231 3592 3356 3637 sunt
3382 3593 3459 3637 te-

1872 3671 2098 3726 nebrat?
2136 3672 2297 3728 Vides
2337 3672 2479 3744 quod
2530 3674 2618 3728 ille
2647 3673 2786 3744 ignis
2828 3673 2898 3729 sit
2941 3674 3041 3729 hoc
3065 3674 3322 3745 gravior?
3350 3688 3457 3728 non

1874 3760 2036 3817 habet
2054 3763 2195 3818 enim
2220 3763 2414 3819 lucem.
2440 3764 2496 3819 Si
2516 3773 2599 3819 est
2623 3763 2781 3835 ignis,
2802 3764 3071 3835 quomodo
3096 3780 3312 3835 semper
3327 3765 3459 3819 urit?

1875 3854 2034 3911 Vides
2064 3856 2207 3927 quod
2236 3856 2339 3913 hoc
2378 3857 2502 3926 igne
2546 3858 2619 3913 sit
2646 3856 2895 3928 gravior?
2940 3872 3047 3911 non
3079 3858 3219 3911 enim
3248 3857 3456 3911 exstin-

1865 3950 2049 4019 guitur
2078 3967 2091 4003 :
2122 3965 2245 4005 nam
2292 3960 2581 4021 propterea
2611 3951 2810 4006 dicitur
2840 3938 3321 4021 inexstinguibilis.
3348 3952 3454 4006 Co-

1868 4045 2100 4114 gitemus
2139 4059 2269 4116 ergo
2312 4053 2573 4115 quantum
2601 4045 2671 4100 sit
2696 4044 2899 4099 malum
2946 4045 3025 4099 uri
3071 4055 3333 4114 perpetuo
3358 4087 3372 4110 ,
3403 4054 3459 4099 et

1870 4150 1991 4191 esse
2017 4138 2070 4192 in
2099 4137 2358 4203 tenebris,
2390 4145 2445 4193 et
2471 4137 2890 4193 innumerabiles
2915 4137 3162 4193 emittere
3190 4138 3421 4207 ejulatus
3440 4180 3455 4201 ,

1869 4234 1925 4282 et
1963 4228 2191 4285 stridere
2217 4229 2468 4284 dentibus
2490 4271 2505 4295 ,
2531 4238 2586 4286 et
2611 4246 2680 4285 ne
2704 4229 2877 4284 audiri
2907 4229 3144 4300 quidem.
3176 4231 3231 4285 Si
3278 4231 3417 4284 enim
3441 4274 3456 4296 ,

1867 4331 1989 4371 eum
2018 4320 2138 4387 quis
2163 4334 2226 4373 ex
2260 4319 2326 4373 iis
2355 4321 2445 4388 qui
2490 4319 2785 4375 liberaliter
2824 4331 2949 4374 sunt
2989 4318 3235 4386 educati,
3269 4318 3357 4375 hic
3387 4321 3438 4374 iu

1863 4421 2134 4463 carcerem
2156 4410 2407 4479 injectus,
2442 4408 2690 4469 fauorem
2713 4408 2910 4475 solum,
2934 4420 2987 4464 et
3012 4409 3192 4480 jacere
3222 4410 3273 4465 in
3303 4419 3448 4465 tene-

1863 4496 1975 4553 bris
1994 4508 2049 4554 et
2073 4500 2125 4553 in
2151 4501 2379 4557 vinculis
2409 4517 2529 4557 esse
2561 4517 2683 4556 cum
2711 4500 2996 4556 homicidia
3015 4542 3028 4566 ,
3059 4503 3244 4572 quavis
3272 4512 3448 4556 morte

1860 4587 1989 4645 dicit
2016 4603 2137 4646 esse
2179 4592 2392 4661 gravius
2433 4592 2653 4662 :cogita
2698 4592 2825 4662 quid
2872 4594 2941 4647 sit
2986 4593 3201 4663 quando
3238 4594 3449 4649 urimur

1860 4694 1980 4736 cum
2022 4682 2179 4753 hujus
2208 4686 2355 4741 orbis
2386 4693 2544 4741 terra:
2571 4684 2854 4742 homicidia
2873 4728 2887 4750 ,
2918 4696 2973 4740 et
3000 4702 3173 4757 neque
3200 4687 3445 4744 videmus
3536 4676 3537 4679 ¹

1860 4788 1961 4828 nec
2009 4775 2253 4831 videmur
2280 4818 2294 4840 ,
2324 4776 2421 4832 sed
2468 4777 2520 4831 in
2572 4785 2717 4832 tanta
2762 4776 3104 4832 multitudine
3149 4778 3298 4833 svilos
3324 4793 3447 4834 esse

1861 4866 2249 4922 existimamus.
2274 4868 2404 4923 Nam
2428 4869 2667 4923 tanebrze
2694 4878 2747 4923 et
2772 4868 2907 4923 lucis
2925 4868 3165 4925 defectus
3193 4886 3299 4925 non
3330 4888 3447 4941 per-

1860 4958 2022 5014 mittit
2050 4969 2105 5014 ιιι
2132 4962 2217 5016 vel
2244 4976 2338 5017 eos
2374 4964 2464 5032 qui
2496 4977 2663 5032 prope
2703 4970 2829 5016 sunt
2882 4962 3294 5030 discernamus;
3346 4966 3444 5020 sed

1861 5054 2226 5124 unusquisque
2249 5055 2318 5110 ita
2343 5055 2448 5110 erit
2477 5054 2719 5122 affectus,
2750 5063 3021 5127 tamquam
3048 5056 3193 5111 solus
3219 5056 3322 5113 hoc
3349 5073 3446 5128 pa-

1863 5147 2023 5202 tiens.
2056 5147 2112 5203 Si
2163 5158 2340 5203 autem
2383 5157 2599 5204 nostros
2643 5149 2852 5204 animos
2880 5164 2975 5219 per
3003 5163 3063 5204 se
3108 5157 3357 5219 premunt
3394 5158 3449 5206 et

1861 5238 2185 5293 conturbant
2208 5238 2443 5294 tenebras
2471 5258 2484 5294 :
2511 5240 2639 5310 quid
2667 5240 2789 5304 erit,
2822 5238 3037 5309 quando
3065 5254 3185 5294 cum
3210 5240 3446 5297 tenebris

1863 5336 1969 5383 tam
2000 5330 2153 5384 multi
2182 5330 2378 5386 fuerint
2411 5331 2627 5388 dolores
2657 5341 2712 5387 et
2734 5330 3217 5403 conflagrationes?
3242 5332 3445 5401 Quam-

1862 5423 2047 5477 obrem
2074 5438 2206 5494 rogo
2234 5433 2289 5479 ut
2313 5424 2429 5479 haec
2452 5424 2594 5495 apud
2636 5418 2733 5479 nes
2762 5434 3022 5496 perpetuo
3048 5440 3325 5481 versemus
3346 5466 3364 5495 ,
3392 5433 3447 5481 et

1863 5529 1982 5584 quae
2011 5532 2040 5569 a
2062 5517 2240 5571 verbis
2284 5516 2504 5572 all‘ertur
2547 5517 2846 5573 molestiam
2893 5518 3186 5573 toleremus
3211 5560 3226 5586 ,
3256 5534 3325 5574 ne
3354 5520 3444 5590 qui

1862 5619 1961 5677 per
1990 5622 2077 5662 res
2097 5608 2241 5678 ipsas
2273 5610 2563 5679 suscipitur
2591 5610 2888 5666 cruciatum
2913 5612 3195 5680 patiamur.
3215 5609 3446 5666 Omnino

1862 5700 2004 5754 enim
2032 5711 2192 5757 erunt
2211 5702 2325 5757 haec
2351 5702 2553 5768 omnia,
2575 5711 2628 5758 et
2643 5717 2737 5759 eos
2756 5703 2847 5774 qui
2872 5702 3070 5774 iniusta
3091 5702 3444 5767 admiserunt.

1867 5794 2040 5849 nullus
2074 5796 2216 5851 illiue
2242 5796 2463 5867 eximet,
2497 5811 2601 5851 non
2632 5806 2801 5869 pater,
2835 5812 2939 5853 non
2979 5806 3170 5867 tnaler,
3204 5810 3309 5852 non
3336 5794 3446 5852 fra-
