4060 6440
568 246 634 303 l9
1268 239 1322 295 S.
1356 236 1634 295 JOANNIS
1668 228 2143 292 CIIRYSOSTOMI
2183 231 2499 288 ARClllEP.
2539 233 3073 294 CONSTANTINOP.
3795 241 3873 298 gf;

564 370 681 420 ter;
709 350 919 409 etiamsi
951 338 1172 404 multam
1202 344 1450 400 fiduciam
1478 342 1670 397 habeat
1692 383 1706 405 ,
1730 349 1784 395 et
1808 352 1995 408 magna
2026 348 2146 403 pos-

565 448 636 501 sit
682 444 822 517 apud
855 444 1023 498 Deum
1068 456 1083 495 :
1130 437 1313 492 Frater
1339 436 1481 490 enim
1511 450 1613 487 non
1656 432 1859 490 redimit
1892 471 1907 495 ,
1939 428 2150 483 redimet

567 542 719 592 Immo
749 535 924 606 (Psal.
960 533 1048 588 48.
1080 531 1179 601 8)?
1212 529 1328 599 Ipse
1358 527 1503 583 enim
1525 524 1723 595 estqui
1750 522 1927 577 reddit
1947 519 2154 575 unicui-

569 645 671 699 que
698 625 990 682 secundum
1014 636 1178 693 opera
1206 634 1302 674 sua
1324 659 1341 687 ,
1371 626 1426 673 et
1452 633 1518 674 ex
1550 616 1616 671 iis
1635 615 1762 669 licet
1790 623 1841 669 et
1868 610 2071 668 servari
2099 617 2156 667 et

572 718 771 788 puniri.

2271 332 2562 390 habeanms
2589 336 2728 392 bona
2758 353 2919 408 opera
2946 382 2962 404 ,
2996 342 3099 397 nisi
3126 341 3324 412 injuste
3350 342 3613 399 collectas
3638 342 3892 399 divitias

2261 425 2405 494 juste
2435 426 2793 485 effundamus.
2843 432 2956 488 lloc
3000 445 3180 491 autem
3223 438 3367 507 quod
3397 437 3465 493 de
3508 438 3889 507 eleemosyna

2265 517 2528 587 dicimus,
2581 535 2687 576 non
2728 523 2902 578 solum
2932 527 3217 583 conveniet
3254 527 3542 594 divitibus,
3570 528 3668 583 sed
3706 529 3887 583 etiam

2267 610 2611 679 pauperibus.
2645 612 2711 668 Et
2733 615 2778 669 si
2808 618 2928 686 quis
2955 617 3027 672 sit
3050 618 3143 688 qui
3165 620 3521 676 mendicando
3549 621 3741 675 alatur
3764 659 3783 683 ,
3814 618 3884 673 ad

2264 716 2389 757 eum
2440 717 2654 775 quoque
2701 705 2817 762 haec
2865 707 3114 779 dirigitur
3143 711 3355 766 oratio:
3388 726 3550 767 nemo
3588 720 3676 767 est
3724 711 3882 765 enim

647 807 985 876 Eleemosyna
1029 800 1432 857 commendatur.
1468 827 1539 839 —
1570 796 1747 851 Facite
1790 795 1926 851 vobis
1971 793 2161 847 anticos
2261 793 2398 850 adeo
2429 809 2667 866 pauper,
2706 799 2808 855 etsi
2835 799 2907 855 sit
2931 800 3086 857 valde
3122 817 3328 874 pauper
3350 844 3367 872 ,
3389 804 3480 874 qui
3521 819 3628 859 non
3659 802 3881 858 habeat

575 918 638 957 ea:
684 914 919 954 mamona
961 895 1242 965 iniquitatis
1293 891 1471 964 (Luc.
1513 890 1601 944 l6.
1649 888 1752 959 9).
1790 876 2162 956 Obsequamnr

576 1006 742 1061 ergo;
776 986 1109 1043 Dominicum
1143 984 1287 1039 enim
1332 990 1415 1036 est
1458 980 1768 1035 mandatum
1810 994 1823 1030 :
1868 969 2165 1045 superfluas

579 1081 837 1154 pecunias
874 1079 926 1134 in
958 1090 1159 1148 egenos
1188 1085 1539 1144 Spargamus:
1573 1069 1831 1124 faciamus
1860 1067 2164 1135 elecmosy-

583 1189 705 1229 nam
732 1214 746 1236 ,
771 1171 942 1225 donec
970 1181 1290 1239 possumus;
1324 1164 1427 1219 hoc
1471 1170 1554 1218 est
1592 1161 1735 1216 enim
1764 1158 1966 1213 amicos
1992 1156 2168 1211 facere

584 1284 649 1323 ex
693 1278 939 1319 mamona
980 1258 1307 1331 iniquitatis:
1337 1254 1588 1327 pecunias
1613 1253 1666 1306 in
1687 1266 1887 1321 egenos
1924 1246 2168 1304 effunda-

585 1357 777 1411 damus
798 1396 811 1415 ,
844 1363 897 1406 ut
926 1353 1077 1407 illum
1109 1352 1286 1418 ignem
1332 1346 1739 1408 exinaniamus,
1771 1354 1828 1396 ut
1871 1342 2044 1409 ipsum
2067 1353 2174 1418 ex-

590 1413 928 1507 stinguauius
944 1475 958 1499 ,
988 1443 1047 1487 ut
1074 1413 1184 1487 illic
1207 1431 1501 1485 habeamus
1524 1422 1797 1479 fiduciam.
1821 1417 2037 1474 Etenim
2065 1413 2177 1469 illic

593 1545 700 1583 non
731 1536 855 1582 sunt
880 1525 968 1581 isti
996 1524 1084 1594 qui
1115 1538 1215 1577 nos
1249 1519 1552 1589 suscipiunt
1578 1556 1592 1582 ,
1620 1512 1714 1569 sed
1746 1519 1989 1566 nostrum
2019 1520 2175 1577 opus.

592 1618 746 1687 Quod
788 1617 931 1673 enim
959 1632 1064 1671 nou
1105 1613 1349 1668 absolute
1396 1608 1536 1681 quod
1578 1606 1734 1662 nobis
1762 1604 1871 1658 sint
1897 1599 2095 1664 amici,
2121 1596 2178 1653 id

513 1687 522 1695 ’
595 1726 694 1766 nos
717 1710 887 1782 possit
909 1720 1125 1763 servare
1144 1747 1159 1769 ,
1186 1704 1332 1770 disce
1357 1717 1421 1758 ex
1454 1698 1843 1755 additamento.
1882 1692 1993 1749 Cur
2034 1688 2178 1782 enim

599 1779 907 1866 non—dixit,
953 1797 1137 1854 Facite
1165 1795 1315 1848 vobis
1341 1795 1542 1847 amicos
1587 1797 1647 1844 ut
1693 1801 1789 1841 vos
1830 1782 2099 1853 excipiant
2126 1779 2179 1834 in

596 1882 815 1949 tuleritis
842 1890 953 1945 suis
986 1886 1365 1951 tabernaculis,
1393 1882 1486 1938 sed
1517 1880 1733 1937 modum
1754 1878 1915 1933 etiam
1946 1869 2180 1943 adjecit?

598 2003 721 2041 cum
751 1985 894 2039 enim
922 1982 1183 2047 dixisset,
1216 1978 1300 2031 Ea;
1344 1991 1581 2029 mamona
1629 1969 1911 2040 iniquitatis
1931 2010 1946 2034 ,
1995 1972 2181 2021 osten-

598 2079 677 2134 dit
705 2074 849 2146 quod
895 2090 960 2130 ex
1006 2071 1249 2144 pecuniis
1275 2067 1528 2125 convenit
1572 2079 1668 2120 eos
1716 2063 1893 2117 facere
1941 2058 2181 2146 amicos,

600 2144 908 2241 significans
934 2164 1075 2237 quod
1107 2162 1220 2220 sola
1248 2176 1347 2218 nos
1382 2174 1491 2215 non
1516 2154 1770 2214 defendet
1796 2150 2051 2214 amicitia,
2081 2144 2187 2203 nisi

2276 884 2383 938 duo
2413 886 2638 940 minuta.
2677 884 2828 942 Licet
2855 900 2985 957 ergo
3036 886 3117 941 vel
3145 902 3211 941 ex
3257 890 3440 955 paucis
3478 904 3648 961 pauca
3673 889 3892 961 danti,

2276 991 2533 1045 superare
2607 991 2702 1032 eos
2751 976 2839 1048 qui
2892 977 3042 1047 plura
3098 976 3441 1048 possidentes
3497 980 3648 1051 plura
3708 981 3892 1049 dant,

2275 1070 2416 1123 sicut
2466 1069 2556 1125 illa
2606 1069 2786 1125 vidua.
2828 1068 2943 1125 Non
2973 1070 3118 1125 enim
3163 1085 3231 1125 cx
3262 1084 3450 1126 eorum
3498 1088 3617 1143 qua:
3670 1074 3891 1128 dantur

2219 1147 2225 1152 ’
2277 1176 2527 1216 mensura
2550 1202 2565 1227 ,
2596 1160 2691 1218 sed
2723 1176 2789 1216 ex
2816 1161 2865 1215 vi
2909 1170 2966 1217 et
3004 1170 3268 1231 potestate
3311 1172 3365 1217 et
3407 1178 3593 1219 eorum
3620 1167 3718 1236 qui
3756 1166 3891 1220 dant

2277 1252 2525 1306 instituto
2552 1261 2608 1307 et
2648 1260 2895 1322 prompta
2936 1251 3213 1308 voluntate
3250 1251 3521 1323 judicatur
3558 1256 3889 1327 magnitudo

2275 1344 2659 1417 eleemosynte.
2694 1343 2881 1414 Itaque
2921 1343 3118 1413 ubique
3147 1345 3393 1400 instituto
3423 1362 3560 1417 opus
3583 1357 3671 1403 est
3702 1359 3768 1403 et
3819 1350 3888 1404 lio

2277 1433 2402 1490 bera
2435 1444 2788 1507 promptaque
2808 1434 3111 1503 voluntate;
3136 1436 3333 1507 ubique
3357 1437 3406 1491 in
3429 1438 3594 1494 Deum
3621 1441 3884 1497 caritate.

2274 1524 2330 1581 Si
2361 1539 2486 1581 cum
2516 1541 2580 1582 ea
2625 1526 2806 1581 omnia
2835 1541 3058 1598 agamus
3082 1568 3098 1595 ,
3131 1528 3342 1583 etiamsi
3391 1546 3559 1600 pauca
3606 1531 3888 1588 habentes

2277 1631 2445 1686 pauca
2475 1616 2789 1673 dederimus
2816 1658 2832 1684 ,
2866 1617 3056 1674 faciem
3101 1633 3255 1674 suam
3289 1619 3432 1675 Deus
3478 1637 3586 1676 non
3618 1633 3837 1679 avertet
3866 1666 3883 1689 ,

2275 1706 2372 1762 sed
2403 1706 2631 1779 accipiet
2661 1712 2928 1778 tamquam
2958 1724 3150 1782 magna
3176 1701 3231 1766 et
3259 1710 3596 1768 admiranda.
3626 1715 3885 1771 Attendit

2275 1802 2424 1857 enim
2454 1801 2678 1857 liberam
2710 1811 2765 1857 et
2808 1812 3112 1874 promptam
3144 1804 3310 1859 animi
3360 1806 3690 1862 voluntatem
3718 1848 3735 1873 ,
3769 1825 3880 1864 twn

2277 1909 2338 1950 ea
2372 1910 2491 1965 quae
2518 1894 2713 1948 dantur
2737 1910 2750 1948 :
2778 1903 2834 1950 et
2859 1894 2906 1949 si
2936 1895 3082 1950 illam
3110 1894 3304 1951 viderit
3341 1912 3463 1954 esse
3499 1914 3751 1969 magnam
3780 1943 3797 1967 ,
3829 1903 3881 1957 ei

2278 1999 2435 2040 suum
2465 1984 2567 2040 fert
2593 1985 2902 2057 suffragium
2938 1995 2994 2042 et
3013 1985 3272 2055 judicium
3292 2028 3308 2054 ,
3340 1996 3392 2043 et
3418 1998 3749 2047 aeternorum
3782 1993 3879 2046 bo-

2279 2091 2471 2133 norum
2524 2075 2652 2132 facit
2698 2077 3173 2149 participes:quze
3220 2079 3380 2135 detur
3419 2082 3670 2139 omnibus
3710 2085 3879 2142 nobis

2277 2167 2526 2239 assequi,
2564 2168 2733 2239 gratia
2761 2177 2816 2225 et
2844 2167 3191 2239 benignitate.

591 2441 3787 2470 ΜΝ

2040 2506 2388 2569 HOMILIA
2427 2506 2508 2567 ll.

585 2652 713 2708 CAP.
760 2653 811 2708 l.
856 2668 910 2707 v.
957 2653 1010 2707 5.
1060 2652 1161 2720 Qui
1193 2669 1307 2708 cum
1331 2661 1397 2706 stt
1423 2652 1666 2722 splendor
1695 2653 1892 2725 gloria,
1933 2663 1980 2708 et
2005 2652 2174 2723 ﬁgura

655 2748 951 2802 substantia
971 2749 1102 2819 ejus,
1124 2759 1442 2819 portantque
1459 2748 1630 2803 omnia
1648 2748 1795 2802 verba
1825 2748 2022 2803 virtutis
2041 2763 2168 2815 sua,

659 2857 751 2909 per
778 2841 1102 2911 semetipsum
1126 2842 1479 2912 purgationem
1518 2851 1843 2911 peccatorum
1885 2852 2173 2896 nostrorum

656 2934 869 3005 faciens.

655 3027 707 3081 1.
752 3024 830 3079 De
866 3024 975 3079 Deo
1014 3041 1167 3095 quam
1197 3036 1477 3081 reverenter
1515 3026 1619 3082 sive
1659 3027 1799 3096 loqui
1842 3027 1946 3081 sive
1991 3026 2173 3083 audire

583 3117 875 3171 debeamus.
903 3147 974 3157 —
1008 3116 1212 3187 Ubique
1240 3118 1459 3189 quidem
1493 3119 1576 3189 pia
1614 3129 1667 3173 et
1706 3119 1958 3189 religiosa
1990 3127 2170 3175 mente

580 3221 664 3266 est
688 3225 841 3281 opus.
873 3210 1113 3265 maxime
1140 3219 1318 3265 autem
1346 3210 1561 3281 quando
1582 3210 1649 3266 de
1681 3211 1789 3265 Deu
1810 3210 2008 3283 aliquid
2036 3210 2170 3266 dici-

581 3317 702 3357 mus
728 3312 784 3357 et
806 3301 1053 3357 audimus
1085 3318 1099 3355 :
1132 3317 1252 3357 nam
1283 3317 1456 3374 neque
1482 3303 1661 3374 lingua
1685 3304 1849 3374 loqui,
1879 3318 2053 3375 neque
2073 3319 2171 3359 au-

579 3394 654 3447 ris
692 3392 889 3464 aliquid
937 3394 1126 3449 audire
1172 3394 1239 3448 de
1288 3394 1396 3450 Deo
1438 3404 1612 3464 potest
1654 3410 1751 3464 pro
1779 3395 2039 3466 dignitate
2066 3414 2080 3451 :
2112 3405 2169 3452 et

577 3487 703 3556 quid
730 3487 850 3542 dico
891 3487 1124 3557 linguam
1151 3497 1206 3542 et
1232 3490 1459 3543 aurem?
1487 3504 1660 3558 neque
1690 3491 1834 3544 enim
1865 3506 2017 3546 mens
2045 3505 2167 3559 quas

579 3578 694 3633 hac
720 3580 1138 3649 longesuperat,
1175 3589 1351 3648 potest
1376 3579 1576 3650 aliquid
1603 3590 1790 3635 exacte
1810 3580 2165 3651 comprehen-

576 3669 730 3737 dere,
761 3660 976 3741 quando
1005 3670 1072 3726 de
1098 3671 1211 3725 Deo
1240 3671 1490 3727 volumus
1510 3671 1712 3742 aliquid
1738 3672 1935 3742 eloqui.
1964 3672 2098 3727 Nam
2117 3671 2163 3727 si

575 3775 680 3829 pax
710 3760 804 3816 Dei
829 3770 1119 3831 exsuperat
1149 3775 1367 3817 omnem
1397 3770 1654 3828 mentem,
1684 3771 1739 3816 et
1767 3777 1887 3831 quae
1917 3770 2044 3817 sunt
2071 3776 2165 3828 pa-

577 3861 691 3907 rata
721 3852 786 3907 iis
812 3852 904 3923 qui
932 3851 1104 3920 ipsum
1125 3849 1373 3920 diligunt,
1397 3848 1450 3903 in
1472 3863 1565 3904 cor
1583 3848 1813 3904 hominis
1837 3864 1941 3903 non
1968 3864 2157 3905 ascen.

575 3946 807 4001 derunt:
838 3943 1007 3998 multo
1038 3942 1208 4013 magis
1238 3942 1352 4011 ipse
1389 3941 1531 3996 Deus
1576 3941 1720 4011 pacis
1740 3982 1755 4008 ,
1786 3942 2158 3997 universorqu

575 4038 762 4108 Opifex
784 4078 801 4104 ,
831 4048 1069 4091 nostram
1101 4045 1392 4106 exsuperat
1432 4037 1714 4092 rationem.
1763 4037 1991 4107 Oportet
2037 4054 2167 4108 ergo

575 4132 754 4187 omnia
785 4130 1064 4197 suscipere
1093 4144 1215 4183 cum
1243 4129 1346 4184 fide
1382 4138 1436 4185 et
1463 4130 1699 4199 pietate;
1732 4138 1786 4184 et
1812 4130 2025 4200 quando
2060 4131 2164 4184 im-

577 4222 769 4279 becilla
799 4220 958 4276 fuerit
984 4221 1144 4287 ratio,
1178 4230 1236 4275 ut
1265 4236 1374 4275 non
1405 4221 1574 4290 possit
1604 4230 1793 4276 exacte
1821 4229 1873 4276 et
1915 4234 2166 4278 accurate

528 4362 529 4365 η
575 4314 853 4384 explicare
900 4320 957 4368 et
1007 4311 1296 4368 ostendere
1336 4328 1456 4380 qua:
1506 4312 1775 4377 dicuntur,
1827 4323 1953 4368 tunc
1997 4315 2167 4385 magis

579 4408 745 4462 Deum
775 4405 1077 4474 glorificare
1096 4444 1112 4471 ,
1142 4403 1286 4474 quod
1316 4403 1474 4459 talem
1519 4403 1809 4459 habeamus
1838 4404 2008 4459 Deum
2029 4446 2045 4470 ,
2073 4405 2167 4475 qui

496 4514 501 4517 τ
578 4504 815 4552 mentem
859 4502 1097 4549 nostram
1137 4501 1357 4564 superat
1399 4503 1455 4548 et
1502 4493 1941 4564 intelligentiam.
1966 4501 2155 4558 Multa‘

576 4588 720 4644 enim
747 4602 813 4643 ex
844 4586 931 4652 iis,
963 4601 1084 4657 quze
1109 4586 1177 4640 de
1205 4586 1314 4641 Deo
1340 4596 1520 4641 mente
1552 4600 1847 4651 versamus,
1880 4600 1947 4640 ne
1976 4600 2167 4655 possu-

575 4695 696 4736 mus
736 4677 956 4750 quidem
978 4677 1156 4748 eloqui
1188 4695 1202 4731 :
1231 4686 1325 4732 aut
1348 4677 1516 4732 multa
1547 4677 1867 4747 eloquimur,
1909 4691 2016 4731 non
2044 4691 2167 4745 pos-

582 4783 770 4824 sumus
808 4777 986 4822 autem
1034 4766 1335 4838 intelligere
1368 4764 1558 4821 :vcrhi
1588 4767 1794 4834 gratia,
1839 4761 1981 4833 quod
2025 4762 2165 4817 Deus

585 4861 783 4930 ubique
817 4862 888 4914 sit
909 4859 1109 4914 scimus
1134 4875 1148 4923 ;
1177 4857 1446 4927 quomodo
1476 4867 1655 4911 autem
1678 4896 1693 4919 ,
1722 4871 1829 4909 non
1861 4854 2045 4924 utique
2083 4853 2165 4907 in-

591 4952 880 5022 telligimus
913 4968 927 5006 :
959 4951 1104 5021 quod
1148 4952 1219 5006 sit
1255 4952 1337 5005 vis
1378 4950 1619 5019 qumdam
1664 4950 2013 5019 incorporea,
2056 4960 2171 5001 om-

586 5042 733 5096 nium
773 5040 1035 5095 bonorum
1078 5055 1259 5106 causa,
1307 5041 1537 5107 scimus;
1575 5040 1845 5110 quomodo
1872 5047 2052 5093 autem
2078 5036 2169 5102 sit,

586 5140 676 5186 aut
713 5146 960 5201 quanam
991 5130 1060 5185 sit
1089 5131 1379 5185 nescimus.
1415 5130 1551 5185 Ecce
1577 5131 1803 5185 dicimus
1823 5171 1837 5195 ,
1876 5138 1930 5183 et
1959 5143 2064 5182 nou
2094 5128 2173 5182 iu-

580 5221 898 5291 telligitnus.
930 5220 1045 5276 Dixi
1085 5235 1206 5277 esse
1236 5220 1431 5291 ubique
1451 5262 1465 5284 ,
1499 5220 1591 5274 sed
1622 5235 1725 5274 non
1764 5220 2034 5291 intelligo;
2062 5219 2171 5273 dixi

583 5321 710 5368 esse
739 5312 855 5367 sine
887 5311 1149 5381 principio
1172 5352 1187 5379 ,
1233 5320 1286 5366 et
1327 5327 1431 5365 non
1464 5310 1729 5391 iutelligg;
1773 5311 1879 5364 dixi
1919 5310 2173 5380 genuisse

596 5419 652 5459 :x
679 5403 878 5473 seipse,
908 5412 963 5459 et
988 5404 1167 5458 nescio
1188 5400 1456 5473 quomodo
1480 5416 1664 5457 rursus
1686 5400 1998 5471 intelligam.
2034 5400 2173 5456 Sunt

551 5503 557 5529 ι
593 5512 718 5566 ergo
771 5496 1014 5567 quaedam
1065 5512 1184 5567 qua:
1234 5509 1336 5553 nec
1383 5494 1489 5550 dici
1532 5502 1758 5566 possunt
1791 5512 1805 5549 :
1838 5502 1896 5549 ut
1940 5493 2173 5563 exempli

647 5655 749 5722 {In
770 5651 1050 5722 Colbertino
1071 5656 1181 5722 post
1198 5650 1401 5722 allatum
1425 5650 1695 5722 Scriptura
1718 5662 1867 5722 sacrae
1891 5649 2053 5700 locum
2089 5651 2177 5722 bo-

587 5718 715 5767 milia
750 5717 962 5767 secunda
998 5713 1087 5765 bic‘
1117 5716 1311 5779 incipit,
1344 5713 1667 5766 omissis‘aliis
1699 5715 1941 5773 omnibus,
1978 5724 2089 5774 quas
2128 5713 2177 5761 in

590 5781 731 5830 Edito
755 5780 1126 5843 praamittuntur.
1180 5828 1194 5844 Δ

2289 2670 2464 2722 (ausa,
2498 2663 2746 2735 [intelligit
2785 2670 3069 2740 cogitatio,
3112 2672 3207 2729 sed
3233 2690 3338 2730 non
3370 2686 3544 2746 potest
3567 2678 3773 2736 dicere.
3808 2681 3874 2737 Et

2282 2757 2339 2800 ut
2370 2750 2510 2807 scias
2540 2752 2761 2810 Paulum
2788 2774 3001 2830 quoque
3037 2777 3158 2818 esse
3202 2765 3550 2835 imbecillum,
3582 2778 3638 2824 et
3683 2787 3871 2826 exem-

2284 2838 2368 2908 pla
2404 2857 2508 2897 non
2539 2858 2727 2902 exacte
2760 2849 2964 2916 dicere,
3002 2860 3059 2907 et
3080 2856 3486 2923 contremiscas,
3521 2874 3699 2930 neque
3731 2861 3872 2917 ulte-

2281 2931 2392 2986 rius
2423 2936 2622 3006 aliquid
2654 2955 2887 3009 quaeras,
2915 2944 3038 2998 audi
3069 2963 3083 2998 :
3114 2963 3233 3001 nam
3255 2964 3377 3003 eum
3400 2950 3624 3006 dixisset
3644 2953 3865 3018 Filium,

2278 3026 2632 3099 epificcmque
2657 3034 2947 3100 posuisset,
2976 3037 3102 3103 quid
3132 3037 3302 3093 dicit?
3333 3040 3430 3106 Qui
3463 3058 3577 3096 cum
3602 3044 3667 3098 sit
3697 3048 3869 3115 splen-

2275 3118 2372 3172 dor
2398 3122 2598 3191 gloria,
2627 3134 2673 3178 et
2700 3126 2864 3196 figura
2886 3127 3182 3186 substantia
3207 3135 3336 3202 ejus.
3371 3134 3485 3191 Hoc
3515 3139 3602 3206 pie
3621 3147 3708 3193 est
3728 3140 3869 3193 acci—

2279 3210 2532 3279 piendum
2554 3255 2569 3279 ,
2599 3225 2655 3271 et
2681 3219 3042 3276 abscindenda
3073 3240 3192 3294 quze
3222 3234 3348 3281 sunt
3384 3228 3638 3285 absurda.
3670 3232 3866 3303 Splen-

2274 3304 2370 3357 dor
2393 3306 2592 3375 gloria,
2621 3308 2817 3379 inquit.
2851 3311 2959 3368 Sed
2990 3314 3113 3370 vide
3139 3315 3206 3370 ad
3232 3317 3361 3387 quid
3394 3319 3496 3376 hoc
3523 3323 3780 3392 accipiat,
3812 3334 3863 3379 et

2273 3393 2345 3448 ita
2371 3398 2552 3466 accipe
2576 3415 2591 3449 :
2618 3400 2759 3467 quod
2787 3415 2854 3455 ex
2876 3401 3011 3469 ipso,
3037 3405 3179 3472 quod
3208 3406 3592 3476 impatibiliter,
3624 3414 3776 3482 quod
3805 3428 3864 3468 eo

2271 3498 2378 3537 non
2404 3485 2666 3541 diminuta
2698 3503 2797 3543 nec
2826 3490 3021 3546 effecto
3054 3495 3245 3549 minori
3273 3515 3287 3551 :
3314 3504 3567 3567 quoniam
3596 3514 3732 3558 sunt
3759 3505 3868 3576 (ιηὶ⁴

2269 3573 2393 3665 dam
2441 3576 2532 3645 qui
2586 3577 2829 3646 qutedam
2885 3580 3114 3638 absurda
3159 3585 3227 3639 ab
3278 3592 3527 3659 exemplo
3567 3573 3861 3665 accipiunt.

2272 3664 2537 3735 Splendor
2564 3670 2705 3723 enim
2727 3711 2744 3738 ,
2775 3669 3056 3741 inquiunt,
3099 3690 3204 3730 non
3244 3686 3327 3732 est
3353 3680 3405 3734 in
3432 3696 3491 3736 se
3516 3664 3830 3742 consistens
3850 3727 3862 3749 ,

2271 3756 2365 3811 scd
2396 3758 2536 3827 quod
2568 3759 2637 3813 sit
2665 3759 2825 3817 habet
2851 3762 2901 3816 in
2933 3763 3059 3818 alio.

2343 3848 2578 3905 Marcelli
2630 3861 2679 3905 et
2733 3852 2948 3908 Photini
2976 3856 3200 3913 liaresis.
3244 3858 3435 3915 Contra
3484 3863 3781 3923 Sabellimn
3822 3880 3864 3922 ct

2270 3940 2470 3996 Arium.
2499 3971 2570 3982 —-
2595 3942 2675 3998 Ne
2710 3943 2812 3999 hoc
2839 3961 2968 4017 ergo
2992 3949 3244 4017 accipias,
3286 3966 3321 4006 ο
3361 3952 3543 4019 homo,
3574 3971 3758 4027 neque
3786 3961 3861 4014 la-

2269 4030 2429 4088 bores
2454 4036 2646 4090 morbo
2671 4035 2904 4093 Marcelli
2943 4050 2997 4094 et
3036 4040 3269 4098 Photiui.
3304 4046 3345 4100 E
3386 4047 3688 4117 prOpinquo
3714 4055 3857 4107 enim

2268 4123 2362 4178 tibi
2395 4126 2664 4193 medetur,
2714 4144 2783 4183 ne
2829 4129 2882 4184 in
2933 4130 3084 4187 illum
3127 4136 3417 4205 cogitatum
3468 4140 3711 4207 incidas;
3761 4160 3857 4199 nec

2270 4217 2532 4285 permittit
2577 4229 2635 4273 ut
2680 4219 2982 4277 deturberis
3028 4226 3081 4279 in
3111 4229 3470 4297 perniciosum
3517 4233 3666 4289 illum
3707 4252 3855 4290 mor-

2266 4307 2415 4361 bum.
2459 4307 2598 4376 Quid
2641 4321 2820 4366 antem
2851 4313 3018 4368 dicit?
3048 4314 3118 4370 Et
3160 4319 3326 4389 ﬁgura
3365 4322 3661 4378 substantia
3707 4328 3853 4397 ejus:

2264 4398 2542 4455 declarans
2596 4402 2761 4470 quod,
2813 4405 2953 4460 sicut
3004 4408 3119 4476 ipse
3165 4412 3235 4465 sit
3284 4413 3335 4468 in
3388 4413 3664 4485 hypostasi
3718 4433 3848 4482 sua,

2268 4490 2464 4545 nullius
2506 4491 2750 4564 indigens
2783 4512 2797 4549 :
2829 4497 2897 4552 ita
2926 4498 3087 4553 eliam
3121 4500 3305 4558 Filius.
3336 4504 3432 4560 llic
3462 4507 3604 4561 enim
3639 4508 3745 4563 hoc
3772 4509 3851 4564 di-

2264 4580 2355 4642 cit,
2380 4583 2669 4640 ostendens
2698 4602 2803 4640 non
2832 4602 2952 4643 esse
2982 4589 3344 4647 diversitatem
3375 4612 3472 4650 nec
3493 4598 3660 4652 ullam
3687 4599 3849 4653 dissi-

2267 4666 2645 4736 militudinem,
2691 4679 2747 4724 et
2783 4672 3049 4741 propriam
3081 4688 3200 4730 esse
3235 4674 3458 4746 figuram
3487 4687 3543 4734 et
3564 4680 3847 4736 characte-

2266 4770 2381 4810 rem
2408 4759 2677 4828 prototypi
2706 4775 2799 4815 seu
2831 4764 3168 4832 exemplaris,
3201 4774 3255 4820 et
3287 4768 3426 4836 quod
3457 4783 3551 4838 per
3574 4785 3633 4825 se
3665 4774 3847 4826 consi-

2266 4856 2391 4901 stat.
2434 4847 2566 4903 Nam
2602 4852 2693 4921 qui
2723 4852 2858 4907 dixit
2887 4856 3133 4923 superius
3155 4897 3170 4922 ,
3214 4859 3354 4927 quod
3386 4875 3480 4929 per
3504 4862 3678 4931 ipsum
3711 4866 3847 4919 Deus

2268 4936 2394 4992 fecit
2420 4941 2623 5004 omnia,
2649 4942 2734 4996 hic
2765 4943 2856 4997 dat
2881 4944 2929 4998 ei
2959 4948 3350 5002 auctoritatem.
3382 4951 3519 5017 Quid
3545 4953 3690 5007 enim
3723 4956 3847 5009 sub-

2263 5029 2473 5099 jungit?
2501 5030 2821 5105 Portansque
2846 5037 3017 5090 omnia
3046 5038 3191 5093 verbo
3217 5040 3415 5106 virtutis
3436 5059 3572 5109 sua;
3602 5055 3658 5099 ut
3685 5061 3752 5100 ex
3784 5060 3847 5100 eo

2267 5120 2589 5189 accipiamus
2612 5137 2717 5177 non
2745 5124 2917 5178 solum
2952 5125 3171 5196 figuram
3204 5129 3537 5198 substantia,
3568 5133 3661 5189 sed
3686 5134 3844 5190 etiam

2266 5209 2408 5278 quod
2458 5212 2633 5266 omnia
2675 5215 2940 5283 gubernet
2982 5233 3103 5271 cum
3154 5221 3490 5279 auctoritate.
3540 5222 3675 5278 Vide
3720 5242 3847 5297 ergo

2267 5301 2534 5369 quomodo
2555 5303 2694 5372 quod
2723 5316 2803 5360 est
2833 5308 3104 5377 proprium
3129 5309 3321 5373 Patris,
3352 5311 3453 5366 hoc
3480 5314 3663 5368 tribuit
3690 5314 3844 5371 Filio.

2267 5389 2397 5444 Nam
2426 5403 2705 5461 prepterea
2731 5411 2835 5450 nou
2861 5397 2998 5452 dixit
3020 5399 3283 5464 absolute,
3315 5400 3634 5471 Portansquc
3653 5409 3842 5474 omnia,

2224 5478 2231 5485 ’
2267 5496 2440 5551 neque
2460 5483 2613 5548 dixit,
2641 5485 2849 5542 Virtute
2874 5503 2991 5551 sua.
3018 5489 3134 5557 sed,
3177 5488 3334 5546 Verbo
3360 5494 3556 5550 virtutis
3578 5491 3707 5551 sua.
3729 5498 3843 5553 Sic-

2268 5580 2327 5625 ut
2350 5572 2491 5627 enim
2523 5575 2676 5631 nobis
2704 5592 2874 5648 nuper
2917 5581 3168 5649 paulatim
3203 5584 3527 5640 ascendebat
3546 5597 3600 5641 et
3620 5588 3841 5645 descen-

2267 5663 2431 5719 debat
2461 5685 2476 5721 :
2506 5666 2575 5721 ita
2620 5683 2762 5725 nunc
2788 5684 3000 5741 quoque
3030 5680 3297 5744 tamquam
3327 5676 3581 5745 gradibus
3608 5680 3844 5735 ascendit

2268 5758 2321 5812 in
2363 5758 2528 5813 altum
2548 5801 2563 5829 ,
2596 5760 2790 5819 deinde
2818 5778 3006 5821 rursus
3033 5764 3283 5824 deorsum
3308 5766 3487 5839 ducit,
3518 5780 3573 5827 et
3598 5772 3709 5840 ait,
3747 5771 3841 5828 Per
