4064 6626
525 341 589 397 21
1222 340 1281 394 S.
1322 336 1609 395 JOANNIS
1645 337 2132 395 CllBYSOSTOﬁl
2173 337 2492 400 ARCIHEP.
2533 343 3082 404 CONSTANTINOP.
3714 358 3787 412 Εἰ

497 453 593 511 οῦν
609 454 770 509 τοῦτο
793 455 973 519 ποιεῖ;
1014 454 1162 508 ’Λνω
1196 455 1291 508 καὶ
1317 454 1469 508 κάτω
1488 455 1561 508 τὰ
1586 454 1729 510 αὑτά
1752 457 1975 528 στρέφει
1995 453 2092 509 καὶ

499 549 821 622 φθέγγεται,
856 548 995 600 ὥστε
1022 548 1098 618 μὴ
1123 547 1448 617 νομισθῆναι
1474 548 1636 604 αὑτὸν
1665 550 1923 619 ἄναρχον,
1957 547 2092 619 μηδέ

498 646 780 717 ἀλλότριον
802 644 898 696 τοῦ
919 642 1076 697 θεοῦ.
1112 642 1223 695 Καὶ
1249 642 1324 712 μὴ
1354 642 1611 714 ξενισθῇς
1639 643 1733 697 τὸν
1754 642 1937 711 λόγον,
1962 642 2101 708 ἀγα-

499 740 666 809 πητὲ·
691 738 739 790 εἰ
764 736 876 807 γάρ
902 736 998 788 καὶ
1024 734 1163 804 μετὰ
1196 733 1473 807 τοσαύτην
1509 734 1791 803 ἀπόδειξίν
1820 735 1928 789 εἰσί
1953 750 2101 798 τινες

499 833 549 885 οἰ
583 830 866 901 ἀλλότριον
897 827 1060 881 αὑτὸν
1091 824 1232 882 εῖναι
1269 829 1566 900 φήσαντες,
1599 829 1699 884 καὶ
1731 828 1920 899 ἕτερον
1952 826 2102 898 αὐτῷ

497 924 680 987 δόντες
713 921 953 993 πατέρα,
991 921 1085 974 καί⁵
1114 920 1292 991 τούτῳ
1322 921 1584 993 πολεμεῖν
1613 923 1778 976 αὑτὸν
1809 921 2063 990 λέγοντες
2082 936 2096 950 ⁸

500 1016 550 1070 εἰ
584 1014 658 1085 μὴ
698 1013 867 1068 ταῦτα
899 1009 1051 1078 εἷπε,
1083 1014 1136 1067 τί
1170 1016 1269 1069 οὐκ
1298 1016 1366 1071 ἂν
1394 1013 1769 1084 ἐφθέγξαντο;
1802 1014 1975 1067 Ὅταν
2007 1009 2103 1068 οῦν
2164 1030 2169 1034 ’

499 1103 620 1179 [15]
651 1104 981 1177 θεραπεύειν
1008 1106 1413 1177 ἀναγκάζηται,
1452 1106 1574 1159 τότε
1601 1105 1980 1175 ἀναγκάζεται
2009 1103 2105 1158 καὶ

502 1202 572 1257 τὰ
592 1200 827 1255 ταπεινά
856 1200 1215 1270 φθέγγεσθαι·
1239 1194 1351 1253 οἷον
1379 1198 1711 1270 ὅτιἜθηκε,
1728 1200 1920 1270 φησὶν,
1939 1200 2105 1255 αὑτὸν

502 1294 844 1367 κληρονόμον
881 1292 1101 1347 πάντων
1121 1332 1136 1359 ,
1172 1293 1268 1347 καὶ
1298 1292 1382 1346 ὅτι
1405 1292 1483 1346 Δι’
1516 1292 1686 1347 αὑτοῦ
1719 1293 1851 1355 τοὺς
1896 1293 2106 1357 αἰῶνας

502 1388 783 1458 ἐποίησεν.
823 1382 957 1440 Εἶτα
1000 1386 1087 1439 ἵνα
1135 1386 1212 1457 μὴ
1246 1386 1450 1457 ἑτέρως
1488 1384 1830 1459 λυμήνηται,
1863 1386 1973 1441 ἀπὸ
1998 1386 2106 1441 τῶν

503 1480 681 1550 λόγων
716 1481 816 1551 τῆς
848 1480 1243 1550 ταπεινότητος
1286 1480 1369 1543 εἰς
1400 1480 1694 1534 αὑθεντίαν
1738 1481 1904 1535 πάλιν
1939 1482 2105 1535 αὐτὴν

502 1575 720 1654 ἀνάγει,
754 1574 848 1627 καὶ
880 1573 1155 1628 δείκνυσιν
1180 1574 1448 1645 ὁμότιμον
1477 1573 1608 1627 ὄντα
1646 1574 1726 1645 τῷ
1760 1576 1979 1646 [Ia-:91,
2009 1576 2106 1629 καὶ

501 1666 678 1737 οὕτως
709 1664 993 1737 ὁμότιμον,
1028 1665 1105 1729 ὡς
1132 1663 1363 1730 πολλοὺς
1391 1665 1615 1737 νομίσαι
1644 1666 1738 1719 τὸν
1768 1666 1931 1720 αὑτὸν
1962 1662 2105 1721 εἶναι

503 1759 746 1831 Πατέρα.
784 1759 895 1813 Καὶ
949 1757 1047 1811 θέα
1100 1757 1200 1830 τὴν
1228 1758 1443 1813 σύνεσιν
1499 1758 1665 1813 αὐτοῦ
1712 1758 1813 1831 τὴν
1858 1758 2062 1831 πολλήν
2089 1775 2103 1789 ⁸

505 1852 770 1925 πρότερον
800 1853 978 1905 ἐκεῖνο
1013 1851 1220 1922 τίθησι,
1258 1852 1354 1905 καὶ
1399 1852 1763 1922 ἀσφαλίζεται
1798 1852 1932 1907 αὐτὸ
1964 1853 2107 1924 μετὰ

505 1944 818 2019 ἀκριϐείαςο
852 1945 948 1999 καί
973 1946 1103 2000 ὅταν
1124 1944 1287 2000 τοῦτσ
1305 1944 1517 2017 δειχθῇ,
1549 1946 1633 1999 ὅτι
1661 1944 1757 1999 τοῦ
1783 1943 1920 1998 Θεοῦ
1953 1946 2106 1999 ἐστιν

508 2042 655 2107 Υἱὸς,
686 2042 782 2096 καὶ
809 2042 891 2096 ὅτι
912 2044 1011 2096 οὐκ
1036 2041 1321 2112 ἀλλότριος
1373 2039 1563 2103 αὐτοῦ,
1605 2039 1745 2109 μετά
1773 2038 1959 2101 ἀδείας
1990 2037 2105 2090 λοι-

506 2136 607 2190 πὸν
664 2136 904 2200 ἅπαντα,
950 2136 1052 2189 ὅσα
1110 2132 1386 2204 βούλεται,
1423 2131 1729 2202 φθέγγεται
1774 2131 1843 2184 τὰ
1900 2129 2102 2199 ὑψηλά.

518 2229 736 2299 Ἐπειδὴ
762 2228 871 2300 γὰρ
893 2227 955 2281 τὸ
984 2227 1129 2299 μέγα
1148 2244 1199 2279 τι
1233 2224 1363 2297 περὶ
1379 2222 1545 2278 αὑτοῦ
1576 2225 1757 2277 εἰπεῖν
1778 2225 1856 2287 εἰς
1885 2221 2107 2292 ἐκείνην

504 2321 604 2391 τὴν
636 2320 851 2375 ἔννοιαν
886 2320 1118 2382 πολλοὺς
1154 2320 1354 2389 ἤγαγε,
1388 2318 1659 2389 πρότερον
1692 2316 1808 2380 θεὶς
1825 2316 1894 2369 τὰ
1915 2333 2107 2370 ταπει-

506 2415 593 2480 νά,
620 2412 763 2485 μετά
794 2414 1097 2482 ἀσφαλείας
1127 2414 1247 2466 τότε
1274 2414 1353 2475 εἰς
1381 2411 1513 2482 ὕψος
1530 2411 1819 2482 ἀνέρχεται
1844 2413 1969 2465 ὅσον
1992 2409 2109 2481 βού-

506 2519 677 2562 Αεται·
715 2508 811 2561 καὶ
834 2506 1025 2560 εἰπών·
1058 2508 1170 2560 Ὃν
1188 2506 1373 2573 ἔθηκε
1420 2507 1807 2574 κληρονόμον
1834 2504 2102 2569 πάντων,

505 2603 603 2656 καὶ
633 2603 715 2655 ὅτι
743 2600 815 2655 δι’
840 2602 1009 2655 αὑτοῦ
1043 2601 1168 2665 τοὺς
1199 2600 1407 2664 αἰῶνας
1432 2600 1684 2669 ἐποίησε,
1715 2600 1839 2653 τότε
1871 2598 2067 2666 ἐπάγει
2087 2612 2103 2627 ⁸

505 2696 711 2764 Φέρων
744 2712 807 2748 τε
836 2695 908 2749 τὰ
936 2692 1135 2747 πάντα
1162 2692 1240 2759 τῷ
1261 2692 1486 2762 ῥήματι
1521 2692 1633 2763 τῆς
1655 2692 1968 2762 δυνάμεως
1996 2692 2106 2745 αὑ-

505 2787 634 2842 τοῦ.
683 2787 743 2840 Ὀ
778 2787 888 2856 γάρ
935 2786 1141 2857 ῥήματι
1188 2786 1335 2857 μόνῳ
1360 2788 1428 2839 τὰ
1468 2785 1652 2839 πάντα
1698 2783 2101 2855 διακυϐερνῶν,

505 2881 608 2936 οὐκ
641 2880 709 2934 ἂν
737 2879 959 2952 δεηθείη
993 2878 1139 2943 τινὸς
1171 2879 1253 2943 εἰς
1282 2880 1343 2933 τὸ
1391 2878 1744 2950 παραγαγεῖν
1781 2876 1854 2932 τά
1896 2876 2100 2933 πάντα.

577 3081 646 3153 β’.
703 3081 815 3135 Καὶ
844 3081 928 3135 ὅτι
959 3079 1122 3134 τοῦτό
1155 3082 1327 3146 ἐστιν,
1382 3081 1489 3152 ὅρα
1549 3079 1672 3144 πῶς
1694 3078 1861 3133 πάλιν
1894 3074 2105 3148 προῖὼν

506 3173 728 3229 δίδωσιν
775 3170 931 3243 αὑτῷ
965 3173 1069 3244 τὴν
1090 3172 1407 3237 αὐθεντίαν,
1431 3173 1530 3227 καὶ
1550 3174 1634 3238 τὸ,
1659 3174 1741 3226 Δι’
1761 3168 1858 3237 οὗ,
1878 3169 2102 3239 ἐξελών.

520 3265 743 3336 Ἐπειδὴ
778 3265 888 3337 γὰρ
936 3266 1243 3336 εἰργάσατο
1297 3267 1365 3321 δι’
1402 3267 1569 3321 αὑτοῦ
1604 3267 1633 3319 ὃ
1681 3267 1880 3338 ήθελε,
1913 3264 2105 3320 λοιπ³ιν

508 3358 759 3424 ἀποστάς
796 3359 894 3413 ἀπ’
920 3360 1113 3425 αὐτοῦ,
1141 3362 1194 3414 τί
1234 3379 1370 3431 φησι
1399 3379 1413 3427 ;
1477 3361 1615 3415 Κατ’
1636 3361 1832 3431 ἀρχὰς
1859 3359 1961 3420 σὺ.
1991 3360 2104 3414 Κύ-

507 3468 613 3520 ριε,
651 3453 767 3521 τὴν
799 3450 918 3521 γῆν
947 3453 1374 3521 ἐθεμελίωσας,
1419 3452 1516 3507 καὶ
1551 3451 1696 3520 ἔργα
1719 3449 1838 3506 τῶν
1889 3450 2106 3520 χειρῶν

508 3546 625 3600 σού
666 3548 828 3599 εἰσιν
877 3548 933 3600 οἱ
967 3548 1234 3615 οὐρανοί.
1288 3544 1545 3615 Οὑδαμοῦ
1594 3545 1677 3606 τὸ,
1726 3545 1807 3596 Δι’
1837 3539 1935 3605 οὗ,
1980 3541 2105 3594 οὐδὲ

509 3637 593 3690 ὅτι
640 3635 867 3706 ἐποίησε
915 3636 985 3690 δι’
1046 3637 1214 3691 αὐτοῦ
1245 3637 1375 3698 τοὺς
1424 3635 1657 3696 αἰῶνας.
1700 3632 1767 3684 Τί
1816 3627 1946 3694 οῦν;
2003 3632 2103 3698 οὐχ

512 3728 606 3781 ὑπ’
638 3726 802 3780 αὑτοῦ
838 3728 1200 3797 γεγένηνται;
1234 3727 1377 3782 Nai‘
1415 3727 1531 3779 ἀλλ’
1558 3727 1656 3795 οὐχ
1690 3724 1766 3787 ὡς
1796 3725 1862 3777 σὺ
1892 3723 2100 3792 λέγεις,

509 3818 620 3874 οὐδ’
656 3818 732 3882 ὼς
764 3818 1032 3883 ὑπονοεῖς,
1081 3820 1158 3882 ὡς
1194 3819 1264 3873 δι’
1313 3817 1577 3889 ὀργάνου,
1627 3815 1753 3869 οὐδὲ
1804 3814 1883 3877 ὡς
1906 3814 2008 3867 οὐκ
2038 3813 2106 3867 ἂν

511 3912 870 3984 ποιήσαντος,
927 3915 975 3965 εἰ
1028 3912 1104 3983 μὴ
1154 3915 1316 3982 χεῖρα
1348 3909 1501 3981 αὐτῷ
1550 3909 1760 3981 ὡρεξεν
1810 3910 1839 3962 6
1881 3908 2099 3979 Πατήρ.

514 4004 732 4074 Ὠσπερ
761 4005 875 4074 γὰρ
895 4004 1091 4058 οὐδένα
1133 4003 1308 4074 κρίνει
1340 3998 1699 4067 ἐ›ιεῖνος,’κσιλ⁸
1735 4001 1958 4069 λέγεται
1990 3999 2107 4071 κρί-

512 4110 627 4148 νειν
672 4094 762 4147 διὰ
789 4093 885 4146 τοῦ
945 4093 1102 4157 Υἰοῦ,
1155 4093 1239 4145 ὅτι
1298 4093 1502 4162 κριτὴν
1557 4092 1722 4146 αὐτὸν
1769 4091 2101 4163 ἐγέννησεν·

515 4186 661 4240 οὑτω
710 4186 807 4239 καὶ
847 4185 1211 4255 δημιουργεῖν
1262 4184 1331 4238 δι’
1396 4183 1586 4251 αὑτοῦ,
1634 4185 1718 4239 ὅτι
1767 4185 2106 4258 δημιουργὸν

517 4274 685 4330 αὑτὸν
728 4274 1044 4346 ἐγέννησεν.
1096 4274 1160 4328 Εἰ
1209 4274 1319 4346 γάρ
1378 4273 1546 4328 αὑτοῦ
1595 4275 1772 4339 αἴτιος
1825 4277 1853 4330 6
1888 4276 2133 4349 Πατὴρ,

516 4368 702 4441 πολλῷ
739 4369 942 4441 μᾶλλον
968 4367 1076 4421 τῶν
1113 4367 1182 4421 δι’
1210 4366 1379 4423 αὑτοὺ
1411 4369 1820 4441 γεγενημένων.

588 4548 760 4605 Ὅταν
797 4550 895 4621 μὲν
927 4543 1025 4603 οῦν
1053 4547 1312 4621 βούληται
1332 4546 1505 4613 δεῖξαι
1531 4546 1613 4600 ὅτι
1635 4545 1694 4612 ἐξ
1716 4546 1903 4613 αὐτοῦ,
1932 4545 2109 4615 ἀναγ-

517 4643 693 4707 καίως
748 4643 818 4698 τὰ
868 4642 1101 4698 ταπεινά
1149 4642 1489 4711 φθέγγεταν
1546 4641 1673 4699 ὅταν
1733 4640 1791 4694 δὲ
1845 4640 2106 4712 βούληται

520 4736 702 4808 ὑψηλὰ
726 4736 1089 4807 φθέγγεσθαι,
1124 4735 1297 4805 λαϐὴν
1346 4733 1672 4805 Μάρκελλος
1706 4733 1977 4804 λαμϐάνει
2012 4734 2108 4787 καὶ

520 4831 835 4893 Σαϐέλλιος.
872 4829 1013 4882 Ἀλλ’
1028 4828 1364 4899 ἀμφοτέρων
1386 4828 1486 4899 τὴν
1508 4827 1782 4898 ἀμετρίαν
1802 4830 1836 4899 ἡ
1872 4827 2109 4896 Ἐκκλη-

525 4925 614 4977 σία
648 4922 922 4991 φυγοῦσα,
977 4920 1152 4990 μέσην
1203 4917 1440 4973 ῶδευσεν
1484 4917 1625 4972 ὁδόν.
1676 4916 1817 4972 Οὔτε
1870 4917 1980 4989 γάρ
2012 4919 2108 4972 ἐπὶ

521 5017 620 5086 τῆς
657 5014 1051 5084 ταπεινότητος
1084 5011 1332 5083 ἐμμένει,
1370 5012 1459 5066 ἵνα
1493 5012 1570 5084 μὴ
1610 5012 1823 5077 Παῦλος
1865 5012 1894 5065 6
1927 5014 2110 5085 Σαμο-

525 5106 718 5167 σατεὺς
747 5103 888 5175 λάϐῃ
918 5101 1122 5173 χώραν,
1150 5101 1272 5156 οὔτε
1312 5103 1401 5157 ἀεὶ
1426 5106 1540 5167 τοῖς
1571 5101 1689 5176 [161
1750 5103 1976 5175 ὑψηλοῖς
2023 5107 2111 5159 ἐν-

524 5198 794 5267 απομένει
819 5213 835 5227 ο
873 5194 970 5249 καὶ
999 5194 1272 5250 δείκνυσιν
1301 5196 1470 5251 αὐτοῦ
1501 5196 1666 5251 πάλιν
1697 5198 1797 5268 τὴν
1829 5197 2110 5269 ἐγγύτητα

526 5294 624 5360 τὴν
655 5291 882 5361 πολλὴν,
936 5288 1023 5341 ἵνα
1083 5292 1160 5365 μὴ
1198 5290 1489 5358 Σαϐέλλιος
1547 5293 1885 5367 ἐπιπηδήση.
1938 5291 2110 5348 Εἶπεν

530 5386 679 5449 Υἰὸν,
720 5386 815 5439 καὶ
852 5384 1060 5449 εὐθέως
1102 5386 1377 5458 ἐφέστηκε
1413 5387 1629 5452 Παῦλος
1655 5390 1685 5442 6
1732 5389 2108 5459 Σαμοσατεὺς,

525 5477 703 5547 λέγων
746 5479 913 5532 αὑτὸν
966 5475 1108 5533 εἰναι
1168 5480 1299 5533 Υἰὸν
1341 5479 1419 5543 ὡς
1478 5481 1605 5543 τοὺς
1661 5480 1917 5546 πολλούς.
1966 5482 2111 5536 Ἀλλ’

531 5572 729 5626 ἔδωκεν
759 5571 910 5643 αὐτῷ
946 5572 1173 5643 καιρίαν
1228 5572 1468 5644 πληγὴν,
1506 5572 1680 5627 εἰπὼν
1728 5574 2109 5647 Κληρονόμον.

543 5665 683 5720 Ἀλλ’
701 5666 781 5720 ἔτι
800 5667 1148 5738 ἀναισχυντεῖ
1167 5664 1304 5737 μετὰ
1333 5666 1567 5737 Ἀρείου·
1598 5666 1659 5720 τὸ
1680 5666 1788 5738 γὰρ
1807 5711 1822 5733 ,
1855 5669 2113 5737 Ἕθηκεν

529 5760 721 5816 αὐτὸν
749 5763 1148 5831 κληρονόμον,
1167 5759 1469 5832 ἀμφότεροι
1500 5760 1823 5830 κατέχουσιν
1849 5776 1864 5791 ο
1903 5762 2114 5828 ἐκεῖνος

536 5870 633 5923 μεν
670 5853 959 5919 ἀσθενείας
1007 5854 1185 5924 λέγων
1224 5849 1387 5921 εἶναι,
1437 5849 1592 5920 οὗτος
1643 5854 1699 5909 δέ
1748 5857 2112 5929 ἐπισκήπτειν

2193 473 2489 545 ἐπιχειρῶν
2527 476 2622 529 καὶ
2637 475 2717 546 τῷ
2740 475 2885 547 ἑξῆς.
2918 475 3101 530 Εἰπὼν
3123 475 3183 530 δέ
3214 476 3448 543 Παῦλος,
3478 479 3560 534 Δι’
3586 477 3659 537 οὗ
3689 487 3793 541 καὶ

2204 565 2345 632 τοὺς
2393 565 2616 634 αἰῶνας
2666 568 2982 636 ἐποίησεν,
3030 568 3226 625 ἔϐαλεν
3271 570 3462 626 ὕπτιον
3495 577 3795 647 ἀναισχυν-

2192 656 2395 712 τοῦντα
2428 659 2520 713 τὸν
2547 661 2893 731 Σαμοσατέα,
2916 663 2944 715 6
2969 661 3027 716 δὲ
3049 662 3268 734 Ἀρειος
3291 665 3372 717 ἔτι
3399 666 3620 737 ἰσχυρὸς
3650 664 3797 726 εἶναι

2199 749 2370 803 δοκεῖ.
2416 749 2560 803 Ἀλλ’
2592 752 2697 823 ὅρα
2729 753 2823 805 καὶ
2856 753 3049 807 τοῦτον
3104 753 3222 817 πῶς
3251 755 3586 811 καταϐάλλει
3629 760 3796 814 πάλιν

2198 840 2391 896 εἰπών’
2454 845 2559 911 ⁸ος
2616 843 2703 899 ὢν
2756 845 3128 917 ἀπαύγασμα
3170 846 3283 916 τῆς
3342 848 3531 917 δόξης
3572 852 3795 907 αὑτοῦ.

2210 933 2350 988 Ἀλλ’
2380 935 2490 990 ἰδοὺ
2518 937 2681 992 πάλιν
2712 938 2961 1010 ἐπιπηδᾷ
2976 938 3287 1006 Σαϐἐλλιος,
3306 941 3403 995 καὶ
3440 942 3795 1015 Μάρκελλος,

2201 1031 2295 1084 καὶ
2309 1030 2593 1094 Φωτεινός.
2613 1030 2775 1086 Ἀλλά
2795 1031 3071 1094 κάκείνοις
3095 1034 3232 1087 πᾶσι
3255 1033 3385 1104 μίαν
3403 1033 3619 1107 πληγὴν
3637 1036 3790 1090 δίδω-

2203 1138 2307 1182 σιν,
2348 1119 2521 1175 εἰπών
2544 1137 2559 1152 ο
2620 1122 2730 1175 Καὶ
2758 1122 3067 1192 χαρακτὴρ
3093 1122 3205 1191 τῆς
3239 1124 3641 1192 ὑποστάσεως
3683 1128 3799 1181 αὐ-

2200 1213 2329 1279 τοῦ,
2349 1213 2548 1283 φέρων
2581 1231 2647 1268 τε
2681 1214 2752 1269 τὰ
2774 1214 2976 1269 πάντα
3002 1214 3083 1281 τῷ
3097 1216 3320 1286 ῥήματι
3344 1216 3455 1286 τῆς
3478 1217 3799 1289 δυνάμεως

2201 1304 2419 1360 αὑτοῦ.
2492 1306 2762 1361 Ἐνταῦθα
2787 1309 2951 1363 πάλιν
2974 1311 3070 1364 καὶ
3100 1311 3406 1380 Μαρκίωνα
3448 1312 3700 1381 πλήττει,
3733 1313 3798 1364 οὑ

2207 1401 2418 1472 σφόδρα
2451 1401 2553 1473 μὲν
2586 1404 2845 1475 ἰσχυρῶς,
2879 1406 3106 1475 πλήττει
3144 1405 3189 1458 δ’
3222 1401 3316 1459 οῦν
3355 1405 3534 1477 ὅμως·
3564 1408 3632 1460 δι’
3667 1407 3801 1479 ὅλης

2197 1494 2311 1565 γάρ
2337 1496 2438 1565 τῆς
2461 1496 2758 1567 ἐπιστολῆς
2785 1496 2925 1567 πρὸς
2954 1498 3155 1559 αὐτοὺς
3180 1499 3437 1569 μάχεται.
3486 1498 3626 1552 Ἃλλ⁹
3658 1500 3801 1568 ὅπερ

2202 1586 2363 1658 ἔφην,
2402 1589 2748 1661 ἀπαύγασμα
2773 1590 2874 1661 τῆς
2899 1590 3057 1661 δόξης
3115 1592 3307 1662 εἴρηκε
3360 1591 3457 1644 τὸν
3488 1592 3644 1644 Υἰόν·
3705 1591 3802 1645 καὶ

2200 1681 2283 1736 ὅτι
2312 1680 2516 1745 καλῶς,
2551 1682 2720 1736 ἄκουε
2754 1682 2847 1736 τοῦ
2878 1682 3117 1754 Χριστοῦ
3151 1683 3403 1752 λέγοντος
3436 1683 3566 1754 περί⁵
3604 1683 3799 1749 αὑτοῦ,

2214 1773 2361 1844 Ἐππώ
2374 1775 2495 1844 εἰμι
2524 1775 2590 1829 τὸ
2620 1773 2748 1844 φῶς
2782 1776 2888 1831 τοῦ
2916 1779 3172 1845 κόσμου.
3202 1776 3301 1829 Διά
3332 1777 3491 1830 τοῦτο
3521 1777 3579 1829 δὲ
3608 1777 3793 1829 ἀπαύ-

2202 1881 2394 1937 γασμα
2415 1862 2573 1921 εἶπεν
2604 1868 2791 1932 αὐτὸς,
2826 1867 2914 1921 ἵνα
2944 1868 3093 1943 δείξῃ
3124 1870 3206 1922 ὅτι
3244 1871 3408 1922 κὰκεῖ
3435 1868 3611 1933 οὑτως
3643 1869 3801 1940 εἰρη-

2200 1975 2294 2012 ται
2320 1975 2333 1989 ·
2364 1959 2526 2030 δῆλον
2558 1960 2636 2023 δὲ,
2668 1961 2744 2025 ὡς
2774 1960 2889 2030 φῶς
2922 1960 2985 2013 ἐκ
3020 1960 3221 2029 φωτός.
3255 1961 3330 2013 Οὐ
3354 1960 3513 2013 τοῦτο
3546 1959 3600 2012 δέ
3635 1959 3801 2029 μόνον

2205 2050 2504 2119 δείκνυται,
2535 2052 2649 2106 ἀλλ’
2676 2053 2759 2107 ὅτι
2790 2055 2884 2107 καὶ
2906 2053 3139 2123 ἐφώτισε
3165 2054 3264 2117 τὰς
3288 2054 3565 2127 ἡμετέρας
3596 2053 3795 2123 ψυχάς.

2202 2145 2301 2199 Διά
2355 2144 2413 2197 δὲ
2472 2145 2568 2198 τοῦ
2623 2146 3064 2217 ἀπαυγάσματος
3116 2147 3177 2199 τὸ
3233 2148 3346 2200 ἴσον
3398 2148 3643 2219 ἐσήμανε
3697 2147 3798 2217 τῆς

2202 2239 2414 2303 οὐσίας,
2448 2239 2543 2292 καὶ
2575 2238 2674 2310 τήν
2704 2240 2842 2311 πρὸς
2869 2240 2960 2293 τὸν
2994 2241 3215 2312 Πατέρα
3241 2239 3540 2313 ἐγγύτητα.
3580 2242 3794 2312 Ἐννόη-

2207 2348 2301 2384 σον
2324 2331 2430 2401 τὴν
2459 2343 2485 2371 ει
2523 2329 2831 2401 λεπτότητα
2890 2331 3000 2384 τῶν
3048 2333 3391 2403 εἰρημένων
3430 2336 3624 2389 οὐσίαν
3670 2336 3800 2405 μίαν

2131 2479 2140 2492 ,
2205 2424 2367 2477 ἔλαϐε
2392 2426 2488 2479 καὶ
2521 2426 2823 2481 ὑπόστασιν
2855 2430 2937 2492 εἰς
2983 2430 3078 2484 δύο
3116 2431 3475 2485 ὑποστάσεων
3512 2433 3802 2504 παράστα-

2204 2533 2290 2570 σιν
2312 2532 2325 2547 ’
2356 2517 2385 2569 ὃ
2424 2522 2518 2572 καὶ
2553 2518 2647 2572 ἐπὶ
2690 2519 2789 2589 τῆς
2827 2524 3089 2588 γνώσεως
3141 2523 3237 2576 τοῦ
3274 2524 3597 2595 Πνεύματος
3630 2527 3798 2579 ποιεῖ.

2204 2610 2420 2681 Ὠσπερ
2478 2611 2588 2683 γὰρ
2638 2612 2769 2680 μίαν
2800 2609 2943 2666 εἷναί
3000 2630 3135 2684 φησι
3168 2614 3270 2686 τὴν
3322 2615 3529 2684 γνῶσιν
3562 2616 3661 2686 τὴν
3700 2613 3801 2669 τοῦ

2202 2702 2423 2772 Πατρὸς
2471 2702 2567 2756 καί
2614 2701 2709 2755 τοῦ
2762 2702 3103 2774 Πνεύματος,
3135 2706 3210 2769 ὡς
3266 2705 3437 2770 ὅντως
3473 2706 3626 2777 μίαν,
3700 2709 3802 2761 καὶ

2201 2793 2355 2847 οὐδὲν
2389 2794 2529 2863 πρὸς
2577 2792 2777 2864 ἑαυτὴν
2812 2794 3166 2867 διεστηκυῖαν
3188 2813 3203 2828 ·
3257 2798 3403 2851 οὑτω
3432 2799 3526 2853 καὶ
3559 2798 3801 2853 ἐνταῦθα

2202 2886 2322 2949 ἑνός
2374 2904 2519 2948 τινος
2573 2885 2873 2939 ἐπελάϐετο
2955 2888 3206 2959 ῥήματος
3268 2892 3349 2953 εἰς
3396 2890 3497 2962 τὴν
3536 2891 3646 2944 τῶν
3701 2891 3801 2944 δύο

2203 2980 2563 3034 ὑποστάσεων
2593 2978 2852 3050 δήλωσιν.
2874 2976 3007 3034 Εἶτα
3028 2982 3334 3053 ἐπήγαγεν,
3355 2984 3439 3037 ὅτι
3463 2985 3571 3039 Καὶ
3602 3000 3792 3052 χαρα-

2202 3071 2373 3141 κτήρ.
2435 3073 2493 3125 '0
2542 3071 2654 3144 γὰρ
2718 3073 3011 3147 χαρακτὴρ
3056 3075 3215 3139 ἄλλος
3246 3077 3329 3141 τίς
3378 3077 3497 3130 ἐστι
3540 3077 3693 3149 παρὰ
3723 3078 3789 3131 τὸ

2203 3166 2597 3238 πρωτότυπον·
2657 3165 2817 3230 ἄλλος
2877 3167 2933 3220 δὲ
2997 3168 3058 3221 οὐ
3116 3170 3319 3241 πάντη,
3363 3169 3501 3225 ἀλλὰ
3535 3171 3677 3226 κατά
3734 3169 3798 3224 τδ

2205 3258 2577 3313 ἐνυπόστατον
2612 3256 2783 3314 εἶναι’
2819 3261 2942 3315 ἐπεὶ
2971 3262 3067 3315 καὶ
3097 3263 3331 3318 ἐνταῦθα
3366 3267 3394 3318 6
3422 3264 3709 3337 χαρακτὴρ
3737 3265 3801 3319 τὸ

2204 3353 2632 3426 ἀπαράλλακτον
2684 3354 2840 3427 δηλοί
2895 3351 2957 3411 οὑ
3014 3357 3131 3410 ἐστι
3162 3357 3471 3431 χαρακτὴρ,
3517 3358 3580 3411 τὸ
3611 3359 3799 3428 ὅμοιον

2204 3445 2321 3519 [17]
2354 3445 2498 3499 κατὰ
2528 3449 2726 3501 πάντα.
2755 3447 2924 3500 Ὅταν
2947 3443 3042 3501 οῦν
3072 3449 3168 3501 καὶ
3190 3449 3410 3520 μορφὴν
3442 3448 3604 3503 αὐτὸν
3634 3448 3795 3519 καλῇ,

2202 3543 2299 3593 καὶ
2358 3538 2716 3609 χαρακτῆρα,
2769 3540 2823 3592 τί
2869 3540 3131 3611 ἐροῦσινς
3212 3543 3373 3609 Ἀλλά
3430 3545 3529 3598 καὶ
3587 3543 3795 3604 εἰκόνος

2202 3631 2418 3698 εἴρηται
2459 3628 2627 3681 εἰκὼν
2659 3630 2688 3681 6
2740 3628 3064 3698 ἄνθρωπος,
3116 3632 3249 3699 φησί
3272 3633 3319 3685 δ.
3357 3634 3424 3685 Τί
3462 3631 3588 3702 οῦν;
3625 3635 3798 3697 οὕτως

2200 3721 2278 3783 ὡς
2304 3720 2335 3771 6
2361 3720 2520 3785 Υἰόςς
2554 3718 2652 3783 Οῦ,
2691 3721 2884 3791 φησὶν.
2913 3722 3031 3775 ἀλλ’
3053 3723 3138 3775 ὅτι
3164 3723 3329 3777 εἰκὼν
3358 3726 3419 3778 οὐ
3458 3726 3701 3781 δείκνυσι
3728 3726 3794 3780 τὸ

2202 3812 2411 3880 ὅμοιον.
2440 3811 2635 3867 Καίτοι
2664 3829 2731 3882 γε
2765 3812 2891 3866 καθ’
2916 3813 2947 3866 ὃ
2977 3813 3196 3883 εἴρηται
3230 3815 3260 3866 6
3290 3815 3581 3883 ἄνθρωπος
3608 3817 3804 3885 εἰκὼν,

2202 3904 2443 3960 δείκνυσι
2471 3907 2533 3959 τ’)
2560 3906 2746 3977 ὅμοιον
2770 3908 2850 3973 ὡς
2883 3910 2940 3963 ἐν
2971 3909 3067 3963 ἀνθ
3080 3908 3268 3980 ρώπῳ.
3295 3911 3474 3980 Ὀπερ
3511 3909 3621 3979 γάρ
3649 3911 3811 3966 ἐστιν

2202 4000 2231 4051 6
2251 3998 2385 4063 Θεὸς
2418 4000 2477 4052 ἐν
2500 3998 2579 4071 τῷ
2605 4000 2845 4072 οὐρανῷ,
2871 4002 3031 4056 τοῦτο
3052 4004 3079 4054 6
3110 4001 3397 4073 ἄνθρωπος
3419 4000 3511 4055 ἐπὶ
3536 4000 3637 4070 τῆς
3668 4001 3803 4070 γῆς.

2204 4093 2350 4148 κατά
2376 4091 2475 4166 τὴν
2500 4094 2675 4166 ἀρχὴν
2701 4094 2846 4165 λέγω
2867 4108 2881 4123 ⁶
2914 4095 3010 4149 καὶ
3041 4094 3233 4165 ὥσπερ
3254 4094 3365 4147 τῶν
3400 4094 3491 4147 ἐπὶ
3520 4094 3626 4163 γῆς
3658 4094 3804 4147 πάν-

2202 4208 2313 4243 των
2339 4182 2494 4252 οὗτος
2527 4190 2744 4258 κρατεῖ,
2787 4187 2933 4242 οὕτω
2972 4189 3069 4243 καὶ
3109 4188 3137 4241 6
3178 4188 3311 4251 Θεὸς
3353 4188 3575 4240 πάντων
3606 4189 3806 4257 κρατεί

2203 4279 2317 4334 τῶν
2347 4280 2404 4333 ἐν
2434 4278 2512 4351 τῷ
2546 4277 2761 4351 οὐρανῷ
2798 4280 2894 4333 καὶ
2932 4278 3039 4333 τῶν
3067 4280 3162 4331 ἐπὶ
3186 4281 3287 4349 τῆς
3321 4278 3448 4349 γῆς.
3484 4276 3698 4340 ’Δλλως
3719 4278 3799 4339 δὲ.

2204 4372 2233 4426 6
2257 4372 2546 4443 ἄνθρωπος
2568 4372 2669 4427 οὑκ
2684 4369 2904 4443 εἴρηται
2927 4370 3241 4441 χαρακτὴρ,
3259 4370 3357 4423 οὐκ
3383 4369 3602 4441 εἴρηται
3618 4367 3801 4422 ἀπαύ-

2205 4483 2418 4538 γασμα,
2438 4465 2541 4520 οὐκ
2570 4466 2788 4537 εἴρηται
2822 4464 3030 4537 μορφή·
3081 4463 3220 4536 ὅπερ
3238 4461 3341 4532 τὴν
3380 4460 3572 4515 οὐσίαν
3604 4460 3803 4532 ἐμφαί-

2205 4577 2309 4625 νει,
2336 4560 2370 4629 ἢ
2406 4560 2501 4615 καὶ
2534 4559 2834 4630 ὁμοιότητα
2865 4557 2967 4627 τὴν
2998 4556 3125 4610 κατ’
3155 4555 3368 4609 οὐσίαν.
3405 4554 3619 4625 ’Ὠσπερ
3644 4549 3738 4606 οῦν
3764 4552 3798 4623 ἡ

2211 4650 2393 4722 μορφὴ
2418 4650 2514 4703 τοῦ
2549 4648 2738 4703 δούλου
2769 4649 2923 4703 οὐδὲν
2959 4646 3091 4703 ἀλλο
3134 4645 3393 4717 ἐμφαίνει
3440 4644 3475 4718 ἢ
3511 4644 3800 4714 ἄνθρωπον

2207 4743 2635 4816 ἀπαράλλακτον
2658 4758 2674 4774 ο
2718 4741 2865 4796 οὑτω
2894 4740 2990 4794 καὶ
3024 4740 3060 4811 η
3120 4738 3306 4811 μορφὴ
3345 4738 3441 4792 τοῦ
3477 4737 3613 4791 Θεοῦ
3645 4734 3800 4791 οὐδὲν

2205 4837 2336 4893 ἄλλο
2358 4835 2615 4905 ἐμφαίνει
2661 4834 2696 4906 ἢ
2736 4833 2888 4888 Θεόν.
2933 4836 3035 4898 Ὃς
3082 4829 3167 4884 ὢν
3207 4830 3604 4899 ἀπαύγασμα,
3640 4831 3796 4900 φησί,

2208 4932 2319 5000 τῆς
2350 4931 2557 4997 δόξης.
2596 4931 2739 5001 Ὅρα
2778 4929 2869 4981 τὸν
2916 4926 3131 4980 Παῦλον
3158 4925 3210 4977 τί
3244 4926 3409 4978 ποιεῖ.
3449 4923 3656 4979 Εἰπὼνο
3696 4926 3802 4987 Ὃς

2205 5020 2291 5076 ὢν
2310 5023 2680 5093 ἀπαύγασμα
2709 5021 2810 5092 τῆς
2835 5020 3014 5089 δόξης,
3050 5020 3302 5089 ἐπήγαγε
3336 5017 3519 5072 πάλινο
3570 5014 3798 5071 Ἐκάθι-

2208 5127 2323 5166 σεν
2354 5114 2424 5167 ὲν
2449 5108 2620 5179 δεξιᾷ
2651 5112 2761 5180 τῆς
2810 5111 3261 5181 μεγαλωσύνης
3285 5126 3298 5141 ·
3358 5110 3621 5180 ὀνόμασιν
3662 5106 3803 5168 οἵοις

2209 5205 2478 5279 κέχρηται
2509 5204 2546 5271 ⁸,
2570 5202 2811 5276 οὐδαμοῦ
2842 5204 2942 5274 τῆς
2972 5204 3161 5267 οὐσίας
3188 5204 3362 5273 αὐτῆς
3385 5204 3558 5271 ὄνομα
3598 5200 3799 5272 εὑρών.

2211 5301 2351 5356 Οῦτε
2400 5300 2511 5370 γὰρ
2568 5299 2602 5368 ή
2661 5298 3048 5368 μεγαλωσύνη,
3104 5297 3231 5352 οὔτε
3286 5299 3321 5369 ἡ
3363 5296 3493 5363 δόξα
3523 5298 3587 5351 τὸ
3624 5294 3805 5365 ὄνομα

2209 5393 2568 5465 παρίστησιν,
2594 5390 2624 5446 ὃ
2662 5391 2916 5462 βούλεται
2963 5391 3163 5455 εἰπεῖν,
3189 5390 3310 5444 ἀλλ’
3343 5390 3447 5443 οὐκ
3478 5389 3595 5461 ἔχει
3627 5388 3804 5459 ὄνομα

2273 5583 2299 5613 ﬁ
2323 5570 2562 5633 ColherL.
2600 5569 2774 5633 ψυχὰς,
2814 5570 2896 5616 καὶ
2927 5569 3026 5633 τόν-
3052 5568 3235 5633 πατέρα
3272 5566 3414 5633 αὐτὸς
3448 5566 3805 5633 ἐσήμανεηδαὶ

2212 5637 2291 5712 διὰ
2313 5631 2399 5683 τοῦ
2421 5625 2795 5712 ἀπαυάάσμρατος
2811 5636 2895 5688 τῆς
2918 5630 3083 5687 οὐσίας
3098 5625 3187 5688 τὴν
3208 5629 3439 5692 ἐγγύτητα
3455 5625 3642 5683 ἔδειξεν.
3701 5625 3809 5675 Ἐν-

2211 5699 2391 5755 νόησον
2428 5697 2481 5744 δέ
2502 5697 2609 5753 τήν.

2275 5759 2301 5800 b
2326 5756 2560 5817 Savilins,
2587 5756 2716 5823 ῥλλα
2735 5758 2818 5823 καὶ
2843 5755 2983 5823 εἶκςον
3007 5755 3034 5802 6
3055 5754 3316 5819 ἅνθρωπος,
3344 5753 3479 5819 φησί,
3503 5751 3653 5803 verba
3676 5750 3812 5802 εἰιὸ-

2212 5840 2289 5877 v0:
2310 5823 2350 5871 εἰ
2403 5837 2493 5877 ,ται
2515 5814 2727 5866 nhiclnis
2762 5814 3037 5864 includens.
3143 5814 3153 5819 ⁷

2279 5892 2299 5917 θ
2329 5838 2479 5941 ΒΠΓέ.
2509 5879 2642 5931 Savil
2672 5919 2679 5926 .
2705 5880 2791 5941 ὃρα
2817 5879 2933 5931 οἵοις
2953 5879 3022 5926 ὅγ’
3047 5880 3162 5941 κὲχρ

2329 5914 2479 5945 “Iulo.
2511 5914 2642 5931 uuvn|
2672 5919 2679 5926 .
2705 5914 2791 5941 νιινι
2818 5914 2933 5931 νυνι-ι
2954 5914 3002 5926 νυ
3050 5914 3179 5941 ηειγ.
