4060 6440
272 241 338 298 9|
1151 252 1215 307 IN
1255 249 1469 307 EPIST.
1506 250 1600 304 ‘AD
1638 240 1997 304 HEBHA‘JOS.
2036 248 2187 307 CAP.
2230 254 2270 307 Ι.
2311 255 2539 312 HOMIL.
2577 256 2642 312 ll.
2990 313 2997 319 ,
3441 263 3512 318 22

257 354 411 407 quem
437 344 558 408 [cett
585 348 632 394 et
659 343 863 395 secula.
900 342 1033 397 Vide
1058 351 1326 414 quomodo
1360 352 1444 404 hic
1472 366 1684 421 quoque
1710 356 1845 410 duas

254 430 497 499 capessit
525 432 656 486 vias.
691 432 887 487 Volens
923 435 1063 489 cnim
1108 454 1206 491 nos
1247 440 1512 497 alxlucerc
1557 458 1587 497 a
1628 444 1841 501 Sabellii

252 528 315 572 et
362 520 473 574 Arii
517 521 993 588 innovationihus;
1039 540 1264 594 quorum
1308 530 1442 584 alter
1482 533 1533 585 in
1574 534 1841 603 hypostasi

252 612 531 679 superﬂua
580 614 748 677 tollit,
791 615 929 669 alter
969 631 1099 669 vero
1144 634 1300 672 unam
1335 632 1577 678 naturam
1620 640 1717 694 per
1759 628 1840 681 in-

248 703 622 772 mqnalitatem
652 705 872 771 dividit;
905 722 971 761 ex
1002 708 1291 763 abundanti
1315 712 1405 767 ille
1434 725 1717 785 utrumque
1745 718 1841 771 de-

245 790 397 857 jicit.
447 794 729 862 Quomodo
774 798 934 864 igitur
984 798 1083 852 hoc
1128 798 1293 854 facit?
1343 801 1611 872 Perpetuo
1657 807 1841 863 eadem

251 894 443 936 versat
471 894 527 937 et
552 884 787 953 loquitur
805 927 824 950 ,
850 894 908 938 ut
931 902 997 940 ne
1029 896 1239 955 putetur
1266 904 1387 945 esse
1418 893 1533 947 sine
1560 895 1842 965 principio,

251 975 348 1028 vel
374 990 401 1027 a
438 976 544 1028 Deo
573 977 801 1029 alienus.
832 976 900 1030 Et
926 994 992 1031 ne
1018 989 1235 1048 stupeas
1262 981 1345 1037 his
1369 982 1583 1051 auditis,
1611 986 1802 1043 dilecte
1829 1008 1840 1043 :

251 1081 386 1119 nam
413 1068 455 1119 si
483 1068 643 1120 etiam
670 1078 792 1137 past
817 1078 924 1123 tam
951 1073 1113 1125 multa
1144 1072 1463 1128 documenta
1487 1088 1610 1131 sunt
1628 1080 1842 1148 quidam

250 1158 351 1225 qui
382 1156 631 1211 dixerunt
658 1175 778 1213 eum
808 1174 927 1215 esse
953 1162 1206 1228 alienum,
1246 1174 1297 1218 et
1336 1166 1561 1221 alterum
1601 1171 1649 1224 ei
1679 1170 1844 1227 dede-

251 1258 389 1301 runt
416 1260 617 1317 patrem
642 1292 658 1314 ,
693 1250 864 1320 ipsum
896 1267 1106 1322 quoque
1134 1254 1373 1311 dicentes
1398 1273 1518 1312 cum
1550 1275 1617 1315 eo
1646 1261 1844 1317 bellum

250 1355 450 1410 gerere
473 1359 487 1394 :
512 1342 555 1394 si
576 1357 679 1396 non
703 1344 816 1397 haec
848 1343 1091 1412 dixisset,
1117 1346 1242 1415 quid
1265 1364 1370 1403 non
1397 1359 1581 1405 essent
1602 1354 1847 1423 loquuti?

255 1432 489 1500 Quando
518 1433 681 1503 igitur
708 1450 929 1491 necesse
969 1435 1129 1491 habet
1164 1438 1247 1492 his
1284 1440 1509 1508 mederi,
1534 1454 1661 1498 tunc
1685 1445 1846 1499 etiam

259 1541 487 1581 necesse
516 1527 673 1581 habet
702 1528 843 1599 loqui
877 1528 1130 1595 humilia;
1156 1539 1215 1584 ut
1235 1532 1386 1599 illud,
1414 1534 1702 1590 Constituit
1723 1553 1844 1593 eum

260 1615 520 1670 heredem
548 1616 920 1672 universorum
947 1658 961 1684 ,
993 1620 1080 1685 et',
1110 1619 1213 1675 Per
1240 1621 1414 1690 ipsum
1457 1624 1582 1678 fecit
1628 1626 1843 1682 sarcula.

264 1709 469 1765 Deinde
495 1725 562 1763 ne
600 1720 775 1764 autem
805 1710 966 1766 aliam
1002 1722 1207 1781 partem
1235 1713 1428 1780 laedat,
1464 1729 1531 1770 ex
1563 1715 1847 1773 humilibus

265 1799 423 1853 dictis
459 1815 582 1855 cum
612 1814 796 1855 rursus
820 1801 999 1856 evehit
1024 1801 1090 1855 ad
1122 1803 1534 1871 auctoritatem;
1572 1816 1627 1861 et
1661 1819 1847 1864 osten-

268 1890 343 1943 dit
371 1904 492 1944 eum
520 1904 642 1945 esse
668 1890 722 1944 in
751 1891 943 1946 eodem
973 1892 1177 1946 honore
1200 1908 1305 1963 quo
1334 1894 1492 1949 Pater
1517 1937 1531 1961 ,
1561 1906 1617 1951 et
1638 1897 1772 1953 adeo
1794 1900 1846 1953 in

271 1989 457 2044 eodem
487 1988 730 2053 honore,
777 1998 835 2042 ut
880 1991 1033 2044 multi
1079 1992 1388 2046 existiment
1429 1993 1676 2048 eumdem
1723 2008 1844 2048 esse

274 2080 507 2136 Patrem.
539 2080 671 2135 Vide
698 2090 877 2135 autem
903 2096 1149 2151 magnam
1176 2083 1291 2150 ejus
1315 2083 1648 2151 prudentiam
1674 2103 1687 2138 :
1714 2085 1843 2139 illud

278 2174 428 2241 prius
468 2173 631 2239 ponit,
670 2181 964 2240 exactaque
993 2182 1045 2227 et
1082 2184 1333 2230 accurate
1361 2174 1412 2229 id
1441 2176 1759 2242 confirmat;
1790 2186 1845 2232 et

280 2277 399 2316 eum
432 2261 530 2315 hoc
556 2262 649 2315 fuit
672 2273 968 2327 ostensum,
999 2264 1140 2332 quod
1168 2264 1239 2319 sit
1268 2264 1361 2320 Dei
1388 2264 1556 2320 Filius
1577 2305 1592 2331 ,
1621 2276 1677 2321 et
1700 2267 1841 2336 quod

274 2353 343 2407 sb
373 2354 485 2423 ipso
513 2369 614 2407 non
658 2354 731 2406 sit
768 2353 1009 2418 alienus,
1047 2362 1163 2408 tuto
1204 2354 1459 2423 deinceps
1496 2372 1843 2427 quaectuuque

270 2441 381 2497 vult
415 2442 520 2497 alta
548 2443 801 2512 loquitur.
830 2441 961 2496 Nam
994 2444 1244 2512 quoniam
1284 2445 1425 2513 quod
1469 2460 1718 2515 magnum
1743 2447 1843 2502 ali-

263 2531 393 2603 quid
422 2532 489 2586 de
528 2548 595 2586 eo
620 2532 836 2598 dixerit,
877 2534 1073 2589 multos
1097 2533 1163 2587 ad
1208 2533 1346 2589 hanc
1374 2534 1593 2590 deduxit
1622 2545 1841 2592 senten-

262 2624 414 2685 tiam,
437 2622 505 2676 de
528 2621 816 2678 humilibus
837 2624 981 2692 prius
1003 2625 1273 2694 loquutus,
1302 2634 1429 2681 tunc
1445 2634 1557 2680 tuto
1581 2638 1839 2697 quantum
1874 2688 1879 2693 ,

262 2712 377 2766 vult
408 2713 462 2766 in
498 2714 663 2767 altum
694 2714 934 2782 procedit
959 2732 972 2767 :
998 2724 1053 2769 et
1086 2731 1209 2769 cum
1239 2715 1480 2783 dixisset,
1523 2717 1683 2785 Quem
1713 2736 1837 2774 con-

256 2806 425 2859 stituit
464 2805 697 2860 heredem
737 2806 1103 2870 universorum,
1138 2816 1194 2861 et
1217 2808 1357 2878 quod
1390 2824 1485 2877 per
1510 2810 1685 2878 ipsum
1717 2811 1840 2868 fecit

256 2897 479 2960 saecula,
519 2905 645 2952 tunc
675 2898 977 2967 subjungit:
1013 2898 1333 2970 Portansque
1359 2902 1530 2955 omnia
1558 2903 1705 2957 verbo
1732 2906 1836 2957 vir-

255 2987 382 3040 tutis
408 3003 532 3042 suae.
563 2987 694 3042 Nam
724 2988 814 3057 qui
847 2988 1012 3043 verbo
1041 2989 1158 3043 solo
1187 2990 1449 3058 gubernat
1476 2993 1653 3045 omnia
1678 3033 1694 3059 ,
1728 3010 1837 3050 non

256 3090 396 3147 opus
424 3077 665 3133 habuerit
693 3079 872 3148 aliquo
901 3078 967 3132 ad
997 3079 1176 3132 omnia
1206 3080 1570 3149 producenda.

328 3166 389 3223 2.
428 3167 577 3235 Quod
621 3167 719 3223 hoc
753 3179 929 3224 autem
961 3170 1031 3224 ita
1071 3170 1176 3234 sit,
1203 3171 1326 3226 vide
1353 3173 1622 3241 quomodo
1652 3190 1835 3232 rursus

254 3261 558 3331 procedens
577 3260 668 3315 dat
687 3262 737 3317 ei
760 3263 1148 3328 auctoritatem,
1180 3263 1339 3317 etiam
1368 3264 1520 3328 illud,
1548 3264 1649 3319 Per
1665 3283 1835 3336 quem,

254 3354 520 3409 eximens.
551 3354 686 3417 Nam
716 3354 963 3425 quoniam
1011 3370 1107 3423 per
1146 3355 1319 3423 ipsum
1363 3355 1504 3425 quod
1545 3357 1715 3411 voluit
1752 3369 1835 3413 est

258 3454 533 3513 operatus,
580 3445 647 3499 ab
690 3460 757 3500 eo
804 3445 870 3500 de
910 3455 1106 3500 caetero
1150 3446 1454 3512 discedens,
1499 3448 1623 3517 quid
1663 3449 1835 3504 dicit?

253 3534 417 3590 Initio
449 3546 501 3591 tu
524 3578 540 3603 ,
576 3536 814 3602 Domine,
846 3548 1029 3592 terram
1060 3539 1303 3609 fundasti,
1335 3548 1382 3592 et
1408 3555 1561 3608 Opera
1592 3557 1834 3598 manuum

254 3638 459 3680 tuarum
482 3636 597 3681 sunt
625 3628 738 3680 cwli
778 3626 961 3699 (Hebr.
1000 3629 1052 3681 1.
1088 3628 1200 3697 10).
1231 3627 1500 3697 Nusquam
1532 3629 1683 3696 illud,
1732 3631 1834 3685 Per

251 3734 441 3787 quem,
487 3733 662 3789 neque
706 3718 847 3788 quod
889 3735 983 3788 per
1034 3720 1205 3790 ipsum
1255 3719 1380 3774 fecit
1427 3722 1643 3777 stecula.
1691 3723 1830 3790 Quid

252 3810 427 3862 vero?
455 3824 632 3863 annon
661 3810 729 3864 ab
756 3809 869 3879 ipso
899 3811 1034 3864 facta
1065 3811 1228 3865 sunt?
1271 3810 1534 3878 Maxime;
1577 3813 1672 3868 sed
1724 3830 1830 3870 non

249 3898 392 3952 sicut
433 3908 489 3953 tu
516 3899 679 3965 dicis,
715 3916 885 3969 neque
917 3910 971 3954 ut
1016 3911 1068 3954 tu
1101 3902 1412 3971 suspicaris,
1442 3904 1593 3972 quasi
1620 3920 1717 3974 per
1746 3906 1829 3959 in-

251 4000 611 4045 strumcntum
637 4033 652 4057 ,
697 4007 866 4060 neque
908 3999 1174 4061 tamquam
1217 4008 1320 4047 non
1359 3993 1543 4048 fuisset
1574 3994 1827 4062 facturus,

251 4084 357 4138 nisi
390 4099 604 4137 manum
635 4083 731 4152 ipsi
766 4083 1079 4151 prmbuissct
1106 4083 1280 4137 Pater.
1309 4083 1457 4138 Sicut
1481 4084 1624 4138 enim
1654 4088 1827 4140 nemi-

249 4189 372 4227 nem
395 4174 622 4242 judicat,
647 4182 701 4228 et
728 4173 921 4227 dicitur
943 4173 1189 4240 judicare
1215 4189 1309 4241 per
1340 4171 1528 4238 lilium,
1562 4184 1828 4242 quatenus

243 4263 482 4332 judicem
534 4264 680 4317 illum
730 4264 917 4332 genuit
956 4263 1080 4336 :ita
1129 4262 1288 4319 etiam
1338 4263 1535 4317 dicitur
1582 4267 1826 4332 operari,

246 4365 514 4425 quatenus
544 4355 729 4424 genuit
773 4354 1037 4422 opiﬁcem.
1086 4354 1141 4409 Si
1190 4355 1333 4406 enim
1381 4354 1539 4409 Pater
1584 4355 1701 4423 ejus
1745 4368 1827 4410 est

247 4463 411 4501 causa
438 4457 490 4499 et
529 4456 735 4509 auctor,
770 4446 936 4500 multo
967 4446 1134 4516 magis
1163 4461 1349 4500 eorum
1379 4462 1497 4515 qum
1529 4452 1622 4515 per
1653 4448 1824 4514 ipsum

246 4538 385 4591 facta
416 4546 561 4591 sunt.

320 4629 477 4684 Pauli
503 4633 825 4692 Samosateni
850 4640 1069 4697 heresis.
1098 4644 1268 4710 Arius,
1298 4647 1572 4718 Sabellius,
1605 4654 1826 4712 Marcel-

241 4720 322 4773 lus
348 4762 363 4786 ,
412 4722 666 4780 Photinus
712 4740 759 4783 et
810 4731 1042 4787 Marcion
1087 4736 1434 4804 confutantur.
1481 4771 1552 4783 —-
1594 4746 1820 4812 Quando

240 4825 370 4881 ergo
398 4815 512 4868 vult
540 4819 849 4887 ostendere,
885 4824 1023 4893 quod
1054 4841 1122 4879 ex
1149 4826 1283 4895 ipso,
1318 4834 1620 4888 necessario
1641 4834 1819 4908 loqui-

242 4912 327 4955 tur
357 4904 576 4960 humilia
612 4927 626 4962 :
656 4913 868 4979 quando
907 4925 1087 4971 autem
1130 4917 1242 4971 vult
1280 4918 1391 4975 alta
1420 4921 1601 4993 loqui,
1629 4904 1816 4982 ansam

237 4996 429 5064 arripit
467 4998 745 5055 Marcellus
782 5013 835 5057 et
873 5004 1159 5062 Sabellius.
1187 5010 1291 5065 Sed
1319 5013 1598 5071 amborum
1624 5034 1810 5078 exces-

234 5101 355 5185 sunt
391 5088 602 5159 fugiens
632 5094 897 5161 Ecclesia,
921 5100 1002 5153 via
1034 5101 1205 5156 media
1236 5114 1317 5159 est
1339 5106 1603 5177 ingressa.
1631 5113 1813 5185 Neque

233 5177 377 5269 enim
411 5190 593 5236 manet
622 5183 673 5255 in
703 5184 1022 5257 humilitate,
1057 5207 1123 5253 ne
1150 5192 1327 5249 locum
1360 5212 1587 5269 occupet
1617 5177 1821 5262 Paulus

231 5267 622 5328 Samosatenns
660 5277 777 5344 (a);
812 5294 984 5350 neque
1024 5297 1237 5353 semper
1275 5267 1513 5347 remanet
1546 5294 1600 5349 in
1642 5297 1763 5354 altis
1795 5314 1810 5352 ε

295 5408 1136 5495 $32..§.‘££i”§ffi“.{9§-.PﬁPN"
1161 5420 1474 5495 δεέωοδθιθηρ
1508 5431 1672 5495 deque
1710 5436 1814 5489 aliis

233 5468 716 5551 ξ’ἨῖδῖἓῖεέίέέέῈὲ
733 5474 812 5551 hic
834 5478 1123 5551 ίυεθεέειυνι
1154 5468 1495 5551 άιὲᾇιῖἒξῖῗη
1509 5468 1813 5551 ’ὒᾶῖὶιῆἒέἐὲ

233 5532 479 5610 ademtis
765 5550 932 5608 opera.
950 5539 1069 5610 liam
1102 5532 1148 5610 in
1165 5532 1500 5610 aliisquoqnc

230 5595 315 5673 riis
339 5592 762 5673 etliomiLliis‘illos
784 5592 833 5646 in
854 5601 1063 5673 medium
1088 5592 1814 5673 adduciiliiiiliiin'sSEBESIZ:

230 5666 347 5703 num
368 5654 763 5707 Samothraceum
786 5668 925 5710 vocat
947 5662 1205 5715 Mutianus.

564 5749 836 5810 PATROL.
885 5749 1002 5811 Gn.
1051 5751 1269 5816 LM".

1949 364 2007 411 et
2030 367 2216 412 rursus
2240 349 2474 413 ostendit
2502 374 2745 429 magnam
2774 359 2891 429 ejus
2919 360 3368 433 propinquitatem
3393 406 3407 428 ,
3452 384 3523 422 ne

1945 462 2133 504 rursus
2156 450 2352 505 insiliat
2377 452 2662 507 Sabellius.
2691 453 2830 507 Dixit
2852 453 3065 520 Filium,
3087 465 3142 510 et
3161 458 3336 512 statim
3366 471 3523 530 urget

1947 539 2141 594 Paulus
2168 540 2566 605 Samosatenus,
2599 543 2780 598 dicens
2808 543 2977 613 ipsum
3008 560 3130 600 esse
3160 547 3354 603 Filium
3381 551 3522 607 sicut.

1945 633 2161 687 multos.
2189 632 2292 688 Sed
2320 633 2479 688 letale
2507 635 2555 688 ei
2588 636 2779 689 vulnus
2801 636 3007 701 inﬂixit,
3030 637 3212 693 dicens
3239 639 3520 699 heredem.

1944 721 2051 778 Sed
2077 723 2611 795 adhucimpudenter
2637 739 2696 779 se
2714 726 2851 795 gerit
2880 740 3001 781 cum
3029 730 3156 783 Ario
3182 748 3195 784 :
3222 746 3343 785 nam
3368 733 3517 799 illud,

1944 812 2216 867 Constituit
2242 814 2409 882 ipsum
2443 811 2708 878 heredem,
2738 815 2897 869 ambo
2923 823 3106 871 tenent
3136 835 3148 871 :
3180 819 3270 873 ille
3299 822 3514 890 quidem

1943 902 2128 958 dicens
2152 916 2273 958 esse
2312 902 2731 967 imbecillitatis;
2774 904 2863 959 hic
2903 916 3083 962 autem
3123 922 3324 966 conaus
3353 927 3524 982 Oppu-

1947 1008 2116 1063 gnare
2159 994 2318 1049 etiam
2370 994 2511 1058 quod
2549 994 2803 1062 deinceps
2833 998 3091 1065 sequitur.
3123 998 3254 1053 Nam
3289 1017 3409 1055 cum
3437 1004 3520 1055 di-
3564 1006 3567 1007 ⁷

1944 1087 2111 1149 xisset
2124 1086 2338 1152 Paulus,
2350 1085 2446 1140 Per
2464 1103 2607 1156 quem
2618 1087 2732 1155 fecit
2753 1095 2801 1140 et
2821 1087 3028 1153 saecula,
3046 1090 3289 1159 supinum
3309 1094 3521 1161 quidem

1946 1177 2230 1247 prostravit
2256 1175 2620 1245 impudentem
2667 1177 3112 1244 Samosatenum;
3153 1181 3312 1236 Arius
3341 1192 3520 1239 autem

1945 1266 2123 1323 adhuc
2151 1266 2359 1321 videtur
2387 1281 2507 1322 esse
2538 1266 2707 1321 fortis.
2749 1267 2852 1322 Sed
2896 1268 3018 1323 vide
3060 1272 3331 1340 quomodo
3381 1274 3522 1329 hunc

1946 1372 2156 1428 quoque
2200 1357 2566 1426 prdstraverit,
2613 1358 2833 1421 dicens,
2884 1360 3131 1426 Quicum
3172 1363 3238 1416 sit
3278 1366 3522 1434 splendor

1945 1452 2122 1522 gloria:
2141 1453 2269 1522 ejus.
2297 1451 2399 1506 Sed
2432 1466 2559 1507 ecce
2585 1466 2769 1506 rursus
2800 1452 3039 1508 insiliunt
3068 1453 3353 1522 Sabellius,
3386 1458 3521 1511 Mar-

1945 1542 2113 1598 cellus
2143 1552 2198 1596 et
2235 1542 2513 1596 Photinus.
2555 1541 2660 1597 Sed
2707 1543 2812 1596 illis
2848 1557 3060 1613 quoque
3089 1546 3338 1602 omnibus
3362 1564 3520 1604 unam

1947 1635 2140 1706 inﬂigit
2165 1635 2394 1705 plagam,
2421 1634 2607 1690 dicens
2640 1653 2653 1689 :
2686 1633 2754 1688 Et
2779 1635 3042 1689 character
3068 1636 3362 1693 substantiw
3386 1641 3519 1711 ejus,

1947 1735 2252 1797 portatusque
2281 1726 2453 1779 omnia
2478 1727 2624 1780 uerbo
2650 1725 2847 1780 virtutis
2872 1743 2996 1781 sua.
3030 1727 3127 1783 Hic
3157 1738 3361 1785 rursus
3380 1731 3520 1787 Mar-

1943 1818 2156 1875 cionem
2184 1833 2398 1889 quoque
2428 1818 2574 1883 ferit,
2604 1832 2709 1871 non
2738 1817 3028 1872 admodum
3050 1815 3267 1887 quidem
3293 1817 3523 1882 fortiter,

1943 1908 2067 1964 ferit
2086 1919 2264 1964 tamen
2287 1924 2438 1963 :nam
2457 1920 2552 1976 per
2573 1916 2740 1963 totam
2758 1907 3039 1977 epistolam
3061 1922 3180 1961 cum
3204 1906 3283 1962 eis
3306 1917 3524 1978 pugnat.

1940 2000 2071 2066 Sed,
2098 2000 2237 2056 sicut
2258 2001 2403 2066 dixi,
2433 1999 2773 2069 splendorem
2811 1998 2998 2068 gloria:
3038 1996 3234 2052 Filium
3261 1997 3395 2051 dixit
3424 2012 3439 2050 :
3470 2004 3528 2051 et

1940 2091 2084 2162 quod
2132 2090 2234 2146 hoc
2260 2100 2408 2146 recte
2446 2090 2519 2144 sit
2556 2088 2781 2156 dictum,
2806 2087 2927 2142 audi
2953 2086 3224 2144 Christum
3256 2087 3322 2141 de
3357 2102 3416 2141 se
3442 2086 3526 2140 ιο-

1940 2190 2217 2251 quentem,
2235 2179 2348 2251 Ego
2371 2197 2485 2235 sum
2504 2180 2594 2233 tua:
2618 2179 2795 2232 mundi
2813 2178 2993 2249 (Joan.
3024 2179 3075 2234 8-
3102 2177 3216 2247 12).
3236 2177 3524 2262 Propterea

1939 2283 2118 2331 autem
2140 2273 2270 2329 dicit
2298 2270 2664 2342 splendorem,
2682 2286 2875 2339 nempe
2893 2272 3210 2336 ἀπαύγασμα,
3232 2268 3524 2325 ostendens

1938 2364 2085 2437 quod
2114 2364 2227 2419 illic
2244 2377 2457 2433 quoque
2484 2363 2556 2417 ita
2580 2362 2757 2417 dictus
2777 2361 2867 2426 sit,
2888 2369 3154 2429 tamquam
3177 2359 3355 2413 lumen
3378 2373 3407 2411 a
3435 2358 3522 2412 lu—

1941 2454 2227 2511 mine.Non
2250 2454 2353 2509 hoc
2368 2461 2544 2509 autem
2562 2451 2735 2507 solum
2752 2449 3074 2516 ostenditur,
3092 2449 3189 2504 sed
3206 2451 3364 2504 etiam
3378 2447 3524 2519 quod

1937 2554 2151 2601 nostras
2171 2543 2492 2598 illuminavit
2516 2542 2745 2596 animas.
2770 2540 2872 2595 Per
2898 2538 3239 2609 splendorem
3283 2554 3413 2592 vero
3433 2553 3521 2593 es-

1937 2636 2126 2692 sentia:
2159 2633 2518 2704 mqualitatem
2547 2631 2801 2695 ostendit,
2830 2639 2885 2685 et
2911 2630 3029 2700 ejus
3053 2644 3174 2685 cum
3205 2629 3364 2685 Patre
3392 2644 3519 2697 pro-

1936 2727 2307 2798 pinquitatem.
2348 2722 2535 2793 Cogita
2588 2720 2939 2777 subtilitatem
2985 2735 3172 2776 eorum
3212 2735 3331 2793 quae
3376 2719 3518 2774 dicta

1934 2825 2087 2874 sunt:
2102 2831 2263 2872 unam
2284 2815 2492 2884 accepit
2513 2813 2826 2878 essentiam,
2846 2821 2900 2868 et
2926 2811 3279 2883 bypostasim,
3293 2810 3359 2869 ad
3384 2811 3518 2893 duas

1933 2907 2293 2972 ostendendas
2320 2906 2667 2977 bypostases:
2697 2902 2838 2975 quod
2864 2902 3026 2959 etiam
3056 2902 3182 2957 facit
3210 2902 3263 2956 in
3295 2902 3519 2957 scientia

1933 2990 2281 3069 Spiritus.'Ut
2306 2998 2447 3053 enim
2475 2995 2604 3049 dicit
2628 3009 2788 3048 unam
2820 3007 2939 3049 esse
2965 2992 3245 3048 scientiam
3267 2992 3441 3047 Patris
3463 3000 3518 3047 et

1935 3090 2190 3159 Spiritus,
2219 3097 2279 3142 ut
2316 3102 2437 3157 qua:
2465 3101 2525 3141 re
2553 3100 2678 3141 vera
2730 3085 2799 3139 sit
2826 3098 2961 3153 una,
2981 3093 3035 3140 et
3059 3099 3091 3138 a
3121 3098 3179 3138 se
3204 3082 3337 3137 nihil
3365 3082 3519 3138 diti‘e-

1934 3191 2018 3236 rat
2046 3200 2061 3238 :
2091 3182 2165 3236 ita
2198 3180 2284 3235 hic
2312 3181 2472 3235 etiam
2504 3193 2666 3233 unum
2698 3176 2967 3247 quidpiam
2995 3175 3350 3245 apprehendit
3388 3170 3515 3231 Ver-

1932 3273 2058 3328 bum
2075 3272 2140 3328 ad
2168 3272 2393 3327 duorum
2415 3272 2749 3342 hypostases.
2767 3266 2967 3322 Deinde
2985 3267 3278 3337 subjunxit,
3300 3266 3366 3321 Et
3394 3266 3518 3322 cha-

1930 3373 2093 3420 racter
2118 3380 2206 3418 seu
2234 3364 2422 3435 ﬁgura.
2454 3362 2647 3432 Figura
2671 3360 2812 3416 enim
2844 3374 2939 3414 seu
2967 3358 3245 3414 character
3270 3367 3356 3414 est
3376 3360 3515 3437 alius

1929 3457 1998 3511 ab
2029 3455 2320 3523 exemplari
2355 3461 2668 3524 prototypo;
2711 3451 2849 3506 alius
2877 3460 3053 3507 autem
3101 3465 3208 3505 non
3253 3451 3472 3508 omnino
3494 3493 3512 3519 ,

1932 3546 2027 3600 sed
2051 3546 2103 3600 in
2133 3559 2199 3601 eo
2218 3544 2359 3614 quod
2386 3542 2574 3597 attinet
2589 3542 2655 3596 ad
2681 3529 3008 3613 hypostasin.
3039 3540 3169 3594 Nam
3191 3540 3278 3596 hic
3301 3557 3515 3612 quoque

1928 3638 2207 3692 character
2250 3635 2484 3691 ostendit
2544 3635 2746 3690 nullam
2791 3649 2913 3690 esse
2958 3634 3369 3700 diversitatem,
3416 3636 3515 3691 sed

1931 3728 2087 3798 plane
2112 3728 2164 3781 in
2196 3726 2445 3782 omnibus
2475 3725 2767 3796 perfectam
2795 3724 3206 3782 similitudinem
3230 3727 3345 3795 ejus
3364 3766 3382 3791 ,
3413 3740 3511 3780 cu-

1920 3819 2011 3887 jus
2048 3828 2132 3875 cst
2166 3818 2443 3873 character
2473 3826 2527 3872 et
2554 3816 2741 3887 ﬁgura.
2788 3816 2924 3871 Cum
2966 3830 3097 3889 ergo
3141 3818 3313 3887 ipsum
3359 3828 3514 3873 vocet

1925 3912 2153 3966 formam
2177 3920 2232 3965 et
2255 3911 2623 3966 characterem
2644 3950 2657 3971 ,
2692 3910 2820 3979 quid
2862 3907 3076 3964 dicent?
3103 3913 3173 3962 At
3203 3909 3395 3974 homo,
3425 3910 3477 3963 in

1927 4005 2061 4074 quit,
2089 4004 2265 4058 dictus
2289 4009 2372 4057 est
2397 4002 2563 4057 etiam
2600 3999 2775 4069 imago
2805 3998 2955 4070 (Gen.
2989 4002 3039 4055 l.
3069 3998 3165 4069 26)
3236 3999 3507 4071 imaginis.

1927 4098 2063 4165 Quid
2093 4101 2259 4154 vero?
2287 4116 2412 4153 num
2442 4101 2514 4157 ita
2546 4114 2601 4156 ut
2630 4103 2840 4158 Filius?
2867 4100 3004 4169 Non,
3028 4103 3221 4174 inquit.
3244 4102 3338 4159 sed
3357 4105 3510 4175 quod

1927 4188 2104 4260 imago
2140 4206 2245 4245 non
2287 4192 2538 4247 ostendat
2566 4193 2995 4249 similitudinem.
3043 4194 3202 4262 Atqui
3247 4203 3509 4264 quatenus

1925 4279 2088 4336 homo
2118 4282 2291 4340 dictus
2317 4296 2403 4339 est
2428 4286 2634 4356 imago,
2665 4286 2901 4342 ostendit
2928 4285 3336 4342 similitudinem
3366 4299 3427 4342 ut
3451 4287 3535 4342 in.

1924 4368 2161 4427 homine.
2195 4373 2326 4431 Nam
2349 4375 2490 4446 quod
2516 4375 2657 4432 Deus
2677 4387 2759 4431 est
2785 4378 2837 4431 in
2861 4377 3012 4442 calo,
3044 4376 3148 4432 hoc
3168 4387 3251 4432 est
3270 4376 3435 4434 homo
3453 4378 3508 4432 in
3528 4414 3531 4415 ν

1926 4471 2088 4527 terra,
2115 4464 2278 4532 quod,
2309 4466 2549 4536 inquam,
2576 4468 2768 4523 attinet
2788 4470 2853 4522 ad
2876 4469 3231 4538 principatum
3259 4486 3271 4521 :
3296 4479 3349 4523 et
3369 4470 3509 4523 sicut

1924 4550 2084 4607 homo
2127 4555 2459 4613 dominatum
2504 4558 2710 4613 obtinet
2749 4560 2805 4612 in
2832 4560 3082 4614 omnibus
3128 4576 3246 4630 qua:
3288 4570 3414 4616 sunt
3453 4561 3508 4616 in

1924 4651 2090 4709 terra,
2121 4645 2189 4698 ita
2238 4647 2379 4703 Dens
2417 4647 2749 4703 dominatum
2779 4650 3000 4721 .obtinet
3034 4651 3086 4705 in
3114 4649 3361 4703 omnibus
3388 4665 3509 4719 qum

1921 4742 2045 4787 sunt
2075 4734 2129 4787 in
2169 4737 2301 4790 ca-lo
2339 4744 2393 4791 et
2424 4738 2477 4791 in
2511 4747 2673 4793 terra.
2699 4738 2968 4793 Cmterum
2996 4738 3158 4793 homo
3186 4754 3293 4792 non
3333 4738 3511 4794 dictus

1922 4824 2020 4880 fuit
2045 4828 2324 4883 character
2346 4866 2362 4892 ,
2408 4845 2512 4883 non
2543 4829 2723 4884 dictus
2758 4828 2857 4883 fuit
2884 4830 3160 4899 splendor,
3198 4845 3302 4884 non
3334 4830 3509 4886 dictus

1920 4916 2020 4974 fuit
2046 4918 2214 4976 forma
2249 4938 2263 4976 :
2294 4921 2436 4991 quod
2463 4921 2680 4991 quidem
2709 4921 2911 4976 indicat
2937 4923 3265 4988 essentiam,
3312 4933 3404 4977 aut
3430 4924 3508 4978 si-

1920 5011 2278 5067 militudinem
2306 5028 2425 5080 quae
2465 5023 2548 5067 est
2588 5014 2640 5067 in
2684 5013 2940 5069 essentia.
2986 5014 3135 5069 Sicut
3163 5030 3295 5086 ergo
3335 5015 3506 5070 forma

1919 5105 2058 5157 servi
2091 5104 2222 5158 nihil
2268 5104 2411 5159 aliud
2455 5106 2728 5174 exprimit,
2769 5122 2928 5177 quam
2976 5106 3244 5163 hominem
3275 5108 3329 5162 in
3358 5109 3506 5163 nullo

1918 5195 2252 5253 differe‘ntem
2286 5216 2298 5252 :
2328 5198 2404 5252 ita
2433 5200 2593 5254 etiam
2626 5200 2797 5254 forma
2828 5201 2924 5257 Dei
2967 5201 3098 5257 nihil
3139 5201 3287 5259 aliud
3323 5203 3509 5271 expri-

1918 5290 2016 5344 mit
2045 5306 2205 5359 quam
2240 5290 2429 5346 Deum.
2474 5293 2572 5360 Qui
2598 5310 2713 5347 cum
2742 5295 2831 5358 sit,
2866 5296 3059 5365 inquit,
3103 5297 3347 5367 splendor
3386 5297 3521 5365 glo-t

1915 5380 2026 5435 riae.
2056 5380 2191 5436 Vide
2215 5384 2351 5462 quid.
2374 5384 2532 5440 faciat
2560 5386 2775 5443 Paulus.
2801 5384 2934 5441 Cum
2961 5387 3221 5455 dixisset,
3263 5388 3367 5455 Qui
3388 5404 3504 5442 cum

1916 5474 1982 5528 sit
2006 5475 2249 5543 splendor
2270 5476 2476 5547 glorizn,
2506 5479 2782 5548 subj-unxit
2803 5495 2987 5535 rursus
3017 5498 3031 5535 :
3061 5479 3218 5536 Sedet
3242 5482 3310 5534 ad
3332 5480 3504 5535 dexte-

1916 5581 2024 5617 ram
2055 5567 2335 5637 majestatis
2367 5584 2386 5622 :
2416 5567 2473 5623 in
2500 5570 2695 5640 quibus
2724 5586 2851 5626 usus
2876 5580 2960 5627 est
2996 5572 3304 5628 nominibus
3324 5613 3341 5640 ,
3374 5586 3502 5626 nus-

1916 5671 2074 5726 quam
2114 5658 2330 5717 invento
2372 5661 2591 5718 nomine
2616 5663 2885 5720 essentia.
2917 5664 3104 5735 Neque
3143 5666 3288 5719 enim
3335 5664 3500 5734 maje-

3158 5764 3199 5822 2
3227 5846 3231 5849 .
