4060 6440
551 212 622 265 23
1287 205 1346 260 S.
1375 202 1647 260 JOANNIS
1684 197 2152 255 CllllYSOSTOMI
2191 195 2502 250 ARCIIIEP.
2544 197 3069 254 CONSTANTINOP.
3744 197 3806 249 21

541 322 674 370 stas,
701 317 874 372 neque
899 314 1119 358 ueXtera
1141 306 1376 355 ostendit
1402 315 1594 353 nomen
1622 298 1762 368 quod
1785 299 1899 352 vult
1920 298 2123 364 dicere,

543 393 635 449 sed
665 408 859 447 nomen
891 408 994 445 non
1025 399 1201 460 potest
1244 389 1504 444 invenire.
1549 389 1661 443 Hoc
1695 397 1778 442 est
1813 387 1954 441 enim
1985 386 2124 458 quod

543 484 786 541 dicebam
817 483 884 537 ab
912 483 1086 545 initio,
1121 480 1310 548 Aliqua
1344 494 1487 546 saepe
1523 480 1820 547 cogitamus
1846 487 1900 532 et
1929 477 2124 532 intelli-

544 579 741 649 gimus,
792 584 847 631 et
890 589 996 630 non
1037 587 1323 643 possumus
1369 572 1570 642 eloqui.
1604 571 1735 626 Nam
1782 584 1954 640 neque
1988 570 2127 624 Deus

544 685 738 724 nomen
785 675 867 721 est
913 664 1185 728 essentize,
1237 679 1410 734 neque
1458 664 1602 719 illius
1650 661 1898 717 essentia:
1950 670 2124 729 potest

544 775 738 816 nomen
782 756 1000 812 omnino
1032 755 1283 810 inveniri.
1314 755 1380 810 Et
1407 755 1531 825 quid
1563 753 1758 808 mirum
1799 752 1842 804 si
1885 752 1938 804 in
1971 751 2080 804 Deo
2110 792 2124 815 ,

543 866 664 905 cum
695 861 795 902 nec
823 847 878 901 in
906 845 1098 917 angelo
1129 847 1400 901 inveneris
1435 859 1627 900 nomen
1653 885 1668 910 ,
1700 842 1841 913 quod
1868 841 2128 912 signiﬁcet

546 943 879 1002 essentiam?
917 945 1143 998 fortasse
1183 951 1359 997 autem
1389 957 1486 996 nec
1517 942 1567 995 in
1601 941 1775 994 anima
1807 958 1818 992 :
1849 956 1951 995 non
1986 942 2126 995 enim

547 1037 678 1094 mihi
708 1037 920 1093 videtur
971 1037 1071 1090 hoc
1115 1050 1309 1089 nomen
1341 1034 1457 1102 ejus
1499 1031 1784 1087 ostendere
1814 1033 2125 1099 essentiam,

546 1129 642 1184 sed
665 1130 773 1184 vim
805 1126 1062 1198 spirandi.
1092 1125 1350 1180 Eamdem
1376 1124 1518 1179 enim
1545 1132 1599 1177 et
1629 1123 1883 1188 animam,
1914 1131 1968 1178 et
1991 1137 2084 1176 cor
2108 1161 2123 1187 ,

545 1228 601 1274 et
626 1228 859 1275 mentem
889 1216 1065 1270 vocari
1094 1214 1291 1269 videris
1321 1231 1335 1267 :
1368 1214 1466 1267 Cor
1492 1212 1632 1267 enim
1663 1212 1852 1282 inquit,
1878 1213 2126 1266 mundum

544 1325 662 1364 crea
690 1311 742 1364 in
772 1325 849 1363 me
880 1307 1015 1361 Deus
1043 1304 1215 1378 (Psal.
1247 1304 1336 1361 50.
1370 1304 1483 1374 12).
1507 1303 1622 1358 Νοη
1647 1303 1819 1357 solum
1848 1318 1976 1359 vero
2000 1303 2122 1371 ista,

543 1403 638 1457 sed
665 1411 721 1458 et
745 1401 989 1472 spiritum
1023 1398 1201 1452 multis
1230 1398 1282 1450 in
1309 1397 1439 1451 locis
1469 1395 1665 1450 videris
1692 1409 1810 1450 eam
1835 1395 2119 1465 appellari.

547 1492 863 1561 Portansqtte
891 1490 1059 1543 omnia
1081 1489 1226 1542 verba
1250 1488 1448 1542 virtutis
1473 1503 1597 1541 sure.
1622 1486 1780 1542 Vides
1797 1487 1922 1556 quid
1953 1487 2122 1542 dicit?

614 1586 667 1640 3.
712 1584 886 1637 Minus
910 1592 982 1636 est
1007 1580 1248 1633 mundum
1273 1596 1467 1644 creare,
1497 1595 1649 1648 quant
1673 1579 1841 1645 ipsum
1871 1579 2125 1632 continere

539 1687 586 1732 et
610 1693 827 1731 servare.
848 1703 920 1715 —
939 1671 1217 1739 Quomodo
1243 1687 1391 1741 ergo,
1423 1685 1605 1738 quaeso
1637 1678 1688 1723 te
1711 1711 1725 1735 ,
1756 1669 2057 1733 contendis,
2091 1682 2124 1722 ο

538 1769 812 1834 hmretice,
837 1781 957 1822 cum
987 1765 1242 1833 scriptum
1273 1765 1343 1817 sit
1370 1780 1384 1814 :
1417 1761 1580 1826 Dixit,
1615 1761 1806 1829 inquit,
1827 1760 1981 1826 Deus,
2008 1759 2125 1812 Fiat

540 1861 632 1916 lux
660 1857 812 1928 (Gen.
847 1859 898 1912 l.
927 1857 1005 1925 5),
1035 1855 1246 1909 Patrem
1284 1853 1529 1924 jussisse,
1562 1851 1754 1913 Filium
1782 1862 1962 1906 autem
1997 1852 2126 1908 obc-

538 1951 744 2006 diisse?
780 1948 886 2005 Sed
926 1961 1051 2003 ecce
1081 1946 1169 2000 hic
1195 1960 1407 2016 quoque
1435 1945 1549 2013 ipse
1572 1944 1738 1998 verbo
1774 1943 1895 1997 facit
1927 1961 1941 1998 :
1974 1961 2118 2012 nam,

538 2041 876 2107 Portansque,
919 2038 1110 2107 inquit,
1143 2037 1353 2099 omnia;
1392 2034 1493 2088 hoc
1522 2045 1624 2098 est,
1652 2035 1973 2102 gubernans,
2003 2052 2121 2104 qua:

536 2135 734 2193 cadunt
778 2131 1038 2188 continet.
1085 2129 1202 2184 Non
1247 2137 1327 2182 est
1380 2127 1522 2181 enim
1575 2127 1750 2182 minus
1802 2127 2116 2194 continere,

537 2244 695 2296 quam
724 2224 978 2280 mundum
1016 2221 1242 2285 fecisse;
1272 2220 1365 2275 sed
1398 2220 1439 2272 si
1472 2219 1716 2273 mirabile
1738 2218 1937 2288 aliquid
1962 2233 2121 2288 opor-

537 2327 612 2374 tet
640 2317 840 2380 dicere,
868 2325 950 2370 est
976 2313 1136 2368 etiam
1166 2312 1356 2380 majus.
1385 2310 1518 2365 Nam
1549 2310 1680 2364 illud
1703 2310 1917 2380 quidem
1944 2319 2026 2365 est
2052 2325 2118 2366 ex

535 2408 705 2464 nihilo
743 2405 942 2477 aliquid
1001 2404 1295 2473 producere
1329 2419 1341 2454 :
1377 2417 1497 2472 quae
1548 2401 1685 2454 facta
1739 2409 1865 2455 sunt
1905 2411 2115 2468 autem,

534 2501 809 2571 relapsura
842 2497 908 2552 ad
941 2496 1164 2551 nihilum
1195 2495 1474 2550 continere
1503 2502 1557 2548 et
1597 2495 1735 2549 inter
1764 2509 1822 2549 se
1851 2494 2118 2550 dissiden-

533 2594 603 2648 tia
635 2590 986 2660 conjungere,
1029 2587 1131 2642 hoc
1168 2595 1253 2642 est
1297 2600 1544 2656 magnum
1592 2595 1647 2640 et
1693 2585 2028 2652 admirabile,
2066 2598 2119 2642 et

530 2683 783 2740 indicium
821 2696 1029 2751 magna:
1058 2679 1290 2732 virtutis.
1337 2676 1540 2732 Deinde
1568 2677 1863 2732 ostendens
1889 2676 2118 2732 facilita-

529 2785 661 2840 tem,
694 2774 845 2839 dixit,
871 2771 1094 2826 Portaus
1122 2786 1214 2825 seu
1244 2769 1443 2825 ferens.
1461 2767 1577 2823 Non
1596 2768 1746 2832 dixit,
1773 2767 2112 2834 Gubernans,

528 2882 559 2922 a
601 2865 911 2935 metaphora
958 2878 1142 2919 eorum
1184 2862 1275 2932 qui
1318 2860 1484 2930 digito
1530 2859 1869 2915 solummodo
1914 2861 2112 2930 aliquid

527 2966 763 3024 movent,
797 2965 851 3011 et
874 2954 1118 3009 efﬁciunt
1149 2963 1205 3008 ut
1235 2952 1644 3008 circumferatur
1670 2952 1767 3021 (α).
1803 2952 1899 3007 Hic
1934 2962 2114 3008 osten-

525 3051 605 3106 dit
645 3065 889 3120 magnam
936 3049 1097 3102 etiam
1141 3047 1334 3102 molem
1381 3061 1504 3101 esse
1540 3053 1823 3111 creaturae,
1872 3045 1922 3100 id
1967 3045 2110 3115 quod

524 3156 773 3213 magnum
813 3149 901 3194 est
948 3139 999 3194 ei
1048 3137 1178 3192 nihil
1219 3151 1359 3192 esse.
1407 3135 1608 3190 Deinde
1656 3150 1840 3190 rursus
1878 3136 2111 3190 ostendit

521 3232 665 3302 quod
695 3232 745 3285 id
776 3231 936 3286 faciat
974 3229 1110 3284 citra
1154 3227 1414 3292 laborem,
1461 3225 1668 3290 dicens,
1721 3224 1880 3279 Verba
1909 3227 2108 3280 virtutis

520 3337 645 3377 sua.
674 3321 839 3377 Recte
868 3321 1023 3386 dixit,
1064 3318 1223 3372 Verbo
1254 3333 1273 3372 :
1298 3333 1418 3371 nam
1449 3317 1699 3387 quoniam
1727 3317 1944 3371 verbum
1967 3318 2106 3387 apud

521 3428 621 3469 nos
645 3413 856 3468 videtur
885 3427 1004 3468 esse
1030 3410 1169 3467 exile
1196 3418 1250 3464 et
1274 3418 1453 3470 tenue,
1497 3408 1729 3463 ostendit
1765 3408 1816 3461 id
1848 3425 1952 3461 non
1986 3423 2108 3463 esse

525 3507 665 3558 exile
693 3517 746 3558 et
777 3515 937 3559 tenue
977 3510 1028 3557 in
1070 3504 1197 3557 Deo.
1228 3502 1332 3557 Sed
1372 3501 1514 3572 quod
1540 3499 1754 3571 quidem
1786 3499 1948 3554 verbo
1975 3513 2100 3568 por-

524 3603 619 3657 tet,
651 3593 819 3659 dixit;
851 3591 1119 3664 quomodo
1143 3601 1319 3646 autem
1348 3590 1511 3647 verbo
1534 3599 1730 3660 portet,
1761 3602 2096 3659 nequaquam

523 3683 718 3754 adjecit
750 3701 763 3740 :
796 3698 967 3751 neque
1011 3683 1154 3737 enim
1197 3682 1321 3736 sciri
1353 3688 1553 3748 potest.
1596 3679 1798 3735 Deinde
1830 3677 2106 3744 subjunxit

522 3778 590 3831 de
634 3777 748 3845 ejus
794 3775 1094 3845 majestate.
1137 3773 1227 3828 Sic
1271 3772 1414 3826 enim
1456 3772 1582 3827 fecit
1623 3771 1783 3826 etiam
1823 3769 2101 3824 Joannes:

524 3885 648 3924 nam
678 3885 799 3923 cum
819 3868 1044 3924 dixisset
1073 3866 1212 3936 quod
1241 3867 1309 3919 sit
1344 3866 1505 3928 Deus,
1538 3862 1811 3933 subjunxit
1833 3861 2102 3931 opificium

521 3969 807 4014 creatum.
841 3956 993 4025 Quod
1037 3955 1180 4011 enim
1222 3954 1314 4009 ille
1351 3954 1509 4008 tacite
1548 3954 1739 4018 innuit,
1791 3952 1996 4014 dicens,
2038 3948 2106 4003 In

526 4050 775 4118 principio
823 4057 930 4101 erat
981 4045 1212 4108 Verbum,
1266 4053 1342 4110 et,
1395 4043 1579 4097 Omnia
1629 4060 1717 4113 per
1759 4043 1927 4113 ipsum
1972 4045 2106 4112 facta

527 4150 642 4194 sunt
671 4139 851 4208 (Joan.
886 4139 934 4192 l.
971 4139 992 4192 l
1017 4147 1064 4191 et
1081 4139 1160 4205 5),
1187 4138 1288 4193 hoc
1310 4136 1505 4191 Paulus
1534 4151 1744 4206 quoque
1767 4152 1860 4206 per
1884 4135 2104 4189 verbum

525 4232 761 4285 ostendit
797 4240 852 4284 et
879 4230 1128 4294 dicendo,
1177 4227 1279 4282 Per
1318 4244 1462 4298 quem
1494 4227 1609 4296 fecit
1650 4238 1696 4281 et
1731 4227 1918 4282 sarcula
1946 4243 1964 4280 :
1995 4236 2109 4280 ete-

526 4322 636 4374 nim
675 4336 799 4374 eum
845 4319 1080 4374 ostendit
1117 4328 1172 4372 et
1203 4317 1449 4388 opiﬁcem
1489 4326 1544 4372 et
1589 4331 1708 4371 esse
1755 4327 1880 4371 ante
1927 4318 2107 4371 omnia

526 4411 740 4464 szncula.
767 4410 906 4476 Quid
937 4423 1087 4473 vero,
1127 4423 1248 4462 cum
1289 4408 1356 4462 de
1385 4407 1542 4462 Patre
1567 4408 1783 4477 quidem
1809 4408 1952 4462 dicat
1980 4423 2107 4478 pro-

529 4504 711 4571 pheta,
752 4503 796 4556 Α
827 4504 1011 4557 uacula
1038 4512 1084 4556 et
1110 4502 1349 4570 usque-in
1379 4501 1622 4554 sarculum
1654 4510 1706 4553 tu
1735 4517 1785 4554 es
1812 4500 1983 4572 (Psal.
2016 4502 2107 4557 89.

525 4596 604 4663 2)
639 4612 652 4648 :
685 4594 753 4649 de
785 4593 929 4648 Filio
960 4603 1160 4657 autem,
1201 4591 1342 4662 quod
1387 4593 1457 4646 sit
1500 4599 1624 4646 ante
1653 4593 1849 4656 \omnia
1893 4593 2109 4659 saecula,

527 4696 582 4742 et
608 4689 845 4742 omnium
867 4685 1071 4756 opifex,
1101 4685 1229 4753 quid
1270 4682 1546 4740 dixerint?
1577 4682 1685 4737 imo
1711 4698 1840 4736 vero
1875 4683 2108 4752 quando,

529 4780 671 4848 quod
699 4780 767 4834 de
804 4780 963 4834 Patre
996 4776 1300 4842 dicebatur,
1330 4775 1431 4842 Qui
1459 4783 1541 4829 est
1587 4783 1712 4828 ante
1753 4774 1966 4839 sarcula,
2015 4774 2114 4829 hoc

530 4870 729 4927 videris
758 4871 917 4925 etiam
948 4869 1148 4924 dictum
1178 4868 1244 4922 de
1277 4867 1453 4920 Filio?
1495 4866 1562 4921 Et
1609 4866 1749 4921 sicut
1788 4865 1919 4919 dicit
1945 4863 2111 4920 Joan-

533 4978 649 5029 nes,
691 4960 809 5015 Vita
836 4969 964 5025 erat,
993 4960 1301 5030 signiﬁcans
1350 4959 1456 5012 vim
1483 4973 1546 5013 ac
1589 4965 1907 5029 potestatem
1937 4957 2115 5012 conti-

534 5055 696 5112 nendi
728 5063 1052 5117 creaturam,
1099 5053 1350 5123 quoniam
1399 5052 1512 5121 ipse
1554 5062 1636 5106 est
1679 5053 1787 5106 vita
1825 5049 2063 5104 omnium
2098 5066 2112 5103 :

534 5152 604 5205 ita
636 5146 834 5202 Paulus
877 5159 1109 5215 quoque,
1163 5141 1481 5210 Portansque
1514 5143 1685 5195 omnia
1723 5141 1873 5194 verba
1917 5141 2116 5194 virtutis

533 5256 642 5296 sua:
668 5255 688 5293 :
719 5252 822 5293 non
849 5236 988 5290 sicut
1014 5234 1208 5298 Graeci,
1242 5242 1296 5287 et
1327 5233 1435 5300 ipsa
1463 5231 1734 5286 creatione
1757 5243 1808 5284 et
1831 5230 2117 5299 providen—

535 5337 629 5395 tia,
654 5340 909 5401 quantum
930 5327 996 5381 ad
1027 5326 1172 5396 ipsos
1199 5323 1404 5387 attinet,
1431 5324 1600 5391 ipsum
1627 5323 1915 5391 privantes,
1947 5321 2013 5375 ad
2037 5323 2118 5377 lu-

538 5441 659 5480 nam
679 5437 846 5491 usque
859 5419 974 5489 ejus
992 5415 1370 5473 concludentes
1389 5414 1699 5483 potentiam.
1719 5411 1900 5474 Perse,
1922 5413 2115 5482 inquit,

557 5555 562 5558 ·
603 5546 675 5605 ((ι)
700 5543 806 5592 Huc
829 5542 1011 5590 desinit
1033 5536 1239 5591 Homilia
1263 5535 1306 5586 ll
1333 5536 1380 5585 in
1405 5531 1700 5594 Colbertino,
1727 5533 1808 5581 ubi
1829 5538 2007 5583 caetera
2029 5542 2126 5580 om-

531 5612 618 5660 nia
641 5607 995 5658 desiderantur.

2240 294 2376 361 facta
2399 289 2696 358 purgatione
2725 298 3042 358 peccatorum
3083 298 3383 346 nostrorum.
3430 292 3559 348 Cum
3599 295 3820 354 dixisset

2239 380 2308 436 de
2331 381 2436 435 illis
2465 379 2793 434 admirandis
2820 390 2875 435 et
2903 379 3110 450 magnis
3154 398 3272 451 qme
3299 395 3425 437 sunt
3450 400 3722 455 suprema,
3753 392 3818 446 de

2233 485 2434 531 cancro
2449 473 2577 528 dicit
2593 473 2752 526 etiam
2777 472 2844 527 de
2869 487 2997 526 cura
3015 473 3132 543 ejus
3153 474 3205 527 in
3225 475 3487 531 homines.
3508 478 3572 532 Et
3588 482 3818 538 maxime

2235 566 2452 637 quidem
2480 572 2597 620 erat
2634 564 2764 618 illud
2787 564 3034 632 generale
3065 574 3120 619 et
3158 564 3402 620 universa
3431 571 3809 639 complectens,

2236 656 2558 724 Portansque
2582 654 2788 718 omnia;
2810 669 2992 708 verum
3022 653 3123 708 hoc
3160 665 3242 709 est
3270 657 3436 712 multo
3459 661 3652 728 majus.
3684 662 3813 716 Nam

2234 748 2394 803 etiam
2412 755 2494 801 est
2508 745 2758 815 generale
2775 756 2825 800 et
2841 745 3089 800 universa
3110 745 3492 814 complectens:
3514 766 3659 816 nam,
3675 757 3813 824 quod

2233 841 2406 910 ipsum
2443 847 2672 908 spectat,
2704 852 2894 893 omnes
2933 838 3109 891 salvos
3154 836 3297 891 fecit.
3339 837 3552 895 Etenim
3581 843 3814 901 Joannes

2229 945 2440 1002 quoque
2467 943 2586 982 cum
2613 930 2862 982 dixisset:
2901 924 3012 976 Vita
3043 936 3170 993 erat,
3199 934 3254 981 et
3279 929 3669 996 providentiam
3697 936 3812 1002 ejus

2246 1033 2616 1105 signiﬁcasset,
2645 1047 2828 1087 rursus
2864 1032 3013 1101 dicit,
3041 1031 3109 1085 Et
3137 1033 3226 1086 lux
3250 1041 3377 1098 erat,
3421 1031 3472 1086 id
3516 1032 3692 1100 ipsum
3723 1031 3819 1086 de-

2247 1125 2477 1181 clarans.
2523 1124 2627 1180 Per
2665 1141 2736 1189 se,
2772 1124 2960 1193 inquit,
3008 1127 3142 1195 facta
3174 1124 3472 1194 purgatione
3503 1135 3822 1194 peccatorum

2247 1228 2530 1268 nostrorum
2551 1230 2571 1278 ,'
2611 1216 2748 1269 sedet
2789 1216 2854 1267 ad
2894 1215 3154 1268 dexteram
3189 1216 3466 1285 majestatis
3510 1216 3560 1267 in
3591 1215 3820 1269 excelsis.

2248 1306 2361 1359 Duo
2390 1305 2473 1359 hic
2509 1305 2659 1375 ponit
2699 1305 2925 1358 maxima
2953 1304 3068 1374 ejus
3097 1318 3242 1360 cura:
3263 1305 3461 1360 indicia
3492 1323 3506 1361 :
3538 1314 3593 1360 et
3619 1305 3762 1374 quod
3793 1321 3821 1359 a

2247 1395 2476 1463 peccatis
2503 1409 2601 1449 nos
2636 1395 2961 1464 purgaverit,
2995 1405 3049 1450 et
3093 1394 3234 1465 quod
3281 1411 3378 1466 per
3417 1411 3474 1450 se
3519 1394 3570 1450 id
3609 1394 3820 1451 fecerit.

2246 1489 2309 1542 Et
2335 1488 2514 1542 multis
2541 1489 2595 1542 in
2618 1488 2754 1544 locis
2779 1487 2927 1543 vides
2956 1503 3076 1543 eum
3104 1488 3171 1543 de
3206 1488 3308 1543 hoc
3327 1488 3569 1558 gloriari,
3595 1505 3701 1543 non
3730 1503 3820 1542 so.

2243 1590 2350 1632 tum
2387 1578 2453 1633 de
2480 1578 2917 1634 reconciliatione
2952 1593 3078 1648 erga
3107 1580 3292 1644 Deum,
3334 1579 3426 1633 sed
3472 1580 3632 1634 etiam
3679 1581 3819 1650 quod

2245 1671 2342 1724 hoc
2374 1670 2567 1724 factum
2596 1670 2666 1724 sit
2708 1685 2801 1740 per
2823 1670 3022 1725 Filium
3054 1687 3067 1723 :
3097 1671 3296 1726 etenim
3340 1685 3525 1726 revera
3568 1686 3818 1739 magnum

2239 1761 2437 1815 donum
2469 1764 2628 1818 etiam
2650 1764 2821 1834 majus
2849 1763 3044 1819 factum
3079 1773 3182 1830 eSt,
3211 1780 3276 1819 eo
3301 1764 3443 1834 quod
3472 1779 3567 1832 per
3596 1764 3815 1818 Filium.

2239 1852 2368 1904 Nam
2413 1868 2532 1907 cum
2581 1854 2825 1920 dixisset,
2870 1854 3025 1909 Sedet
3062 1855 3131 1907 ad
3176 1855 3453 1917 dexteram,
3501 1864 3576 1918 et,
3629 1853 3731 1907 Per
3768 1872 3819 1908 se

2240 1944 2537 2012 purgatione
2563 1948 2700 2014 facta
2730 1954 3052 2013 peccatorum
3080 1955 3383 2007 nostrorum,
3413 1953 3467 1998 et
3495 1959 3713 1999 crucem
3742 1960 3820 1999 rc-

2238 2043 2482 2087 vocasset
2513 2035 2563 2088 in
2605 2035 2944 2098 memoriam,
2978 2035 3086 2088 cito
3116 2035 3387 2103 subjuuxit
3415 2049 3720 2089 sermonem
3750 2035 3818 2088 de

2237 2125 2630 2180 resurrectione
2656 2136 2709 2181 et
2737 2127 3073 2181 ascensione.
3113 2126 3246 2180 Vide
3271 2133 3446 2179 autem
3478 2124 3812 2194 prudentiam

2233 2215 2349 2283 ejus
2387 2215 2708 2270 ineﬁ‘abilem
2737 2234 2750 2268 :
2776 2232 2880 2271 non
2927 2217 3082 2282 dixit,
3105 2215 3304 2270 Jussus
3333 2224 3415 2270 est
3444 2215 3657 2280 sedere,
3699 2215 3812 2275 sed,

2236 2305 2408 2360 Sedet.
2441 2306 2640 2362 Deinde
2669 2321 2876 2374 rursus,
2920 2321 2987 2362 ne
3015 2308 3297 2362 existimes
3327 2322 3449 2361 eum
3485 2316 3650 2369 stare,
3683 2307 3812 2359 sub-

2229 2395 2444 2465 iungit:
2479 2396 2558 2449 Ad
2602 2414 2747 2468 quem
2795 2409 2960 2452 autem
3000 2398 3294 2468 angelorum
3340 2398 3469 2451 dixit
3515 2397 3813 2465 aliquando,

2235 2485 2370 2540 Sede
2396 2503 2427 2538 a
2455 2486 2645 2540 dextris
2671 2488 2791 2540 meis
2809 2488 2834 2540 ?
2861 2487 3023 2542 Sedet
3048 2502 3198 2556 ergo,
3225 2487 3415 2556 inquit,
3445 2485 3509 2540 ad
3537 2486 3812 2539 dexteram

2234 2579 2526 2648 majestatis
2553 2580 2604 2634 in
2628 2581 2875 2636 excelsis.
2907 2580 3043 2649 Quid
3071 2591 3173 2646 est,
3199 2580 3263 2634 In
3291 2580 3542 2634 excelsis?
3573 2580 3812 2634 Deumne

2232 2669 2351 2724 loco
2378 2670 2690 2725 concludit?
2737 2671 2938 2726 Absit:
2971 2686 3073 2725 non
3120 2682 3177 2725 ut
3223 2672 3274 2726 id
3322 2673 3682 2740 suspicemur,
3730 2669 3811 2722 sic

2231 2758 2480 2830 loquutus
2509 2771 2610 2826 est,
2634 2761 2726 2816 sed
2749 2763 2882 2817 sicut
2912 2763 3114 2826 dicens,
3148 2762 3228 2815 Ad
3249 2765 3522 2827 dexteram,
3557 2776 3663 2815 non
3689 2776 3809 2813 enm

2227 2865 2492 2935 ﬁguravit,
2537 2863 2630 2918 sed
2677 2861 2910 2917 ostendit
2939 2877 3058 2915 eum
3103 2862 3155 2915 in
3199 2861 3388 2916 eodem
3436 2875 3556 2916 esse
3600 2861 3807 2916 honore

2226 2973 2333 3027 quo
2361 2957 2518 3011 Pater
2546 2973 2560 3008 τ
2594 2956 2664 3009 ita
2695 2969 2815 3008 eum
2843 2953 3048 3018 dicens,
3072 2951 3138 3006 In
3163 2953 3394 3016 excelsis,
3428 2967 3532 3007 non
3554 2968 3678 3008 eum
3703 2953 3807 3007 illic

2227 3048 2461 3111 inclusit,
2518 3045 2613 3101 sed
2667 3044 2899 3100 ostendit
2951 3059 3071 3098 eum
3129 3058 3249 3098 esse
3309 3044 3547 3098 omnium
3603 3043 3806 3100 altissi-

2225 3156 2394 3206 mum,
2422 3148 2477 3194 et
2526 3140 2703 3193 omnia
2735 3136 3130 3202 transcendere,
3177 3136 3280 3191 hoc
3328 3145 3429 3202 est,
3461 3137 3706 3206 pervenit
3743 3139 3806 3191 ad

2225 3233 2397 3301 ipsum
2437 3232 2686 3286 thronum
2731 3239 3031 3299 paternum.
3073 3228 3222 3284 Sicut
3249 3244 3380 3299 ergo
3427 3230 3585 3284 Pater
3621 3239 3706 3285 est
3757 3232 3805 3284 in

2225 3324 2472 3390 excelsis,
2503 3323 2573 3376 ita
2610 3322 2772 3377 etiam
2800 3322 2914 3391 ipse
2947 3339 2960 3375 :
2991 3335 3276 3375 consessus
3306 3322 3448 3375 enim
3489 3321 3619 3375 nihil
3661 3321 3806 3376 aliud

2228 3416 2426 3470 indicat
2453 3430 2611 3485 quam
2638 3415 2690 3468 in
2719 3414 2909 3468 eodem
2942 3428 3062 3469 esse
3094 3413 3318 3468 honore.
3347 3413 3402 3468 Si
3428 3422 3604 3468 autem
3626 3414 3807 3470 dicant

2228 3520 2349 3560 eum
2390 3503 2615 3568 dixisse,
2664 3502 2818 3568 Sede,
2854 3517 2948 3558 eos
2989 3503 3382 3572 interrogemus
3414 3518 3426 3555 :
3458 3502 3595 3568 Quid
3637 3505 3808 3558 vero?

2228 3596 2432 3651 dixitne
2456 3596 2661 3650 stanti?
2686 3596 2755 3649 At
2781 3595 2830 3649 id
2853 3595 3136 3649 ostendere
3158 3610 3262 3649 non
3291 3596 3515 3664 possint.
3538 3595 3653 3650 Non
3679 3597 3810 3651 dixit

2227 3696 2375 3742 certe
2400 3687 2539 3756 quod
2566 3686 2786 3755 jusserit
2812 3696 2904 3740 aut
2934 3686 3250 3757 imperarit;
3293 3687 3409 3752 sed,
3452 3686 3616 3755 Dixit,
3652 3689 3808 3752 Sede,

2230 3795 2334 3831 non
2358 3787 2576 3847 propter
2590 3777 2730 3831 aliud
2754 3793 2909 3846 quam
2935 3793 3001 3832 ne
3022 3777 3301 3832 existimes
3323 3795 3444 3832 eum
3467 3793 3588 3834 esse
3607 3779 3813 3850 absque

2231 3869 2491 3938 principio
2519 3877 2574 3924 et
2599 3869 2716 3923 sine
2745 3884 2928 3924 causa.
2953 3867 3087 3923 Nam
3117 3869 3257 3939 quod
3290 3881 3566 3939 propterea
3609 3872 3691 3926 sic
3732 3873 3811 3927 di-

2229 3960 2386 4022 xerit,
2417 3968 2498 4013 est
2525 3958 2866 4027 perSpicnum
2899 3973 2961 4012 ex
2994 3959 3112 4011 loco
3143 3959 3398 4013 sessionis
3425 3976 3440 4013 ε
3469 3960 3511 4014 si
3540 3961 3686 4016 enim
3719 3978 3814 4018 vo-

2230 4050 2414 4104 luisset
2464 4047 2763 4117 signiﬁcare
2812 4047 3215 4102 diminutionem
3246 4090 3260 4112 ,
3317 4063 3425 4103 non
3474 4049 3723 4120 dixisset,
3773 4054 3813 4105 Α

2230 4141 2439 4204 dextris,
2468 4139 2585 4204 sed,
2614 4139 2658 4194 A
2686 4137 2938 4193 sinistris.
3421 4209 3423 4211 ι

2301 4232 2468 4286 Filius
2517 4229 2612 4283 Dei
2653 4227 2818 4283 Filius
2875 4237 2947 4282 est
2993 4237 3196 4295 natura,
3243 4246 3343 4283 non
3379 4231 3544 4300 gratia
3593 4240 3813 4286 tantum.

2230 4320 2982 4390 ——4.Tanto,inquit,melior
2998 4321 3190 4389 angelis
3230 4319 3457 4387 e/fectus,
3490 4334 3680 4392 quanto
3708 4325 3815 4393 dif-

2233 4417 2470 4492 ferentias
2501 4428 2606 4484 pra:
2645 4411 2748 4464 illis
2792 4426 2972 4462 nomen
3015 4401 3328 4464 hereditaiiit.
3377 4411 3528 4477 lllnd,
3562 4412 3814 4482 Effectus,

2235 4513 2318 4566 hic
2338 4518 2421 4564 est
2439 4521 2537 4576 pro
2556 4503 2858 4559 declaratus
2879 4500 2962 4553 vel
2986 4500 3404 4565 demonstratus,
3435 4511 3491 4555 ut
3513 4503 3586 4557 ita
3609 4503 3813 4558 dicam.

2233 4600 2436 4662 Deinde
2484 4597 2535 4650 id
2574 4593 2874 4650 conﬁrmat.
2907 4589 3234 4657 Quomodo?
3267 4590 3341 4644 Ex
3375 4593 3610 4648 nomine.
3651 4594 3819 4650 Vides

2237 4686 2376 4757 quod
2405 4701 2599 4743 nomen
2633 4687 2819 4752 Filius,
2866 4690 3003 4743 solet
3032 4691 3332 4761 signiﬁcare
3361 4691 3782 4760 germanitatem
3803 4695 3826 4742 '!

2241 4779 2303 4833 Et
2329 4787 2495 4842 certe,
2543 4780 2586 4833 si
2617 4794 2724 4834 non
2755 4789 2898 4834 esset
2937 4797 3226 4852 germanus
3255 4783 3442 4847 Filius,
3475 4799 3579 4837 non
3616 4783 3694 4836 ita
3744 4784 3826 4837 lo-

2235 4877 2428 4938 quutus
2455 4877 2617 4924 esset.
2664 4869 2883 4937 Quare?
2925 4871 3058 4937 Quia
3097 4888 3385 4943 germanus
3414 4876 3482 4928 oh
3512 4874 3643 4928 nihil
3672 4874 3825 4929 aliud

2235 4971 2316 5014 est
2343 4974 2502 5030 quam
2532 4969 2797 5030 quatenus
2835 4972 2917 5016 est
2944 4978 3010 5017 ex
3051 4961 3169 5033 ipso
3199 4984 3211 5020 :
3243 4966 3403 5035 igitur
3431 4981 3498 5019 ex
3525 4981 3588 5020 eo
3614 4967 3825 5020 conﬁr-

2236 5060 2362 5104 mat.
2396 5049 2530 5105 Nam
2576 5051 2619 5105 si
2649 5060 2732 5105 est
2761 5054 2928 5121 gratia
2973 5053 3164 5119 Filius,
3214 5071 3317 5109 non
3367 5055 3537 5109 solum
3584 5070 3692 5108 non
3743 5065 3827 5110 est

2234 5140 2438 5209 angelis
2479 5141 2837 5210 praestantior,
2894 5143 2988 5197 sed
3038 5143 3198 5199 etiam
3249 5145 3445 5198 minor.
3492 5143 3826 5210 Quomodo?

2232 5233 2494 5297 Quoniam
2527 5233 2770 5288 homines
2809 5249 3020 5303 quoque
3056 5235 3186 5304 justi
3218 5236 3389 5290 vocati
3430 5244 3555 5289 sunt
3601 5235 3739 5300 ﬁlii;
3772 5245 3828 5290 et

2233 5328 2428 5378 nomen
2457 5322 2570 5388 lilii,
2601 5324 2701 5378 nisi
2729 5324 2798 5378 sit
2828 5325 2973 5379 ﬁlius
3002 5325 3250 5395 proprius
3284 5335 3338 5380 et
3363 5340 3668 5396 germanus,
3711 5341 3822 5380 non

2234 5426 2408 5486 potest
2443 5415 2732 5471 ostendere
2761 5417 3156 5472 excellentiam.
3190 5418 3256 5471 Et
3286 5428 3341 5471 ut
3372 5417 3634 5488 signiﬁcet
3670 5417 3819 5487 quod

2233 5511 2301 5562 sit
2327 5507 2570 5577 qntedam
2601 5507 2903 5563 differentia
2932 5517 3300 5564 creaturarum
3336 5517 3388 5563 et
3431 5508 3660 5579 opiﬁcis,
3696 5508 3824 5561 vide
3876 5547 3881 5551 .

2237 5598 2360 5669 quid
2387 5599 2528 5656 dicat
2558 5618 2571 5654 :
2599 5601 2653 5656 5.
2702 5598 2796 5655 Cui
2836 5601 2969 5656 enim
3014 5601 3141 5656 dixit
3171 5600 3448 5671 aliquando
3490 5600 3817 5670 angelorum,
