4064 6580
543 364 614 419 25
851 403 854 406 -
1287 365 1344 420 S.
1380 363 1660 421 JOANNIS
1692 361 2184 420 CHRYSOSTOMI
2223 365 2543 423 ARCHIEP.
2584 366 3132 426 CONSTANTINOP.
3707 359 3776 414 26

538 497 638 552 μοι
660 481 747 546 εἰς
776 478 936 544 Υἰὸν,
975 473 1072 549 τῆς
1110 477 1572 552 ὲνανΟ-ρωπήσεώς
1612 481 1726 531 εστι
1785 495 2120 550 παραστατι-

542 563 671 618 κόνο
700 562 762 614 τὸ
795 561 874 624 δὲ,
917 562 1051 626 Υἱός
1075 576 1194 629 μου
1232 557 1286 613 εἴ
1310 563 1414 627 σὺ,
1469 561 1620 614 οὐδὲν
1667 562 1852 632 ἕτερον
1885 561 2056 632 δηλοῖ,
2083 561 2117 630 ἢ

543 649 624 700 ὅτι
662 645 720 711 ἐξ
757 642 919 697 αὑτοῦ
961 645 1126 695 ἐστιν.
1177 643 1389 714 Ὥσπερ
1450 645 1506 697 δὲ
1542 642 1616 697 ὢν
1633 643 1854 712 λέγεται
1890 645 1997 697 ἀπὸ
2028 642 2123 697 τοῦ

543 729 838 790 ἐνεστῶτος
893 725 1086 795 καιροῦ
1114 741 1128 756 ⁸
1190 719 1346 789 οὗτος
1406 725 1516 796 γὰρ
1585 725 1824 797 μάλιστα
1894 726 2125 798 ἁρμόζει

544 811 693 882 αὐτῷ
713 829 726 842 ·
755 810 896 863 οὕτω
927 808 1024 862 καὶ
1053 807 1132 873 τὸ,
1167 808 1458 878 Σήμερον,
1493 809 1727 863 ἐνταῦθὰ
1755 828 1846 880 μοι
1874 809 2020 862 δοκεῖ
2047 811 2127 874 εἰς

541 896 640 964 τήν
675 893 854 963 σάρκα
888 891 1165 962 εἰρῆσθαι.
1198 893 1366 945 Ὅταν
1384 893 1492 962 γὰρ
1532 892 1704 961 αὐτῆς
1746 892 2076 963 ἐπιλάϐηται
2107 933 2122 959 ,

543 980 720 1031 πάντα
771 976 957 1028 λοιπὸν
1015 975 1187 1038 ἀδεῶς
1237 975 1555 1044 φθέγγεται.
1613 977 1723 1030 Καὶ
1766 977 1874 1048 γὰρ
1923 976 2126 1048 ήσάρξ

543 1062 792 1116 κοινωνεῖ
818 1059 926 1112 τῶν
952 1059 1197 1129 ὑψηλῶν,
1246 1059 1532 1130 ὡσπεροῦν
1583 1059 1679 1112 καὶ
1720 1058 1969 1130 ήθεότης
2017 1059 2126 1112 τῶν

542 1144 838 1200 ταπεινῶν.
885 1144 942 1196 Ὀ
971 1143 1102 1207 Θεὸς
1128 1145 1236 1213 γὰρ
1265 1142 1552 1212 ἄνθρωπος
1584 1142 1836 1210 γενέσθαι
1884 1143 1958 1213 μὴ
2014 1144 2124 1196 ἀπ·-

543 1228 800 1295 αξιώσας,
831 1227 925 1280 καὶ
954 1226 1013 1278 τὸ
1043 1227 1274 1296 πρᾶγμα
1307 1226 1381 1296 μή
1405 1227 1904 1301 παραιτησάμενος,
1923 1226 2037 1291 πῶς
2061 1226 2124 1280 ἂν

542 1312 611 1364 τὰ
644 1312 865 1382 ῥήματα
898 1311 1292 1382 παρῃτήσατος

613 1393 674 1446 δ’.
715 1391 882 1446 Ταῦτ’
921 1388 1016 1446 οὖν
1077 1392 1296 1457 εἰδότες,
1336 1393 1503 1464 μηδὲν
1546 1390 2024 1464 ἐπαισχυνώμεθα,
2051 1391 2126 1463 μὴ

547 1476 690 1547 μέγα
723 1475 1030 1546 φρονῶμεν.
1058 1475 1121 1528 Et
1150 1475 1258 1546 γὰρ
1287 1477 1450 1540 αὐτὸς
1473 1475 1605 1540 Θεὸς
1631 1474 1706 1529 ὢν
1735 1477 1826 1529 καὶ
1852 1475 2128 1546 Δεσπότης

543 1560 641 1611 καὶ
664 1557 800 1612 Θεοῦ
820 1559 966 1624 Υἱὸς,
982 1559 1042 1612 οὐ
1066 1560 1427 1632 παρῃτήσατο
1450 1558 1662 1630 μορφὴν
1690 1559 1876 1611 δούλου
1899 1557 2086 1612 λαϐεῖν
2102 1565 2124 1586 ’δ

544 1642 724 1712 πολλῷ
759 1642 961 1712 μᾶλλον
991 1643 1137 1712 ἡμᾶς
1168 1643 1384 1701 ᾶπαντα
1414 1643 1498 1695 δεῖ
1528 1645 1723 1708 ποιεῖν,
1758 1641 1863 1695 κᾶν
1892 1643 2126 1695 ταπεινά

541 1721 599 1798 ᾖ.
643 1725 814 1778 Πόθεν
845 1725 974 1795 γὰρ,
1029 1724 1148 1777 είπέ
1203 1741 1313 1796 μοι,
1363 1724 1638 1795 ἄνθρωπε,
1697 1725 1840 1793 μέγα
1877 1727 2122 1794 φρονεῖς;

543 1809 652 1863 ἀπὸ
672 1809 782 1862 τῶν
809 1808 1107 1879 βιωτικῶν;
1138 1808 1270 1861 ἀλλά
1294 1807 1468 1862 ταῦτα
1487 1811 1616 1878 πρὶν
1641 1809 1673 1880 ἢ
1695 1809 1928 1878 φανῆναι
1947 1821 2125 1881 παραυ

547 1894 756 1965 τρέχει.
796 1893 939 1947 Ἀλλ’
967 1893 1076 1947 ἀπὸ
1112 1891 1224 1946 τῶν
1265 1893 1688 1963 πνευματικῶν;
1745 1891 1861 1945 ἀλλ’
1918 1891 1975 1943 ἒν
2028 1893 2123 1947 καὶ

541 1977 702 2030 τοῦτό
730 1977 846 2029 ὲστι
873 1974 1203 2044 κατόρθωμα
1220 1975 1614 2045 πνευματικὸν,
1631 1975 1692 2027 τὸ
1719 1975 1792 2046 μή
1827 1975 1974 2044 μέγα
1993 1992 2125 2046 φροι-

543 2063 677 2116 νεῖν.
711 2060 810 2114 Δια
833 2061 886 2112 τί
929 2061 1110 2113 τοίνυν
1161 2060 1303 2129 μέγα
1366 2060 1623 2127 φρονεῖς;
1673 2058 1756 2110 ὅτι
1803 2057 2119 2127 κατορθοῖςι

548 2145 814 2197 ’Ἄκουσον
842 2141 937 2196 τοῦ
966 2142 1205 2214 Χριστοῦ
1259 2142 1533 2209 λέγοντος·
1592 2141 1780 2194 ’Ὅταν
1828 2141 2122 2209 ποιήσητε

543 2225 762 2290 πάντα,
791 2225 1002 2295 λέγετε
1030 2226 1119 2278 ὅτι
1165 2224 1406 2293 Ἀχρεῖοι
1437 2223 1648 2279 δοῦλοί
1677 2226 1897 2292 ἐσμεν-δ
1932 2223 1970 2277 ἁ
2013 2225 2122 2292 γὰρ

543 2310 880 2379 ὠφείλομεν
908 2307 1634 2376 ποιῆσαι,πεποιήκαμεν.
1693 2306 1858 2362 Ἀ).λά
1902 2307 1990 2360 διὰ
2031 2308 2121 2360 τὸν

545 2394 776 2447 πλοῦτον
802 2393 945 2463 μέγα
972 2393 1217 2462 φρονεῖςς
1245 2391 1335 2444 διὰ
1354 2392 1426 2454 τί,
1455 2393 1576 2443 εἰπέ
1605 2408 1730 2462 μοι;
1756 2393 1858 2444 οὐκ
1880 2392 2122 2466 ήκουσας

544 2478 625 2531 ὅτι
639 2476 1172 2548 γυμνοὶείσήλθομεν
1187 2476 1267 2537 είς
1288 2471 1403 2545 [‘21]
1420 2475 1509 2526 τὸν
1525 2473 1657 2543 βίον,
1674 2473 1873 2543 γυμνοὶ
1885 2474 2120 2528 καὶάπὲδ

545 2561 853 2632 λευσόμεθα
874 2580 888 2628 ;
910 2561 1108 2632 μᾶλλον
1133 2559 1321 2630 δὲ,ούχ
1338 2559 1469 2631 ὁρᾷς
1485 2560 1610 2623 τοὺς
1634 2558 1740 2631 πρὸ
1761 2556 1856 2612 σοῦ
1877 2558 2121 2632 ἐρήμους

546 2647 644 2701 καὶ
656 2647 898 2717 γυμνοὺς
914 2645 1245 2708 ἀπελθόντας
1269 2661 1283 2708 ;
1311 2645 1403 2707 Τίς
1423 2646 1491 2698 τὰ
1514 2643 1773 2714 ἀλλότρια
1795 2645 1935 2716 ἔχων
1975 2646 2120 2715 μέγα

545 2733 770 2802 φρονεῖς
793 2730 857 2782 Οἰ
877 2727 985 2799 γὰρ
1012 2728 1327 2799 βουλόμενοι
1350 2728 1532 2790 αὐτοῖς
1550 2727 1788 2799 χρῆσθαι
1807 2731 1888 2793 είς
1909 2730 2120 2782 οἰκείαν

549 2814 716 2888 μόνην
747 2811 1073 2873 ἀπόλαυσιν,
1094 2810 1458 2882 ἀφαιροῦνται
1481 2811 1621 2863 αὐτὰ
1638 2812 1733 2863 καὶ
1755 2810 2002 2876 ἄκοντες,
2027 2813 2123 2866 καὶ

546 2895 654 2967 πρὸ
682 2895 781 2965 μὲν
801 2895 900 2966 τῆς
913 2894 1170 2965 τελευτῆς
1188 2894 1472 2958 πολλάκις,
1490 2895 1550 2948 ὲν
1580 2895 1638 2949 δὲ
1655 2898 1721 2966 τῇ
1741 2896 1967 2967 τελευτῇ
1993 2896 2123 2951 πάνυ

543 2997 670 3043 τως.
699 2979 1014 3050 Ἀλλ’ήμεῖς
1031 2978 1235 3043 ζῶντες
1257 2979 1460 3043 αὐτοῖς,
1484 2981 1672 3050 φησιν,
1691 2980 1766 3044 ώς
1789 2979 2118 3050 βουλόμεθα,

544 3061 828 3134 χρώμεθα.
856 3060 1108 3116 Μάλιστα
1140 3061 1238 3131 μὲν
1291 3062 1480 3115 οὐδένα
1513 3063 1580 3123 ἀν
1630 3081 1714 3126 τις
1750 3065 1845 3117 ἴδοι
1881 3064 2118 3135 ταχέως,

545 3145 620 3208 ὡς
652 3144 922 3215 βούλεται,
951 3147 1063 3208 τοῖς
1089 3143 1208 3199 οὖσι
1227 3144 1513 3216 χρώμενον
1542 3163 1556 3177 ·
1589 3147 1636 3199 εἰ
1657 3147 1714 3200 δέ
1741 3163 1826 3210 τις
1847 3148 1942 3201 καὶ
1979 3147 2123 3218 χρῷ-

542 3243 605 3281 το
633 3227 708 3292 ώς
730 3227 998 3299 βούλεται,
1028 3229 1148 3282 οὐδὲ
1179 3231 1336 3282 τοῦτο
1369 3233 1515 3299 μέγα
1541 3245 1552 3258 ’
1576 3229 1944 3301 βραχὺςγὰρό
1974 3248 2119 3302 παρ-

542 3310 616 3364 ών
675 3313 864 3383 καιρὸς
911 3312 1046 3383 πρὸς
1092 3313 1219 3377 τοὺς
1277 3313 1485 3376 αἰῶνας
1546 3315 1673 3377 τοὺς
1705 3312 2119 3385 ἀτελευτήτους.

542 3395 703 3464 Μέγα
737 3397 975 3467 φρονεῖς,
1001 3395 1277 3468 ἄνθρωπε,
1309 3397 1390 3449 ὅτε.
1422 3396 1708 3461 πλουτεῖςς
1737 3397 1880 3462 τίνος
1909 3397 2118 3462 ’ἐνεκενς

541 3477 702 3532 τοῦτο
729 3481 838 3550 γὰρ
855 3481 950 3532 καὶ
968 3479 1194 3550 λῃσταῖς
1208 3480 1580 3550 παραγίνεται
1609 3481 1706 3533 καὶ
1730 3481 1992 3545 κλέπταις
2025 3483 2119 3537 καὶ

541 3560 891 3630 ἀνδροφόνοις
922 3563 1013 3614 καὶ
1051 3563 1318 3631 μαλακοῖς
1337 3562 1429 3615 καὶ
1457 3564 1679 3631 πόρνοις
1717 3565 1810 3616 καὶ
1836 3565 1970 3617 πᾶσι
2006 3567 2118 3627 τοῖς

543 3648 823 3716 πονηροῖς.
851 3646 952 3698 Διὰ
980 3647 1030 3697 τι
1070 3642 1166 3698 οὖν
1203 3646 1346 3714 μέγα
1371 3648 1629 3714 φρονεῖς;
1662 3647 1724 3698 Εἰ
1767 3646 1866 3715 μὲν
1895 3647 2005 3716 γὰρ
2040 3649 2120 3710 εἰς

540 3727 661 3781 δέον
687 3727 836 3798 αὑτῷ
861 3728 1153 3806 κέχρησαι,
1178 3729 1278 3782 οὐκ
1307 3728 1545 3798 ὀφείλεις
1579 3727 1721 3798 μέγα
1766 3730 2007 3797 φρονεῖν,
2033 3729 2121 3782 ἵνα

544 3812 621 3882 μή
645 3810 863 3883 λυμήνῃ
893 3801 992 3882 τὴν
1015 3801 1236 3884 ἐντολήν
1260 3829 1272 3842 ·
1305 3814 1353 3864 εἰ
1395 3811 1451 3864 δὲ
1491 3812 1591 3864 οὐκ
1641 3813 1720 3872 εἰς
1765 3811 1903 3877 δέον,
1944 3811 2120 3883 ταύτῃ

541 3895 783 3967 μάλιστα
814 3895 1200 3949 συστέλλεσθαι
1247 3897 1347 3963 δεῖ,
1396 3897 1477 3948 ὅτι
1525 3895 1710 3958 δοῦλος
1749 3894 1981 3962 γέγονας
2009 3895 2118 3947 τῶν

539 3981 838 4051 χρημάτων
892 3981 985 4034 καὶ
1035 3981 1330 4050 κτημάτων
1395 3981 1488 4031 καὶ
1544 3981 1721 4049 κρατῇ
1779 3978 1870 4030 ὑπ’
1914 3978 2114 4032 αὐτῶν.

540 4065 678 4118 Εἰπὲ
712 4065 820 4135 γάρ
863 4081 974 4134 μοι,
1004 4066 1056 4116 εἰ
1089 4081 1174 4125 τις
1216 4062 1502 4132 πυρέττων
1555 4061 1706 4132 ὕδωρ
1744 4060 1924 4114 ἐκπίοι
1958 4061 2114 4124 πολὺ,

535 4147 600 4200 τὸ
629 4147 765 4217 πρὸς
798 4147 969 4217 βραχὺ
1001 4147 1099 4216 μὲν
1144 4146 1396 4199 σϐεννύον
1418 4145 1515 4216 τὴν
1546 4145 1726 4214 δίψαν,
1777 4143 2006 4215 ὕστερον
2061 4145 2118 4198 δὲ

539 4229 778 4282 ἀνάπτον
806 4230 905 4302 τὴν
939 4230 1134 4301 φλόγα,
1191 4229 1334 4299 μέγα
1387 4229 1591 4298 ὀφείλει
1646 4231 1866 4299 φρονεῖν
1893 4247 1907 4295 ;
1938 4230 2004 4282 Τί
2035 4229 2114 4293 δὲ,

535 4313 595 4366 εί
619 4329 704 4376 τις
738 4313 958 4369 πλείονα
989 4313 1262 4385 φροντίζει
1280 4314 1424 4384 εἰκῆ,
1448 4314 1534 4366 διὰ
1561 4313 1722 4367 τοῦτο
1749 4313 1954 4381 ὀφείλει
1976 4314 2117 4383 μέγα

540 4402 794 4470 φρονεῖν;
823 4399 921 4453 Διά
947 4400 1021 4465 τί,
1051 4400 1172 4452 εἰπέ
1197 4417 1286 4469 μοι
1310 4398 1544 4470 ςὲπειδὴ
1573 4397 1804 4460 πολλοὺς
1845 4395 1988 4466 ἔχεις
2031 4397 2117 4450 δε⁴

519 4482 748 4550 σπότας
766 4499 780 4548 ;
801 4483 990 4554 ἐπειδὴ
1010 4483 1211 4553 μυρίας
1230 4481 1500 4553 μερίμνας
1517 4500 1531 4547 ;
1552 4481 1740 4551 ἐπειδὴ
1759 4479 2114 4534 κολακεύουσί

544 4584 602 4620 σε
631 4567 848 4631 πολλοί;
896 4566 1060 4619 Ἀλλά
1087 4566 1247 4619 τοῦτο
1275 4566 1549 4620 δουλεύειν
1579 4565 1714 4619 ὲστί.
1753 4563 1862 4619 και
1891 4567 1978 4618 ἵνα
2010 4565 2113 4635 μά-

533 4649 680 4721 θῃςι
707 4651 788 4704 ὅτι
810 4650 1082 4714 δουλεύεις
1105 4650 1308 4713 αὐτοῖς,
1325 4649 1488 4703 ἄκουε
1515 4648 1730 4718 σαφῶς⁹
1757 4649 1822 4701 τὰ
1851 4649 1984 4702 ἄλλα
2006 4649 2114 4701 τῶν

539 4735 732 4789 παθῶν
759 4734 867 4788 τῶν
893 4735 952 4787 ὲν
980 4736 1112 4805 ήμῖν
1140 4733 1290 4786 εστιν
1311 4735 1444 4787 ὃπου
1475 4733 1724 4804 χρήσιμά
1750 4735 1919 4796 ἐστιν,
1945 4729 2056 4785 οἷον
2081 4734 2115 4803 ή

536 4819 682 4889 ὀργὴ
715 4817 988 4888 πολλαχοῦ
1021 4817 1290 4889 χρησίμη·
1323 4817 1518 4886 Θυμὸς
1538 4816 1666 4886 γὰρ,
1694 4818 1878 4885 φησιν,
1908 4814 2116 4894 ἄδικος

539 4907 650 4957 οὐκ
666 4903 1105 4970 ἁθίιιίοόἰήοτται⁶
1121 4901 1263 4955 ὥστε
1275 4901 1392 4954 ἔστι
1411 4902 1505 4954 καὶ
1522 4901 1748 4962 δικαίως
1765 4901 1827 4952 θυ
1837 4900 2108 4970 μωθῆναι.

536 4988 648 5040 Καὶ
680 4987 864 5051 πάλιν,
902 4988 956 5039 '0
983 4985 1354 5062 ὀργιζόμενος
1375 4985 1454 5052 τῷ
1482 4983 1722 5054 ἁδελφῷ
1744 4985 1931 5038 αὑτοῦ
1958 4983 2113 5052 είκῆ,

533 5071 756 5141 ηένοχος
781 5071 968 5125 ἔσται.
987 5069 1062 5138 τῇ
1093 5070 1326 5141 γεέννῃ.
1357 5070 1526 5125 Πάλιν
1542 5070 1570 5122 ὀ
1591 5068 1752 5139 ζῆλος
1770 5068 1932 5121 καλὸν
1964 5069 2056 5120 καὶ
2083 5069 2115 5138 ή

542 5155 831 5227 ἐπιθυμία,
855 5157 890 5226 ὴ
918 5156 1036 5226 μὲν,
1067 5157 1197 5209 ὃταν
1227 5157 1306 5217 εἰς
1335 5153 1684 5208 παιδοποιίαν
1705 5153 1944 5223 γίνηται,
1977 5154 2004 5206 ὀ
2034 5151 2110 5214 δὲ,

538 5243 670 5295 ὅταν
705 5240 841 5312 πρὸς
875 5241 943 5294 τά
986 5239 1127 5292 καλὰ
1162 5239 1260 5309 τήν
1291 5239 1524 5310 μίμησιν
1561 5237 1588 5275 ιι
1617 5235 1737 5307 ἔχῃ.
1777 5237 1988 5307 Ὠσπερ
2019 5235 2115 5288 καὶ
2141 5246 2152 5253 ‘

540 5324 753 5388 Παῦλος
769 5323 938 5390 λέγει’
960 5323 1163 5377 Καλὸν
1178 5321 1246 5375 δὲ
1268 5322 1332 5375 τὸ
1355 5319 1678 5388 ζηλοῦσθαι
1697 5321 1765 5372 ἐν
1781 5319 1945 5385 καλῷ
1965 5319 2116 5373 πάνυ

540 5423 694 5463 τοτε·
732 5408 828 5460 καὶ
859 5405 1044 5473 πάλιν,
1069 5405 1333 5472 Ζηλοῦτε
1359 5406 1430 5458 τὰ
1457 5405 1797 5474 χαρίσματα
1823 5403 1894 5456 τὰ
1919 5403 2113 5472 κρείτ-

542 5507 711 5546 τονα.
744 5487 911 5543 Ὥστε
945 5490 1232 5560 ἀμφότερα
1257 5489 1522 5560 χρήσιμα.
1565 5488 1629 5541 Ἦ
1675 5487 1860 5558 μέντοι
1891 5487 2115 5540 ἀπόνοια

541 5572 780 5644 οὐδαμοῦ
821 5573 1004 5640 καλὸν,
1031 5573 1168 5628 ἀλλὰ
1193 5572 1472 5642 πανταχοῦ
1499 5572 1774 5645 ἄχρηστον
1799 5572 1892 5626 καί
1921 5570 2114 5642 βλαϐε-

581 5786 629 5861 ,⁸
653 5787 1182 5861 [ωε-φηορηεευιί-οηιο
1210 5790 1440 5845 Μιιιίιιηο.
1465 5789 1649 5844 πολλοῖς
1674 5791 1856 5853 καὶγὰρ
1880 5789 2112 5848 δουλεύεις

537 5853 717 5915 αὐτοῖς.
746 5853 838 5899 Καὶ
871 5853 964 5915 ἵνα,
983 5854 1145 5915 μάθῃς.
2123 5860 2126 5864 ’

601 5914 629 5952 δ
655 5913 749 5962 Τὸν
771 5915 908 5971 ζῆλον
941 5913 1103 5965 iidem}

2230 479 2340 548 ρόν.
2363 479 2482 552 [εει]
2507 483 2653 552 Πλὴν
2677 484 2725 537 εί
2743 483 2825 537 δεῖ
2851 485 2993 554 μέγα
3009 484 3248 554 φρονεῖν,
3269 480 3362 536 ἐπὶ
3383 479 3564 551 πενίᾳ,
3581 479 3682 534 οὐκ
3707 480 3797 533 ἐπὶ

2233 561 2448 631 πλούτῳ
2474 563 2572 619 δεῖ.
2593 566 2690 619 Διά
2711 583 2763 618 τι
2783 584 2798 632 ;
2817 567 2940 618 Ὅτι
2965 569 2993 620 ὀ
3027 568 3085 618 έν
3108 564 3309 632 ὀλίγοις
3339 563 3440 632 ζῇν
3483 562 3797 631 δυνάμενος,

2227 645 2320 699 τοῦ
2355 648 2430 717 μὴ
2450 648 2750 719 δυναμένου
2785 649 2964 720 πολλῷ
2984 647 3190 718 μείζων
3221 647 3316 701 καὶ
3345 645 3610 717 κρείττων
3630 645 3796 698 ἐστίν.

2291 730 2424 784 Εἰπὲ
2469 732 2578 802 γάρ
2633 733 3145 804 μοι,εἰκληθέντων
3174 732 3257 791 είς
3312 729 3599 800 βασιλικὴν
3647 729 3797 783 πόλιν

2227 813 2409 876 τινῶν,
2437 816 2487 867 οἱ
2516 816 2614 885 μὲν
2637 814 2818 869 αὐτῶν
2847 817 2981 885 μήτε
3009 812 3322 881 ὑποζυγίων
3380 813 3600 878 δέοιντο,
3661 813 3796 882 μήτε

2227 895 2473 962 οἰκετῶν,
2499 899 2634 967 μήτε
2659 899 2939 960 σκιαδίων,
2964 899 3102 968 μήτε
3119 895 3503 963 καταγωγίων,
3525 896 3660 965 μήτε
3679 896 3800 948 ὑπο-

2227 978 2506 1048 δημάτων,
2541 982 2679 1053 μήτε
2732 981 2962 1042 σκευῶν,
2998 979 3114 1035 ἀλλ’
3145 979 3360 1048 ἀπόχρη
3411 979 3595 1042 αὐτοῖς
3641 981 3800 1050 ἄρτον

2232 1061 2393 1131 μόνον
2415 1063 2582 1132 ἔχειν,
2602 1065 2694 1116 καὶ
2717 1062 2861 1132 ὕδωρ
2879 1067 2943 1116 ἐκ
2963 1062 3071 1116 τῶν
3096 1061 3288 1132 πηγῶν
3310 1061 3374 1113 λα
3384 1060 3610 1130 μϐάνειν
3635 1079 3649 1093 ·
3667 1063 3802 1114 ἐκεῖ·

2228 1144 2387 1197 νοιδὲ
2413 1144 2644 1213 λέγοιεν,
2680 1147 2761 1199 ὅτι
2801 1147 2932 1200 Ἐὰν
2970 1146 3046 1216 μὴ
3073 1144 3170 1200 καὶ
3213 1144 3468 1214 ὀχήματα
3519 1143 3656 1197 δῶτε
3707 1146 3801 1198 καὶ

2231 1228 2520 1298 στρωμνὴν
2543 1229 2778 1297 ἁπαλὴν,
2811 1229 2872 1281 οὐ
2899 1227 3180 1298 δυνάμεθα
3225 1227 3656 1298 παραγενέσθαι,
3707 1229 3801 1282 ἐὰν

2233 1311 2307 1380 μὴ
2335 1311 2428 1363 καὶ
2459 1311 2686 1375 πολλοὺς
2715 1312 2927 1382 ἔχωμεν
2950 1313 3077 1376 τοὺς
3105 1309 3536 1373 ἀκολουθοῦντας
3559 1351 3575 1377 ,
3603 1310 3699 1364 ἐὰν
3727 1310 3800 1381 μή

2231 1393 2468 1463 συνεχῶς
2525 1395 2618 1465 ἐξῇ
2666 1394 3129 1458 διαναπαύεσθαι,
3155 1395 3215 1448 οὐ
3244 1392 3540 1463 δυνάμεθα.
3571 1393 3666 1447 ἐὰν
3725 1395 3800 1466 μή

2230 1472 2545 1541 ὑποζυγίοις
2569 1474 2851 1546 χρώμεθα,
2881 1474 2976 1528 καὶ
3008 1474 3204 1544 μικρὸν
3231 1471 3507 1540 ὀδεύωμεν
3537 1472 3638 1542 τῆς
3661 1475 3799 1542 ἡμέε-

2233 1574 2330 1627 ρας
2360 1559 2526 1629 μέρος
2551 1575 2565 1588 ·
2593 1558 2675 1611 δεῖ
2699 1558 2756 1612 δὲ
2786 1560 2916 1630 ἡμῖν
2946 1558 3039 1612 καὶ
3072 1558 3276 1628 ἐτέρων
3321 1556 3585 1610 πλειόνων
3605 1573 3618 1586 ·
3650 1559 3801 1622 τίνας

2231 1641 2297 1694 ἂν
2348 1641 2776 1712 θαυμάσαιμεν;
2810 1641 3078 1704 ἐκείνους,
3128 1641 3161 1713 ἢ
3213 1640 3474 1708 τούτους;
3507 1640 3675 1710 Δῆλον
3721 1642 3801 1696 ὅτι

2226 1723 2446 1788 τούτους
2465 1727 2590 1789 τοὺς
2610 1726 2824 1788 οὐδενὸς
2841 1726 3151 1794 δεομένους.
3173 1724 3330 1778 Οὕτω
3346 1723 3410 1794 δή
3435 1727 3528 1777 καὶ
3545 1725 3798 1790 ἐνταῦθα,

2227 1807 2274 1861 οἱ
2305 1807 2405 1877 μὲν
2432 1809 2568 1878 πρὸς
2595 1809 2693 1876 τὴν
2722 1809 2840 1862 ὁδὸν
2861 1809 2952 1862 τοῦ
2975 1809 3091 1880 βίου
3112 1809 3301 1862 τούτου
3327 1808 3536 1861 πολλῶν
3565 1808 3798 1875 δέονται,

2225 1892 2273 1943 οἰ
2304 1891 2360 1944 δὲ
2386 1892 2620 1957 οὐδενός.
2657 1894 2820 1946 Ὥστε
2849 1894 3016 1956 τοὺςο
3051 1893 3144 1946 ἐπὶ
3185 1892 3344 1964 πενίᾳ
3377 1891 3581 1962 μᾶλλον
3634 1893 3803 1963 ἐχρῆν

2229 1973 2369 2044 μέγα
2393 1978 2630 2046 φρονεῖν,
2655 1978 2709 2030 εἴ
2724 1994 2786 2045 γε
2811 1977 2902 2030 καὶ
2929 1976 3114 2047 ἐχρῆν.
3142 1975 3282 2028 Ἀλλ’
3317 1975 3799 2047 εὐκαταφρόνητός

2224 2058 2374 2116 ἔστιν
2409 2059 2437 2110 ὀ
2465 2059 2653 2128 πένης,
2711 2058 2895 2130 φησίν.
2948 2061 3062 2112 Οὐκ
3106 2059 3337 2122 ἐκεῖνος,
3370 2057 3487 2111 ἀλλ’
3517 2060 3567 2112 οἰ
3610 2058 3803 2112 τούτου

2227 2141 2716 2211 καταφρονοῦντες.
2751 2141 2849 2195 Διά
2876 2141 2928 2194 τί
2963 2145 3072 2214 γαρ
3094 2139 3204 2209 ἐγὼ
3237 2142 3310 2210 μὴ
3340 2141 3669 2212 καταφρονῶ
3695 2140 3804 2194 τῶν

2216 2221 2323 2276 ούκ
2352 2224 2572 2278 εἰδότων
2605 2224 2907 2295 θαυμάζειν
2937 2225 2973 2279 ἃ
2999 2225 3102 2296 χρή
3127 2243 3140 2288 ;
3183 2222 3323 2276 Ἀλλ’
3345 2224 3410 2277 ἂν
3446 2224 3546 2295 μὲν
3590 2225 3804 2296 ζωγρά-

2225 2302 2376 2379 φοςῇ
2409 2324 2516 2371 τις,
2548 2307 2768 2362 πάντων
2802 2308 3241 2374 καταγελάσεται
3272 2307 3381 2359 τῶν
3442 2307 3804 2362 σκωπτόντων

2223 2389 2406 2454 αὐτὸν,
2443 2390 2549 2454 ἓως
2569 2391 2634 2444 ἂν
2664 2385 2796 2443 ὦσιν
2829 2389 3082 2461 ἀμαθεῖς,
3116 2391 3209 2442 καὶ
3237 2389 3359 2442 οὔτε
3397 2387 3532 2458 πρὸς
3562 2390 3630 2443 τά
3674 2389 3805 2460 παρ’

2225 2473 2447 2525 ἐκείνων
2475 2473 2742 2543 λεγόμενα
2771 2475 3183 2544 ἐπιστρέφεται,
3221 2471 3356 2526 ἀλλὰ
3384 2475 3449 2543 τῇ
3479 2472 3673 2526 ἑαυτοῦ
3702 2473 3803 2544 ἀρ-

2225 2558 2402 2610 κεῖται
2462 2557 2946 2630 μαρτυρίᾳ·ήμεῖς
2968 2557 3024 2610 δὲ
3053 2559 3154 2629 τῆς
3210 2557 3318 2610 τῶν
3375 2556 3586 2609 πολλῶν
3646 2556 3804 2628 δόξης

2222 2640 2596 2714 ἐξαρτήσομεν
2653 2639 2914 2704 έαυτούς;
2948 2642 3040 2694 καὶ
3095 2639 3198 2695 ποῦ
3247 2639 3422 2694 ταῦτα
3470 2639 3806 2712 συγγνώμης

2223 2727 2349 2793 ἄξια
2376 2743 2389 2792 ;

2288 2807 2386 2862 Διὰ
2438 2807 2596 2862 τοῦτό
2665 2807 2832 2876 ὲσμεν
2894 2806 3034 2871 ἄξιοι
3113 2805 3618 2878 καταφρονεῖσθαι,
3675 2806 3807 2860 ὅταν

2222 2893 2331 2947 τῶν
2359 2890 2849 2965 καταφρονούντων
2869 2891 3028 2962 ήμῶν
3062 2891 3151 2944 διὰ
3177 2891 3277 2962 τὴν
3303 2891 3495 2945 πενίαν
3531 2891 3605 2962 μή
3637 2907 3808 2945 κατα-

2226 2977 2538 3049 φρονῶμεν,
2577 2977 2714 3048 μηδὲ
2745 2975 3128 3046 ταλανίςωμεν
3155 2974 3374 3040 αὐτούς.
3408 2975 3521 3028 Καὶ
3563 2975 3805 3046 παρίημι

2223 3063 2326 3114 ὅσα
2352 3061 2452 3131 μὲν
2481 3061 2856 3132 ἁμαρτήματα
2891 3058 2998 3115 ἀπὸ
3026 3057 3128 3116 τοῦ
3157 3057 3388 3116 πλούτου
3411 3057 3673 3124 τίκτεται,
3705 3059 3816 3114 ὅσα

2225 3144 2280 3197 δὲ
2310 3143 2494 3212 ἀγαθά
2520 3145 2628 3216 ἀπὸ
2651 3146 2752 3215 τῆς
2803 3146 2998 3212 πενίας
3017 3163 3030 3176 ’
3065 3145 3267 3218 μᾶλλον
3297 3146 3353 3199 δὲ
3385 3145 3502 3200 οὐδὲ
3553 3145 3802 3210 πλοῦτκ.

2223 3227 2344 3280 οὐδὲ
2372 3228 2534 3281 πενία
2552 3226 2676 3282 καθ’
2707 3229 2870 3284 ἑαυτὸ
2885 3229 3071 3294 καλὸν,
3098 3229 3238 3284 ἀλλὰ
3263 3230 3415 3302 παρά
3430 3229 3557 3294 τοὺς
3583 3231 3803 3300 χρωμέ-

2222 3328 2346 3375 νους
2368 3309 2582 3380 τούτῳά
2618 3312 2849 3380 γίνεται.
2883 3311 2941 3365 '0
2972 3313 3298 3384 Χριστιανὸς
3323 3313 3543 3384 δόκιμος
3567 3315 3623 3365 ὲν
3643 3313 3806 3385 πενία

2227 3395 2428 3466 μᾶλλον
2461 3395 2822 3465 διαφαίνεται,
2853 3396 2886 3466 ἢ
2909 3398 2967 3448 ἐν
2990 3397 3068 3467 τῷ
3099 3396 3333 3469 πλούτῳ.
3357 3396 3482 3460 Πῶς
3503 3414 3518 3462 ;
3538 3398 3623 3452 Ἑν
3643 3397 3803 3467 πενίᾳ

2228 3480 2327 3549 μὲν
2359 3478 2470 3548 γὰρ
2500 3479 2575 3530 ὢν
2605 3479 2940 3550 ἀτυφότερος
2969 3479 3120 3532 ἔσται
3141 3517 3157 3544 ,
3223 3481 3680 3553 σωφρονέστερος.
3712 3497 3804 3534 σε·

2227 3561 2505 3633 μνότερος,
2527 3563 2955 3630 ἐπιεικέστερος,
2981 3561 3350 3633 συνετώτερος
3375 3580 3386 3592 ·
3406 3565 3464 3618 ὲν
3480 3565 3557 3636 τῷ
3588 3565 3800 3636 πλούτῳ

2222 3645 2278 3698 δὲ
2312 3645 2510 3714 μένων,
2537 3643 2708 3697 πολλά
2740 3644 2876 3713 πρὸς
2905 3643 3078 3695 ταῦτα
3101 3643 3294 3712 ἔχειτὰ
3316 3647 3632 3717 κωλύματα.
3657 3649 3805 3701 Ἰδώ-

2226 3744 2325 3796 μεν
2349 3725 2442 3780 οὖν
2472 3727 2596 3781 τίνα
2641 3726 2790 3778 ἐστὶν
2811 3725 2846 3779 ἃ.
2876 3727 2904 3778 ὀ
2933 3725 3188 3789 πλούσιος
3245 3729 3558 3798 ἐργάζεται,
3606 3731 3810 3803 μᾶλλον

2221 3811 2279 3863 δὲ
2304 3813 2333 3863 ὀ
2348 3810 2533 3873 κακῶς
2558 3809 2636 3880 τῷ
2652 3808 2867 3879 πλούτῳ
2887 3809 3249 3879 κεχρημένος.
3266 3811 3512 3876 Ἐκεῖνος
3542 3814 3808 3886 ἁρπάζει,

2223 3893 2554 3956 πλεονεκτεῖ,
2586 3892 2855 3963 βιάζεται.
2894 3891 3008 3964 [25]
3043 3892 3109 3946 Τί
3128 3893 3216 3946 δαί
3239 3909 3253 3958 ;
3284 3895 3413 3956 τοὺ-ς
3441 3894 3654 3966 ἔρωτας
3679 3900 3816 3963 τοὺς

2221 3976 2478 4039 ἀτόπους,
2495 3976 2594 4039 τὰς
2614 3976 2907 4048 ἀθεμίτους
2925 3975 3124 4046 μίξεις,
3142 3976 3242 4039 τὰς
3258 3976 3533 4046 γοητείας,
3547 3978 3646 4042 τὰς
3669 3997 3816 4052 φαρ-

2225 4058 2476 4130 μακείας,
2511 4059 2581 4112 τὰ
2612 4058 2748 4113 ἄλλα
2779 4060 2958 4114 πάντα
2991 4059 3139 4112 δεινά
3182 4060 3284 4113 οὐκ
3312 4061 3421 4114 ἀπὸ
3447 4060 3542 4113 τοῦ
3571 4061 3812 4117 πλούτου

2221 4145 2473 4216 εὑρήσεις
2501 4143 3012 4214 τικτόμεναςὉρᾷς
3046 4144 3128 4197 ὅτι
3157 4146 3214 4197 ἐν
3240 4145 3400 4216 πενίᾳ
3434 4147 3636 4217 μᾶλλον
3674 4149 3812 4202 ἁκο-

2222 4227 2467 4298 πώτερόν
2491 4228 2661 4292 ἐστιν,
2696 4227 2730 4297 ἢ
2771 4229 2827 4280 ὲν
2855 4227 3076 4298 πλούτῳ
3100 4227 3200 4297 τὴν
3264 4230 3465 4301 ἀρετὴν
3523 4233 3808 4300 μετιέναις

2220 4311 2310 4382 Μὴ
2349 4311 2458 4382 γάρ
2509 4327 2618 4382 μοι,
2672 4310 2858 4380 ἐπειδὴ
2919 4310 3076 4380 δίκην
3111 4313 3171 4364 οὐ
3198 4311 3433 4365 διδόασιν
3484 4312 3721 4368 ἐνταῦθα
3755 4317 3809 4368 οἰ

2221 4394 2488 4456 πλούσιοι,
2511 4395 2743 4464 νομίσῃς
2765 4394 2966 4457 αὐτοὺς
2993 4393 3127 4464 μηδὲ
3151 4395 3490 4466 ἁμαρτάνειν
3518 4413 3534 4428 ·
3564 4398 3639 4462 ώς
3667 4400 3720 4452 εἰ
3740 4416 3807 4468 γε

2219 4474 2288 4549 ἦν
2329 4477 2553 4532 εὔκολον
2598 4477 2858 4531 πλούσιον
2907 4477 3065 4547 δίκην
3120 4478 3346 4541 διδόναι,
3375 4481 3438 4533 ὲκ
3492 4480 3696 4534 τούτων
3736 4482 3809 4534 ἂν

2221 4556 2377 4633 εὗρες
2411 4561 2844 4633 ἐμπεπλησμένα
2871 4562 2940 4614 τὰ
2968 4561 3346 4634 δεσμωτήρια·
3375 4563 3510 4616 ἀλλὰ
3540 4565 3810 4632 μετὰτῶν

2184 4678 2193 4687 ·
2219 4647 2394 4702 ἄλλων
2420 4649 2512 4700 καὶ
2535 4646 2692 4700 τοῦτο
2720 4647 2834 4717 ἔχει
2884 4647 3056 4701 κακὸν
3085 4647 3114 4699 ὀ
3137 4647 3395 4713 πλοῦτος,
3429 4650 3514 4702 ὅτι
3545 4651 3603 4701 ὲν
3633 4664 3809 4722 πονη-

2225 4730 2316 4801 ρίᾳ.
2379 4730 2690 4802 ἀτιμώρητὶ
2737 4730 3078 4801 πλημμελῶν
3108 4732 3138 4784 ό
3170 4730 3364 4785 τοῦτον
3419 4734 3763 4804 κεκτημένος
3789 4773 3806 4797 ,

2219 4814 2476 4868 οὐδέποτε
2509 4815 2766 4885 στήσεται
2789 4815 2952 4869 τοῦτο
2979 4813 3176 4879 ποιῶν,
3198 4814 3338 4868 ἀλλά
3367 4815 3598 4886 λήψεται
3629 4816 3809 4887 τραύ-

2224 4917 2371 4968 ματα
2403 4897 2534 4952 ἄνευ
2566 4898 2903 4969 φαρμάκων,
2927 4900 3025 4952 καὶ
3060 4899 3279 4968 χαλινὸν
3336 4899 3512 4963 οὐδεὶς
3550 4899 3809 4970 ἐπιθήσει

2221 4986 2389 5055 αὐτῷ.
2421 4987 2484 5038 Εἰ
2517 4985 2573 5038 δὲ
2601 4984 2842 5054 βούλοιτό
2873 5001 2957 5048 τις
2983 5024 2998 5045 .
3026 4987 3120 5038 καὶ
3161 4985 3299 5056 πρὸς
3327 4985 3520 5054 ἡδονὴν
3574 4987 3807 5054 εὑρήσει

2219 5072 2320 5140 τὴν
2344 5071 2534 5124 πενίαν
2582 5069 2801 5134 πλείους
2829 5071 3179 5139 παρέχουσαν
3228 5072 3362 5140 ἡμῖν
3399 5071 3496 5133 τὰς
3525 5070 3805 5140 ἀφορμάς.

2219 5155 2383 5219 Πῶς;
2416 5155 2539 5205 Ὀτι
2568 5151 2865 5222 φροντίδων
2902 5153 3273 5223 ἀπήλλακται,
3333 5153 3546 5222 μίσους,
3595 5153 3804 5222 μάχης,

2220 5237 2576 5306 φιλονεικίας,
2603 5235 2800 5308 ἔριδος,
2846 5239 3058 5308 μυρίων
3086 5237 3298 5292 δεινῶν.
3340 5238 3435 5307 Μὴ
3493 5238 3674 5290 τοίνυν
3711 5237 3798 5289 δι-

2217 5321 2346 5374 ώκω
2354 5338 2451 5390 μεν
2469 5320 2530 5374 τὸ
2541 5321 2811 5388 πλουτεῖν,
2822 5321 2956 5392 μηδὲ
2971 5321 3196 5385 τούτους
3213 5320 3549 5391 ξηλώσωμεν
3563 5323 3650 5374 ἀεὶ
3667 5323 3801 5384 τοὺς

2220 5405 2389 5458 πολλὰ
2419 5405 2792 5476 κεκτημένους
2816 5422 2830 5436 ν
2858 5404 2973 5458 ἀλλ’
2999 5407 3049 5458 οἰ
3068 5406 3166 5475 μὲν
3181 5405 3417 5476 ἔχοντες,
3453 5407 3532 5468 εἰς
3558 5406 3678 5457 δέον
3708 5404 3797 5474 τῷ

2217 5489 2434 5560 πλούτῳ
2462 5486 2724 5559 χρώμεθα
2743 5504 2758 5518 ο
2787 5490 2837 5541 οἰ
2865 5488 2922 5541 δὲ
2961 5487 3036 5558 μὴ
3070 5488 3308 5558 ἔχοντες,
3334 5488 3407 5559 μή
3429 5488 3686 5556 ἀλγῶμεν
3707 5487 3806 5540 διὰ

2217 5575 2391 5637 τοῦτο,
2441 5573 2556 5628 ἀλλ’
2607 5572 3022 5643 εὐχαριστῶμεν
3072 5572 3212 5641 ὑπὲρ
3269 5572 3533 5625 ἁπάντων
3550 5568 3801 5641 τῷθεῷ,

2217 5658 2300 5712 ὅτι
2326 5659 2472 5729 ἡμᾶς
2505 5660 2560 5710 ὲν
2591 5655 2760 5726 ὀλίγῳ
2785 5655 2931 5726 πόνῳ
2960 5653 3052 5707 τὸν
3075 5655 3241 5706 αὑτὸν
3270 5655 3381 5718 τοῖς
3428 5651 3724 5718 πλουσίοις,
3762 5653 3802 5723 ἢ

2282 5865 2302 5891 ε
2336 5849 2611 5902 Articulum
2637 5851 2808 5900 delere
2828 5849 2972 5910 jubet
3000 5840 3215 5900 Dudum:

2277 5913 2303 5955 ι
2324 5915 2509 5966 Forsan
2528 5913 2791 5979 legendum
2813 5910 2954 5960 τοῦτο
