4060 6440
278 352 348 406 25
1139 354 1207 410 IN
1240 353 1459 410 EPIST.
1500 353 1591 407 AD
1632 348 1996 407 llEBRASOS.
2037 350 2185 406 CAP.
2231 350 2272 405 ι.
2314 349 2545 406 IIOMIL.
2586 347 2660 409 11.
3491 350 3565 411 26

283 465 452 517 Filius
477 478 618 516 meus
644 478 696 516 es
741 470 815 526 tu,
844 476 937 530 ego
975 460 1127 513 hodie
1153 459 1302 529 genui
1326 458 1418 512 te?
1441 468 1498 513 et
1525 470 1731 523 rursus,
1754 456 1866 526 Ego

279 572 366 611 ero
390 556 466 610 illi
493 555 547 609 in
580 553 806 621 Patrem,
834 565 878 607 et
904 553 1012 622 ipse
1036 553 1127 606 erit
1159 551 1284 605 mihi
1314 552 1369 605 in
1399 549 1614 604 Filium.
1646 550 1770 605 llaec
1799 548 1865 603 de

280 663 441 703 carne
470 647 611 702 dicta
638 655 765 702 sunt
798 664 810 698 :
844 644 973 700 illud
1002 646 1167 709 enim,
1199 643 1312 717 Ego
1338 658 1423 698 ero
1447 643 1525 697 illi
1550 644 1604 696 in
1633 641 1862 705 Patrem,

279 750 326 794 et
353 740 461 809 ipse
486 740 578 793 erit
604 738 729 791 mihi
772 737 828 790 in
870 734 1082 800 Filium,
1117 733 1538 789 incarnationem
1579 731 1815 786 declarat
1848 746 1861 783 :

280 832 384 887 hoc
409 840 609 898 autem,
656 828 829 884 Filius
878 843 1018 882 meus
1057 844 1108 882 es
1135 836 1207 891 tu,
1259 824 1388 879 nihil
1417 822 1561 878 aliud
1602 821 1867 892 signiﬁcat

278 940 440 995 quam
464 923 609 995 quod
639 939 707 978 ex
733 922 850 991 ipso
877 922 966 975 sit.
994 919 1141 975 Sicut
1169 918 1313 973 enim
1339 916 1535 971 dicitur
1566 921 1648 981 ῶν,
1686 913 1739 969 id
1761 920 1863 976 est,

277 1017 372 1087 qui
402 1023 504 1079 est,
538 1030 570 1068 a
600 1013 852 1084 prmseuti
893 1020 1172 1080 tempore;
1220 1009 1323 1063 hoc
1368 1006 1510 1062 enim
1556 1005 1657 1075 ipsi
1698 1006 1868 1073 magis

278 1106 533 1161 convenit
564 1119 578 1157 :
614 1104 686 1158 ita
716 1104 879 1159 etiam
909 1101 1063 1166 illud,
1117 1098 1307 1163 Hodie,
1352 1098 1441 1152 hic
1485 1096 1617 1151 mihi
1658 1094 1867 1149 videtur

276 1196 481 1252 dictum
508 1210 630 1252 esse
662 1195 732 1250 de
776 1208 959 1248 carne.
1000 1191 1135 1246 Nam
1173 1188 1387 1260 quando
1415 1202 1534 1243 eam
1562 1185 1867 1257 apprehen-

276 1287 441 1351 derit,
476 1286 545 1341 de
570 1295 769 1341 cietero
792 1283 976 1339 omnia
1000 1281 1193 1338 ell‘atur
1216 1294 1429 1336 secure.
1455 1276 1595 1334 Caro
1620 1276 1763 1333 enim
1783 1284 1868 1332 est

278 1382 552 1450 particeps
579 1380 834 1442 altorum,
865 1378 1004 1431 sicut
1026 1384 1083 1432 et
1111 1375 1360 1429 divinitas
1386 1370 1669 1427 humilium
1700 1388 1714 1425 :
1743 1383 1867 1423 nam

280 1471 425 1526 Deus
451 1471 612 1525 homo
642 1470 756 1524 ﬁeri
790 1481 895 1523 nun
924 1467 1258 1536 dedignatus,
1295 1475 1350 1519 ut
1375 1478 1487 1518 rem
1518 1476 1626 1517 non
1648 1474 1869 1516 reuisu-

281 1564 379 1629 vit,
394 1562 676 1632 quomodo
704 1560 869 1616 verba
912 1557 1275 1614 recusaverit?

353 1655 408 1709 4.
453 1652 732 1706 Humilitas
756 1649 1155 1705 commendatur.
1180 1647 1281 1702 Res
1304 1648 1418 1701 vita:
1438 1645 1866 1716 prteseirtisquatu

277 1747 458 1814 βαπω.
486 1773 558 1785 ——
590 1742 713 1797 Ηωο
741 1756 872 1812 ergo
895 1755 1018 1796 cum
1053 1740 1284 1793 sciamus
1303 1780 1318 1801 ,
1376 1738 1595 1793 minime
1625 1750 1723 1791 nos
1765 1751 1864 1805 pu-

279 1838 441 1901 deat,
498 1850 671 1903 neque
724 1834 891 1887 altum
939 1846 1231 1902 sapiamus.
1287 1829 1421 1885 Nam
1479 1828 1525 1883 si
1575 1828 1692 1897 ipse
1739 1841 1863 1880 cum

287 1927 433 1981 Deus
457 1935 602 1981 esset
640 1933 695 1979 et
725 1923 982 1978 Dominus
1018 1932 1073 1976 et
1097 1922 1190 1976 Dei
1217 1920 1419 1987 Filius,
1462 1933 1567 1973 non
1599 1918 1866 1973 recusavit

279 2020 425 2073 servi
452 2018 679 2072 formam
723 2016 1042 2085 suscipere:
1074 2015 1243 2068 multo
1286 2016 1455 2083 magis
1500 2027 1599 2067 nos
1651 2020 1867 2082 oportet

279 2110 462 2164 ontnia
492 2110 695 2173 facere,
739 2108 948 2162 etiamsi
990 2106 1096 2160 sint
1127 2106 1334 2174 abjecta
1366 2116 1418 2159 et
1444 2104 1681 2158 humilia.
1728 2103 1864 2158 Nam

281 2200 550 2255 undenam
579 2241 592 2265 ,
630 2199 717 2255 dic
758 2212 977 2269 quzeso,
1021 2213 1054 2251 υ
1092 2196 1287 2262 homo,
1335 2195 1503 2250 altum
1559 2194 1748 2265 sapis?
1797 2210 1866 2250 ex

280 2291 633 2349 saecularibus
673 2301 731 2345 et
777 2292 842 2344 iis
888 2306 1010 2360 qum
1054 2289 1123 2343 ad
1167 2288 1307 2343 hanc
1348 2290 1512 2343 vitam
1555 2290 1867 2359 pertinent?

281 2386 379 2441 sed
423 2400 489 2439 ea
540 2392 962 2454 praetercurrunt
1006 2383 1317 2454 priusquam
1370 2384 1739 2451 apparuerint.
1784 2384 1866 2438 Ex

278 2479 686 2549 spiritualibus?
723 2477 816 2532 sed
849 2477 951 2532 hoc
979 2491 1193 2547 quoque
1231 2482 1316 2530 est
1344 2474 1545 2530 bonum
1582 2489 1723 2545 opus
1756 2476 1870 2546 spi-

282 2572 520 2636 rituale,
576 2584 685 2624 non
726 2570 868 2623 elato
895 2582 1016 2623 esse
1064 2569 1265 2623 animo.
1315 2567 1423 2622 Cur
1459 2582 1588 2638 ergo
1626 2568 1768 2625 elato
1808 2584 1867 2624 es

278 2659 499 2715 animo?
557 2659 695 2729 quod
724 2668 776 2713 te
802 2666 946 2712 recte
973 2659 1165 2727 geras?
1209 2657 1347 2712 Audi
1380 2657 1655 2713 Christum
1685 2660 1868 2714 dicen-

288 2759 436 2816 tem,
483 2750 699 2817 Quando
737 2753 954 2824 feceritis
999 2752 1169 2807 omnia
1188 2793 1204 2818 ,
1254 2752 1405 2807 dicite
1428 2794 1441 2818 ,
1476 2751 1625 2808 Serui
1668 2750 1869 2806 inutiles

285 2859 465 2897 sumus
512 2860 531 2896 :
602 2859 720 2897 nam
788 2859 903 2912 quis
977 2844 1276 2899 debebamus
1357 2846 1522 2914 facere
1544 2885 1559 2911 ,
1630 2846 1839 2913 fecimus

287 2930 441 2999 (Luc.
475 2934 526 2987 Ι.
560 2933 670 3002 10).
720 2934 1035 2999 Atell'erris,
1074 2945 1127 2989 et
1154 2935 1247 2989 tibi
1276 2935 1454 3005 places
1485 2943 1699 3004 propter
1738 2933 1871 2987 divi-

294 3024 439 3075 tias?
492 3025 699 3092 quare?
751 3026 837 3079 dic
884 3026 1059 3079 mihi:
1104 3040 1280 3080 annon
1327 3025 1521 3081 audisﬁ
1566 3025 1708 3095 quod
1748 3023 1873 3078 nudi

290 3113 519 3183 ingressi
565 3129 750 3170 sumus
795 3115 847 3171 in
900 3115 1037 3171 hanc
1078 3112 1238 3170 vitam
1268 3156 1283 3180 ,
1336 3126 1391 3170 et
1432 3116 1561 3170 nudi
1608 3115 1871 3170 abibimus

289 3205 414 3275 (Job
444 3208 496 3260 t.
520 3206 654 3277 2|)?
704 3207 814 3263 imo
842 3223 945 3262 non
972 3207 1122 3262 vides
1166 3222 1261 3262 eos
1287 3208 1375 3276 qui
1401 3216 1452 3261 te
1478 3214 1873 3276 praeesserunt

289 3300 467 3353 nudos
506 3311 560 3353 et
588 3300 825 3368 abjectos
866 3300 1240 3355 abscessisse?
1270 3298 1398 3367 Quis
1425 3300 1628 3355 habens
1657 3300 1833 3359 aliena
1857 3340 1873 3364 ,

288 3390 511 3446 effertur
535 3400 591 3447 et
625 3391 725 3447 sibi
763 3392 978 3462 placet?
1021 3392 1152 3446 Nam
1199 3394 1287 3461 qui
1318 3406 1379 3446 ea
1406 3391 1473 3445 ad
1499 3407 1627 3447 suos
1669 3400 1872 3446 tantum

290 3498 423 3537 usus
451 3492 768 3538 convertere
795 3492 849 3538 et
879 3483 943 3537 iis
974 3482 1077 3537 frui
1106 3482 1290 3537 volunt
1314 3524 1329 3549 ,
1377 3483 1477 3553 ipsi
1502 3483 1582 3537 eis
1610 3483 1691 3538 vel
1718 3483 1870 3537 inviti

290 3575 600 3642 prii-antur,
627 3587 771 3644 sape
794 3575 956 3629 etiam
987 3582 1112 3628 ante
1140 3582 1388 3639 mortem,
1414 3574 1466 3627 in
1496 3582 1671 3628 morte
1695 3584 1874 3629 autem

288 3666 534 3723 omnino.
588 3667 657 3720 At
698 3680 796 3720 nos
824 3667 1103 3732 viventes,
1149 3666 1360 3735 inquit,
1404 3666 1481 3720 eis
1525 3673 1584 3720 ut
1630 3667 1878 3719 volumus

290 3757 514 3812 utimur.
562 3754 718 3812 Certe
749 3758 1016 3811 neminem
1066 3756 1174 3811 cito
1203 3754 1400 3810 videris
1448 3756 1647 3810 utvult
1676 3757 1749 3809 uti
1797 3755 1876 3808 fa-

290 3849 620 3904 cultatibus:
650 3849 791 3919 quod
836 3849 879 3902 si
922 3848 1201 3918 quisquam
1232 3848 1391 3902 etiam
1436 3854 1495 3901 ut
1520 3846 1633 3901 vult
1671 3854 1874 3914 utatur,

290 3957 362 3997 ne
383 3941 488 3997 hoc
503 3950 589 3996 est
613 3940 825 4011 quidem
846 3955 1092 4009 magnum
1128 3956 1141 3993 :
1174 3939 1335 3993 breve
1356 3948 1439 3993 est
1468 3938 1612 3993 enim
1639 3951 1877 4008 praesens

293 4043 528 4101 tempus,
548 4033 592 4086 si
616 4031 922 4086 conferatur
939 4046 1059 4085 cum
1085 4030 1296 4085 smcuiis
1320 4045 1438 4099 qua:
1459 4044 1565 4084 non
1593 4029 1871 4083 liniuntur.

294 4125 536 4190 El’fcrris,
563 4140 596 4177 o
622 4123 780 4176 homo
803 4164 817 4188 ,
843 4129 898 4177 et
924 4120 1167 4192 gloriaris
1192 4123 1331 4190 quod
1358 4121 1429 4174 sis
1458 4120 1642 4174 dives?
1667 4120 1876 4189 quare?

292 4217 402 4272 hoc
439 4216 581 4270 enim
605 4214 754 4268 adest
780 4221 835 4268 et
862 4211 1153 4266 latronibus
1183 4221 1238 4266 ct
1265 4210 1477 4265 furibus
1506 4220 1560 4266 ct
1593 4210 1876 4281 parricidis

292 4317 350 4361 et
396 4306 645 4360 mollibus
674 4315 729 4360 et
779 4304 1165 4359 scortatoribus
1193 4311 1246 4357 et
1295 4302 1568 4357 sceleratis
1607 4304 1876 4357 omnibus.

292 4399 406 4452 Cur
434 4410 562 4466 ergo
589 4395 841 4450 elTerris?
868 4394 999 4449 Nam
1027 4395 1160 4449 sieo
1181 4405 1327 4449 recte
1344 4404 1398 4449 et
1426 4405 1479 4447 ut
1507 4402 1722 4463 Oportet
1751 4408 1883 4449 usus

293 4503 357 4543 cs
379 4529 395 4553 ,
440 4504 545 4543 non
581 4488 743 4542 debes
770 4490 917 4541 elato
949 4500 1069 4541 esse
1100 4485 1282 4539 animo
1303 4526 1318 4550 ,
1355 4500 1423 4540 ne
1456 4485 1624 4541 violes
1654 4487 1878 4541 manda-

298 4590 414 4634 tum
438 4599 452 4632 -.
489 4579 571 4633 sin
602 4592 908 4633 autemnon
936 4587 1079 4631 recte
1103 4585 1156 4631 et
1183 4586 1238 4631 ut
1258 4586 1489 4647 Oportet,
1507 4576 1627 4633 ideo
1648 4578 1881 4634 maxime

296 4685 408 4726 non
426 4670 612 4736 debes,
624 4669 764 4739 quod
781 4668 1125 4739 pecuniarum
1145 4669 1314 4722 factus
1325 4669 1397 4723 sis
1411 4682 1598 4723 servus
1609 4678 1663 4724 et
1680 4683 1885 4739 posses-

296 4763 548 4826 sionum,
581 4772 633 4815 et
658 4775 720 4815 ea
760 4761 811 4814 in
844 4770 896 4815 te
923 4759 1252 4814 dominatum
1283 4759 1580 4814 obtineant.
1610 4759 1743 4815 Nam
1774 4760 1881 4828 die,

297 4870 524 4926 quaeso,
556 4858 599 4909 si
642 4855 761 4921 quis
807 4854 1116 4908 febricitans
1150 4854 1374 4908 multum
1421 4869 1573 4924 aqua:
1619 4854 1880 4921 ehiberit,

297 4962 425 5019 qua:
467 4946 611 5001 brevi
643 4947 857 5015 quidem
892 4955 1133 5013 tempore
1160 4945 1466 5014 exstinguat
1490 4945 1653 5010 sitim,
1700 4956 1885 5015 postea

295 5049 481 5093 autem
525 5036 783 5091 accendat
819 5034 1089 5089 ﬂammam
1114 5076 1129 5101 ,
1161 5050 1227 5090 ex
1249 5048 1385 5089 eone
1421 5034 1579 5089 debet
1617 5034 1792 5090 elfen'i
1833 5047 1886 5091 ct

296 5131 405 5187 sibi
432 5130 677 5201 placere?
707 5129 841 5195 Quid
872 5145 1020 5193 vero,
1049 5130 1093 5181 si
1125 5129 1243 5197 quis
1270 5130 1449 5197 plures
1473 5130 1663 5183 habeat
1691 5129 1884 5184 frustra

295 5223 683 5280 sollicitudines
704 5264 719 5289 ,
761 5231 1115 5292 proptereane
1148 5222 1304 5276 debet
1329 5222 1426 5276 sibi
1459 5222 1707 5290 placere?
1751 5222 1883 5287 Cur,

293 5316 387 5373 dic
437 5315 662 5385 quaeso?
707 5313 955 5383 quoniam
986 5315 1184 5367 multos
1218 5313 1383 5367 habes
1414 5313 1698 5368 dominos?
1744 5329 1879 5384 quo-

290 5412 447 5464 niam
474 5408 665 5461 multas
692 5406 891 5461 curas?
934 5407 1193 5472 Quoniam
1240 5405 1390 5459 multi
1426 5405 1517 5460 tibi
1560 5405 1884 5461 adulantur?

290 5499 407 5557 Sed
437 5508 491 5552 tu
522 5498 629 5551 illis
661 5499 837 5552 servis
868 5513 881 5549 :
913 5504 967 5551 et
997 5506 1053 5549 ut
1090 5495 1356 5566 intelligas
1384 5495 1504 5550 audi
1550 5505 1757 5566 aperte.
1806 5496 1883 5551 Ex

293 5594 365 5647 iis
425 5604 542 5659 qua:
595 5590 649 5643 in
714 5588 869 5641 nobis
923 5596 1048 5641 sunt
1107 5587 1272 5641 animi
1346 5588 1717 5643 allectionibus
1769 5589 1886 5642 alire

293 5682 517 5753 quidem
543 5692 669 5738 sunt
688 5680 1008 5750 quandoque
1036 5680 1214 5744 utiles,
1244 5689 1302 5734 ut
1322 5681 1398 5734 ira
1428 5696 1569 5752 saepe
1593 5688 1675 5736 est
1704 5682 1875 5736 utilis:

298 5789 430 5832 nam
456 5773 564 5840 Ira,
585 5773 774 5844 inquit,
795 5772 981 5841 injusta
999 5787 1099 5830 twn
1116 5771 1209 5826 erit
1228 5772 1465 5826 innocens
1485 5771 1669 5843 (Eccli.
1692 5772 1742 5828 1.
1768 5770 1876 5843 22).

1623 5880 1674 5891 ιρι-η.

1988 445 2344 510 annobrem
2387 447 2511 498 licet
2535 445 2701 499 etiam
2736 443 2878 513 juste
2922 443 3101 501 irasci.
3132 444 3428 512 Etrursus,
3464 451 3562 516 Qui

1990 532 2228 588 irascitur
2278 538 2427 596 Μαι-ἱ
2470 552 2560 588 suo
2618 548 2835 601 temere,
2888 537 2983 590 erit
3034 535 3279 592 obnoxius
3325 521 3568 608 gehennm

1986 640 2201 712 (Matth.
2226 640 2285 696 5.
2311 639 2433 708 22).
2460 638 2667 695 Rursus
2701 642 2874 697 bonus
2899 649 2984 696 est
3011 641 3159 696 zelus
3184 647 3240 695 et
3268 637 3530 708 cupiditas
3549 679 3568 701 ,

1996 732 2113 786 haec
2140 730 2379 801 quidem,
2403 746 2526 787 cum
2543 733 2753 786 exsistit
2774 733 2828 786 in
2853 732 3143 787 liberorum
3162 730 3567 801 procreatione;

1986 826 2078 880 ille
2098 839 2247 892 vero,
2283 825 2497 895 quando
2521 825 2683 879 habet
2705 825 3099 880 aemulationem
3121 824 3188 879 ad
3207 839 3270 880 ea
3294 837 3414 894 qum
3431 823 3568 877 bona

1982 926 2129 971 sunL
2151 916 2472 971 Sicutetiam
2503 915 2634 970 dicit
2653 914 2843 969 Paulus
2865 933 2879 970 :
2900 913 3097 967 Bonum
3123 923 3291 967 autem
3312 923 3383 967 est
3406 929 3568 968 temu-

1986 1008 2083 1063 lari
2102 1011 2158 1063 in
2180 1011 2309 1064 bono
2328 1008 2672 1081 semper(Gal.
2693 1009 2746 1062 4.
2773 1008 2896 1073 l8);
2917 1016 2971 1061 ct
2994 1020 3202 1072 rursus,
3226 1005 3571 1059 Emulanu‘ni

1983 1104 2291 1160 charismata
2310 1104 2518 1157 meliora
2535 1102 2610 1172 (L
2635 1100 2753 1157 Cor.
2798 1100 2885 1157 12.
2910 1100 3023 1171 31).
3057 1099 3229 1154 Ambo
3261 1100 3423 1169 igitur
3443 1110 3569 1154 sunt

1986 1196 2156 1251 utilia.
2176 1196 2490 1265 Arrogantia
2504 1205 2683 1249 autem
2702 1209 2965 1263 nusquam
2994 1201 3075 1248 est
3092 1192 3353 1261 bona,sed
3373 1192 3569 1264 ubique

1982 1296 2065 1343 est
2092 1286 2298 1342 inutilis
2322 1296 2379 1343 et
2402 1290 2582 1341 noxia.
2606 1285 2873 1341 Caeterum
2894 1284 2942 1340 si
2960 1284 3139 1341 efferri
3156 1296 3212 1341 et
3232 1285 3334 1341 sibi
3353 1286 3569 1355 placere

1980 1388 2216 1449 oportet,
2236 1387 2453 1448 propter
2479 1388 2840 1449 paupertatem
2853 1377 2952 1432 sibi
2976 1377 3187 1446 placere
3206 1384 3439 1445 oportet,
3463 1390 3569 1429 non

1985 1479 2203 1541 propter
2228 1470 2459 1525 divitias.
2481 1469 2870 1538 Quamobrem?
2891 1469 3151 1538 Quoniam
3168 1468 3255 1538 qui
3273 1468 3455 1539 paucis
3478 1482 3569 1537 po-

1987 1572 2088 1619 test
2107 1564 2309 1630 vivere,
2332 1573 2413 1617 est
2429 1564 2597 1616 multo
2613 1563 2782 1632 major
2793 1571 2851 1619 et
2860 1562 3047 1618 melior
3062 1577 3128 1618 eo
3142 1562 3235 1631 qui
3248 1576 3353 1616 non
3373 1570 3565 1631 potest.

2054 1656 2109 1710 5.
2148 1654 2282 1709 Nam
2322 1654 2411 1709 dic
2454 1654 2619 1719 mihi,
2654 1655 2698 1710 si
2739 1654 3008 1723 aliquibus
3050 1653 3253 1708 vocatis
3297 1653 3349 1707 in
3380 1652 3573 1709 urbem

1980 1749 2219 1818 regiam,
2269 1748 2360 1801 alii
2389 1747 2603 1817 quidem
2637 1762 2703 1801 ex
2745 1748 2806 1800 iis
2842 1761 2951 1802 nec
2974 1746 3235 1815 jumentis
3280 1759 3418 1815 opus
3464 1744 3566 1801 ha-

1987 1840 2176 1904 beant,
2206 1854 2306 1894 nec
2347 1837 2562 1892 famulis
2580 1877 2599 1904 ,
2628 1853 2729 1893 nec
2756 1838 3004 1892 umbellis
3030 1878 3046 1900 ,
3078 1853 3180 1893 nec
3207 1836 3523 1893 diversoriis
3546 1878 3563 1902 ,

1985 1944 2087 1987 nec
2126 1930 2354 1996 calceis,
2393 1943 2569 1999 neque
2594 1929 2774 1994 vasis,
2825 1928 2919 1983 sed
2965 1928 3046 1982 eis
3087 1927 3317 1983 sufﬁciat
3358 1926 3560 1981 habere

1985 2038 2215 2093 panem,
2265 2030 2322 2077 et
2363 2036 2556 2089 aquam
2583 2035 2798 2075 sumere
2825 2034 2893 2075 ex
2936 2019 3208 2083 fontibus;
3253 2019 3341 2073 alii
3383 2027 3564 2072 autem

1980 2113 2198 2178 dicant,
2248 2112 2360 2167 Nisi
2403 2112 2666 2168 dederitis
2692 2111 2934 2167 vehicula
2957 2151 2974 2176 ,
3017 2120 3073 2165 et
3112 2117 3336 2165 stratum
3366 2109 3562 2176 molle,

1984 2223 2088 2261 non
2122 2220 2403 2275 possumus
2439 2204 2669 2270 adesse;
2723 2204 2824 2259 nisi
2864 2203 3023 2257 etiam
3052 2202 3247 2257 multos
3276 2201 3565 2256 habeamus

1983 2297 2074 2368 qui
2118 2313 2216 2352 nos
2258 2305 2570 2367 sequantur.
2618 2296 2719 2351 nisi
2774 2294 2991 2349 assidue
3043 2294 3202 2348 liceat
3243 2292 3561 2361 quiescere,

1984 2404 2090 2443 non
2134 2402 2449 2457 possumus;
2495 2388 2597 2442 nisi
2652 2395 2865 2442 utamur
2898 2383 3197 2455 jumentis,
3256 2383 3357 2438 nisi
3401 2384 3563 2438 etiam

1984 2495 2197 2550 parvam
2243 2478 2346 2533 diei
2394 2489 2601 2549 partem
2649 2477 3017 2541 ambulemus;
3071 2489 3207 2546 opus
3253 2480 3337 2529 est
3377 2481 3564 2528 autem

1982 2572 2137 2628 nobis
2176 2572 2335 2626 etiam
2368 2570 2608 2641 pluribus
2653 2569 2774 2624 aliis
2805 2585 2819 2621 :
2852 2581 3117 2639 quosnam
3155 2565 3562 2628 admirabimur.

1982 2663 2140 2729 illos,
2188 2677 2253 2716 an
2297 2662 2428 2716 hos?
2467 2660 2579 2716 Hos
2607 2669 2755 2715 certe
2774 2658 2863 2729 qui
2890 2657 3039 2713 nullo
3066 2655 3324 2726 indigent.
3356 2655 3434 2710 lta
3478 2655 3566 2710 hic
3619 2690 3624 2696 ι

1980 2769 2196 2825 quoque
2264 2753 2339 2807 illi
2388 2751 2604 2823 quidem
2675 2750 2740 2804 ad
2795 2750 2956 2819 hujus
3006 2748 3129 2801 vita:
3182 2746 3320 2800 viam
3380 2745 3565 2800 multis

1982 2846 2219 2917 indigent
2250 2861 2264 2898 :
2298 2845 2350 2899 hi
2378 2858 2508 2899 vero
2533 2843 2703 2897 nullo.
2742 2839 3102 2909 Quamobrem
3133 2845 3351 2907 oportet
3373 2852 3467 2892 eos
3491 2836 3563 2892 ob

1981 2944 2349 3008 paupertatem
2399 2936 2569 3006 magis
2604 2932 2785 2989 efferri
2826 2940 2883 2986 et
2928 2930 3031 2985 sibi
3078 2928 3325 3000 placere,
3369 2930 3415 2984 si
3462 2930 3565 2985 sibi

1983 3032 2192 3101 placere
2218 3037 2453 3098 oportet.
2485 3029 2555 3081 At
2582 3038 2807 3096 pauper,
2838 3024 3028 3094 inquit,
3062 3030 3146 3077 est
3197 3020 3560 3091 despicabilis.

1984 3123 2097 3178 Non
2144 3121 2273 3186 ille,
2326 3112 2423 3174 sed
2468 3118 2557 3188 qui
2605 3131 2728 3173 eum
2771 3113 3095 3184 despiciunt.
3141 3112 3253 3168 Cur
3278 3113 3424 3167 enim
3465 3128 3564 3183 ego

1983 3228 2087 3267 non
2137 3210 2375 3279 despicio
2416 3224 2543 3274 eos,
2597 3208 2687 3277 qni
2730 3206 2980 3261 nesciunt
3028 3204 3284 3257 admirari
3329 3219 3390 3259 ea
3440 3219 3559 3272 qua:

1982 3301 2230 3371 oportet?
2260 3299 2367 3355 Sed
2406 3299 2456 3354 si
2482 3298 2553 3352 sit
2574 3296 2794 3367 quidem
2829 3297 3003 3364 pictor
3029 3293 3326 3363 quispiam,
3355 3308 3448 3347 eos
3473 3295 3566 3362 qui

1983 3392 2155 3459 ipsum
2202 3390 2381 3445 rident
2425 3388 2703 3453 irridebit,
2749 3384 3003 3457 quamdiu
3054 3382 3256 3438 fuerint
3301 3382 3463 3438 rudes
3510 3392 3566 3437 et

1991 3484 2255 3553 imperiti,
2306 3492 2362 3540 et
2408 3498 2580 3553 neque
2622 3485 2951 3540 convertitur
2979 3483 3045 3538 ad
3092 3498 3154 3538 ea
3194 3498 3315 3554 qua:
3354 3495 3424 3538 ae
3458 3483 3568 3540 illis

1983 3576 2252 3643 dicuntur,
2286 3576 2379 3631 sed
2405 3583 2691 3632 contentus
2727 3584 2810 3630 est
2835 3588 2933 3627 suo
2962 3573 3165 3643 ipsius'
3198 3574 3513 3631 testimonio
3549 3593 3563 3628 :

1984 3675 2040 3723 et
2066 3682 2165 3723 nos
2193 3668 2544 3739 pendebimus
2589 3682 2621 3723 ι
2650 3667 2797 3738 vulgi
2823 3666 3117 3736 opinione!
3163 3680 3231 3720 an
3274 3666 3389 3721 lucc
3414 3667 3563 3721 venia

1986 3760 2145 3832 digna
2171 3762 2337 3816 sunt?

2057 3850 2312 3920 Pauperis
2375 3852 2557 3906 melior
2612 3859 2693 3905 est
2741 3849 2997 3914 conditio,
3056 3863 3208 3917 quam
3257 3847 3446 3901 divitis.
3498 3875 3569 3887 -—

1985 3944 2275 4014 Propterea
2305 3943 2451 4014 digni
2482 3956 2669 3998 sumus
2695 3942 2787 4012 qui
2816 3947 3246 4004 contemnamur,
3293 3935 3437 4004 quod
3473 3951 3569 3991 eos

1987 4052 2094 4093 non
2143 4037 2502 4107 despiciamus
2553 4033 2647 4105 qui
2684 4046 2782 4089 nos
2819 4031 3121 4101 despiciant
3170 4036 3389 4099 propter
3432 4043 3565 4097 pau-

1990 4141 2250 4201 pertatem
2274 4171 2290 4195 ,
2333 4138 2387 4184 et
2412 4144 2520 4183 non
2549 4141 2645 4184 eos
2682 4138 3007 4182 censeamus
3034 4123 3281 4177 miseros.
3329 4120 3397 4176 Et
3425 4134 3566 4190 prae-

1988 4231 2138 4278 tereo
2182 4222 2398 4292 quidem
2442 4228 2575 4289 quot
2623 4225 2847 4289 peccata
2880 4224 3176 4271 nascuntur
3224 4210 3567 4275 ex.div-itiis.,

1987 4324 2119 4384 quot
2161 4322 2341 4369 autem
2367 4314 2507 4368 bona
2548 4325 2614 4366 ex
2662 4316 2976 4380 paupertate
3010 4324 3022 4360 :
3079 4307 3187 4360 imo
3215 4317 3345 4359 vero
3371 4302 3572 4359 necdi—

1987 4406 2131 4459 vitice
2155 4446 2171 4471 ,
2206 4419 2303 4460 nec
2335 4411 2624 4474 paupertas
2650 4416 2747 4471 per
2774 4415 2835 4455 se
2858 4398 3058 4453 bonum
3084 4438 3099 4463 ,
3131 4395 3228 4451 sed
3257 4403 3416 4465 prout
3444 4401 3570 4449 sunt

1988 4496 2080 4567 qui
2131 4496 2196 4549 iis
2248 4503 2488 4548 utuntur.
2531 4491 2737 4547 Probus
2766 4489 3103 4545 Christianus
3131 4487 3299 4557 magis
3334 4485 3570 4541 cernitur

1989 4587 2043 4642 in
2074 4593 2384 4655 paupertate
2429 4597 2590 4653 quam
2623 4582 2675 4635 in
2715 4579 2938 4635 divitiis.
2986 4576 3305 4647 Quomodo?
3350 4576 3409 4630 la
3442 4590 3573 4646 pau-

1999 4686 2206 4748 pertate
2229 4676 2329 4731 erit
2379 4690 2407 4727 a
2448 4674 2588 4729 fastu
2634 4671 2883 4735 alienior,
2931 4669 3245 4733 modestior,
3276 4667 3567 4733 honestior,

1995 4768 2314 4840 prudentior
2356 4785 2368 4819 :
2421 4766 2511 4836 qui
2541 4773 2719 4818 autem
2776 4769 2953 4815 manet
2980 4761 3031 4814 in
3067 4758 3306 4824 divitiis,
3361 4757 3428 4813 ad
3457 4758 3573 4814 haec

1997 4866 2159 4919 multa
2189 4863 2354 4919 habet
2394 4860 2791 4931 impedimenta.
2840 4856 3131 4913 Videamus
3172 4870 3301 4926 ergo
3329 4871 3570 4926 quaenam

1997 4968 2263 5025 suntqua:
2285 4954 2409 5009 l'acit
2455 4952 2637 5018 dives,
2694 4938 2777 5005 vel
2807 4950 2982 5020 potius
3030 4949 3075 5002 is
3101 4949 3187 5019 qui
3210 4947 3408 5002 divitiis
3437 4950 3572 5004 male

1994 5050 2182 5103 utitor.
2234 5044 2328 5100 llle
2372 5044 2507 5114 rapit
2532 5085 2548 5109 ,
2578 5042 2785 5097 lraudat
2809 5083 2824 5107 ,
2852 5039 3234 5105 circumvenit,
3266 5039 3372 5093 vim
3398 5037 3569 5094 aﬂ'ert.

1994 5142 2107 5197 lmo
2134 5136 2300 5208 quid?
2342 5149 2554 5190 amores
2586 5143 2768 5204 turpes
2795 5142 2849 5188 et
2874 5133 3193 5188 inhonestos
3214 5174 3227 5195 ,
3256 5132 3573 5188 concubitus

1993 5232 2230 5289 nefarios
2251 5270 2264 5295 ,
2297 5228 2617 5299 praestigias,
2652 5225 2914 5281 venelicia
2943 5266 2957 5291 ,
2991 5224 3111 5278 .alia
3140 5232 3276 5278 tetra
3308 5231 3365 5279 et
3391 5224 3574 5292 gravia

1992 5337 2171 5379 annon
2224 5320 2465 5375 invenies
2519 5319 2667 5373 nasci
2719 5332 2786 5373 ex
2837 5315 3080 5371 divitiis?
3115 5315 3280 5370 Vides
3328 5313 3469 5384 quod
3522 5316 3573 5369 in

1993 5422 2305 5488 paupertate
2350 5411 2559 5468 facilius
2610 5419 2695 5467 est
2724 5409 2975 5464 virtutem
3005 5422 3258 5464 exercere
3280 5448 3294 5472 ,
3320 5423 3477 5477 quam
3524 5408 3575 5463 in

1994 5506 2225 5563 divitiis?
2277 5504 2355 5559 Ne
2405 5502 2583 5567 enim,
2646 5501 2895 5571 quoniam
2929 5514 3114 5568 ptenas
3164 5498 3252 5553 hic
3296 5513 3400 5553 non
3449 5498 3578 5552 dant

1994 5599 2223 5662 divites,
2274 5594 2546 5651 existimes
2576 5605 2669 5647 eos
2713 5606 2816 5645 non
2866 5604 3107 5659 peccare.
3160 5589 3291 5644 Nam
3339 5590 3383 5644 si
3424 5587 3577 5643 facile

1994 5698 2138 5746 esset
2157 5688 2374 5743 divitem
2405 5685 2535 5740 dare
2565 5697 2751 5753 pinnas
2774 5722 2790 5746 ,
2847 5682 2911 5735 iis
2943 5680 3132 5750 plenos
3163 5680 3429 5735 invenires
3455 5693 3575 5732 car-

1996 5794 2187 5847 ceres;
2239 5777 2333 5835 scd
2387 5778 2527 5833 inter
2576 5775 2680 5830 alia
2730 5773 2832 5834 hoc
2876 5786 3090 5849 quoque
3133 5770 3338 5831 nmium
3376 5769 3574 5831 habent
