4060 6440
560 315 630 370 ‘27

542 440 760 506 divitize,
810 439 952 509 quod
997 441 1086 511 qui
1139 455 1231 495 eas
1262 441 1315 495 in
1362 442 1493 496 vitio
1517 453 1574 498 et
1598 445 1804 504 scelere
1850 451 2123 520 possidet,

541 532 760 601 impune
789 545 1015 600 peccans
1068 546 1357 602 numquam
1386 532 1612 589 desistet
1634 535 1735 592 hoc
1764 537 1939 595 facere
1957 582 1973 606 ,
2023 549 2121 596 sed

539 623 767 693 accipiet
800 623 1021 677 vulnera
1043 623 1243 691 absque
1266 624 1692 692 medicamentis,
1714 645 1887 699 neque
1907 632 1956 685 ei
1976 634 2123 702 quis-

536 732 695 786 quam
724 717 963 785 imponet
989 714 1223 770 frenum.
1257 716 1312 771 Si
1337 719 1458 788 quis
1484 729 1663 775 autem
1693 724 1850 790 velit,
1882 724 2122 781 inveniet

533 810 693 862 etiam
723 815 1088 877 paupertatem
1132 808 1289 863 nobis
1329 810 1396 865 ad
1426 811 1761 882 voluptatem
1794 816 1945 883 plura
1989 817 2124 873 dare

541 912 886 969 adminicula.
919 909 1233 978 Quomodo?
1259 910 1522 975 Quoniam
1554 910 1773 964 liberata
1805 917 1882 963 est
1908 923 1936 964 a
1969 909 2125 966 solli~

543 1005 868 1060 citudinibus
892 1045 906 1069 ,
938 1003 1081 1068 odio,
1112 1019 1309 1073 pugna,
1340 1004 1451 1069 lite,
1483 1012 1539 1057 et
1566 1018 1597 1056 a
1625 1002 1781 1056 malis
1811 1003 2123 1057 innumera-

543 1096 760 1150 bilibus.
809 1094 886 1149 Nc
929 1109 1057 1164 ergo
1086 1109 1392 1163 quaeramus
1418 1092 1720 1159 ditescere,
1773 1107 1873 1147 nec
1911 1106 2126 1161 semper

543 1188 855 1241 aemulemur
901 1200 995 1241 eos
1046 1186 1134 1260 qui
1169 1185 1331 1239 multa
1381 1185 1656 1255 possident
1700 1202 1713 1238 :
1755 1184 1849 1239 sed
1902 1185 1991 1253 qui
2029 1183 2128 1237 ha-

543 1278 731 1331 bemus
784 1277 1036 1347 quidem,
1107 1277 1306 1331 divitiis
1358 1285 1571 1330 utamur
1624 1285 1679 1330 ut
1730 1285 1977 1345 oportet;
2032 1277 2123 1344 qui

542 1377 720 1422 autem
758 1381 865 1421 non
892 1366 1154 1421 habemus
1179 1407 1194 1431 ,
1252 1382 1320 1420 ne
1360 1375 1646 1436 propterea
1672 1366 1952 1421 doleamus
1974 1407 1989 1432 ,
2023 1365 2120 1421 sed

544 1457 656 1511 Deo
697 1471 917 1527 agamus
938 1456 1138 1526 gratias
1163 1496 1179 1521 ,
1227 1456 1369 1526 quod
1396 1456 1600 1511 efﬁciat
1642 1465 1699 1510 ut
1727 1470 1825 1511 nos
1871 1456 1922 1509 in
1953 1457 2120 1526 parvo

544 1549 746 1613 labore,
773 1548 1021 1603 eamdem
1044 1564 1202 1618 quam
1231 1548 1425 1603 divites
1453 1556 1546 1602 aut
1569 1548 1732 1603 etiam
1760 1547 2042 1617 majorem,
2072 1547 2119 1603 si

543 1642 768 1695 velimus
788 1683 801 1705 ,
833 1641 1163 1711 accipiamus
1192 1639 1498 1696 mercedem
1532 1657 1545 1692 :
1587 1648 1643 1695 et
1672 1654 1861 1710 magna
1891 1655 1955 1694 ex
1984 1655 2119 1710 pau-

542 1734 620 1787 cis
664 1733 1009 1788 lucrabimur.
1060 1732 1192 1788 Nam
1232 1740 1287 1787 et
1331 1733 1418 1802 qui
1465 1732 1575 1787 duo
1603 1732 1854 1787 attulerat
1883 1731 2117 1798 talenta,

542 1839 694 1895 aeque
720 1825 772 1878 in
800 1824 1153 1880 admiratione
1179 1832 1235 1879 et
1264 1824 1467 1879 honore
1487 1833 1574 1879 est
1599 1823 1813 1880 habitus
1836 1833 1999 1894 atque
2027 1824 2122 1893 qui

540 1918 774 1987 quinque
794 1916 1067 1973 attulerat.
1109 1916 1513 1990 Quamobrem?
1553 1914 1692 1971 Nam
1715 1915 1823 1970 duo
1851 1914 1968 1985 ejus
1997 1913 2123 1970 ﬁdei

1290 323 1346 378 S.
1388 323 1667 379 JOANNIS
1703 321 2179 382 CHRYSOSTOMI
2219 324 2539 387 ARCHIEP.
2580 332 3112 391 CONSTANTINOP.
3744 339 3800 394 28

2251 436 2453 492 credita
2482 447 2610 493 sunt
2636 440 2833 495 talenta
2860 482 2875 505 ,
2907 442 3001 496 sed
3032 458 3151 512 quae
3181 459 3213 498 a
3235 459 3295 500 se
3341 447 3640 515 przcstanda
3671 462 3810 504 erant

2250 529 2487 598 implevit
2513 532 2727 598 omnia,
2763 541 2820 587 et
2862 549 2983 605 qua:
3011 534 3109 589 sibi
3162 534 3372 590 fuerant
3412 538 3616 592 credita
3650 540 3809 595 attulit

2240 628 2527 697 duplicata.
2575 630 2710 698 Quid
2740 647 2869 703 ergo
2899 634 3177 688 studemus
3219 644 3276 688 ut
3304 638 3470 692 multa
3509 641 3667 694 nobis
3695 656 3801 697 creo

2239 718 2455 784 dantur,
2507 735 2626 774 cum
2659 737 2752 790 per
2781 738 2946 792 pauca
2977 724 3134 779 liceat
3174 726 3392 781 eosdem
3423 728 3627 785 fruetus
3657 732 3801 788 etiam

2240 810 2472 878 majores
2527 814 2848 881 percipere?
2896 829 3016 869 cum
3070 817 3220 871 labor
3246 819 3459 887 quidem
3509 822 3582 875 sit
3620 823 3803 893 minor,

2238 914 2447 955 merces
2476 914 2654 957 autem
2702 904 2871 958 multo
2897 906 3168 974 atuplior?
3215 908 3446 964 Facilius
3472 913 3615 966 enim
3644 928 3678 968 ι
3706 914 3810 970 suis

2240 1003 2441 1059 pauper
2470 990 2756 1056 abscedet,
2809 1010 2969 1064 quam
3018 997 3167 1052 dives
3195 1001 3358 1053 multa
3384 1009 3439 1055 et
3467 1018 3657 1072 magna
3692 1020 3806 1075 pos-

2237 1079 2439 1134 sidens.
2465 1082 2551 1135 An
2574 1084 2794 1138 nescitis
2817 1086 2960 1155 quod
2985 1128 3001 1154 ,
3032 1104 3138 1157 qun
3172 1090 3323 1158 plura
3367 1092 3631 1162 quispiam
3660 1095 3804 1152 fuerit

2238 1170 2573 1238 complexus,
2606 1188 2674 1227 eo
2722 1175 2873 1243 plura
2901 1176 3212 1232 desiderat?
3241 1178 3319 1235 Ne
3365 1180 3467 1236 hoc
3492 1198 3622 1253 ergo
3660 1187 3807 1243 nobis

2236 1262 2443 1316 accidat
2462 1304 2477 1329 ,
2504 1279 2577 1318 ne
2603 1279 2908 1334 quaeramus
2930 1268 3146 1323 divitias
3164 1310 3179 1334 ,
3210 1286 3386 1339 neque
3412 1290 3553 1345 aegre
3576 1274 3804 1332 feramus

2237 1362 2606 1421 paupertatem
2624 1398 2640 1421 ,
2660 1372 2849 1445 neque
2876 1360 3269 1418 contendamus
3293 1363 3560 1422 ditescere
3582 1407 3599 1433 ,
3645 1379 3702 1424 et
3727 1372 3807 1440 qui

2236 1443 2518 1513 habemus,
2543 1447 2620 1500 eis
2646 1443 2720 1502 ita
2743 1458 2954 1504 utamur
2981 1450 3211 1520 utjussit
3235 1454 3452 1511 Paulus.
3487 1456 3589 1522 Qui
3607 1460 3804 1528 habent,

2236 1535 2428 1606 inquit,
2456 1539 2557 1591 sint
2587 1548 2842 1610 tamquam
2870 1558 2972 1596 non
2998 1543 3272 1610 habentes;
3297 1557 3343 1600 et
3369 1550 3457 1619 qui
3483 1560 3692 1605 utuntur
3719 1554 3808 1608 hoc

2234 1628 2425 1681 mundo
2448 1640 2705 1699 tamquam
2736 1647 2839 1685 non
2881 1642 3077 1688 utentes
3127 1635 3204 1704 (1.
3246 1636 3365 1693 Cor.
3396 1640 3448 1693 7.
3473 1640 3564 1699 29.
3590 1644 3683 1713 51)
3708 1662 3722 1698 :
3755 1657 3805 1701 ut

2233 1734 2582 1791 assequamur
2604 1723 2740 1777 bona
2759 1724 3019 1793 promissa
3046 1744 3059 1780 :
3089 1742 3209 1797 qua:
3228 1728 3383 1785 detur
3398 1733 3550 1789 nobis
3570 1737 3809 1792 omnibus

2233 1814 2522 1885 consequi,
2554 1816 2723 1886 gratia
2750 1824 2803 1872 et
2829 1817 3178 1889 benignitate.

3228 2053 3513 2061 Mr"
3530 2057 3809 2072 ———-r——-—~

1940 2113 2282 2177 HOMILIA
2324 2116 2437 2178 ΙΙΙ.

537 2256 667 2312 CAP.
692 2258 745 2312 1.
772 2273 829 2311 v.
847 2256 904 2313 6.
937 2255 1007 2311 Et
1030 2273 1147 2311 cum
1169 2257 1350 2312 iterum
1389 2255 1669 2310 introducit
1709 2255 2126 2328 Primogenitum

610 2352 665 2402 in
691 2349 860 2403 orbem
889 2358 1056 2411 terrae,
1098 2349 1217 2402 dicit
1242 2364 1260 2403 :
1281 2348 1349 2402 Et
1373 2348 1584 2401 adorent
1608 2364 1721 2401 eum
1747 2364 1919 2401 omnes
1948 2349 2125 2419 angeli

611 2438 729 2496 Dei.
762 2442 814 2495 'Z.
842 2439 909 2494 Et
936 2440 1005 2493 ad
1030 2439 1238 2511 angelos
1263 2439 1465 2507 quidem
1493 2439 1615 2492 dicit
1641 2454 1659 2491 :
1686 2439 1785 2505 Qui
1813 2440 1936 2508 facit
1964 2456 2121 2510 ange-

612 2532 688 2585 los
712 2547 839 2585 suos
858 2532 1068 2599 spiritus
1085 2570 1102 2594 ,
1141 2539 1191 2583 et
1213 2530 1469 2584 ministros
1496 2544 1616 2583 suos
1644 2531 1908 2599 ﬂammam
1941 2531 2072 2601 ignis
2099 2546 2119 2584 :

611 2622 671 2676 8.
695 2622 763 2674 ad
787 2621 983 2675 Filium
1005 2632 1171 2675 autem
1194 2636 1213 2683 ;
1239 2619 1477 2675 Thronus
1494 2630 1612 2674 tuus
1633 2619 1771 2676 Deus
1799 2620 1850 2674 in
1873 2621 2117 2675 maculam

574 2740 577 2745 -
612 2710 813 2767 strculi.

618 2802 673 2856 1.
718 2800 974 2857 Dominus
1008 2801 1225 2873 quidem
1267 2810 1452 2857 noster
1478 2800 1635 2857 Iesus
1679 2801 1926 2856 Christus
1960 2815 2113 2856 suum

551 2896 607 2950 in
634 2910 796 2951 carne
823 2897 1112 2953 adventum
1142 2909 1299 2955 vocat
1339 2916 1615 2972 egressum
1647 2905 1729 2958 vel
1776 2907 1979 2960 exitum
2016 2924 2032 2961 :
2067 2918 2128 2962 ut

548 2987 765 3056 quando
786 2987 934 3052 dicit,
958 2986 1099 3043 Exiit
1117 2991 1204 3059 qui
1223 2992 1437 3046 seminat
1458 2994 1527 3046 ad
1546 2995 1899 3049 seminandum
1916 2996 2129 3070 (Matth.

548 3080 642 3135 15.
672 3080 777 3149 5);
809 3088 863 3134 et
888 3095 1097 3147 rursus,
1133 3081 1238 3152 Ego
1267 3100 1298 3136 a
1330 3081 1490 3138 Patre
1518 3086 1673 3153 exivi,
1703 3095 1752 3139 et
1774 3088 1921 3141 venio
1951 3088 2127 3159 (Joan.

549 3169 636 3224 16.
659 3169 752 3241 28)
784 3188 798 3223 :
832 3178 887 3225 et
910 3171 1093 3225 multis
1121 3173 1173 3226 in
1200 3172 1331 3227 locis
1356 3172 1458 3227 hoc
1480 3174 1698 3230 videris.
1728 3176 1927 3232 Paulus
1952 3188 2131 3233 autem

547 3259 600 3314 id
630 3268 792 3315 vocat
821 3261 1128 3331 ingressum
1156 3263 1342 3319 dicens
1366 3280 1381 3319 :
1405 3264 1476 3318 Et
1502 3282 1618 3320 cum
1642 3268 1826 3322 iterum
1855 3269 2134 3323 introducit

546 3350 955 3422 Primogenitum
982 3355 1036 3408 in
1060 3357 1230 3409 orbem
1257 3366 1406 3412 terra:
1421 3372 1440 3421 ;
1471 3357 1658 3413 dicens
1682 3360 2131 3417 introductionem

547 3442 686 3497 hanc
710 3445 889 3497 carnis
916 3445 1339 3513 susceptionem.
1382 3446 1493 3502 Cur
1521 3448 1638 3504 hate
1667 3464 1757 3504 res
1780 3451 1926 3505 varie
1949 3466 2127 3507 enun-

557 3540 719 3595 tiatur
739 3580 755 3605 ,
795 3549 848 3593 et
878 3539 1028 3608 cujus
1055 3539 1336 3593 occasione
1360 3538 1474 3592 haec
1498 3538 1777 3592 dicuntur?
1801 3539 1933 3605 Qua:
1953 3538 2126 3607 signi-

556 3633 786 3687 ﬁcantur
810 3638 934 3684 sunt
979 3628 1277 3683 manifesta.
1318 3627 1558 3683 Christus
1594 3627 1806 3697 quidem
1836 3627 2121 3682 adventum

549 3736 705 3775 suum
756 3720 946 3774 merito
999 3728 1153 3772 vocat
1203 3718 1404 3772 exitum
1452 3734 1466 3770 :
1510 3732 1722 3773 eramus
1772 3716 1913 3771 enim
1970 3725 2120 3771 extra

550 3810 736 3865 Deum.
788 3810 866 3865 Ac
911 3808 1048 3862 sicut
1104 3808 1156 3861 in
1202 3808 1344 3877 regia
1387 3806 1477 3876 qui
1520 3815 1646 3861 sunt
1698 3807 1750 3860 in
1798 3805 2024 3859 vinculis
2064 3812 2120 3859 et

551 3916 732 3971 regem
780 3900 1118 3954 offenderunt
1137 3942 1151 3964 ,
1194 3908 1337 3954 stant
1364 3897 1524 3962 furis;
1555 3898 1644 3967 qui
1674 3898 1788 3951 vult
1811 3906 1988 3951 autem
2019 3910 2115 3951 eos

543 3992 925 4053 reconciliare,
972 4006 1074 4045 non
1125 3991 1270 4059 ipsos
1316 3989 1639 4052 introducit,
1668 3988 1762 4043 sed
1808 3985 2111 4057 ipse'foras

541 4082 825 4152 egrediens
862 4096 957 4137 eos
1000 4081 1308 4151 alloquitur,
1342 4079 1518 4135 donec
1547 4080 1678 4148 ipsis
1704 4079 1878 4149 dignis
1902 4077 2112 4141 eﬁ'ectis

537 4184 824 4241 conSpectu
851 4175 1010 4244 regis,
1034 4188 1127 4228 eos
1150 4172 1451 4226 introducat
1477 4189 1490 4225 :
1518 4172 1595 4226 ita
1616 4171 1775 4227 etiam
1805 4169 1929 4225 fecit
1952 4168 2109 4227 Chri-

537 4273 650 4318 stus
672 4280 691 4319 ξ
715 4263 780 4317 ad
823 4278 921 4317 nos
946 4277 1196 4334 egressus
1216 4302 1231 4326 ,
1261 4260 1362 4316 hoc
1388 4271 1493 4327 est,
1519 4276 1645 4316 cum
1672 4273 1888 4316 carnem
1916 4274 2106 4316 susce-

534 4353 723 4423 pisset,
751 4362 808 4409 et
830 4369 947 4423 qua:
975 4368 1004 4406 a
1033 4352 1179 4422 Rege
1209 4350 1453 4405 mandata
1479 4352 1689 4405 fuerant
1718 4351 2009 4418 retulisset,
2032 4351 2103 4406 ita

534 4459 632 4499 nos
659 4445 982 4511 introduxit,
1010 4454 1064 4498 et
1093 4458 1121 4495 a
1164 4444 1393 4515 peccatis
1423 4452 1676 4513 purgatos
1703 4450 1759 4498 et
1788 4444 2100 4498 reconcilia-

532 4545 635 4591 tos.
684 4536 971 4604 Propterea
1029 4534 1199 4604 ipsum
1249 4542 1402 4588 vocat
1444 4534 1669 4587 exitum.
1702 4533 1896 4587 Paulus
1922 4543 2098 4588 autem

528 4645 649 4685 eum
698 4629 938 4687 nominat
986 4628 1360 4696 ingressum,a
1409 4626 1722 4695 metaphora
1770 4640 1956 4682 eorum
2006 4626 2097 4697 qui

524 4729 648 4774 sum
694 4718 957 4783 heredes,
992 4727 1046 4772 et
1086 4718 1316 4786 aliquam
1348 4717 1619 4787 accipiunt
1660 4718 2097 4784 possessionem:

523 4810 701 4864 dicere
742 4810 922 4875 enim,
956 4809 1079 4864 Cum
1111 4820 1281 4861 autem
1320 4807 1659 4861 introduxerit
1688 4805 2092 4878 Primogeuitum

526 4905 581 4956 in
611 4903 777 4956 orbem
804 4912 981 4968 teme;
1012 4902 1114 4956 hoc
1144 4911 1227 4956 est
1259 4899 1610 4970 signiﬁcantis
1633 4940 1647 4963 ,
1679 4898 1812 4954 Cum
1839 4899 1888 4953 ei
1928 4898 2092 4952 tradi-

522 4992 663 5046 derit
700 4992 893 5046 orbem
935 5001 1127 5046 terrae:
1157 5000 1280 5046 tunc
1310 4992 1452 5046 enim
1482 5005 1598 5046 eam
1631 4998 1795 5044 totam
1828 4989 2087 5059 possedit,

520 5084 735 5153 quando
776 5084 872 5138 fuit
912 5084 1176 5153 cognitus.
1229 5084 1343 5138 Non
1377 5084 1490 5139 haec
1519 5093 1697 5138 autem
1726 5084 1854 5137 dicit
1882 5084 1950 5137 de
1984 5083 2090 5135 Deo

518 5174 695 5229 Verbo
715 5216 729 5241 ,
759 5174 855 5228 sed
880 5175 946 5229 de
974 5172 1189 5229 Christo
1220 5175 1526 5238 incarnato;
1561 5175 1684 5242 jure
1712 5177 1929 5231 merito.
1957 5174 2086 5227 Nam

512 5268 556 5321 si
585 5279 697 5321 erat
740 5268 791 5321 in
838 5268 1059 5333 mundo,
1088 5276 1146 5320 ut
1189 5267 1265 5320 ait
1312 5266 1579 5331 Joannes,
1615 5275 1667 5322 et
1717 5267 1948 5322 mundus
1994 5282 2087 5335 per

512 5360 685 5428 ipsum
714 5360 884 5415 factus
910 5368 993 5414 est
1022 5358 1201 5431 (Joan.
1228 5359 1277 5416 1.
1307 5359 1415 5425 10),
1444 5358 1713 5427 quomodo
1736 5359 1892 5413 aliter
1918 5358 2086 5411 intro-

511 5453 798 5506 duceretur
822 5466 981 5521 quam
1024 5452 1078 5504 in
1109 5450 1309 5505 carne?
1351 5449 1417 5502 Et
1444 5451 1658 5501 adorent
1686 5466 1797 5502 eum
1818 5489 1833 5513 ,
1870 5450 2079 5517 inquit,

512 5560 684 5599 omnes
709 5543 877 5613 angeli
905 5542 1023 5598 Dei.
1074 5542 1341 5610 Quoniam
1365 5542 1506 5596 enim
1538 5555 1791 5611 magnum
1816 5552 1871 5596 et
1896 5540 2080 5596 excel-

511 5650 627 5690 sum
657 5634 852 5703 aliquid
883 5644 966 5689 est
991 5634 1257 5699 dicturus,
1288 5631 1341 5688 id
1372 5632 1714 5703 prmstruitet
1734 5631 1898 5685 efﬁcit
1920 5640 1975 5685 ut
1995 5630 2076 5685 fa-

515 5728 620 5784 cile
644 5726 958 5799 excipiatur,
987 5726 1186 5782 facit-ns
1225 5726 1433 5783 Patrem
1475 5724 1833 5780 introduxisse
1860 5724 2074 5778 Filium.

2260 2252 2534 2323 Perpende
2557 2264 2735 2312 autem
2762 2274 2775 2311 :
2801 2256 2939 2314 dixit
2963 2260 3209 2331 superius
3237 2275 3358 2317 eum
3389 2276 3495 2316 non
3520 2275 3645 2318 esse
3674 2264 3819 2319 nobis

2255 2344 2527 2415 loquutum
2556 2363 2653 2419 per
2676 2351 3000 2420 prophetas,
3034 2351 3131 2407 sed
3175 2368 3272 2422 per
3309 2353 3507 2408 Filium
3537 2370 3551 2407 :
3587 2354 3817 2409 ostendit

2254 2432 2445 2489 Filium
2470 2452 2588 2493 esse
2614 2439 2892 2494 meliorem
2919 2440 3152 2509 angelis;
3183 2450 3237 2495 et
3265 2442 3366 2496 hoc
3389 2457 3417 2493 a
3446 2442 3666 2497 nomine
3692 2458 3813 2511 pro-

2254 2528 2432 2595 bavit;
2462 2541 2516 2585 et
2556 2547 2622 2587 ex
2665 2549 2731 2589 eo
2772 2537 2912 2605 quod
2958 2537 3116 2591 Pater
3143 2539 3339 2593 Filium
3371 2540 3684 2595 introduxit.
3720 2544 3815 2599 Hie

2253 2615 2485 2689 denique
2509 2622 2669 2675 etiam
2692 2639 2758 2677 ex
2793 2641 2852 2678 re
2876 2627 2980 2680 alia
3009 2628 3217 2695 probat.
3265 2628 3524 2695 Quaenam
3553 2639 3732 2684 autem
3750 2648 3812 2688 ea

2250 2709 2369 2764 est?
2413 2711 2494 2766 Ex
2522 2712 2835 2770 adoratione
2857 2732 2871 2770 :
2896 2726 2950 2772 et
2973 2719 3206 2774 ostendit
3229 2730 3485 2789 quantum
3515 2723 3585 2776 sit
3606 2719 3812 2785 melior,

2248 2814 2441 2871 nempe
2464 2812 2722 2872 quantum
2748 2805 3006 2862 Dominus
3034 2824 3212 2863 servo.
3245 2809 3311 2865 Ut
3338 2812 3381 2864 si
3408 2812 3526 2881 quis
3552 2812 3731 2881 aliquo
3761 2816 3813 2870 in

2246 2889 2461 2947 domum
2490 2896 2629 2964 regis
2654 2896 2980 2964 introducto,
3010 2915 3107 2954 eos
3131 2902 3220 2971 qui
3250 2902 3359 2956 illic
3383 2913 3620 2971 praesunt
3641 2906 3817 2960 statim

2243 2986 2416 3055 ipsum
2436 2988 2621 3057 jubeat
2649 2990 2876 3046 adorare
2900 3011 2913 3045 :
2946 2994 3024 3049 sic
3052 2995 3144 3049 ille
3172 2994 3316 3063 facit,
3345 2996 3413 3052 de
3445 2996 3604 3051 Verbi
3636 3012 3819 3051 secun-

2240 3074 2366 3130 dum
2396 3092 2611 3134 carnem
2642 3080 2693 3134 in
2721 3082 2978 3136 mundum
3009 3084 3402 3141 introductiune
3443 3088 3672 3155 loquens
3703 3107 3718 3144 :
3748 3091 3818 3145 Et

2237 3164 2448 3221 adorent
2473 3184 2586 3223 eum
2617 3186 2788 3224 omnes
2810 3174 2976 3242 angeli
3009 3174 3121 3228 Dei.
3146 3175 3281 3230 Num
3304 3179 3481 3247 angeli
3509 3179 3710 3243 solum,
3737 3181 3815 3232 in-

2236 3256 2387 3325 quit,
2413 3266 2467 3312 et
2494 3274 2599 3313 non
2626 3260 2746 3314 alia:
2775 3261 3051 3317 Virtutes?
3087 3265 3431 3337 Nequaquam
3465 3289 3479 3323 :
3508 3270 3633 3323 andi
3667 3273 3809 3325 enim

2233 3362 2353 3418 quae
2376 3360 2688 3421 sequuntur.
2718 3351 2791 3405 Et
2826 3355 2896 3407 ad
2926 3359 3133 3426 angelos
3153 3360 3354 3428 quidem
3381 3362 3502 3414 dicit
3524 3380 3544 3416 :
3568 3362 3671 3427 Qui
3690 3365 3810 3434 facit

2232 3442 2439 3510 angelos
2461 3458 2581 3496 suos
2602 3446 2831 3510 spiritus,
2858 3456 2906 3499 et
2925 3448 3183 3503 ministros
3208 3467 3328 3504 suos
3354 3453 3615 3520 ﬂammam
3640 3455 3808 3522 ignis:

2229 3529 2297 3581 ad
2326 3530 2374 3582 F
2374 3532 2517 3585 ilium
2544 3541 2708 3587 autem
2734 3550 2752 3587 :
2778 3534 3014 3591 Thronus
3041 3549 3157 3592 tuus
3186 3538 3325 3593 Deus
3355 3542 3407 3594 in
3433 3544 3681 3596 steculum
3712 3560 3807 3597 ste-

2227 3620 2348 3672 culi.
2380 3620 2517 3675 Ecce
2542 3623 2772 3677 maxima
2804 3624 3131 3694 dill‘erentia,
3160 3629 3302 3698 quod
3334 3631 3406 3684 illi
3435 3632 3652 3700 quidem
3679 3643 3808 3687 sunt

2228 3708 2426 3775 creati,
2458 3708 2545 3765 hic
2572 3720 2751 3766 autem
2782 3713 3069 3771 increatus.
3103 3718 3163 3770 Et
3188 3734 3286 3772 cur
3310 3719 3374 3773 ad
3402 3721 3626 3790 angelos
3652 3738 3802 3788 suos,

2227 3797 2428 3867 inquit,
2460 3800 2631 3866 dicit,
2660 3802 2762 3869 Qui
2802 3805 2961 3872 facit;
2990 3807 3056 3860 ad
3088 3806 3279 3862 Filium
3309 3820 3485 3864 autem
3512 3826 3673 3864 suum
3706 3827 3805 3866 cur

2224 3902 2328 3942 non
2351 3889 2506 3957 dixit,
2525 3892 2626 3957 Qui
2655 3893 2815 3948 facit?
2840 3897 2999 3965 Atqui
3023 3897 3218 3952 licebat
3236 3899 3313 3953 sic
3339 3900 3516 3954 dicere
3545 3900 3803 3956 diﬁereno

2225 3977 2349 4032 tiam
2376 3996 2390 4032 :
2419 3979 2496 4034 Ad
2526 3983 2748 4051 angelus
2774 3984 2987 4053 quidem
3019 4003 3145 4041 suos
3172 3988 3321 4050 dicit,
3356 3989 3456 4054 Qui
3483 3992 3606 4061 facit
3635 4009 3800 4063 auge-

2220 4070 2295 4125 los
2319 4088 2436 4126 suos
2461 4074 2707 4143 spiritus;
2738 4077 2805 4129 ad
2852 4076 3042 4131 Filium
3083 4088 3250 4133 autem
3270 4120 3286 4145 ,
3315 4079 3564 4134 Dominus
3603 4086 3797 4136 crearit

2217 4176 2330 4224 me;
2358 4172 2412 4216 et
2433 4177 2643 4228 rursus,
2668 4164 2940 4220 Dominum
2961 4168 3125 4237 ipsum
3151 4180 3196 4222 et
3218 4169 3471 4223 Clu-istum
3500 4170 3635 4225 Deus
3653 4175 3792 4243 fecit.

2217 4249 2320 4305 Sed
2351 4267 2522 4321 neque
2550 4254 2675 4308 illud
2705 4254 2904 4309 dictum
2928 4267 3007 4311 est
3028 4257 3094 4312 de
3116 4258 3331 4313 Christo
3362 4260 3587 4315 Domino
3614 4262 3787 4324 Filio;

2215 4358 2386 4414 neque
2427 4345 2527 4400 hoc
2564 4346 2633 4402 de
2674 4347 2781 4401 Deo
2805 4347 3013 4414 Verbo,
3045 4350 3139 4404 sed
3181 4350 3250 4405 de
3291 4366 3355 4411 eo
3392 4352 3531 4422 quod
3563 4368 3790 4409 carnem

2213 4436 2467 4504 suscepit.
2500 4436 2598 4491 Ubi
2628 4439 2773 4492 enim
2794 4440 2961 4494 voluit
2982 4454 3162 4495 veram
3189 4442 3491 4511 significare
3520 4442 3790 4499 dilleren-

2215 4527 2361 4591 tiam,
2393 4542 2496 4580 non
2523 4528 2752 4597 amplius
2780 4530 3189 4598 comprehendit
3215 4532 3387 4587 solum
3412 4534 3656 4602 angelos,
3686 4535 3787 4591 sed

2210 4632 2422 4671 omnem
2440 4632 2724 4686 supernam
2749 4630 3064 4691 potestatem
3083 4621 3792 4681 ad:ninistratoriam.\'ides

2209 4710 2475 4781 quomodo
2495 4719 2551 4765 et
2570 4727 2725 4783 quam
2752 4712 2983 4767 dilucide
3011 4713 3214 4768 dividat
3244 4724 3516 4770 creaturas
3544 4726 3598 4770 et
3619 4716 3790 4771 Crea-

2209 4810 2399 4863 torem,
2421 4801 2695 4855 ministros
2712 4811 2766 4856 et
2786 4802 3088 4869 Dominum,
3111 4819 3401 4873 verumque
3422 4819 3482 4857 ac
3505 4820 3788 4874 pmprtum

2206 4893 2457 4949 heredem
2487 4903 2542 4947 et
2569 4893 2784 4957 Filium,
2814 4903 2868 4948 et
2892 4895 3117 4949 servos?
3148 4896 3225 4949 Ad
3255 4895 3445 4950 Filium
3476 4906 3657 4952 autem
3689 4898 3781 4952 di-

2204 4983 2297 5050 cit,
2322 4981 2558 5039 Thronus
2588 4993 2703 5035 tuus
2732 4982 2870 5037 Deus
2895 4984 2948 5037 in
2973 4984 3214 5038 saeculum
3233 4986 3425 5039 saeculi.
3461 4988 3599 5042 Ecce
3622 4989 3782 5058 regni

2203 5078 2435 5146 signum.
2470 5079 2623 5152 Virga
2650 5082 2919 5149 (uanitatis,
2949 5086 3089 5155 virga
3118 5087 3263 5157 regni
3292 5089 3385 5143 tui.
3420 5089 3561 5144 Ecce
3589 5106 3788 5144 rursus

2202 5167 2343 5221 aliud
2363 5184 2574 5240 quoque
2598 5172 2807 5242 signum
2836 5176 3005 5243 regni.
3033 5176 3235 5230 Deinde
3258 5193 3441 5232 rursus
3464 5179 3532 5234 de
3553 5196 3619 5234 eo
3637 5183 3788 5251 quod

2202 5267 2285 5312 est
2304 5275 2466 5316 carne
2493 5262 2731 5318 indutum
2760 5282 2773 5318 :
2802 5264 2857 5320 9.
2889 5266 3123 5322 Dilexisti
3138 5270 3399 5338 justitiam
3425 5281 3469 5324 et
3497 5272 3650 5327 odisti
3679 5275 3793 5327 ini-

2200 5352 2477 5418 quitatem:
2504 5366 2768 5426 propterea
2812 5360 2956 5412 unxit
2995 5370 3043 5413 te
3083 5360 3241 5427 Deus,
3285 5361 3424 5417 Deus
3472 5374 3607 5419 tuus.
3639 5367 3786 5434 Quid

2199 5452 2300 5504 est,
2331 5442 2467 5500 Deus
2496 5442 2648 5501 tuus?
2669 5449 2801 5503 Nam
2832 5452 3085 5519 quoniam
3113 5468 3365 5524 magnum
3392 5464 3477 5510 est
3500 5456 3784 5527 loquutus,

2199 5532 2248 5586 id
2282 5548 2464 5589 rursus
2492 5536 2624 5592 lenit
2649 5554 2713 5595 ac
2742 5541 2971 5612 mitigat.

2269 5624 2519 5682 Adversus
2544 5628 2755 5686 Judteos
2776 5675 2793 5699 ,
2822 5633 3049 5689 Paulum
3078 5635 3495 5703 Samosalenum,
3528 5642 3783 5709 Ariauos,

2202 5715 2526 5788 Marcellum,
2549 5720 2830 5778 Sabellium
2852 5736 2899 5779 et
2929 5725 3434 5805 Margionem.—llic
3461 5742 3509 5787 cl
3533 5732 3785 5801 Judteos,
