4060 6440
305 365 381 419 29
1192 351 1257 407 ΙΝ
1298 351 1511 409 ΕΡῐδΐ.
1557 348 1645 401 AD
1685 344 1898 401 llEBllxi

2009 347 2044 400 Β.
2084 344 2237 399 CAP.
2278 345 2318 400 1.
2363 343 2592 401 1101111..
2618 343 2720 401 'lll.
3504 343 3574 397 30

302 479 359 519 et
387 465 533 519 Pauli
559 466 894 520 Samosateni
921 465 1176 531 asseclas,
1206 473 1260 519 et
1282 466 1526 528 Arianos,
1550 464 1890 520 Marcellum-

301 572 409 625 que
441 565 497 611 et
523 555 813 610 Sabellium
846 557 988 611 leriit
1007 566 1064 609 et
1087 556 1430 609 Marcioncm.
1465 555 1781 621 Quomodo?
1802 555 1891 608 Ju-

302 648 453 701 dzcos
480 647 717 716 quidem,
745 647 1033 700 ostendens
1069 662 1234 700 unum
1261 661 1379 700 esse
1405 646 1531 708 duo,
1561 655 1614 698 et
1643 647 1808 699 Deum
1835 657 1889 700 et

304 737 581 791 hominem
612 756 625 790 :
658 738 794 790 alios
822 745 1018 795 autem.
1056 736 1229 796 Pauli,
1265 736 1520 805 inquam,
1552 736 1887 791 Samosatenl

302 828 564 888 asseclas,
597 827 737 896 quod
769 828 884 882 hanc
914 827 1054 881 dicat
1081 827 1148 882 de
1176 836 1374 881 aeterna
1400 828 1701 881 substantia
1729 838 1782 881 et
1808 830 1891 882 in-

302 929 486 973 ereatn
516 920 750 973 essentia
780 937 792 971 :
826 935 948 973 nam
979 919 1043 971 ad
1071 917 1505 988 distinguendum
1540 918 1689 984 illud,
1721 918 1884 984 Fecit,

306 1011 409 1063 hoc
458 1010 635 1077 pesnit
661 1027 674 1063 :
704 1008 941 1063 Tltronus
984 1020 1097 1063 tuus
1137 1007 1274 1062 Deus
1312 1010 1369 1061 in
1408 1009 1652 1063 sa'culum
1691 1012 1884 1065 seculi.

277 1082 583 1165 iAdversns
615 1100 846 1155 Arianos
874 1108 1073 1165 autem,
1105 1115 1293 1154 rursus
1320 1099 1426 1155 hoc
1452 1101 1649 1171 ipsum,
1673 1112 1728 1157 et
1748 1104 1888 1172 quod

305 1204 415 1243 non
446 1190 516 1242 sit
544 1204 732 1243 servus
760 1205 774 1242 :
808 1190 852 1243 si
885 1200 1061 1244 autem
1093 1199 1177 1244 est
1218 1200 1463 1245 creatura
1487 1234 1501 1258 ,
1542 1207 1734 1247 servus
1782 1202 1886 1251 est.

309 1280 585 1334 Adversus
616 1280 922 1337 Marcellum
949 1291 1125 1335 autem
1170 1293 1220 1336 et
1260 1284 1436 1348 alios,
1464 1284 1605 1353 quod
1633 1286 1738 1339 sint
1769 1285 1888 1341 dua:

308 1360 555 1441 persona:
579 1370 765 1424 divine
794 1387 889 1441 per
915 1370 1248 1442 hypostasim
1276 1392 1289 1426 :
1320 1373 1580 1431 adversus
1610 1376 1891 1431 Marcioni-

307 1472 422 1517 stas
449 1471 626 1515 autem
649 1501 663 1524 ,
692 1461 835 1530 quod
876 1461 1127 1516 divinitas
1155 1479 1264 1518 non
1294 1475 1541 1535 ungatur,
1573 1466 1665 1522 sed
1697 1467 1889 1521 huma-

308 1555 471 1609 nitas.
502 1552 727 1621 Deinde,
762 1551 885 1607 Prae
915 1555 1251 1624 participibus
1280 1556 1403 1622 tuis,
1440 1557 1629 1627 inquit.
1662 1558 1889 1623 Quinam

310 1652 489 1697 autem
516 1652 645 1696 sunt
678 1644 982 1713 participes,
1014 1645 1115 1698 nisi
1146 1644 1434 1700 homines?
1466 1647 1575 1701 lloc
1601 1658 1704 1713 est,
1732 1649 1892 1703 Chri-

311 1742 429 1788 stus
447 1732 922 1801 aceepitSpiritum
946 1749 1051 1787 non
1074 1734 1139 1789 ad
1165 1751 1469 1791 mensuram
1502 1737 1678 1808 (Joan.
1698 1741 1752 1794 5.
1776 1741 1889 1809 54).

382 1824 437 1879 2.
484 1824 641 1877 Vides
661 1823 928 1893 quomodo
945 1826 1177 1878 sermoni
1202 1824 1269 1879 de
1298 1836 1481 1881 natura
1512 1829 1745 1885 inereata
1764 1845 1894 1884 con-

308 1916 498 1985 jungat
515 1929 727 1982 semper
742 1900 1042 1970 sermonem
1078 1916 1146 1971 de
1183 1917 1603 1986 dispensatione.
1637 1920 1774 1986 Quid
1814 1929 1898 1976 est

318 2007 422 2061 hoc
450 2006 734 2061 dilucidius
756 2007 781 2058 ?
813 2005 969 2060 Vides
990 2016 1293 2062 creaturam
1316 2019 1366 2065 et
1388 2012 1627 2079 genitum
1651 2028 1754 2067 non
1778 2028 1898 2069 esse

320 2096 501 2151 idem?
531 2110 633 2151 non
657 2095 795 2153 enim
824 2094 1114 2165 divisisset,
1137 2108 1191 2152 et
1218 2115 1283 2153 ex
1309 2099 1535 2154 adverso
1568 2102 1706 2165 illius
1730 2102 1895 2168 Fecit,

322 2192 709 2261 subjunxisset:
735 2192 816 2245 Ad
864 2192 1055 2245 Filium
1101 2203 1267 2247 autent
1310 2196 1459 2256 dixit,
1509 2196 1741 2250 Tia-onus
1784 2210 1901 2252 tuus

323 2283 465 2338 Deus
488 2286 539 2337 in
563 2285 799 2338 sertulam
824 2283 1035 2348 saculi;
1063 2301 1235 2355 neque
1264 2300 1480 2350 nomen,
1531 2287 1718 2350 Filius,
1754 2306 1891 2357 pra:-

317 2375 608 2431 cellentiori
632 2375 793 2429 modo
820 2376 1105 2444 posuisset,
1141 2377 1184 2430 si
1213 2387 1357 2431 esset
1383 2378 1623 2448 ejusdem
1665 2381 1895 2449 signum.

313 2466 570 2532 Quantam
591 2468 733 2522 enim
757 2467 1095 2523 differentia?
1123 2484 1243 2523 nam
1274 2471 1317 2524 si
1343 2471 1485 2525 idem
1513 2480 1594 2526 est
1624 2482 1893 2539 creatura,

310 2568 369 2613 et
400 2559 451 2612 id
475 2560 616 2628 quod
658 2568 740 2614 est
763 2562 1021 2629 genitum,
1049 2562 1315 2616 illiautcm
1337 2572 1463 2618 sunt
1484 2565 1629 2633 lacti,
1654 2583 1898 2637 quaenam

311 2660 400 2704 est
430 2653 775 2721 praestantia?
816 2654 953 2708 Ecce
1000 2670 1187 2710 rursus
1227 2656 1378 2721 illud,
1414 2658 1572 2720 Deus,
1604 2659 1791 2715 Graece
1819 2674 1901 2717 est

308 2749 340 2796 ὁ
365 2751 477 2804 Θεὸς
522 2758 642 2797 enm
688 2744 913 2799 articulo
937 2745 1038 2811 (α).
1075 2744 1141 2799 Et
1183 2746 1374 2801 iterum
1421 2748 1581 2804 dicit:
1610 2751 1695 2806 l0.
1726 2750 1794 2804 Et
1825 2762 1898 2816 tu,

315 2831 560 2897 Domine,
583 2834 635 2886 in
663 2835 916 2903 principio
939 2846 1125 2888 terram
1147 2837 1395 2906 fundasti,
1421 2848 1468 2891 et
1488 2856 1642 2907 Opera
1662 2857 1901 2896 manuum

315 2935 522 2978 tuarum
547 2936 663 2978 sunt
688 2926 819 2979 εαξιῇ
869 2926 956 2979 11.
991 2924 1104 2995 Ipsi
1135 2928 1387 2996 peribunt,
1420 2940 1474 2983 tu
1500 2940 1666 2985 autem
1695 2950 1898 3004 perma-

316 3020 491 3081 ncbis;
520 3029 565 3072 et
597 3036 768 3074 omnes
796 3030 851 3073 ut
880 3022 1226 3075 vestimentum
1256 3033 1584 3089 reterascent,
1614 3026 1702 3080 12.
1737 3037 1781 3080 et
1820 3043 1903 3082 ue-

316 3114 396 3165 lut
417 3114 660 3166 amictum
685 3114 902 3168 mutabis
923 3129 1026 3177 eos,
1051 3125 1097 3167 et
1115 3118 1441 3170 mutabuntur
1462 3134 1480 3171 :
1506 3128 1561 3171 tu
1588 3130 1755 3174 autem
1772 3122 1902 3176 idem

316 3206 430 3273 ipse
458 3221 530 3267 es,
559 3214 606 3258 et
625 3205 750 3258 anni
770 3205 843 3258 tui
864 3222 964 3259 non
991 3207 1242 3275 deﬁcient.
1272 3207 1348 3264 Ne
1369 3224 1487 3264 cum
1506 3210 1757 3275 audieris,
1777 3204 1902 3268 Cum

317 3306 490 3349 autem
519 3296 793 3349 introducit
827 3295 1231 3367 Primogenitum
1255 3299 1309 3351 in
1334 3300 1501 3355 orbem
1525 3312 1692 3367 terra,
1716 3304 1904 3357 existi-

320 3402 439 3440 mes
467 3401 587 3441 csse
617 3396 885 3457 tamquam
926 3388 1123 3443 donum
1169 3400 1352 3459 postea
1392 3394 1439 3446 ei
1471 3392 1677 3459 datum,
1712 3395 1812 3449 hoc
1853 3405 1907 3450 et

318 3462 863 3545 superins'correxit,
887 3488 939 3533 et
964 3495 1149 3534 rursus
1173 3482 1394 3552 corrigit
1433 3483 1636 3547 dicens,
1670 3485 1736 3539 In
1767 3488 1907 3555 prin-

319 3569 491 3637 cipio;
519 3583 623 3623 non
655 3585 819 3635 nunc,
842 3570 937 3624 sed
954 3571 1064 3639 jam
1084 3573 1233 3626 olim.
1263 3575 1401 3630 Ecce
1424 3587 1611 3632 rorsus
1634 3578 1773 3633 letali
1796 3596 1907 3649 prr-

316 3662 459 3715 cutit
482 3661 703 3718 vulnere
727 3670 781 3717 et
808 3662 1027 3717 Paulum
1060 3664 1469 3722 Samosatenum
1502 3679 1556 3723 et
1586 3670 1801 3738 Arium,
1842 3674 1908 3727 iis

315 3769 447 3823 quae
477 3754 725 3808 dicuntur
776 3754 844 3810 de
891 3756 1049 3811 Patre
1100 3758 1365 3829 adaptatis
1410 3760 1566 3815 Filio.
1614 3762 1681 3816 Et
1724 3775 1906 3834 postea

317 3844 470 3898 aliud
501 3845 602 3900 hoc
629 3860 844 3916 quoque
871 3847 1066 3917 majus,
1089 3851 1239 3919 quasi
1268 3851 1410 3905 aliud
1437 3854 1645 3923 agendo
1670 3854 1912 3910 subindi-

321 3935 499 3988 cavit:
529 3935 714 3990 mundi
742 3937 885 3991 enim
914 3939 1433 4009 transﬁgurationem
1454 3955 1708 4013 praeterea
1731 3960 1912 4003 osten-

323 4025 431 4087 dit,
460 4027 678 4082 dicens:
711 4028 993 4098 Tamquam
1017 4033 1363 4086 uestimentum
1387 4045 1713 4099 veterasunt,
1745 4050 1790 4092 et
1819 4056 1877 4093 ve

323 4116 422 4170 luti
465 4119 701 4171 amictum
733 4121 944 4174 mutabis
970 4136 1073 4185 eos,
1104 4132 1150 4176 et
1176 4125 1521 4179 mutabuntur.
1559 4128 1712 4193 Quod
1744 4132 1903 4184 etiam

324 4208 460 4263 dicit
487 4210 536 4263 in
564 4209 804 4279 Epistola
832 4211 904 4266 ad
925 4212 1218 4279 Romanos,
1245 4232 1437 4285 nempe
1462 4220 1600 4287 quod
1632 4222 1913 4289 transfigu-

321 4309 468 4365 nbit
500 4312 775 4368 mundum.
809 4313 875 4367 Et
908 4304 1223 4371 Tacilitatem
1270 4316 1560 4371 ostendens
1607 4316 1904 4388 suhjnnxlt,

327 4402 556 4459 Hulabis
578 4420 599 4460 :
624 4416 897 4477 tamquam
922 4408 967 4463 si
992 4410 1111 4479 quis
1137 4410 1421 4464 convolvat
1462 4412 1738 4477 amictum,
1773 4428 1909 4466 con-

321 4494 506 4550 volvet
531 4504 587 4551 et
611 4499 857 4553 mutabit.
887 4498 942 4554 Si
968 4509 1145 4553 autem
1167 4516 1284 4570 qum
1312 4501 1444 4555 litin
1479 4502 1669 4556 melius
1691 4512 1743 4557 et
1772 4519 1909 4572 prae-

320 4587 557 4643 stantius
607 4589 1128 4660 transﬁgurationcm
1174 4603 1231 4645 et
1274 4594 1547 4662 epilicium
1597 4603 1701 4648 tam
1753 4596 1908 4653 facile

321 4689 602 4745 Operatur,
636 4680 691 4734 in
721 4682 915 4735 minori
941 4682 1155 4751 opilicio
1172 4682 1348 4737 alioue
1372 4684 1674 4755 indigebat?
1701 4684 1910 4751 Quous-

318 4784 430 4839 que
462 4786 565 4823 non
609 4786 706 4825 vos
738 4771 936 4841 pudet?
973 4772 1144 4827 Simul
1192 4773 1352 4828 etiam
1401 4774 1503 4829 hoc
1550 4784 1633 4829 est
1678 4778 1905 4829 maxima

319 4861 647 4924 consolatio,
677 4877 839 4918 nosse
864 4863 1004 4932 quod
1034 4879 1121 4919 res
1152 4882 1257 4920 non
1283 4866 1361 4920 sic
1384 4875 1566 4932 erunt,
1592 4866 1687 4921 sed
1726 4866 1905 4920 omnia

317 4950 587 5019 accipient
626 4954 1001 5017 mutationem,
1047 4964 1101 5009 et
1149 4956 1327 5009 omnia
1375 4955 1751 5022 mutabuntur;
1794 4957 1907 5026 ipse

313 5048 503 5095 autem
527 5052 709 5106 manet
730 5055 988 5113 perpetuo
1012 5038 1219 5111 vivens,
1253 5056 1308 5101 et
1337 5047 1544 5101 inﬁnite
1574 5046 1759 5101 vivens
1790 5064 1803 5101 :
1840 5046 1905 5099 Et

312 5132 443 5185 catini
469 5134 565 5198 tui,
587 5134 778 5203 inquit,
811 5152 914 5189 non
942 5137 1193 5206 deﬁcient.
1228 5138 1316 5193 15.
1350 5137 1430 5191 Ad
1454 5155 1603 5205 quem
1623 5148 1792 5194 autem
1810 5154 1907 5191 an-

310 5222 551 5293 gelorum
576 5224 708 5278 dixit
726 5226 1038 5296 aliquando:
1069 5228 1205 5284 Sede
1223 5247 1255 5282 a
1273 5230 1464 5285 dextris
1485 5232 1626 5297 meis,
1646 5232 1901 5299 quoadus-

311 5330 415 5382 que
446 5331 637 5380 ponant
683 5316 916 5371 inimicos
959 5329 1072 5374 tuos
1110 5321 1384 5375 scabellum
1432 5323 1617 5392 pedum
1661 5325 1907 5378 tuorum?

314 5406 461 5461 Ecce
490 5421 682 5463 rursus
705 5408 786 5465 eis
812 5409 965 5464 addit
989 5412 1253 5476 animum,
1278 5414 1322 5468 si
1354 5414 1464 5469 sint
1489 5416 1774 5485 superandi
1803 5431 1890 5470 eo-

362 5562 436 5636 _(_a)
457 5562 669 5636 Dicebat
690 5566 925 5636 Eusebius
945 5566 1257 5636 Caesariensis
1280 5568 1393 5636 illud
1418 5582 1449 5636 6_
1461 5585 1537 5631 θεάς
1573 5574 1886 5636 praecedente

292 5624 507 5692 articulo
529 5624 593 5673 de
620 5625 768 5677 Patre
790 5628 881 5692 dici
909 5636 1111 5689 tantum,
1137 5632 1249 5692 quia
1271 5632 1403 5683 solus
1423 5624 1737 5685 Patér‘verus
1754 5636 1889 5687 Deus

294 5695 424 5762 erat.
647 5702 771 5762 vero
795 5685 1168 5762 Chqsostomus'
1185 5693 1265 5742 hic
1281 5694 1469 5762 _et_a|iis
1492 5698 1539 5746 in
1567 5698 1684 5762 locis
1708 5685 1891 5762 pugnat

299 5750 791 5826 suggerit-narticulo
812 5753 875 5803 de
893 5750 1023 5804 Filio
1045 5768 1240 5817 quoque
1262 5756 1376 5820 dici,
1405 5750 1727 5826 exemplaque
1752 5750 1899 5813 aitert

295 5820 365 5857 ex
378 5809 661 5876 Scripturis.

2008 474 2126 512 rum
2152 458 2388 513 inimici:
2414 468 2468 513 et
2498 458 2697 513 inimici
2726 473 2911 513 eormn
2937 456 3103 513 iidem
3119 463 3246 512 sunt
3267 456 3357 527 qui
3387 457 3588 511 inimici

2007 550 2226 604 Christi.
2263 550 2375 605 lloc
2405 566 2591 606 rursus
2618 560 2699 606 est
2729 552 2897 622 regni,
2940 551 3042 607 hoc
3072 550 3313 620 ejusdem
3344 550 3586 616 honoris,

2009 640 2131 707 hoc,
2160 643 2397 712 inquam,
2425 650 2510 699 est
2536 643 2775 708 honoris,
2805 659 2910 697 non
2951 643 3350 706 imbecillitatis,
3375 643 3589 696 Patrem

2009 731 2162 786 irasci
2195 733 2262 789 de
2293 734 2358 787 iis
2386 748 2505 803 qua:
2526 733 2663 788 facta
2696 722 2819 788 sunt
2847 736 2897 787 in
2928 733 3155 788 Filium:
3186 734 3286 787 hoc
3307 743 3388 788 est
3412 733 3587 802 magni

1966 866 1971 871 .
2006 828 2228 888 amoris,
2267 836 2322 881 et
2349 826 2568 881 honoris
2599 826 2870 894 tamquam
2903 828 3064 894 patris
3090 841 3217 895 erga
3248 827 3434 881 lilium.
3486 825 3589 893 Qui

2006 915 2149 970 enim
2199 931 2294 984 pro
2343 916 2462 986 ipso
2495 916 2761 977 irascitur,
2793 915 3064 985 quomodo
3092 926 3175 970 est
3202 917 3270 969 ab
3315 917 3432 987 ipso
3456 916 3591 970 alie-

2008 1007 2151 1061 nus?
2182 1006 2353 1061 Donec
2384 1024 2569 1077 ponant
2594 1007 2827 1060 inimicos
2852 1016 2982 1059 tuos.
3013 1006 3165 1073 Quod
3192 1006 3323 1061 dicit
3346 1008 3507 1062 etiam
3536 1006 3589 1061 in

2007 1098 2244 1152 secundo
2276 1098 2489 1153 Psalmo
2518 1117 2530 1152 :
2561 1098 2659 1164 Qui
2685 1098 2879 1151 habitat
2904 1098 2958 1149 in
2988 1098 3125 1151 ccelis
3155 1097 3383 1150 irridebit
3410 1114 3515 1152 eos.
3540 1107 3589 1150 et

2008 1191 2255 1247 Dominus
2284 1193 2608 1246 subsannabit
2634 1207 2733 1245 eos.
2774 1190 2916 1243 Tunc
2945 1191 3173 1256 lanietur
3208 1189 3277 1241 ad
3319 1206 3403 1243 eos
3430 1191 3482 1242 in
3513 1191 3590 1242 ira

2006 1301 2120 1349 sua,
2153 1294 2197 1337 et
2225 1284 2276 1337 in
2309 1284 2489 1352 furore
2509 1299 2598 1336 suo
2627 1282 2944 1335 conturbabit
2984 1297 3067 1333 eos
3121 1279 3291 1351 (Psal.
3326 1282 3381 1332 9...
3423 1282 3476 1334 4.
3508 1278 3585 1350 5).

2008 1373 2077 1429 Et
2117 1389 2301 1430 rursus
2329 1376 2442 1445 ipse
2473 1376 2634 1429 dicit:
2671 1373 2774 1427 Eos
2817 1376 2902 1443 qui
2942 1374 3210 1427 noluerunt
3256 1389 3335 1427 me
3377 1390 3592 1444 regnare

2007 1482 2161 1537 super
2183 1467 2339 1535 ipsos,
2366 1466 2605 1519 adducite
2632 1482 2799 1519 coram
2829 1480 2925 1531 me,
2954 1473 2998 1518 et
3022 1464 3287 1532 interﬁcite
3315 1463 3464 1533 (Luc.
3495 1465 3585 1521 19.

2006 1559 2121 1629 27).
2157 1561 2286 1614 Nam
2312 1560 2452 1629 quod
2484 1559 2590 1612 siut
2615 1559 2731 1627 ejus
2763 1558 2947 1622 verba,
2981 1557 3104 1610 audi
3127 1556 3254 1627 quid
3286 1557 3446 1611 etiam
3464 1558 3590 1612 alibi

2007 1653 2184 1709 dicat:
2218 1652 2426 1719 Quoties
2451 1651 2588 1705 volui
2605 1667 2911 1721 congregare
2932 1651 3067 1718 ﬁlios
3094 1659 3225 1715 tuos,
3257 1658 3303 1703 et
3327 1650 3593 1705 noluistis?

2010 1743 2144 1798 Ecce
2170 1744 2481 1810 relinquetur
2508 1742 2644 1797 vobis
2671 1744 2853 1797 domus
2896 1752 3059 1796 vestra
3092 1742 3289 1795 deserta
3340 1740 3449 1810 (Id.
3494 1743 3583 1797 15.

1998 1838 2109 1910 54).
2135 1839 2201 1892 Et
2228 1819 2433 1905 rursus,
2466 1840 2743 1909 Auferetur
2779 1854 2812 1890 a
2856 1837 2993 1890 vobis
3036 1853 3269 1905 regnum,
3302 1846 3349 1889 et
3381 1838 3589 1890 dabitur

2000 1932 2137 1999 genti
2166 1929 2371 1998 facienti
2417 1933 2616 2000 fructus
2661 1929 2805 2000 ejus;
2847 1937 2902 1983 et
2950 1941 3155 1993 rursus,
3212 1928 3313 1995 Qui
3350 1929 3589 1984 ceciderit

1999 2038 2152 2091 super
2180 2020 2399 2086 lapidem
2424 2020 2598 2085 istum,
2630 2020 3013 2090 confringetur:
3044 2034 3198 2089 super
3221 2034 3372 2088 quem
3417 2028 3587 2072 autem

2000 2112 2256 2177 ceciderit,
2284 2111 2540 2166 uentilabit
2569 2128 2681 2165 eum
2714 2111 2927 2183 (Matth.
2954 2112 3045 2164 2|.
3077 2112 3165 2165 15.
3209 2109 3323 2181 44).
3368 2112 3584 2181 Alioqui

1999 2212 2176 2257 autem
2204 2204 2293 2272 qui
2321 2212 2403 2258 est
2428 2218 2524 2257 eos
2568 2204 2674 2256 illic
2711 2202 3068 2271 judicaturus,
3100 2201 3269 2255 multo
3300 2202 3469 2272 magis
3500 2201 3589 2255 hic

2001 2292 2211 2348 illorum
2246 2294 2597 2348 immanitatis
2629 2307 2817 2363 poenas
2849 2293 3085 2361 repetiit.
3109 2292 3473 2360 Quamobrem
3506 2304 3591 2346 est

1999 2387 2168 2442 solius
2196 2387 2418 2441 honoris
2440 2388 2491 2440 in
2523 2386 2713 2440 Filium
2743 2384 2895 2451 illud,
2927 2384 3101 2438 Donec
3132 2400 3320 2454 ponam
3355 2384 3589 2437 inimicos

2002 2488 2112 2533 tuos
2132 2478 2407 2533 scabellum
2434 2477 2620 2546 pedum
2651 2488 2872 2531 tuorum.

2074 2570 2383 2641 Angelorum
2418 2570 2863 2623 ministerium.—
2891 2569 2979 2623 M.
3030 2567 3217 2623 Nonne
3256 2584 3429 2623 omnes
3471 2578 3589 2622 sunt

1999 2663 2415 2717 administratorii
2435 2663 2665 2733 spiritus,
2688 2662 2741 2715 in
2770 2661 3097 2715 ministerium
3116 2661 3256 2716 missi
3280 2672 3485 2732 propter
3504 2679 3590 2716 eos

1998 2758 2087 2829 qui
2112 2756 2439 2810 hereditatem
2471 2755 2672 2825 capient
2707 2754 2928 2809 salutis?
2956 2753 3093 2820 Quid
3133 2753 3349 2820 mirum,
3396 2754 3587 2823 inquit,

1999 2849 2044 2902 si
2069 2849 2374 2901 ministrant
2404 2845 2561 2911 Filio,
2594 2861 2714 2899 cum
2743 2845 2905 2899 etiam
2938 2842 3324 2899 ministrentad
3351 2853 3587 2897 nostram

2000 2939 2263 2993 salutem?
2298 2938 2430 2992 Vide
2472 2936 2742 3007 quomodo
2772 2951 2959 2991 eorum
2999 2937 3200 2991 excitet
3245 2934 3488 3003 Spiritus,
3536 2945 3591 2989 et

2002 3031 2228 3084 multum
2260 3029 2355 3083 Dei
2385 3029 2436 3082 in
2464 3043 2562 3083 nos
2588 3027 2846 3082 honorem
2872 3027 3139 3092 ostendat,
3164 3026 3206 3080 si
3225 3025 3439 3095 quidem
3463 3039 3591 3079 con-

2000 3122 2193 3185 stituit,
2231 3130 2286 3174 ut
2315 3120 2514 3190 angeli,
2548 3118 2637 3189 qui
2668 3127 2794 3172 sunt
2825 3118 2980 3172 nobis
3010 3118 3338 3185 superiores,
3373 3115 3474 3170 hoc
3498 3115 3592 3168 ha-

2001 3218 2163 3273 beant
2188 3231 2283 3286 pro
2309 3217 2462 3269 nobis
2493 3212 2871 3267 ministerium.
2902 3211 2973 3266 Ut
3000 3211 3044 3265 si
3077 3210 3275 3264 dixerit
3301 3209 3588 3277 quispiam:

2004 3306 2115 3371 Eis,
2140 3306 2330 3375 inquit,
2358 3304 2422 3357 ad
2452 3303 2551 3357 hoc
2581 3304 2776 3356 utitur:
2812 3302 2911 3355 hoc
2933 3311 3014 3356 est
3038 3316 3231 3355 munus
3253 3300 3585 3369 angelorum,

2005 3399 2312 3452 ministrare
2336 3397 2446 3450 Deo
2471 3395 2536 3449 ad
2570 3403 2806 3449 nostram
2834 3394 3083 3447 salutem.
3107 3392 3466 3459 Quamobrem
3492 3391 3593 3446 hoc

2004 3497 2088 3542 est
2123 3486 2294 3555 angeli
2330 3500 2465 3555 opus
2509 3484 2687 3538 omnia
2729 3483 2909 3538 facere
2959 3481 3025 3536 ad
3073 3481 3294 3536 fratrum
3326 3480 3590 3542 salutem;

2006 3577 2115 3633 imo
2138 3593 2270 3632 vero
2299 3584 2381 3630 est
2408 3591 2543 3645 opus
2587 3575 2757 3643 ipsius
2782 3573 3019 3628 Christi:
3054 3588 3176 3627 nam
3212 3572 3327 3641 ipse
3374 3571 3591 3640 quidem

2004 3670 2096 3723 dat
2117 3670 2345 3725 salutem
2379 3678 2437 3721 ut
2470 3668 2746 3727 Dominus,
2778 3668 2877 3737 ipsi
2901 3675 3081 3721 autem
3125 3675 3394 3735 tamquam
3423 3664 3592 3719 servi.

2006 3762 2076 3817 Et
2102 3778 2201 3817 nos
2231 3761 2439 3816 etiamsi
2473 3760 2637 3825 servi,
2671 3758 2765 3813 sed
2794 3757 3042 3813 conservi
3069 3756 3402 3827 angelorum.
3433 3755 3592 3823 Quid,

2008 3853 2197 3923 inquit,
2225 3852 2443 3922 angelos
2457 3851 2666 3905 hiantes
2686 3849 2958 3919 suSpicitis
2974 3848 2999 3901 ?
3018 3848 3153 3902 Sunt
3173 3847 3314 3901 servi
3334 3847 3452 3901 Filii
3478 3847 3601 3911 Dei,-

2007 3958 2061 4003 et
2083 3950 2133 4003 in
2156 3949 2319 4002 multa
2342 3947 2455 4000 lora
2484 3955 2704 4017 propter
2732 3959 2830 3999 nos
2857 3944 3161 4008 mittuntur,
3180 3953 3236 3997 et
3262 3942 3327 3997 ad
3355 3952 3606 3999 nostram

2010 4040 2311 4092 ministrant
2330 4038 2555 4092 salutem
2582 4052 2595 4089 :
2615 4035 2962 4105 quamobrem
2984 4043 3109 4088 sunt
3134 4035 3301 4087 nostri
3324 4033 3604 4092 conservi.

2010 4133 2253 4202 Cogitate
2296 4128 2565 4200 quomodo
2595 4143 2703 4181 non
2730 4126 2821 4181 dat
2849 4127 3111 4181 creaturis
3156 4130 3405 4195 magnam“
3434 4123 3589 4178 diffe-

2013 4224 2260 4277 rentiam.
2288 4223 2620 4289 Quamquam
2647 4220 2868 4273 multum
2901 4220 3120 4272 interest
3146 4217 3287 4271 inter
3308 4216 3525 4285 angelos
3545 4227 3609 4272 et

2017 4316 2283 4379 homines,
2312 4327 2405 4368 eos
2426 4322 2603 4367 tamen
2635 4326 2798 4381 pr0pe
2819 4326 2916 4365 nos
2933 4309 3181 4365 deducit:
3208 4307 3610 4379 propemodum

2023 4420 2178 4475 nobis
2204 4417 2407 4478 dicens,
2440 4414 2667 4481 Propter
2697 4424 2795 4463 nos
2826 4406 3084 4470 laborant,
3108 4416 3326 4475 propter
3353 4418 3452 4458 nos
3476 4418 3603 4457 cur.-

2023 4512 2206 4573 sitaut,
2238 4516 2312 4571 et,
2359 4517 2414 4560 ut
2442 4503 2640 4559 dixerit
2685 4500 2972 4571 quispiam,
3002 4499 3157 4552 nobis
3185 4496 3445 4552 serviunt.
3489 4494 3617 4550 [locs

2023 4614 2313 4657 esteorum
2347 4594 2725 4658 ministerium,
2752 4601 2973 4661 propter
3000 4602 3097 4641 nos
3135 4588 3185 4640 in
3228 4599 3417 4641 omnes
3462 4586 3613 4640 mitti:

2027 4700 2224 4763 partes.

2096 4786 2149 4839 5.
2180 4783 2273 4837 llis
2301 4777 2561 4847 exemplis
2588 4775 2797 4845 plenum
2824 4781 2907 4825 est
2936 4769 3119 4834 Vetus,
3146 4768 3362 4836 plenum
3394 4773 3476 4820 est
3497 4765 3613 4818 No-,

2027 4893 2150 4931 vum
2181 4876 2604 4930 Testamentum.
2644 4867 2777 4922 Nam
2825 4862 3039 4934 quando
3080 4858 3257 4929 angeli
3301 4857 3603 4928 pastOrihus

2029 4970 2225 5024 bonum
2247 4962 2592 5021 anmtntiant,
2622 4955 2834 5028 quando
2864 4953 3072 5015 Mariae,
3118 4950 3330 5021 quando
3368 4949 3564 5017 Joseph
3586 4990 3602 5013 ,

2027 5058 2239 5129 quando
2266 5054 2451 5109 sedent
2477 5052 2529 5104 in
2554 5055 2896 5104 monumento
2922 5087 2935 5107 ,
2962 5042 3174 5113 quando
3218 5042 3497 5093 mittuntur
3536 5039 3602 5091 ad

2026 5150 2310 5205 dicendum
2341 5142 2613 5211 di~cipulis
2634 5182 2648 5206 ,
2692 5138 2799 5191 Viri
2827 5134 3031 5191 διιιὶιωί
3056 5132 3179 5204 quid
3223 5133 3369 5186 statis
3397 5172 3411 5194 ,
3457 5131 3609 5199 aspi.

2025 5243 2208 5296 cientes
2235 5240 2286 5291 in
2313 5235 2489 5291 ctrlum
2522 5232 2673 5305 (Act.
2707 5231 2756 5285 1.
2790 5230 2849 5284 11
2873 5228 2938 5300 )?
2984 5226 3196 5295 quando
3240 5223 3454 5278 Petrum
3500 5222 3611 5276 sola

2028 5341 2244 5387 vuntex
2296 5344 2552 5392 carcere,
2599 5321 2811 5395 quando
2858 5320 3203 5389 alloquuntur
3254 5316 3601 5383 Philippum:

2027 5423 2295 5495 quomodo
2341 5420 2494 5474 nohis
2540 5433 2643 5471 non
2694 5411 2969 5469 serviunt?
3017 5408 3201 5481 Cogita
3249 5415 3477 5477 quantus
3536 5405 3612 5458 sit

2029 5518 2219 5583 honor,
2255 5513 2468 5585 quando
2498 5511 2637 5565 Deus
2666 5506 2884 5579 angelos
2928 5502 3091 5557 mittit
3138 5501 3410 5555 ministros
3466 5506 3609 5549 tam-

2030 5625 2186 5680 quam
2217 5606 2281 5660 ad
2308 5604 2527 5665 amicos,
2555 5598 2766 5669 quando
2794 5595 3012 5665 angelus
3054 5600 3274 5662 apparet
3314 5587 3564 5643 Cornelio
3588 5626 3613 5649 ,.

2033 5699 2244 5771 quando
2265 5710 2452 5752 omnes
2482 5692 2755 5773 apostolos
2784 5688 2929 5759 cjicit
2953 5702 2983 5741 e
3004 5699 3241 5739 carcere
3266 5726 3281 5746 ,
3328 5691 3382 5736 et
3426 5681 3547 5734 dicit
3586 5698 3601 5732 ε

2038 5791 2225 5847 Euntcs
2249 5800 2405 5851 state,
2434 5783 2765 5857 etloquimini
2792 5782 2843 5836 in
2870 5778 3058 5851 templo
3085 5777 3273 5849 papula
3304 5773 3448 5829 vcrba
3491 5774 3605 5827 uitta
