4060 6440
1968 106 1986 133 ἔ

584 298 644 354 5|
1322 318 1374 372 S.
1413 313 1692 375 JOANNIS
1730 320 2201 385 CllltYSOSTORII
2241 332 2553 390 ARClllEl’.
2599 337 3135 406 CONSTANTINOP.

580 420 756 490 hujus.
786 421 923 491 Quid
950 423 1052 478 alia
1079 425 1291 481 dicam?
1319 428 1487 485 Paulo
1531 448 1744 505 quoque
1783 437 1883 509 ipsi
1931 454 2153 513 apparet

571 513 813 582 angelus.
843 514 1002 570 Vides
1030 517 1174 585 ipsos
1197 529 1419 588 propter
1448 522 1610 577 Deum
1638 526 1792 582 nobis
1823 530 2145 603 ministrare,

2542 605 2557 614 '
2831 605 2836 606 ⁷
2863 605 3146 614 '"‘"""‘"'
3179 605 3194 614 '
3224 605 3367 632 ‘IV'V"
3396 605 3609 636 ῚυιυυΙΙΙ
3651 605 3833 633 ιτυυιι

568 614 623 657 et
655 605 957 661 ministrare
985 607 1035 660 in
1064 608 1222 663 rebus
1250 611 1541 668 maximis?
1563 615 1845 686 Propterea
1869 622 1995 679 dicit
2021 626 2148 682 Puu-
2255 632 2426 699 magis
2455 632 2801 694 benevolum.
2833 642 2945 701 Hoc
2976 646 3149 716 ipsum
3180 663 3357 709 autem
3388 655 3513 714 facit
3562 665 3727 719 etiam
3777 668 3833 722 ίη

571 693 651 722 In-
708 696 889 722 Ιὶ-....;..
922 708 1035 722 -..μι
1063 709 1226 722 ..--ι..-
1282 698 1373 722 ,ξμζ
1408 704 1471 722 -.9.
1588 707 1599 718 ο
1902 715 1914 722 .
2255 718 2295 722 --

568 693 674 760 lus,
707 696 889 750 Omnia
917 708 1035 751 sunt
1062 709 1247 766 vestra,
1273 698 1375 755 sive
1406 704 1525 770 vita,
1552 707 1655 760 sive
1681 726 1835 777 mors,
1870 715 1971 769 sive
2000 735 2143 773 mun-

2692 785 2707 798 '
2794 785 2809 801 ⁸
2852 785 2858 786 “
2876 785 2974 799 “⁷““’
3007 785 3057 791 ⁷*
3078 785 3130 792 ’-³
3154 785 3405 801 -ιυιυυιιων

565 785 686 845 dus.
719 787 821 840 sive
849 789 1139 854 praemia,
1171 794 1273 844 sive
1320 793 1513 860 futura.
1563 796 1755 854 Missus
1803 818 2015 875 quoque
2059 819 2142 864 εει
2245 826 2415 868 cens:
2448 816 2584 882 Quid
2606 822 2755 889 faciet
2798 827 3035 896 agricolis
3078 829 3218 886 illius
3259 836 3417 893 vinci!
3457 839 3686 911 (Matth.
3736 847 3833 903 2|.

567 872 727 911 F‘ililic
779 875 869 911 call
900 892 1007 911 nnn
1031 880 1167 911 βίη-11
1210 882 1452 911 ηις-πίοιμι-
1520 902 1690 911 “An.--
1739 900 1835 911 1--”
1866 910 1871 911 γ
2124 902 2136 911 ε
2258 902 2310 911 ,Α
2338 906 2346 911 ι
2374 906 2392 911 _
2514 909 2521 911 ξ

563 872 748 939 Filius,
777 875 869 930 sed
900 892 1007 931 non
1030 880 1170 933 sicut
1209 882 1452 938 minister
1474 924 1491 950 ,
1520 902 1694 957 neque
1738 900 2004 962 tamquam
2050 902 2137 969 qui

556 964 737 1033 aliquo
785 966 1095 1037 fungeretur
1139 989 1400 1041 munere,
1450 978 1543 1031 sed
1596 989 1861 1051 tamquam
1888 964 2136 1047 Filiusvet

556 1053 863 1124 unigenitus
884 1099 898 1122 ,
930 1068 986 1113 et
1013 1062 1100 1130 qui
1132 1064 1317 1119 eadem
1351 1067 1467 1120 vult
1493 1085 1611 1138 qua:
1640 1071 1815 1129 Pater.
1854 1076 1963 1133 lmo
2004 1097 2134 1140 vero

554 1159 621 1197 ne
648 1144 746 1200 fuit
772 1148 986 1217 quidem
1027 1153 1262 1210 missus:
1296 1172 1400 1211 non
1430 1160 1572 1215 enim
1617 1178 1647 1217 a
1694 1164 1811 1223 loco
1857 1170 1907 1223 in
1955 1172 2128 1231 locum

552 1236 783 1302 transiit,
813 1240 907 1295 sed
939 1255 1152 1298 carnem
1182 1250 1457 1317 suscepit;
1487 1254 1659 1322 angeli
1692 1272 1818 1314 vero
1846 1261 1960 1318 loca
2006 1283 2127 1323 mu-

552 1336 683 1390 tant,
715 1338 768 1382 et
799 1331 1060 1398 prioribus
1088 1334 1139 1387 in
1166 1336 1356 1405 quibus
1409 1351 1531 1394 sunt
1581 1343 1851 1417 dimissis,
1907 1354 1972 1409 ad
2020 1358 2124 1416 alia

546 1418 799 1485 veniunt,
830 1420 881 1474 in
912 1422 1103 1491 quibus
1131 1440 1235 1479 non
1262 1438 1431 1482 erant.
1466 1430 1585 1486 Jam
1614 1449 1740 1492 vero
1771 1437 1872 1495 hoc
1912 1458 2124 1518 quoquo

542 1517 622 1568 eis
647 1517 796 1573 addit
819 1521 1053 1577 animum
1075 1524 1257 1582 dicens
1290 1546 1302 1582 :
1327 1529 1463 1595 Quid
1497 1535 1739 1590 timetis?
1766 1541 1938 1609 angeli
1968 1517 2120 1601 nobis

541 1607 866 1667 ministrant.
900 1613 967 1693 Et
995 1630 1116 1671 cum
1147 1618 1368 1676 dixisset
1390 1622 1456 1678 de
1482 1624 1648 1692 Filio,
1698 1638 1753 1683 et
1800 1607 1918 1700 quae
1950 1637 2116 1704 perti-

539 1706 670 1752 nent
695 1700 760 1754 ad
792 1702 1240 1774 dispensationem
1261 1751 1279 1777 ,
1310 1727 1429 1783 qua:
1453 1717 1522 1771 ad
1550 1720 1874 1777 creationem
1905 1700 1964 1781 et
1998 1744 2116 1797 quae

537 1788 605 1842 ad
635 1805 854 1862 regnum
882 1805 933 1850 et
964 1801 1287 1858 ostendisset
1311 1820 1431 1860 eum
1462 1824 1581 1863 esse
1608 1810 1658 1865 in
1683 1815 1870 1871 eodem
1890 1817 2113 1890 henore,

537 1890 592 1936 et
617 1884 759 1953 quod
788 1897 1052 1958 tamquam
1079 1893 1335 1951 Dominus
1364 1898 1693 1956 dominatum
1722 1905 1958 1974 obtinet,
2008 1884 2115 1968 non

536 1971 588 2025 in
619 1974 764 2029 solos
794 1975 1059 2048 homines,
1091 1983 1185 2039 sed
1211 1986 1371 2041 etiam
1402 1988 1455 2042 in
1483 2006 1742 2061 supernas
1783 2006 2072 2071 potestates
2095 2044 2112 2070 ,

536 2079 629 2117 eos
650 2065 760 2133 jam
792 2070 1125 2139 exhortatur,
1159 2077 1228 2131 ita
1259 2079 1498 2135 instituta
1532 2065 1815 2155 oratione,
1844 2090 1985 2159 quod
2017 2107 2112 2148 nos

532 2164 779 2222 oporteat
798 2159 1032 2217 animum
1059 2165 1313 2221 adhibere
1343 2170 1406 2222 iis
1434 2187 1553 2240 qua:
1582 2186 1702 2228 sunt
1730 2178 1929 2233 audita.
1957 2181 2108 2251 (Cap.

531 2244 589 2314 2)
632 2244 682 2298 1.
736 2245 1013 2318 Propterea
1041 2253 1382 2312 abundantius
1411 2272 1607 2323 oportet
1633 2264 1893 2323 observare
1923 2244 2017 2325 nos
2053 2244 2110 2326 ea

529 2347 646 2401 quae
672 2336 976 2393 audivimus.
1000 2341 1105 2397 ‘Hic
1130 2344 1308 2401 dicere
1331 2349 1542 2405 volebat
1569 2356 1927 2413 abundantius
1948 2377 2106 2431 quam

530 2424 634 2495 legi
660 2428 1045 2486 attendendum
1077 2450 1216 2500 esse,
1241 2438 1333 2491 sed
1366 2438 1466 2496 hoc
1494 2443 1676 2511 siluit;
1712 2448 1869 2519 idque
1910 2424 2113 2509 indicat

530 2517 582 2571 in
615 2519 957 2588 probatione,
992 2542 1096 2579 non
1127 2528 1179 2582 in
1203 2532 1456 2595 consilio,
1491 2549 1588 2589 nec
1618 2537 1671 2590 in
1692 2538 2063 2619 exhortatione
2092 2562 2105 2598 :

526 2608 615 2664 Sic
644 2611 785 2666 enim
816 2624 934 2669 erat
959 2618 1168 2672 melius.
1210 2620 1267 2675 9..
1313 2622 1376 2677 Si
1414 2624 1546 2677 enim
1592 2628 1679 2697 qui
1728 2647 1817 2699 per
1862 2616 2107 2704 angelos,

526 2699 729 2768 inquit,
759 2702 921 2757 dictus
952 2715 1024 2758 est
1070 2724 1252 2773 sermo,
1288 2712 1456 2777 {actus
1479 2724 1553 2768 est
1596 2717 1804 2787 ﬁrmus,
1852 2731 1900 2775 et
1932 2699 2105 2779 omnis

526 2793 873 2858 prmvaricalio
902 2805 949 2848 et
975 2796 1308 2854 inobedientia
1337 2807 1525 2874 accepit
1542 2806 1737 2875 justam
1759 2815 1999 2868 mercedis
2021 2832 2102 2871 re-

526 2881 886 2939 tributionem:
915 2886 970 2941 5.
1000 2890 1255 2955 quomodo
1297 2909 1389 2947 nos
1427 2894 1729 2967 effugiemus
1753 2941 1767 2964 ,
1814 2903 1859 2955 si
1910 2914 2102 2960 tantam

522 2974 890 3044 neglexeiimus
955 2980 1211 3036 salutem?
1265 2999 1377 3052 qua:
1418 3002 1532 3039 cum
1583 2989 1782 3044 initium
1831 2997 2101 3067 accepisset

520 3066 797 3118 cnarrandi
826 3083 915 3135 per
942 3067 1242 3139 Dominum,
1272 3073 1333 3126 ab
1359 3076 1428 3129 eis
1456 3078 1544 3147 qui
1589 3080 1863 3137 audierunt
1906 3086 1958 3139 in
2009 3104 2100 3143 nos

519 3156 824 3225 conﬁrmata
879 3168 972 3213 est.
1029 3160 1140 3216 Cur
1197 3174 1403 3234 oportet
1456 3168 1811 3229 abundantius
1861 3178 2097 3235 animum

514 3244 774 3303 adhibere
801 3248 863 3303 iis
893 3265 1013 3320 qua:
1040 3252 1215 3307 audita
1245 3256 1413 3310 sunt?
1436 3274 1612 3315 annon
1655 3272 1709 3317 et
1754 3264 1839 3319 illa
1889 3279 1944 3323 et
1984 3273 2097 3328 haec

513 3347 640 3391 sunt
670 3337 807 3393 Dei?
831 3340 935 3395 Aut
958 3357 1084 3412 ergo
1102 3342 1231 3399 dicit
1251 3347 1391 3416 quod
1414 3348 1772 3410 abundantius
1792 3373 1949 3427 quam
1969 3361 2090 3433 legi,

512 3429 769 3499 autquod
798 3446 1121 3502 magnOpere
1147 3437 1217 3490 sit
1262 3440 1678 3510 attendendum;
1726 3462 1831 3502 non
1876 3429 2094 3522 compa-

512 3534 659 3585 rans,
689 3521 848 3576 absit.
876 3523 1007 3577 Nam
1033 3527 1283 3593 quoniam
1313 3529 1382 3583 ob
1409 3530 1625 3602 longum
1669 3546 1879 3608 tempus
1925 3521 2091 3600 liabe-

510 3609 640 3665 bant
669 3625 913 3682 magnam
942 3614 1009 3668 de
1035 3615 1210 3671 Veteri
1240 3618 1581 3677 Testamento
1606 3627 1946 3696 opinionem:
1976 3634 2092 3692 haec

507 3710 684 3756 autem
710 3711 977 3775 tamquam
1008 3720 1141 3761 nova
1173 3706 1508 3766 habebantur
1535 3722 1881 3788 contemptui,
1910 3734 2087 3779 osten-

505 3792 584 3846 dit
606 3808 672 3847 ex
698 3793 1022 3850 abundantia
1052 3798 1193 3867 quod
1226 3798 1310 3854 his
1350 3804 1520 3871 magis
1566 3806 1799 3864 animum
1831 3813 2087 3873 adhibere

504 3891 767 3951 oporteat.
796 3884 1106 3952 Quomodo?
1141 3889 1532 3959 Propemodum
1561 3896 1744 3953 dicens
1771 3917 1787 3956 :
1816 3903 1907 3958 Dei
1961 3908 2082 3976 qui-

502 3972 627 4027 dem
651 3982 774 4027 sunt
799 3973 912 4030 hare
937 3986 992 4031 et
1019 3977 1127 4040 illa,
1147 3980 1240 4034 sed
1264 3997 1368 4035 non
1389 3986 1659 4042 similiter.
1686 3990 1751 4045 Et
1774 3992 1873 4049 huc
1895 3972 2079 4064 postea

501 4074 656 4129 nobis
684 4078 955 4144 ostendit;
985 4082 1199 4138 interim
1236 4094 1414 4141 autem
1459 4088 1562 4145 hoc
1601 4093 1777 4148 minus
1820 4097 2081 4165 profunde

500 4164 751 4229 adstruit,
792 4181 977 4238 postea
1005 4182 1181 4229 autem
1215 4180 1568 4246 manifestius,
1599 4183 1782 4241 dicens
1811 4206 1825 4243 :
1857 4187 1993 4243 Nam
2038 4191 2083 4245 si

496 4255 629 4308 illud
655 4259 795 4323 prius
820 4262 971 4330 culpa
1000 4277 1257 4332 vacasset;
1284 4277 1338 4324 et.
1368 4287 1580 4328 rursum
1608 4316 1622 4340 ,
1657 4274 1796 4330 Nam
1822 4281 1956 4346 quod
1981 4299 2079 4336 an-

496 4347 720 4416 tiquatur
746 4360 793 4403 et
821 4356 1066 4421 senescit,
1101 4367 1173 4411 est
1203 4376 1361 4432 prope
1389 4363 1648 4420 interitum
1689 4366 1881 4439 (Infra
1933 4373 1985 4428 8.
2022 4373 2074 4426 7.

496 4435 621 4507 i5).
657 4438 760 4495 Sed
792 4444 1026 4501 nondum
1056 4449 1215 4505 audet
1237 4454 1526 4525 quidquam
1565 4435 1870 4529 liiijusmodi
1896 4463 2076 4523 dicere

493 4526 545 4579 in
576 4532 851 4597 prooemiis
874 4575 889 4599 ,
919 4535 1091 4593 donec
1119 4542 1416 4599 auditorem
1450 4526 1690 4615 pluribus
1730 4567 2073 4626 pra-occupa-

491 4620 558 4673 rit
577 4630 631 4676 et
649 4627 897 4683 tennerit.
925 4628 1031 4685 Cur
1051 4647 1179 4703 ergo
1206 4651 1304 4691 nos
1326 4649 1537 4708 oportet
1566 4620 1741 4714 magis
1757 4647 2074 4705 attendere?

490 4707 575 4762 Ne
602 4716 751 4782 forte,
780 4717 967 4788 inquit,
1006 4707 1379 4795 pereﬂluamus.
1408 4729 1520 4784 Hoc
1546 4707 1849 4807 estineqne
1880 4754 2070 4809 perca-

489 4817 641 4869 mus,
677 4822 852 4878 neque
902 4815 1234 4873 excidamus.
1278 4819 1346 4874 Et
1392 4820 1475 4877 hic
1522 4827 1757 4883 ostendit
1794 4847 1952 4899 quam
2000 4834 2069 4887 sit

484 4896 663 4961 gravis
691 4913 869 4968 casus,
901 4907 1152 4973 quoniam
1176 4920 1261 4965 est
1289 4911 1508 4969 difﬁcile
1535 4925 1590 4969 ut
1616 4916 1666 4972 id
1694 4896 1831 4989 quod
1859 4921 2068 4980 efﬂuxit

484 5077 823 5146 negligentia.
868 5084 1075 5141 Dictum
1120 5100 1294 5146 autem
1343 5099 1550 5167 accepit
1597 5115 1664 5154 ex
1708 5101 2059 5163 Proverbiis:

485 5165 591 5219 Fili
612 5209 625 5227 .
671 5170 862 5241 inquit,
894 5193 956 5231 ne
979 5181 1243 5251 pereﬂluas
1276 5184 1294 5253 (
1325 5165 1484 5240 Prov.
1512 5190 1563 5243 5.
1590 5191 1652 5244 2|
1681 5191 1700 5263 )
1728 5209 1740 5256 ;
1771 5198 2061 5254 ostendens

476 5267 528 5310 et
554 5275 711 5329 quam
744 5263 911 5321 facilis
940 5268 1010 5323 sit
1034 5269 1234 5340 lapsus,
1257 5283 1311 5329 et
1351 5292 1510 5345 quam
1558 5283 1736 5350 gravis
1786 5286 2057 5344 interitus.

477 5346 590 5403 Hoc
614 5361 697 5405 est
725 5355 991 5426 videlicet,
1029 5363 1169 5431 quod
1201 5380 1304 5420 non
1335 5369 1451 5424 sine
1482 5373 1723 5440 periculo
1766 5389 1849 5433 est
1876 5420 1891 5445 ,
1948 5398 2053 5437 nun

476 5439 715 5499 obedire.
767 5447 833 5502 Et
881 5467 976 5521 per
1005 5470 1064 5508 ea
1116 5458 1329 5527 quidem
1376 5439 1495 5532 quae
1543 5464 1771 5523 adstruit
1817 5477 2053 5531 ostendit

476 5531 651 5599 majus
678 5550 797 5590 esse
827 5543 1167 5618 supplicium.
1197 5546 1370 5617 Ipsum
1399 5561 1573 5608 autem
1618 5572 1801 5615 rursus
1834 5562 2052 5621 dimittit

475 5624 882 5696 inquirendum,
915 5652 1012 5691 nec
1057 5642 1344 5699 concludit.
1397 5647 1507 5703 ΙΙυο
1550 5654 1692 5706 enim
1737 5665 1820 5710 est
1874 5661 2051 5717 minus

473 5718 751 5775 molestam
782 5725 1009 5784 reddere
1032 5732 1330 5790 orationem
1354 5779 1366 5801 ,
1408 5754 1510 5795 non
1540 5757 1602 5797 ex
1636 5758 1692 5799 se
1726 5748 1919 5820 ubique
1965 5754 2046 5808 in.

2244 902 2395 974 40)?
2423 916 2478 962 et
2511 909 2654 979 ipsos
2700 929 2897 986 cogens
2945 918 3086 977 ferre
3134 902 3498 987 sententiain:
3530 932 3632 991 hoc
3677 939 3833 994 enim

2238 1012 2315 1054 cst
2342 1006 2575 1058 maxima
2602 1008 2838 1064 victoria.
2871 1012 3073 1071 Deinde
3102 1033 3224 1072 cum
3268 1020 3524 1091 dixisset,
3576 1028 3638 1083 Si
3680 1031 3827 1087 enim

2235 1092 2320 1160 qui
2346 1110 2437 1161 per
2462 1098 2669 1166 angelos
2697 1100 2864 1155 dictus
2888 1112 2962 1156 est
2985 1121 3171 1173 sermo,
3204 1113 3370 1179 factus
3390 1122 3463 1167 est
3487 1116 3689 1183 ﬁrmus,
3718 1136 3829 1174 non

2235 1183 2535 1252 subjunxit,
2562 1187 2725 1244 Multo
2752 1193 2921 1262 magis
2949 1206 3128 1251 autem
3159 1199 3211 1252 is
3228 1202 3317 1269 qui
3365 1219 3463 1272 per
3507 1204 3827 1276 Christum;

2234 1274 2328 1329 scd
2356 1276 2457 1331 hoe
2484 1278 2697 1348 quidem
2726 1281 2891 1349 misit,
2924 1284 3059 1341 dixit
3086 1298 3263 1344 autem
3295 1294 3435 1358 quod
3464 1307 3545 1351 est
3589 1300 3779 1356 minus

2236 1366 2504 1430 Quomodo
2534 1386 2625 1424 nos
2651 1370 2974 1443 e/fugiamus,
3000 1378 3045 1430 si
3086 1388 3280 1434 tantam
3325 1386 3699 1453 neglexerimus
3750 1408 3831 1444 sa-

2234 1457 2434 1512 lutem?
2464 1459 2596 1517 Vide
2622 1472 2804 1519 autcm
2826 1468 3098 1535 quomodo
3134 1470 3293 1527 faciat
3330 1480 3821 1547 comparationem.

2233 1547 2295 1600 Si
2320 1551 2453 1601 cnim
2473 1551 2561 1620 qui
2591 1568 2683 1619 per
2701 1554 2928 1624 angelos,
2952 1556 3145 1628 inquit,
3170 1561 3336 1618 dictus
3359 1575 3432 1619 est
3459 1583 3639 1624 sermo.
3678 1571 3824 1639 Illic,

2233 1636 2335 1691 Per
2355 1640 2597 1710 angelos;
2628 1641 2714 1698 hic
2740 1657 2942 1709 autem,
2975 1647 3076 1703 Per
3106 1650 3380 1709 Dominum
3412 1672 3432 1711 :
3456 1666 3512 1713 et
3550 1660 3657 1717 illic
3698 1636 3828 1733 qui;

2229 1728 2350 1782 dem
2380 1743 2593 1799 sermo;
2628 1732 2714 1788 hic
2740 1745 2917 1791 autem
2949 1739 3114 1796 salus.
3146 1742 3346 1799 Deinde
3376 1762 3443 1802 ne
3482 1747 3625 1804 dicat
3663 1728 3826 1822 quis-

2231 1819 2369 1888 pium
2402 1836 2415 1871 :
2444 1821 2622 1889 Quid?
2646 1840 2765 1894 qum
2789 1835 2843 1880 tu
2871 1827 3024 1897 dicis,
3055 1845 3088 1884 0
3111 1831 3306 1901 Paule,
3335 1851 3397 1891 ea
3424 1849 3547 1895 sunt
3572 1819 3825 1901 Christi?

2230 1924 2570 1982 prmoecupat
2594 1926 2647 1970 ct
2678 1916 2781 1973 fide
2806 1918 3023 1990 dignum
3058 1923 3106 1978 id
3135 1928 3405 1995 ostendit,
3456 1942 3512 1988 et
3558 1938 3702 2005 quod
3749 1957 3823 1995 ea

2225 2002 2294 2056 ab
2325 2002 2417 2057 illo
2444 2006 2741 2075 audiverit,
2774 2019 2830 2066 et
2858 2014 3000 2083 quod
3035 2031 3101 2071 ea
3129 2034 3270 2075 nunc
3297 2037 3327 2076 a
3362 2023 3472 2081 Deo
3519 2002 3772 2088 dicantur
3799 2076 3819 2100 ,

2227 2108 2333 2147 non
2381 2095 2553 2152 solum
2594 2115 2725 2155 Voce
2779 2118 2872 2170 per
2914 2120 3096 2162 acrem
3144 2112 3375 2182 emissa,
3425 2117 3565 2174 sicut
3610 2122 3819 2181 factum

2224 2192 2307 2237 est
2348 2184 2400 2239 in
2437 2185 2613 2256 Mose,
2664 2190 2757 2245 sed
2809 2192 2977 2263 signis
3019 2212 3138 2267 quae
3191 2200 3389 2260 ﬁebant
3430 2218 3486 2264 et
3514 2211 3676 2270 rebus
3727 2224 3817 2271 te-

2223 2277 2508 2333 stantibus.
2780 2300 2783 2307 '

2293 2368 2350 2422 4.
2379 2368 2516 2437 Quid
2540 2380 2716 2427 autem
2740 2383 2845 2444 est,
2877 2376 2939 2433 Si
2956 2380 3088 2435 enim
3108 2386 3196 2455 qui
3215 2404 3305 2457 per
3322 2391 3530 2463 angelos
3549 2396 3716 2452 dictus
3736 2411 3814 2454 est

2220 2476 2407 2526 mmo,
2432 2460 2601 2529 factus
2628 2474 2701 2518 est
2727 2467 2947 2533 ﬁrmus?
2977 2470 3032 2526 ln
3063 2474 3296 2546 Epistolu
3326 2460 3541 2556 quoque
3582 2491 3650 2544 ad
3693 2492 3808 2547 Ga—

2222 2550 2356 2604 latas
2383 2552 2462 2607 sic
2486 2551 2618 2608 dicit
2648 2573 2662 2610 :
2694 2555 2956 2628 Disposita
2981 2580 3072 2633 per
3098 2570 3305 2638 angelos
3346 2550 3399 2627 in
3428 2550 3582 2632 manu
3612 2584 3810 2638 media-

2220 2643 2381 2708 toris;
2406 2655 2461 2699 et
2485 2661 2693 2726 rursus,
2726 2650 3002 2721 Accepistis
3028 2657 3186 2728 legem
3213 2662 3267 2715 in
3292 2664 3627 2736 dispositione
3648 2691 3811 2748 ange-

2220 2734 2385 2788 lorum
2408 2776 2424 2801 ,
2450 2747 2616 2791 etnon
2646 2742 2952 2798 custodiistis
2984 2745 3127 2815 (Gal.
3158 2751 3213 2806 5.
3243 2753 3329 2810 19.
3376 2734 3493 2812 Ἀρι.
3523 2761 3575 2814 7.
3604 2763 3694 2834 55)
3716 2734 3809 2829 et

2222 2826 2417 2897 ubique
2447 2843 2563 2883 eam
2598 2829 2727 2885 dicit
2772 2832 2885 2888 dari
2915 2850 3013 2906 per
3038 2842 3277 2912 angelos.
3309 2845 3561 2906 Nonnulli
3588 2826 3805 2925 quidem

2219 2916 2405 2973 dicunt
2429 2919 2666 2992 Moysem
2700 2926 2860 2982 tacite
2900 2929 3228 3002 significari;
3268 2940 3363 2994 sed
3392 2957 3497 2997 non
3547 2916 3633 3001 est
3675 2964 3808 3005 con-

2219 3022 2532 3068 sentaneum
2562 3031 2577 3070 :
2603 3019 2803 3074 multos
2830 3022 2972 3077 enim
3004 3025 3090 3082 hic
3117 3028 3248 3085 dicit
3278 3036 3520 3102 angelos.
3552 3038 3650 3096 llic
3673 3059 3806 3113 quo-

2218 3117 2323 3172 que
2371 3104 2591 3174 angelos
2630 3122 2725 3163 eos
2755 3109 2883 3165 dicit
2913 3115 3003 3183 qui
3045 3129 3170 3172 sunt
3214 3120 3267 3175 in
3320 3126 3471 3181 cmlo.
3502 3129 3639 3195 Quid
3677 3104 3805 3205 ergo

2218 3195 2345 3247 est?
2372 3196 2477 3250 Aut
2502 3196 2814 3271 decalogum
2862 3204 2994 3260 dicit
3021 3209 3194 3266 solum
3231 3231 3243 3267 :
3278 3214 3388 3271 illic
3417 3221 3560 3275 enim
3594 3195 3805 3298 Moyses

2213 3297 2551 3366 loquebatur,
2584 3310 2639 3355 et
2680 3301 2820 3357 Dens
2864 3307 3225 3375 respondebat
3264 3325 3280 3363 :
3311 3317 3572 3381 autquod
3615 3319 3793 3385 angeli

2212 3386 2461 3442 adessent
2490 3388 2602 3443 Deo
2624 3390 2847 3459 jubentc
2875 3411 2889 3448 :
2919 3405 3012 3450 aut
3033 3396 3147 3452 haec
3162 3398 3294 3454 dicit
3312 3400 3380 3457 de
3402 3404 3654 3461 omnibus
3677 3424 3797 3477 qua:

2209 3474 2349 3528 dicta
2403 3485 2458 3531 et
2510 3477 2647 3533 facta
2693 3493 2816 3537 sunt
2867 3483 2918 3538 in
2946 3485 3149 3553 Veteri,
3198 3492 3340 3561 quod
3392 3474 3708 3553 societatem
3744 3501 3794 3555 in

2213 3564 2294 3618 his
2341 3565 2629 3622 habuerint
2677 3572 2874 3641 angeli.
2915 3577 3196 3643 Quomodo
3241 3592 3416 3639 autem
3461 3586 3594 3643 dicit
3642 3591 3785 3656 alibi,

2212 3656 2363 3724 Quod
2390 3659 2474 3735 [ex
2496 3659 2616 3714 data
2644 3665 2742 3732 fuit
2770 3683 2859 3734 per
2888 3667 3080 3726 Mosem
3109 3672 3287 3743 (Joan.
3325 3677 3376 3732 |.
3408 3678 3497 3743 l7)
3523 3722 3537 3745 ,
3573 3680 3659 3737 hic
3692 3700 3791 3737 au-

2207 3756 2310 3801 tem
2345 3764 2440 3818 per
2480 3753 2738 3823 angelos?
2772 3756 2900 3812 dicit
2937 3762 3121 3827 enim,
3158 3763 3224 3818 Et
3268 3766 3522 3823 descendit
3567 3771 3704 3825 Deus
3735 3776 3787 3827 in

2199 3838 2416 3909 caligine
2444 3839 2637 3912 (Exod.
2668 3846 2755 3900 19.
2784 3848 2899 3919 20).
2932 3851 2991 3905 Si
3021 3853 3152 3906 enim
3174 3857 3258 3925 qui
3283 3874 3371 3923 per
3391 3862 3597 3931 angelos
3621 3864 3786 3919 dictus

2196 3938 2270 3982 est
2295 3947 2480 3998 sermo,
2509 3937 2674 4003 factus
2703 3948 2776 3990 est
2798 3940 2995 4005 ﬁrmus.
3022 3943 3159 4011 Quid
3190 3956 3291 4010 est.
3316 3948 3525 4006 Firmus
3542 3955 3567 4006 ἱ)
3588 3953 3779 4020 Verus,

2197 4029 2255 4074 ut
2278 4021 2348 4076 ita
2378 4022 2575 4093 dicam,
2606 4036 2661 4083 et
2688 4028 2857 4084 fidelis
2890 4049 2904 4086 :
2940 4032 2990 4087 in
3016 4044 3259 4106 tempore
3282 4043 3627 4099 convenienti
3653 4062 3778 4103 eve-

2194 4125 2383 4169 nerunt
2424 4118 2600 4173 omnia
2637 4136 2755 4190 qua:
2783 4122 2923 4178 dicta
2977 4135 3121 4182 sunt.
3174 4130 3283 4184 Aut
3326 4130 3429 4187 hoc
3470 4134 3630 4202 dicit;
3682 4148 3777 4194 aut

2189 4204 2329 4273 quod
2358 4206 2463 4261 vim
2492 4218 2546 4262 et
2577 4210 2907 4268 dominatum
2940 4216 3199 4286 obtinuit,
3239 4231 3289 4276 et
3330 4224 3488 4278 ruina:
3517 4226 3584 4281 ad
3630 4228 3773 4284 ell‘e-

2187 4307 2333 4353 ctum
2355 4312 2480 4356 sunt
2511 4304 2785 4374 deduette;
2817 4320 2908 4364 aut
2937 4326 3243 4369 sermonem
3267 4315 3398 4372 dicit
3419 4319 3586 4386 jussa.
3608 4322 3768 4378 Multa

2185 4389 2324 4442 enim
2356 4391 2473 4447 sine
2496 4394 2611 4465 lege
2635 4395 2911 4465 jusserunt
2938 4404 3111 4473 angeli
3139 4420 3167 4459 a
3198 4405 3307 4460 Deo
3332 4410 3478 4463 missi
3508 4428 3521 4463 :
3550 4411 3688 4467 sicut
3714 4415 3768 4469 in

2181 4479 2300 4535 loco
2330 4482 2525 4553 luctus,
2557 4496 2796 4558 tempore
2817 4490 3067 4548 Judieum
3098 4496 3147 4549 in
3177 4498 3456 4554 Samsone.
3480 4500 3612 4556 Nam
3642 4521 3765 4573 pro-

2181 4582 2359 4640 pterea
2392 4590 2496 4631 non
2528 4576 2695 4645 dixit,
2726 4580 2833 4636 Lex
2859 4625 2874 4648 ,
2908 4584 3001 4639 sed
3027 4626 3043 4651 ,
3073 4586 3275 4642 Sermo.
3307 4589 3431 4644 Mihi
3461 4604 3643 4649 autem
3675 4597 3763 4653 hic

2177 4664 2343 4733 magis
2375 4665 2512 4722 forte
2539 4670 2748 4727 videtur
2776 4673 2958 4731 dicere
3000 4693 3059 4732 ea
3086 4718 3102 4743 ,
3131 4697 3251 4748 qine
3297 4694 3421 4737 sunt
3449 4684 3759 4755 diSpensata

2177 4768 2270 4821 per
2298 4759 2532 4827 angelos.
2569 4761 2705 4829 Quid
2748 4780 2877 4835 ergo
2912 4767 3193 4825 dicemus?
3222 4772 3461 4830 Aderant
3494 4786 3618 4833 tunc
3655 4796 3756 4836 an-

2171 4849 2273 4915 geli
2305 4851 2497 4920 quibus
2530 4862 2655 4909 time
2682 4872 2815 4927 gens
2864 4860 3034 4916 fuerat
3079 4865 3280 4919 credita
3307 4907 3322 4934 ,
3360 4877 3413 4923 et
3459 4870 3559 4939 ipsi
3613 4873 3757 4929 tubis

2169 4942 2469 5010 canebant;
2499 4956 2552 5001 et
2583 4948 2686 5001 alia
2726 4950 2995 5019 edebant,
3026 4970 3219 5026 nempe
3245 4956 3421 5028 ignem
3445 5001 3459 5025 ,
3487 4970 3542 5017 et
3565 4964 3753 5034 caligi-

2167 5048 2309 5087 nem.
2351 5034 2418 5088 Et
2446 5040 2609 5093 omnis
2633 5081 2648 5105 ,
2692 5041 2900 5112 inquit,
2949 5050 3299 5117 praevaricatio
3340 5062 3386 5105 et
3414 5053 3755 5111 inobedientia

2164 5127 2354 5197 accepit
2390 5130 2585 5198 justam
2615 5135 2857 5190 mercedis
2884 5139 3287 5197 retributionem.
3332 5144 3449 5199 Non
3484 5148 3599 5204 lucc
3628 5152 3749 5220 qni—

2162 5215 2310 5283 denl,
2341 5218 2426 5273 illa
2452 5230 2631 5277 autent
2652 5240 3010 5297 nequaquam,
3038 5231 3134 5286 sed
3160 5234 3355 5290 on'mis.
3384 5234 3753 5297 Nihilmansit

2159 5306 2384 5363 inultum
2410 5352 2427 5377 ,
2472 5314 2568 5368 sed
2595 5315 2802 5387 Accepit
2818 5320 3015 5390 justam
3043 5326 3286 5381 mercedis
3324 5329 3745 5401 retributionem,

2157 5397 2208 5452 id
2237 5410 2339 5463 est.
2365 5406 2769 5476 castigatiomun
2799 5421 2851 5467 et
2878 5428 3115 5483 pinnam.
3141 5419 3248 5473 Cur
3267 5433 3449 5477 autem
3476 5424 3553 5479 sic
3576 5427 3744 5483 dixit?

2155 5489 2227 5543 Ita
2269 5494 2405 5548 solet
2444 5496 2638 5553 Paulus
2667 5500 2961 5559 dictionmn
2995 5522 3099 5562 non
3128 5524 3377 5581 magnam
3405 5512 3606 5571 habere
3650 5534 3737 5573 ra.

2153 5584 2351 5640 tionem
2378 5629 2393 5654 ,
2426 5590 2519 5644 sed
2553 5591 3016 5654 indiscriminatim
3062 5603 3222 5658 etiam
3269 5605 3322 5659 in
3369 5608 3528 5665 rebus
3579 5611 3737 5667 bonis

2152 5692 2351 5745 ponere
2380 5696 2440 5735 ea
2470 5700 2589 5753 qua:
2620 5689 2815 5744 malum
2843 5691 3040 5750 habent
3068 5696 3516 5765 significationem
3548 5721 3560 5757 :
3592 5706 3735 5761 sicut

2145 5770 2305 5829 etiam
2336 5774 2464 5833 dicit
2491 5778 2641 5849 alibi,
2676 5781 2737 5838 In
2762 5788 3099 5858 captivitatem
3124 5794 3403 5866 rcdigentes
3434 5814 3633 5856 omnem
3653 5804 3737 5856 inc.
