4064 6612
558 376 630 432 33
1292 370 1348 424 S.
1389 366 1672 424 JOANMS
1710 361 2194 425 CIIRYSOSTOMI
2233 358 2553 418 ARCIIIEP.
2590 362 3141 425 CONSTANTINOP.
3736 376 3806 430 34

562 490 752 561 φησὶν,
791 487 1241 560 ἐκφευξόμεθα,
1297 487 1662 555 τηλικαύτης
1729 485 2147 552 ἀμελήσαντες

561 574 894 640 σωτηρίας;
924 572 1021 624 Διά
1054 569 1167 641 ['52]
1201 566 1392 620 τούτου
1427 569 1717 637 ἐδήλωσεν,
1746 572 1828 623 ὅτι
1865 571 1925 622 οὐ
1971 568 2139 639 πολλή

561 673 641 718 τις
671 652 739 724 ἦν
770 655 950 721 ἐκείνη
980 654 1012 721 ἠ
1044 649 1307 720 σωτηρία.
1333 651 1529 714 Καλῶς
1553 652 1611 703 δὲ
1639 653 1731 704 καὶ
1752 652 1835 716 τὸ,
1862 651 2139 721 Τηλικαύ·

561 756 683 808 της,
708 734 1074 807 προσέθηκεν.
1099 730 1177 786 Οὺ
1211 733 1321 803 γὰρ
1381 734 1446 785 ἐκ
1481 733 1753 803 πολέμων,
1782 736 1968 804 φησὶν,
1997 737 2147 805 ἡμᾶς

561 819 817 874 διασώσει
868 816 986 877 νῦν,
1017 817 1139 868 οὑδέ
1172 817 1271 886 τὴν
1304 816 1407 885 γῆν
1439 816 1533 868 καὶ
1558 818 1627 869 τὰ
1684 818 1742 869 ἐν
1774 819 1840 887 τῇ
1871 819 1941 886 γῇ
1968 817 2147 885 ἀγαθά

462 964 463 967 η
562 901 810 970 παρέξει,
859 898 992 954 ἀλλά
1035 898 1270 951 Θανάτου
1318 897 1619 961 κατάλυσις
1646 898 1821 961 ἔσται,
1861 899 1995 951 ἀλλά
2032 899 2147 951 δια·

562 984 719 1036 ϐόλον
772 982 1040 1047 ἀπώλεια,
1095 980 1208 1032 ἀλλ’
1264 980 1513 1053 οὐρανῶν
1557 980 1825 1051 βασιλεία,
1871 981 2008 1034 ἀλλά
2034 981 2146 1052 ζωὴ

560 1068 803 1129 αἰώνιος.
829 1065 1017 1117 Ταῦτα
1055 1065 1164 1133 γὰρ
1192 1064 1372 1116 πάντα
1400 1064 1459 1116 ἐν
1498 1065 1748 1134 συντόμῳ
1785 1065 2042 1136 ἐνέφηνεν
2074 1068 2149 1117 εξ-

562 1151 702 1216 πὼν,
744 1150 1120 1217 Ίήλικαύτης
1159 1146 1582 1216 ἀμελήσαντες
1637 1150 1959 1217 σωτηρίας.
2014 1145 2149 1202 Εἶτα

562 1236 657 1289 καὶ
690 1234 755 1286 τὸ
789 1233 1104 1299 ἀξιόπιστον
1146 1232 1381 1298 ἐπάγει·
1422 1231 1587 1298 Ἤτις
1633 1232 1831 1301 ἀρχὴν
1873 1233 2149 1286 λαϐοῦσα

526 1326 527 1329 “
563 1318 879 1372 λαλεῖσθαι
910 1316 1008 1370 διὰ
1042 1316 1146 1369 τοῦ
1192 1316 1416 1382 Κυρίου
1444 1331 1457 1344 ·
1498 1318 1769 1383 τουτέστι,
1798 1318 1926 1386 παρ’
1980 1317 2149 1385 αὐτῆς

563 1402 662 1472 τῆς
694 1401 878 1470 πηγῆς
933 1398 1059 1467 ἔσχε
1113 1398 1211 1469 τὴν
1255 1399 1467 1468 ἀρχήν·
1503 1400 1601 1451 οὐκ
1648 1398 1939 1469 ἄνθρωπος
1978 1400 2147 1469 αὐτὴν

563 1482 992 1552 διεπόρθμευσεν
1026 1483 1105 1543 είς
1126 1480 1224 1551 τὴν
1255 1483 1380 1550 γῆν,
1412 1481 1484 1549 οὐ,
1504 1480 1697 1548 κτιστὴ
1743 1481 1997 1550 δύναμις,
2029 1481 2150 1533 ἀλλ’

563 1566 724 1630 αὐτὸς
753 1568 781 1619 6
809 1566 1138 1635 Μονογενής.
1157 1566 1171 1583 θ
1186 1565 1304 1617 Υπὸ
1326 1564 1445 1617 τῶν
1463 1565 1862 1617 ἀκουσάντων
1891 1567 1978 1630 εἰς
1995 1562 2151 1632 ἡμᾶς

563 1648 899 1716 ἐϐεϐαιώθη.
948 1649 1014 1702 Τί
1064 1650 1233 1707 ἐστιν.
1278 1646 1666 1715 Ἐϐεόαιώθη;
1712 1648 2064 1719 Ἑπιστεύθη,
2114 1649 2148 1717 ἢ

566 1732 731 1803 ἐξέϐη
752 1748 767 1763 ·
797 1732 891 1785 τὸν
942 1731 1052 1802 γὰρ
1082 1731 1415 1802 ἀρραϐῶνα,
1443 1732 1631 1802 φησὶν,
1703 1732 1900 1803 ἔχομεν
1924 1750 1938 1764 ·
1993 1751 2151 1786 τουτ-

575 1820 751 1879 έστιν,
778 1818 877 1868 οὐκ
904 1815 1159 1884 ἐσϐέσθη,
1192 1817 1293 1868 οὐκ
1322 1816 1532 1886 ἔληξεν,
1559 1816 1693 1869 ἀλλὰ
1721 1820 1916 1887 κρατεῖ
1938 1820 2027 1870 καὶ
2056 1833 2151 1869 πε-

567 1899 856 1971 ριγίνεται.
895 1900 968 1951 Τὸ
1000 1899 1059 1950 δὲ
1089 1900 1282 1965 αἴτιον,
1316 1902 1349 1970 ὴ
1382 1898 1501 1951 θεία
1528 1899 1760 1970 δύναμις
1813 1900 2050 1970 ἐνεργεῖ.
2085 1901 2148 1953 Τί

566 1989 735 2045 ἐστιν,
778 1983 924 2035 ’Υπὺ
952 1981 1073 2035 τῶν
1094 1983 1530 2045 ἀκουσάντων;
1558 1984 1870 2049 Τουτέστιν,
1906 1985 1957 2036 οἰ
1998 1984 2151 2053 παρά

565 2068 659 2122 τοῦ
692 2069 899 2139 Κυρίου
924 2068 1257 2131 ἀκούσαντες
1278 2071 1431 2123 αὐτοὶ
1452 2072 1598 2140 ἡμᾶς
1616 2070 1969 2123 ἐϐεϐαίωσαν.
1992 2072 2152 2140 Μέγα

565 2150 841 2205 τοῦτοκαὶ
880 2142 1213 2217 όίξιόπιστον.
1245 2154 1424 2221 Ὅπερ
1468 2154 1565 2205 καὶ
1607 2153 1827 2217 Λουκᾶς
1879 2171 2045 2225 φησιν
2090 2156 2152 2207 ἐν

565 2235 708 2304 ἀρχῇ
750 2234 844 2287 τοῦ
878 2234 1213 2303 Εύαγγελίου
1235 2250 1249 2264 ·
1283 2234 1490 2301 Καθὼς
1528 2234 1875 2303 παρέδοσαν
1903 2236 2049 2306 ημῖν
2094 2238 2150 2289 οἱ

565 2320 669 2374 ἀπ’
706 2319 899 2388 ἀρχῆς
936 2321 1226 2373 αὐτόπται
1252 2321 1351 2376 καί
1380 2320 1670 2389 ὑπηρέται
1701 2324 2007 2392 γενόμενοι
2044 2321 2151 2375 τοῦ

566 2405 775 2471 λόγου.
801 2404 922 2465 Πῶς
943 2399 1035 2455 οὖν
1064 2404 1372 2474 ἐϐεϐαιώθη
1397 2422 1411 2469 ;
1438 2406 1492 2457 τί
1521 2401 1636 2467 οὖν,
1659 2407 1707 2457 εἰ
1739 2408 1788 2458 οἱ
1818 2406 2149 2469 ἀκούσαντες

567 2487 827 2551 ἔπλασαν,
862 2487 1024 2557 φησί;
1053 2486 1227 2539 Τοῦτο
1251 2487 1430 2540 τοίνυν
1458 2488 1721 2557 ἀναιρῶν,
1780 2490 1875 2540 καὶ
1933 2489 2149 2550 δεικνὺς

568 2572 667 2639 οὐκ
721 2569 1071 2640 ἀνθρωπίνην
1102 2571 1201 2639 τὴν
1229 2570 1411 2639 χάριν,
1470 2572 1739 2640 ἐπήγαγε,
1775 2574 2147 2639 Συνεπιμαρ-

568 2653 893 2720 τυροῦντος
926 2652 1032 2705 τοῦ
1083 2652 1254 2708 Θεοῦ.
1286 2654 1399 2705 Οὐκ
1449 2653 1516 2706 ἂν
1552 2656 1682 2724 γὰρ,
1729 2655 1775 2705 εἰ
1826 2654 2085 2719 ἔπλασαν,
2122 2656 2150 2706 6

568 2736 701 2798 Θεὸς
731 2736 915 2799 αὐτοῖς
953 2735 1326 2806 ἐμαρτύρησε.
1354 2736 1715 2807 Μαρτυροῦσι
1753 2737 1854 2806 μὲν
1882 2739 2143 2801 κάκεῖνοι,

574 2822 843 2891 μαρτυρεῖ
882 2819 944 2899 δέ
972 2821 1095 2899 Ῠκαὶ
1127 2822 1155 2873 6
1179 2820 1334 2884 Θεός.
1369 2822 1494 2884 Πῶς
1530 2825 1827 2892 μαρτυρεῖς
1858 2824 1933 2875 Οὐ
1981 2822 2144 2893 λόγῳ,

571 2903 693 2957 οὑδέ
725 2898 915 2974 φωνῇ·
964 2898 1032 2974 ἦν
1070 2904 1167 2973 μὲν
1223 2904 1332 2975 γὰρ
1391 2905 1679 2958 καὶτοῦτο
1727 2907 1957 2958 πιστόν·
2011 2907 2147 2960 ἀλλά

572 2986 721 3049 πῶς;
754 2986 1030 3053 Σημείοις
1078 2985 1177 3039 καὶ
1229 2986 1438 3055 τέρασι
1484 2987 1582 3040 καὶ
1622 2991 1926 3055 ποικίλαις
1964 2989 2146 3042 δυνά-

568 3085 724 3139 μεσι.
748 3068 956 3131 Καλῶς
980 3069 1059 3132 τὸ,
1094 3070 1402 3135 Ποικίλατς
1430 3069 1726 3140 δυνάμεσι
1744 3112 1757 3137 ,
1785 3072 2019 3135 τέθεικε,
2050 3073 2147 3144 τὴν

571 3152 833 3220 ἀφθονίαν
868 3151 976 3205 τῶν
998 3153 1356 3222 χαρισμάτων
1389 3153 1565 3222 δηλῶν
1590 3171 1603 3185 ·
1662 3156 1796 3225 ὅπερ
1823 3157 1882 3208 οὐ
1916 3158 2145 3226 γεγένηο

570 3251 660 3289 ται
692 3236 784 3287 ἐπὶ
830 3233 939 3286 τῶν
988 3235 1291 3305 προτέρων,
1345 3235 1467 3289 οὐδὲ
1496 3236 1734 3290 τοσαῦτα
1781 3245 2002 3309 σημεῖα,
2054 3242 2147 3293 καὶ

570 3317 714 3371 οὕτω
746 3317 1003 3387 διάφορα.
1035 3317 1348 3381 Τουτέστιν,
1384 3320 1482 3388 οὐχ
1512 3319 1700 3383 ἁπλῶς
1744 3321 2146 3391 ἐπιστεύσαμεν

569 3402 821 3463 ἐκείνοις,
855 3400 989 3453 ἀλλά
1024 3399 1113 3452 διὰ
1137 3400 1383 3469 σημείων
1414 3403 1509 3454 καὶ
1545 3403 1813 3473 τεράτων.
1845 3404 2006 3456 Ὥστε
2048 3405 2145 3458 οὐκ

572 3486 803 3546 ἐκείνοις
831 3482 1181 3554 πιστεύομεν,
1205 3484 1321 3536 ἀλλ’
1350 3485 1499 3555 αὐτῷ
1542 3487 1623 3555 τῷ
1651 3487 1790 3557 Θεῷ.
1825 3488 1931 3540 Καὶ
1960 3490 2148 3541 Πνεύ-

567 3585 755 3638 ματος
782 3568 956 3636 ἁγίου
980 3568 1317 3636 μερισμοῖς,
1337 3571 1488 3621 κατὰ
1508 3570 1624 3637 τὴν
1647 3572 1835 3625 αὐτοῦ
1870 3570 2143 3636 θέλησιν.

578 3652 645 3706 Τί
671 3648 783 3715 οὖν,
815 3653 898 3703 ὃτι
932 3653 1023 3701 καὶ
1059 3652 1256 3719 γόητες
1285 3655 1489 3720 σημεῖα
1518 3652 1753 3718 ποιοῦσι,
1782 3653 1875 3704 καὶ
1901 3653 2145 3706 Ἰουδαῖοι

574 3737 633 3787 ἐν
658 3732 984 3796 Βεελζεϐοὺλ
1015 3732 1199 3800 ἔλεγον
1230 3733 1391 3786 αὑτὸν
1429 3734 1716 3788 ἐκϐάλλειν
1758 3736 1828 3788 τά
1854 3736 2143 3805 δαιμόνια;

586 3818 727 3875 Ἀλλ’
780 3817 840 3869 οὐ
877 3815 1100 3868 τοιαῦτα
1147 3816 1360 3868 ποιοῦσι
1396 3822 1633 3887 σημεῖα·
1670 3817 1759 3871 διὰ
1807 3818 1966 3871 τοῦτο
2000 3815 2143 3883 εἰπε,

573 3901 886 3967 ιιοικίλαις
912 3900 1268 3969 δυνάμεσιν.
1306 3900 1520 3953 Ἐκεῖνα
1540 3902 1648 3972 γάρ
1672 3903 1733 3954 οὐ
1753 3902 2004 3972 δύναμις,
2030 3904 2144 3957 ἀλλ’

572 3986 828 4045 ἀσθένεια
860 3986 955 4037 καὶ
995 3983 1266 4054 φαντασία
1289 3985 1382 4036 καὶ
1418 3984 1640 4037 διάκενα
1683 3987 2005 4056 πράγματα.
2047 3987 2146 4040 Διὰ

576 4067 692 4142 [⁸55]
725 4069 883 4122 τοῦτο
911 4064 1054 4131 εῖπε,
1080 4066 1425 4135 Πνεύματος
1450 4067 1622 4137 ἁγίου
1647 4069 1961 4138 μερισμοῖς
1996 4071 2147 4124 κατὰ

573 4154 688 4223 τὴν
711 4152 897 4209 αὐτοῦ
935 4152 1207 4217 θέλησιν.

647 4234 709 4290 ε’.
727 4234 989 4288 Ἐνταῦθα
1004 4235 1096 4286 καί
1115 4251 1167 4286 τι
1190 4233 1319 4287 ἄλλο
1339 4233 1673 4288 αἰνίττεσθαί
1698 4252 1789 4305 μοι
1810 4235 1976 4288 δοκεῖ·
2000 4238 2146 4301 είκδς

576 4322 684 4395 γὰρ
718 4322 790 4392 μὴ
820 4315 962 4373 εἶναι
987 4318 1220 4381 πολλοὺς
1248 4320 1366 4371 ἐκεῖ
1383 4320 1699 4389 χαρίσματα
1721 4319 1963 4389 ἔχοντας,
1994 4321 2146 4375 ἐκλε-

574 4407 818 4459 λοιπέναι
867 4403 923 4456 δὲ
954 4401 1150 4465 ταῦτα,
1202 4402 1297 4454 άτε
1323 4402 1675 4472 νωθροτέρων
1703 4401 1886 4456 αὐτῶν
1922 4405 2147 4474 γενομέ-

575 4508 701 4546 νων.
730 4489 828 4542 "lv'
849 4484 941 4541 οῦν
990 4487 1185 4548 αὐτοὺς
1215 4486 1308 4538 καὶ
1333 4486 1390 4537 ἐν
1442 4486 1614 4556 τούτῳ
1654 4487 2142 4558 παραμυθήσηται,

576 4574 671 4626 καὶ
707 4571 782 4642 μὴ
806 4573 917 4641 ἀφῇ
947 4572 1297 4632 καταπεσεῖν,
1330 4568 1393 4621 τὸ
1415 4570 1521 4621 πᾶν
1542 4569 1773 4639 ἀνέθηκε
1799 4572 1863 4640 τῇ
1894 4571 1989 4623 τοῦ
2008 4571 2147 4624 Θεοῦ

580 4656 777 4730 βουλῇ·
814 4654 976 4717 αὐτὸς
997 4649 1107 4707 οἶδε
1140 4652 1246 4704 τίνι
1272 4652 1325 4703 τί
1371 4651 1660 4721 συμφέρει,
1708 4654 1863 4720 φησὶ,
1890 4656 1982 4706 καί
2003 4653 2148 4707 οὕτω

578 4739 939 4811 καθαμερίζει
968 4737 1066 4808 τὴν
1092 4736 1273 4807 χάριν·
1309 4736 1446 4804 ὅπερ
1471 4736 1566 4789 καὶ
1592 4737 1648 4787 ἐν
1687 4739 1753 4806 τῇ
1779 4738 1912 4805 πρὸς
1944 4740 2149 4809 Κοριν-

578 4824 727 4888 θίους
779 4825 924 4875 ποιεῖ
974 4822 1183 4889 λέγων·
1230 4820 1291 4873 Ὀ
1338 4819 1484 4885 Θεὸς
1540 4818 1705 4873 ἔθετο
1748 4820 1856 4873 ἕνα
1883 4820 2149 4876 ἕκαστον

577 4907 763 4978 ημῶν,
791 4907 984 4972 καθὼς
1017 4906 1284 4974 ἠθέλησε
1316 4921 1329 4935 ·
1367 4905 1461 4958 καὶ
1490 4903 1672 4967 πάλιν,
1715 4904 1975 4970 Ἐκάστῳ
2011 4907 2078 4959 δὲ
2107 4911 2149 4977 ἡ

574 4993 911 5063 φανέρωσις
934 4990 1043 5045 τοῦ
1064 4993 1413 5059 Πνεύματος
1445 4990 1671 5043 δίδοται
1703 4991 1852 5057 πρὸς
1878 4992 1942 5044 τὸ
1990 5010 2145 5061 συμ-

575 5077 782 5145 φέρον,
804 5078 956 5129 κατὰ
988 5076 1104 5142 τὴν
1134 5073 1321 5128 αὑτοῦ
1360 5074 1631 5141 θέλησιν.
1666 5076 1945 5127 Δείκνυσιν
1984 5077 2148 5131 ὅτιτὸ

575 5162 821 5231 χάρισμα
854 5159 997 5213 κατά
1024 5160 1123 5229 τὴν
1152 5158 1247 5209 τοῦ
1278 5158 1489 5229 Πατρός
1510 5170 1536 5197 ιι
1578 5160 1695 5211 ἐστι
1730 5159 1967 5229 θέλησιν.
2006 5162 2147 5215 Πολ-

574 5245 733 5305 λάκις
766 5243 822 5295 δὲ
851 5244 944 5295 καὶ¹
978 5243 1047 5295 δι’
1083 5240 1398 5311 ἀκάθαρτον
1432 5239 1547 5310 βίον
1577 5244 1673 5295 καὶ
1712 5243 1856 5313 νωθῆ
1896 5245 1996 5298 οὐκ
2018 5244 2145 5297 ἐλα-

575 5328 670 5381 ϐον
698 5326 885 5379 πολλοὶ
916 5327 1186 5395 χάρισμα·
1216 5324 1385 5377 ἐνίοτε
1408 5324 1464 5377 δὲ
1489 5325 1583 5377 καὶ
1605 5325 1770 5379 καλὴν
1797 5326 1911 5397 βίον
1932 5328 2146 5399 ἔχοντες

575 5411 673 5463 καὶ
704 5410 945 5479 καθαρὸν
986 5410 1087 5462 οὐκ
1119 5408 1346 5463 ἔλαϐον·
1381 5409 1434 5461 τί
1459 5409 1694 5479 δήποτε;
1734 5412 1895 5466 Ὥστε
1942 5413 2016 5483 μὴ
2059 5416 2149 5466 ἐκ-

574 5492 1028 5563 τραχηλισθῆναι,
1084 5492 1227 5545 ὥστε
1261 5492 1336 5563 μὴ
1368 5492 1727 5563 φυσιωθῆναι,
1761 5494 1901 5549 ὥστε
1944 5496 2020 5567 μὴ
2049 5500 2149 5569 ῥᾳ-

636 5747 993 5811 Ἷᾉίὶιρτιίιιιιδ
1015 5755 1067 5798 el
1087 5750 1345 5806 Cnmmel..
1387 5752 1509 5799 κατὰ
1530 5754 1613 5808 τὴν
1636 5751 1722 5801 τοῦ
1745 5753 1949 5811 Πατρός,
1987 5757 2041 5802 et
2080 5753 2149 5804 sic

637 5770 664 5776 -
681 5770 993 5798 Uvuwl‘unus
1015 5770 1067 5798 BL
1087 5770 1345 5806 LummBL.
1387 5770 1509 5799 κατα
1530 5770 1613 5808 την
1636 5770 1722 5801 του
1747 5770 1851 5800 ιιατ
1882 5770 1949 5811 ος,
1987 5770 2041 5802 Cl
2080 5770 2147 5804 SIC

576 5807 702 5878 13g?!
722 5809 973 5871 Inlerpres
992 5811 1403 5878 Latinnstb'aviL,
1423 5814 1544 5878 κατὰ
1586 5815 1671 5878 τὴν
1722 5813 1806 5864 τοῦ
1855 5770 2147 5878 ςινεύματος.

578 5869 837 5937 Mutianus,
863 5869 1136 5925 hccundum
1154 5869 1458 5927 voluntatem
1480 5869 1652 5925 Patris}

2254 482 2589 553 θυμοτέρους
2617 484 2893 552 γενέσθαι,
2925 487 3065 541 ὥστε
3096 489 3170 560 μὴ
3216 487 3377 542 πλέον
3411 489 3733 560 ἐπαρθῆναι.
3766 489 3828 543 EI

2252 566 2362 636 γὰρ
2384 569 2475 618 καὶ
2501 568 2671 637 χωρὶς
2698 568 3043 639 χαρίσματος
3087 570 3224 642 αὑτὴ
3252 570 3345 624 τοῦ
3379 571 3619 641 καθαροῦ
3653 573 3769 643 βίου
3796 575 3831 643 ἡ

2250 651 2553 722 συνείδησις
2587 654 2744 720 ἱκανὴ
2774 656 2998 726 ἐπᾶραι,
3032 656 3209 726 πολλῷ
3235 656 3456 725 μᾶλλον,
3503 656 3632 709 ὅταν
3670 659 3765 710 καὶ
3797 660 3833 727 ἠ

2248 729 2409 806 χάρις
2439 740 2638 807 προσῇ.
2680 735 2849 790 Ὠστε
2886 744 3000 801 τοῖς
3029 743 3308 802 ταπεινοῖς
3338 742 3429 793 καὶ
3468 744 3579 804 τοῖς
3607 740 3834 808 ἀφελέσι

2252 818 2453 889 μᾶλλον
2506 818 2740 872 ἐδίδοτο·
2786 822 2881 873 καὶ
2937 822 3171 891 μάλιστα
3222 825 3336 885 τοῖς
3377 823 3670 892 ἀφελέσιν·
3728 825 3837 877 Ἔν

2248 903 2571 970 ἀφελότητι
2603 903 2733 973 γὰρ,
2761 906 2916 973 φησί,
2952 904 3049 957 καὶ
3078 906 3148 957 ἐν
3174 905 3532 975 ἀγαλλιάσει
3562 905 3834 975 καρδίας.

2249 985 2359 1037 Καὶ
2390 984 2499 1055 γάρ
2530 986 2622 1037 καὶ
2647 986 2820 1058 ταύτῃ
2853 988 3189 1057 προέτρεῲεν
3233 990 3432 1051 αὐτοὺς
3461 989 3663 1059 μᾶλλον
3684 1007 3698 1021 ·
3740 994 3838 1043 καί⁵

2249 1070 2297 1120 εἰ
2348 1068 2709 1138 ῥᾳθυμότεροι
2762 1066 2923 1141 ἦσαν,
2970 1072 3291 1135 κατένυξεν.
3334 1071 3393 1124 '0
3440 1072 3549 1143 γὰρ
3578 1075 3838 1137 ταπεινὸς

2248 1150 2342 1203 καὶ
2368 1153 2440 1223 μὴ
2476 1152 2688 1222 μεγάλα
2710 1155 2837 1223 περὶ
2858 1154 3055 1206 ἐαυτοῦ
3085 1154 3511 1224 φανταζόμενος,
3547 1157 3839 1209 σπουδαιό-

2250 1251 2406 1304 τερος
2443 1235 2675 1301 γίνεται,
2725 1235 2855 1288 ὅταν
2904 1235 3043 1306 λάϐῃ
3072 1237 3341 1306 χάρισμα,
3381 1238 3476 1289 ᾰτε
3505 1241 3635 1308 παρ’
3678 1239 3840 1303 ἀξίαν

2252 1316 2510 1387 εἰληφὼς,
2540 1320 2633 1371 καὶ
2667 1320 2765 1372 οὐκ
2796 1318 2945 1382 ἄξιον
2971 1320 3161 1372 ἑαυτὸν
3191 1316 3327 1373 εἶναι
3360 1324 3559 1391 κρίνων
3584 1339 3596 1352 ·
3627 1324 3655 1373 6
3687 1323 3745 1375 δέ
3777 1341 3830 1377 τι

2252 1401 2675 1470 κατωρθωκέναι
2727 1403 2994 1471 νομίζων,
3046 1402 3266 1472 ὀφειλὴν
3301 1399 3437 1456 εἶναι
3490 1405 3550 1456 τὸ
3605 1408 3837 1477 πρᾶγμα

2251 1484 2557 1552 ἡγούμενος
2586 1484 2681 1536 καὶ
2712 1486 3073 1552 πεφυσίωται.
3106 1485 3269 1537 Ὥστε
3302 1488 3330 1537 6
3354 1486 3485 1549 Θεὸς
3521 1490 3831 1557 συμφερόν-

2250 1584 2361 1631 τως
2407 1569 2469 1621 τὸ
2515 1570 2754 1640 πρᾶγμα
2803 1571 3079 1639 οἰκονομεῖ
3117 1570 3292 1624 τοῦτο.
3321 1573 3499 1642 Ὅπερ
3549 1575 3643 1626 καὶ
3677 1575 3737 1625 ἐν
3768 1578 3836 1644 τῇ

2262 1651 2562 1722 Ἐκκλησία
2612 1652 2908 1722 συμϐαῖνον
2956 1653 3055 1705 ῖδοι
3112 1671 3195 1716 τις
3225 1653 3324 1707 ἄν·
3357 1653 3387 1705 6
3424 1654 3524 1723 μὲν
3554 1655 3663 1723 γάρ
3719 1656 3837 1723 ἔχει

2251 1734 2408 1802 λόγον
2442 1735 2845 1800 διδασκαλικὸν,
2896 1737 2928 1788 6
2960 1737 3016 1788 δὲ
3057 1736 3179 1788 οὑδέ
3209 1736 3393 1807 διᾶραι
3421 1738 3484 1790 τὸ
3524 1738 3696 1806 στόμα
3744 1739 3841 1791 δύ-

2253 1835 2434 1871 ναται.
2458 1818 2667 1887 Μηδεὶς
2692 1819 2874 1870 τοίνυν
2913 1817 3190 1872 λυπείσθω
3221 1819 3311 1872 διὰ
3348 1819 3524 1872 τοῦτο·
3565 1819 3840 1886 Ἐκάστῳ

2252 1901 2362 1970 γὰρ
2400 1901 2439 1966 η
2467 1901 2806 1969 φανέρωσις
2832 1901 2939 1954 τοῦ
2962 1903 3309 1970 Πνεύματος
3341 1902 3569 1957 δίδοται
3597 1905 3749 1971 πρός
3770 1906 3839 1959 τὸ

2252 1983 2585 2051 συμφέρον.
2632 1983 2693 2035 Εἰ
2718 1983 2825 2051 γὰρ
2848 1983 3138 2054 ἄνθρωπος
3158 1985 3550 2055 οἰκοδεσπότης
3581 1981 3691 2039 οῖδε
3728 1987 3839 2041 τινι

2252 2067 2304 2121 τί
2338 2067 2655 2135 ἐγχειρίσει,
2707 2065 2893 2136 πολλῷ
2935 2066 3136 2137 μᾶλλον
3173 2071 3202 2121 6
3249 2068 3381 2131 Θεὸς
3412 2071 3439 2122 6
3474 2069 3839 2139 ἐπιστάμενος

2250 2149 2340 2203 τὸν
2364 2149 2487 2202 νοῦν
2516 2149 2622 2201 τῶν
2645 2148 2742 2202 ἀνθ
2752 2148 2971 2219 ρώπων,
2998 2152 3028 2203 6
3046 2149 3115 2203 τὰ
3136 2151 3315 2204 πάντα
3340 2149 3496 2213 εἰδὼς
3524 2150 3655 2222 πρὶν
3679 2153 3836 2217 γενέ-

2252 2248 2387 2295 σεως
2427 2231 2734 2285 αὑτῶν.”Ἐν
2758 2233 2872 2284 ἐστι
2899 2232 3060 2300 μόνον
3082 2231 3144 2284 τὸ
3164 2232 3339 2302 λύπης
3366 2231 3534 2297 ἄξιον,
3563 2234 3625 2285 τὸ
3655 2234 3837 2304 ἁμαρ-

2249 2316 2431 2369 τάνειν
2462 2312 2600 2383 [54],
2641 2313 2768 2366 ἄλλο
2820 2313 2877 2366 δὲ
2922 2313 3097 2368 οὐδέν.
3131 2317 3222 2386 Μὴ
3254 2312 3439 2386 εἴπῃς,
3497 2315 3597 2369 Διά
3628 2318 3681 2369 τί
3733 2318 3838 2371 οὐκ

2250 2400 2357 2469 ἔχω
2386 2397 2644 2467 χρήματα
2664 2413 2678 2459 ;
2697 2396 2756 2464 ἢ,
2781 2397 2843 2449 Εἰ
2873 2393 3042 2465 εἶχον,
3061 2399 3339 2468 παρέσχον
3365 2399 3430 2451 ἂν
3446 2402 3561 2463 τοῖς
3586 2401 3833 2469 πένησιν.

2251 2482 2365 2533 Οὐκ
2394 2476 2563 2543 οἶδας,
2592 2481 2640 2530 εἰ
2664 2474 2831 2547 εἶχες,
2865 2480 2916 2532 εἰ
2948 2480 3022 2549 μὴ
3052 2481 3250 2549 μᾶλλον
3271 2482 3366 2533 καί
3394 2480 3723 2552 πλεονέκτης
3745 2479 3833 2551 ἧς·

2249 2562 2344 2615 νῦν
2378 2562 2477 2632 μὲν
2500 2562 2610 2632 γὰρ
2632 2560 2806 2613 ταῦτα
2838 2561 3038 2628 λέγεις,
3062 2564 3119 2614 ἐν
3148 2562 3207 2614 δὲ
3238 2566 3304 2633 τῇ
3332 2564 3494 2633 πείρα
3514 2565 3830 2635 γενόμενος,
3914 2594 3935 2609 .

2248 2646 2434 2715 ἕτερος
2465 2644 2529 2697 ἂν
2557 2641 2646 2715 ἧς.
2665 2644 2819 2696 Ἐπεὶ
2844 2646 2938 2698 καὶ
2972 2645 3098 2698 ὅταν
3133 2640 3285 2715 ὦμεν
3311 2647 3719 2717 κεκορεσμένοι,
3749 2665 3835 2700 νο-

2252 2728 2482 2799 μίζομεν
2509 2729 2591 2781 ὅτι
2624 2726 2903 2796 δυνάμεθα
2927 2728 3227 2797 νηστεύειν·
3257 2730 3387 2783 ὅταν
3413 2729 3471 2782 δὲ
3500 2730 3697 2800 μικρὸν
3718 2730 3836 2783 δια-

2248 2810 2545 2881 λείπωμεν,
2578 2811 2764 2881 ἕτερος
2797 2811 2942 2880 ἡμᾶς
2972 2812 3355 2881 ἐπεισέρχεται
3398 2811 3681 2881 λογισμός.
3720 2812 3833 2866 Πά-

2248 2894 2351 2957 λιν,
2378 2894 2505 2946 ὃταν
2524 2886 2676 2961 ὦμεν
2705 2893 2865 2955 ἐκτὸς
2895 2892 2997 2962 τῆς
3032 2894 3221 2962 μέθης,
3248 2894 3542 2963 νομίζομεν
3566 2894 3836 2948 δύνασθαι

2249 2976 2634 3045 περιγενέσθαι
2659 2975 2750 3029 τοῦ
2781 2974 2987 3037 πάθους
3004 2991 3017 3003 ·
3043 2977 3171 3029 ὅταν
3188 2976 3249 3028 δὲ
3273 2976 3491 3046 ἁλῶμεν
3526 2976 3619 3030 ὑπ’
3640 2976 3833 3047 αὐτῆς,

2262 3060 2465 3112 οὐκέτι.
2490 3058 2582 3127 Μὴ
2600 3057 2779 3127 είπῃς,
2798 3058 2891 3119 Εἰς
2904 3058 2956 3108 τί
2969 3058 3067 3109 οὐκ
3088 3058 3245 3127 ἔσχον
3261 3060 3510 3129 χάρισμα
3523 3059 3837 3113 διδασκαλι-

2260 3143 2355 3197 κόν
2374 3160 2387 3209 ;
2407 3144 2463 3212 ἢ,
2488 3144 2552 3194 EE
2578 3138 2743 3211 εἶχον,
2768 3142 2997 3211 μυρίους
3023 3141 3088 3194 ἂν
3106 3142 3452 3212 ᾠκοδόμησα.
3472 3144 3584 3197 υύκ
3603 3141 3834 3206 οἱδας,εἰ

2247 3222 2414 3297 εἶχες,
2432 3226 2509 3296 μὴ
2525 3227 2602 3289 εἰς
2619 3226 2791 3295 κρίμα
2810 3243 2890 3278 σοι
2904 3226 3143 3292 ἐγένετο,
3158 3225 3234 3295 μὴ
3255 3225 3542 3295 βασκανία,
3566 3227 3639 3297 μὴ
3666 3228 3828 3290 ὄκνος

2246 3310 2630 3381 παρεσκεύαζε
2650 3309 2712 3363 τὸ
2726 3309 2987 3363 τάλαντον
3005 3309 3293 3381 κρύπτειν.
3314 3310 3428 3362 Νῦν
3444 3308 3543 3380 μὲν
3557 3308 3647 3363 οὖν
3661 3312 3835 3365 ἁπάν-

2245 3413 2353 3450 των
2399 3394 2603 3448 τούτων
2630 3393 2963 3464 ἀπήλλαξαι,
3002 3394 3097 3447 καὶ
3134 3393 3196 3445 τὸ
3225 3394 3569 3464 σιτομέτριον
3616 3395 3712 3447 ἐὰν
3749 3395 3827 3465 μὴ

2245 3478 2373 3547 δῷς,
2402 3479 2502 3532 οὐκ
2534 3477 2741 3547 ἐγκαλῇ
2763 3493 2774 3503 ·
2814 3478 2933 3528 τότε
2975 3476 3031 3529 δὲ
3063 3476 3276 3545 μυρίοις
3316 3476 3382 3530 ἂν
3417 3476 3713 3540 ὑπεύθυνος

2250 3561 2457 3618 ’Ἄλλως
2487 3560 2565 3623 δὲ,
2595 3560 2714 3612 οὐδὲ
2746 3559 2837 3613 νῦν
2869 3560 3024 3622 ἐκτὸς
3053 3556 3103 3612 εἰ
3130 3560 3224 3613 τοῦ
3255 3561 3612 3632 χαρίσματος.
3648 3559 3830 3623 Δεῖξον

2246 3644 2305 3695 ἐν
2334 3643 2411 3713 τῷ
2442 3641 2644 3712 μικρῷ,
2678 3635 2788 3705 οἷος
2825 3638 2892 3712 ἧς
2915 3643 2963 3705 δ,
2995 3646 3043 3695 εί
3080 3645 3253 3696 ἐκεῖνο
3292 3638 3465 3712 εἶχες·
3500 3643 3569 3696 El
3611 3643 3719 3713 γὰρ
3761 3643 3832 3696 ἐν

2246 3726 2326 3791 τῷ
2359 3724 2547 3796 μικρῷ
2567 3729 2637 3779 οὑ
2670 3726 2930 3794 γίνεσθε,
2966 3728 3119 3796 φησὶ,
3158 3728 3382 3790 πιστοὶ,
3412 3725 3539 3792 πῶς
3574 3728 3638 3779 τὸ
3675 3725 3831 3795 μέγα

2247 3812 2388 3878 ὑμῖν
2420 3827 2511 3874 τις
2542 3809 2752 3873 δώσει;
2791 3810 2971 3874 Δεῖξον
3000 3811 3075 3872 ὡς
3106 3812 3141 3879 ὴ
3172 3813 3335 3880 χήρα·
3368 3810 3461 3863 δύο
3482 3811 3589 3879 γὰρ
3609 3807 3830 3872 ὀϐολοὺς

2246 3890 2388 3962 εἶχεν
2414 3893 2738 3961 ἐκείνη,’καὶ
2772 3893 2869 3946 ὅλα
2898 3891 3219 3957 κατέλαϐεν,
3243 3894 3342 3944 ὅσα
3374 3892 3657 3961 ἐκέκτητο.
3676 3890 3827 3962 Χρή-

2250 3993 2393 4047 ματα
2433 3974 2613 4045 ζητεῖς
2637 3993 2651 4042 ;
2682 3975 2853 4041 δεῖξον
2881 3975 3089 4029 ὅτιτῶν
3109 3975 3303 4043 ὀλίγων
3327 3977 3709 4042 καταφρονεῖς,
3735 3974 3826 4026 ἴνα

2248 4077 2332 4113 σοι
2367 4060 2644 4113 πιστεύσω
2667 4060 2761 4112 καὶ
2794 4062 2923 4129 περὶ
2946 4059 3055 4112 τῶν
3095 4058 3339 4112 πολλῶν·
3376 4060 3426 4111 εἰ
3454 4059 3510 4111 δὲ
3544 4058 3678 4128 μηδὲ
3705 4057 3829 4109 τού-

2245 4160 2353 4198 των
2384 4146 2765 4213 καταφρονεῖς,
2786 4143 2967 4213 πολλῷ
2999 4142 3199 4213 μᾶλλον
3217 4141 3339 4195 οὐδὲ
3357 4142 3603 4196 ἐκείνων.
3630 4138 3826 4205 Πάλιν,

2248 4228 2306 4279 ἐν
2338 4210 2587 4296 τιῖίλόγῳ⁷
2604 4225 2775 4291 δεῖξον
2804 4227 2886 4279 ὃτι
2912 4210 3178 4296 κέχρησαι
3206 4225 3435 4288 δεόντως
3467 4227 3532 4294 τῇ
3561 4223 3827 4294 παραινέ-

2249 4327 2330 4363 σει
2357 4309 2451 4363 καὶ
2480 4313 2547 4381 τῇ
2582 4308 2882 4381 συμϐουλῇ.
2904 4311 3017 4362 Οὐκ
3040 4309 3183 4379 ἔχεις
3212 4308 3544 4377 εύγλωττίαν
3567 4307 3664 4377 τὴν
3692 4308 3829 4373 ἐξω·

2248 4395 2373 4460 θεν;
2407 4394 2506 4447 οὐκ
2528 4394 2670 4463 έχεις
2701 4394 2988 4462 νοημάτων
3013 4394 3308 4462 ἀφθονίαν;
3335 4392 3450 4446 ἀλλ’
3480 4392 3627 4463 ὅμως
3650 4390 3828 4445 ταῦτα

2246 4478 2315 4531 τὰ
2367 4477 2521 4529 κοινά
2568 4473 2732 4538 οἶδας.
2784 4477 2957 4529 Παῖδα
3012 4477 3182 4546 ἔχεις,
3214 4476 3430 4545 γείτονα
3476 4476 3639 4545 ἔχεις,
3670 4474 3827 4542 φίλον

2248 4560 2411 4631 ἔχεις,
2438 4560 2664 4629 ἀδελφὸν
2690 4560 2852 4630 ἔχεις,
2879 4560 3111 4621 οἰκείους
3137 4561 3282 4631 ἔχεις
3305 4576 3319 4589 ·
3348 4560 3451 4613 κᾶν
3474 4559 3712 4629 δημοσίᾳ
3732 4559 3828 4611 ἐπὶ

2246 4644 2347 4713 τῆς
2389 4642 2683 4713 ἐκκλησίας
2735 4642 2810 4711 μὴ
2852 4642 2983 4715 δύνῃ
3039 4642 3195 4711 λόγον
3245 4643 3529 4696 ἀποτεῖναι
3589 4640 3829 4711 μακρὸν,

2246 4726 2455 4789 τούτοις
2476 4726 2579 4796 ἰδίᾳ
2601 4724 2828 4789 δύνασαι
2854 4728 3140 4796 παραινεῖν
3158 4739 3170 4751 ·
3197 4723 3429 4777 ἐνταῦθα
3451 4724 3509 4776 οὐ
3539 4722 3831 4795 ῥητορείας

2247 4809 2427 4880 χρεία,
2457 4809 2577 4862 ούδέ
2605 4809 2826 4882 μακρᾶς
2864 4809 3182 4871 ἀποτάσεως
3203 4824 3217 4838 ·
3247 4806 3419 4870 δεῖξον
3462 4805 3556 4858 ἐπὶ
3598 4804 3827 4871 τούτων,

2247 4894 2328 4946 ὅτι
2363 4895 2409 4946 εἰ
2443 4894 2536 4945 καὶ
2565 4892 2721 4959 λόγον
2746 4887 2912 4961 εἶχες,
2940 4891 3040 4943 ούκ
3080 4890 3146 4943 ἂν
3174 4890 3476 4960 ἠμέλησας.
3502 4889 3564 4941 EE
3590 4887 3646 4940 δὲ
3670 4890 3727 4940 ἐν
3747 4887 3830 4958 τῷ

2252 4977 2432 5047 μικρῷ
2457 4977 2518 5029 οὐ
2553 4975 2897 5040 σπουδάζεις,
2939 4975 3056 5036 πῶς
3096 4991 3180 5027 σοι
3230 4973 3505 5026 πιστεύσω
3554 4972 3682 5041 περὶ
3729 4972 3828 5024 τοῦ

2252 5060 2526 5130 μεγάλους
2559 5059 2679 5112 Ὀτι
2723 5058 2831 5128 γὰρ
2873 5058 3029 5110 τοῦτο
3062 5057 3289 5121 ἕκαστος
3314 5056 3560 5118 δύναται,
3596 5055 3829 5108 ἄκουσον

2248 5145 2365 5207 πῶς
2412 5145 2505 5197 καὶ
2550 5143 2757 5205 λαῖκοῖς
2800 5141 2958 5194 τοῦτο
2987 5141 3287 5210 ἐπέτρεψεν
3313 5142 3341 5192 6
3392 5137 3622 5201 Παῦλος·
3647 5138 3827 5192 ’Ἑκα-

2248 5244 2415 5291 στος,
2439 5226 2624 5293 φησὶν,
2657 5222 3017 5292 οικοδομεῖτε
3060 5219 3155 5288 εἷς.
3192 5223 3298 5275 τὸν
3328 5221 3456 5285 ἕνα,
3486 5220 3679 5286 καθὼς
3726 5221 3828 5274 καὶ

2248 5309 2486 5362 ποιεῖτε·
2509 5308 2620 5371 καὶ,
2639 5306 3041 5375 Παρακαλεῖτε
3060 5305 3368 5370 ἀλλήλους
3388 5304 3459 5357 ἐν
3480 5303 3604 5370 τοῖς
3626 5303 3831 5372 λόγοις

2249 5394 2500 5458 τούτοις.
2547 5387 2701 5445 Οἷδέν
2733 5394 2760 5445 6
2791 5391 2922 5454 Θεὸς
2950 5390 3064 5453 πῶς
3094 5390 3310 5458 ἑκάστῳ
3348 5388 3617 5458 διανείμῃ.
3638 5388 3728 5455 Μὴ
3761 5388 3830 5439 σὺ

2250 5475 2365 5549 [53]
2396 5475 2488 5528 τοῦ
2523 5474 2796 5537 Μωῦσέως
2835 5469 2887 5527 εἴ
2925 5472 3176 5541 βελτίωνς
3218 5472 3485 5523 ’Ἄκουσον
3532 5469 3649 5532 πῶς
3687 5468 3827 5520 ἀπο-

2248 5560 2523 5611 δυσπετεῖ.
2568 5557 2663 5624 Μὴ
2716 5556 2831 5626 ἐγὼ
2867 5556 3144 5624 δύναμαι,
3179 5554 3334 5623 φησὶ,
3362 5550 3689 5617 βαστάζειν
3718 5552 3831 5605 αὺ-

2252 5642 2410 5707 τοὺς,
2444 5642 2528 5696 ὅτι
2552 5641 2716 5707 εἶπές
2745 5636 3059 5710 μοιῘΑρον
3081 5638 3319 5704 αὐτοὺς,
3343 5638 3481 5693 ὡσεὶ
3507 5636 3643 5705 ἆραι
3669 5637 3830 5710 τιθη-

2318 5879 2345 5918 b
2368 5878 2479 5933 Οἷος
2496 5876 2548 5922 ἂν
2572 5874 2626 5929 ἧς
2650 5871 2674 5922 Ῠ
