4060 6440
242 280 315 337 s;
1110 267 1174 322 IN
1213 267 1425 325 EPIST.
1470 266 1561 320 AD
1601 264 1960 321 ilEBlUEOS.
2005 265 2156 323 cur.
2202 265 2265 321 ιι.
2309 266 2537 322 nomn.
2582 266 2670 324 ιιι.
3220 293 3223 297 μ
3449 270 3521 330 δι

244 378 577 449 ιωιιθεηήαηι
604 379 674 431 ad
698 372 1026 433 “adiendum
1069 379 1267 433 Clu-im
1299 352 1372 446 (ἐς,
1407 381 1524 434 συν,
1550 382 1633 437 ιο,
1657 384 1731 452 5),
1764 383 1830 438 Eg
1924 374 2151 428 consilio
2183 393 2196 428 :
2231 375 2347 445 Ipse
2370 379 2512 433 cnim
2543 380 2709 445 novit,
2738 378 2927 451 inquit,
2951 382 3076 452 quid
3104 384 3297 455 cuique
3318 388 3506 444 conie-

245 485 436 525 rursus
463 471 591 525 alibi
621 471 888 526 mercedis
915 471 1321 526 retributionem
1352 472 1526 541 posuit
1552 488 1646 542 pro
1673 476 1829 540 puni-

1902 475 2029 530 .rat,
2057 475 2113 520 et
2134 466 2202 519 ita
2225 468 2447 535 gratiam
2476 469 2764 525 distribuit.
2791 472 2940 541 Quod
2964 475 3177 541 quidem
3201 475 3325 532 facit
3345 479 3505 535 etiam

244 563 424 629 ιίοηες
452 574 509 619 ει
539 563 626 619 hic
654 564 974 635 supplicium
1002 571 1163 633 voca;
1193 563 1518 618 mel-cedem,
1551 565 1612 619 ss
1631 566 1829 636 iugum
1926 554 1978 609 in
2009 555 2231 622 epistola
2258 557 2323 610 ad
2350 558 2659 614 Corinthios
2689 561 2875 617 dicens
2906 581 2918 619 :
2956 563 3095 619 Deus
3124 567 3288 633 posuit
3318 584 3507 622 uisunt-

239 672 345 724 est,
380 661 571 727 inquit,
606 661 746 727 apud
780 661 944 717 Deum
974 664 1242 718 retribuere
1270 667 1333 718 iis
1357 667 1441 734 qui
1468 678 1555 720 vos
1580 667 1815 723 tribulam

1930 661 2167 717 quemque
2182 657 2405 702 nostrum
2425 650 2552 703 sicut
2575 652 2729 705 voluit
2749 671 2768 718 ;
2795 662 2851 708 et
2867 671 3071 722 rursus,
3106 657 3391 729 Unicuique
3416 677 3510 714 au-

238 754 641 818 tribulationem,
655 763 702 808 et
722 754 860 807 vobis
878 754 966 824 qui
983 754 1294 809 tribulamini
1310 758 1525 826 requiem
1541 755 1617 829 (‘2.
1637 758 1816 813 Thess.

236 845 290 898 ι.
321 845 400 915 6.).
431 844 542 899 Hoc
566 854 668 909 est,
699 860 805 898 nou
849 855 1097 916 corrupta
1139 856 1221 900 est
1261 847 1487 916 justitia.
1535 848 1629 903 sed
1679 849 1819 905 Deus

210 940 353 989 eam
385 942 468 989 est
495 945 819 1004 exsequutus
844 976 859 999 ,
888 944 940 990 et
981 949 1170 1005 plenas
1195 938 1465 992 convertit
1509 938 1560 991 iu
1607 954 1700 993 eos
1729 940 1819 1008 qui

234 1033 630 1094 peccaverunt:
663 1025 871 1080 etiamsi
900 1041 1005 1080 non
1032 1027 1208 1080 omnia
1242 1036 1455 1096 peccata
1488 1029 1539 1083 in
1571 1040 1817 1099 apertum

231 1114 596 1184 proferantur,
626 1116 727 1170 nisi
757 1116 866 1171 sint
892 1116 1086 1171 violata
1118 1133 1178 1172 ea
1206 1134 1325 1188 qum
1351 1128 1474 1173 sunt
1502 1120 1815 1175 constituta.

233 1199 506 1272 Quomodo
534 1223 654 1278 ergo
677 1248 693 1272 ,
719 1208 909 1277 inquit,
939 1224 1030 1263 nos
1050 1208 1350 1280 c/fugiemus
1372 1250 1386 1274 ,
1425 1211 1469 1264 si
1493 1220 1687 1264 tantam
1726 1229 1816 1266 ne-

227 1299 536 1368 glexerintus
574 1300 835 1353 salutem?
862 1300 965 1355 Per
994 1300 1108 1356 lucc
1158 1301 1483 1372 signiﬁcavit
1516 1303 1658 1357 illam
1709 1320 1816 1359 non

227 1406 479 1461 magnam
513 1389 675 1445 fuisse
701 1392 948 1447 salutem.
976 1392 1205 1447 Pulchre
1233 1394 1396 1449 etiam
1419 1393 1645 1461 addidit,
1681 1395 1819 1450 Tan-

228 1494 350 1537 tam.
379 1482 499 1538 Non
527 1483 672 1538 enim
700 1523 716 1548 ,
756 1483 961 1553 inquit,
995 1498 1093 1540 nos
1134 1500 1276 1539 nunc
1315 1486 1548 1544 servabit
1578 1502 1605 1539 a
1640 1487 1814 1549 bellis.

227 1590 404 1645 neque
440 1575 708 1643 prtebebit
748 1584 943 1630 terram
980 1586 1032 1629 et
1062 1576 1200 1631 bona
1230 1592 1346 1645 quas
1393 1587 1520 1631 sunt
1544 1578 1595 1632 in
1630 1588 1812 1645 terra;

226 1664 320 1719 sed
350 1666 543 1720 mortis
571 1666 677 1720 erit
701 1665 924 1731 deletio,
957 1667 1050 1722 sed
1080 1667 1280 1722 diaboli
1311 1669 1582 1735 interitus,
1614 1670 1709 1725 sed
1732 1687 1814 1725 re-

223 1771 389 1826 gnum
417 1757 707 1821 ctelorutn,
739 1757 832 1811 sed
878 1759 986 1811 vita
1028 1766 1251 1812 teterna.
1292 1757 1418 1813 llzec
1452 1760 1593 1814 enim
1633 1761 1813 1814 omnia

224 1849 548 1920 compendio
582 1850 837 1913 ostendit,
866 1851 1053 1906 dicens
1077 1893 1090 1914 ,
1123 1851 1185 1906 Si
1210 1860 1405 1905 tantam
1446 1840 1814 1921 neglexerimus

224 1942 463 1996 salutari.
492 1940 696 1996 Deinde
735 1941 1009 2010 subiunxit
1040 1942 1093 1997 id
1134 1943 1276 2012 quod
1321 1958 1431 1998 rem
1462 1944 1567 2000 ﬁde
1597 1945 1811 2015 dignam

225 2031 397 2087 efﬁcit
423 2050 438 2085 :
471 2032 594 2098 Qua!
618 2048 732 2085 cum
761 2033 960 2086 initium
990 2035 1261 2109 accepisset
1290 2037 1566 2089 enarramli
1595 2054 1684 2106 per
1708 2036 1815 2092 Do-

229 2125 452 2177 minum.
480 2124 591 2179 Hoc
614 2133 713 2191 est,
744 2125 812 2179 ab
849 2126 965 2196 ipso
990 2128 1136 2182 fonte
1179 2129 1385 2198 accepit
1435 2129 1640 2184 initium
1664 2146 1681 2184 :
1704 2146 1810 2187 non

234 2216 401 2271 homo
426 2232 540 2273 eam
566 2217 795 2273 traduxit
824 2220 877 2273 in
908 2229 1103 2275 terram
1131 2262 1146 2283 ,
1192 2236 1297 2275 non
1329 2232 1507 2276 creata
1552 2231 1804 2291 potestas,

234 2307 328 2363 sed
360 2308 825 2379 ipse'Unigenitus.
867 2311 942 2364 Ab
971 2311 1042 2365 eis
1068 2313 1154 2381 qui
1178 2312 1467 2379 audierunt,
1498 2315 1552 2367 in
1575 2331 1665 2368 nos
1685 2331 1810 2368 con-

226 2403 431 2471 ﬁrmata
455 2412 546 2457 est.
578 2403 717 2469 Quid
749 2404 850 2459 sibi
877 2404 987 2459 vult
1024 2405 1175 2470 illud,
1205 2404 1514 2475 Conﬁrmata
1539 2407 1651 2461 est?
1678 2405 1810 2462 Cre-

146 2524 171 2543 .
222 2494 331 2547 dita
362 2493 482 2561 iuit,
507 2495 831 2550 antevenit:
858 2510 979 2550 nam
1010 2496 1300 2561 Habemus,
1327 2498 1521 2568 inquit,
1546 2498 1760 2553 arrbam
1793 2518 1806 2553 :

221 2592 323 2646 hoc
350 2602 455 2658 est,
486 2607 593 2647 non
635 2600 719 2648 est
745 2593 1028 2659 exstincta,
1072 2607 1181 2646 non
1207 2592 1367 2648 desiit
1393 2635 1407 2659 ,
1441 2593 1535 2648 sed
1561 2594 1807 2647 domina-

219 2686 331 2736 tu'm
362 2682 572 2737 obtinet
596 2691 652 2738 et
678 2692 915 2753 superat.
946 2681 1115 2738 Causa
1133 2692 1311 2738 autem
1333 2693 1419 2739 est
1438 2683 1617 2738 divina
1643 2685 1809 2739 virtus

218 2789 337 2840 qua:
364 2782 644 2842 operatur.
673 2773 811 2841 Quid
840 2775 1106 2845 signiﬁcat
1133 2774 1261 2829 illud
1283 2816 1299 2842 ,
1331 2775 1406 2828 Ab
1431 2776 1495 2830 iis
1520 2777 1609 2846 qui
1633 2776 1810 2830 audie-

217 2864 512 2920 runt?Hoc
536 2874 619 2920 est
639 2908 654 2931 ,
699 2866 732 2919 ii
769 2866 857 2935 qui
889 2881 919 2920 a
947 2867 1174 2920 Domino
1216 2868 1538 2934 audierunt,
1583 2868 1680 2937 ipsi
1712 2882 1823 2922 nos

217 2960 630 3013 continuarunt.
654 2959 900 3030 Magnum
934 2968 1017 3015 est
1045 2958 1147 3015 hoc
1175 2969 1231 3015 et
1254 2960 1357 3015 fide
1389 2960 1625 3031 dignum.
1656 2960 1807 3030 Quod

220 3051 432 3120 quidem
461 3050 634 3107 Lucas
653 3067 863 3123 quoque
888 3052 1019 3107 dicit
1048 3052 1102 3107 in
1132 3053 1284 3107 initio
1311 3053 1584 3124 Evangelii
1616 3073 1627 3108 :
1662 3055 1809 3111 Sicut

221 3142 540 3195 tradiderunt
566 3143 707 3195 nobis
728 3143 815 3212 qui
849 3142 909 3197 ab
936 3143 1081 3197 initio
1110 3142 1208 3212 ipsi
1237 3144 1485 3209 viderunt,
1519 3153 1565 3197 et
1593 3146 1810 3200 ministri

220 3239 425 3305 [uerunt
450 3236 697 3289 sermonis
727 3235 878 3308 (Luc.
910 3237 962 3290 l.
992 3236 1068 3307 2).
1094 3237 1377 3303 Quomodo
1403 3253 1533 3308 ergo
1554 3238 1651 3292 fuit
1674 3254 1810 3294 con-

222 3329 427 3382 ﬁrmata
449 3327 474 3379 ἵ
498 3327 637 3396 Quid
664 3329 708 3381 si
739 3328 773 3383 ii
805 3329 892 3398 qui
922 3328 1207 3384 audierunt
1232 3370 1246 3395 ,
1283 3330 1473 3400 inquit,
1504 3329 1810 3386 ﬁnxerunt?

225 3419 332 3474 lloe
358 3434 490 3488 ergo
519 3418 735 3481 refellit,
761 3426 815 3472 et
840 3419 1072 3474 ostendit
1102 3436 1205 3473 non
1236 3434 1357 3475 esse
1381 3420 1665 3475 lmmanam
1694 3437 1807 3491 gra-

222 3500 366 3585 tiam,
402 3528 458 3575 et
485 3519 759 3591 subjunxit
794 3538 807 3575 :
838 3521 891 3576 4.
923 3522 1241 3575 Contestante
1262 3519 1390 3574 Deo.
1434 3517 1617 3588 Neque
1660 3518 1801 3573 enim

222 3614 263 3665 si
293 3612 573 3667 tinxissent
600 3655 614 3679 ,
646 3614 787 3668 Deus
829 3612 936 3668 illis
964 3613 1333 3668 testimonium
1374 3611 1604 3665 tulisset.
1628 3609 1808 3664 Testi-

222 3706 465 3759 monium
493 3705 709 3776 quidem
739 3706 814 3759 illi
847 3705 1044 3771 ferunt,
1078 3705 1179 3759 fert
1219 3714 1395 3760 autem
1432 3704 1570 3758 Deus
1600 3716 1810 3772 quoque

225 3802 612 3855 testimonium.
646 3800 929 3869 Quomodo
969 3800 1070 3855 fert
1110 3800 1510 3855 testimonium?
1548 3796 1662 3851 Non
1692 3810 1810 3851 ser—

224 3908 407 3957 mone,
444 3909 616 3963 neque
647 3909 777 3949 voce
807 3910 822 3955 ;
856 3908 976 3948 nam
1021 3903 1165 3949 esset
1203 3892 1415 3963 quidem
1464 3892 1563 3945 hoc
1598 3904 1814 3960 quoque

224 3984 517 4048 credibile;
551 3985 646 4040 sed
690 3984 996 4055 quomodo?
1026 3985 1200 4055 Signis
1244 3993 1288 4038 et
1319 3983 1561 4053 portentis
1586 3991 1630 4035 ct
1659 3980 1814 4034 variis

225 4078 517 4134 virtutibus.
543 4080 775 4135 Pulchre
801 4080 975 4148 posuit
1005 4078 1152 4142 illud,
1195 4078 1357 4132 Variis
1378 4077 1664 4137 virtutibus,
1690 4090 1816 4145 gra-

228 4172 486 4226 tuitorum
555 4171 819 4225 donorum
894 4187 989 4226 seu
1057 4170 1437 4225 charismatum
1510 4167 1816 4238 significans

226 4264 611 4318 abundantiam
645 4281 661 4323 :
693 4265 837 4335 quod
861 4263 1077 4333 quidem
1119 4278 1224 4317 non
1269 4261 1463 4316 factum
1498 4269 1579 4315 est
1618 4260 1668 4313 in
1709 4260 1818 4330 pri-

228 4357 415 4410 oribus
443 4398 457 4421 ,
501 4371 672 4425 neque
699 4367 773 4410 tot
815 4357 960 4426 signa
992 4365 1045 4409 et
1077 4365 1181 4409 tam
1216 4353 1535 4409 differentia.
1573 4352 1682 4407 Hoc
1711 4360 1814 4415 est,

231 4448 347 4503 Non
380 4458 583 4503 temere
610 4463 672 4504 ac
696 4449 888 4504 leviter
915 4449 1020 4504 illis
1049 4448 1397 4509 credidimus,
1431 4446 1525 4500 sed
1555 4460 1646 4513 per
1668 4444 1817 4512 signa

230 4555 280 4596 et
316 4551 582 4611 portenta.
610 4542 969 4610 Quamobrem
994 4557 1097 4596 non
1128 4542 1230 4595 illis
1251 4540 1539 4605 credimus,
1565 4538 1658 4593 sed
1686 4538 1814 4593 Deo.

235 4635 301 4689 Et
336 4634 563 4702 Spiritus
591 4636 752 4689 sancti
792 4634 1230 4689 distributionibus
1256 4634 1533 4689 secundum
1563 4650 1707 4687 suam
1736 4648 1822 4685 vo-

234 4729 503 4779 luntatem.
534 4725 671 4794 Quid
701 4725 843 4795 quod
868 4734 921 4781 et
948 4726 1367 4796 prmstigiatores
1398 4725 1546 4795 signa
1581 4722 1817 4785 faciunt,

232 4826 289 4871 et
315 4816 487 4871 Judaei
506 4832 625 4871 eum
653 4817 702 4870 in
731 4816 1031 4871 Beelzebub
1063 4816 1313 4871 dicebant
1333 4816 1529 4884 ejicere
1559 4814 1821 4867 dannonia

234 4907 389 4974 (Luc.
421 4906 503 4959 ll.
533 4906 661 4977 l5)?
681 4906 786 4962 Sed
816 4923 920 4962 n0n
956 4906 1158 4962 faciunt
1180 4906 1441 4975 ejusmodi
1481 4905 1629 4973 signa
1663 4918 1824 4972 :pro-

232 5011 424 5071 pterea
454 4999 625 5063 dixit,
667 5000 838 5055 Variis
887 5000 1173 5054 virtutibus.
1228 4998 1319 5053 lila
1359 4998 1501 5053 enim
1552 5012 1654 5051 non
1701 5004 1826 5052 sunt

232 5094 407 5145 virtus
454 5100 507 5146 et
556 5093 837 5161 potentia,
889 5093 980 5146 sed
1029 5092 1407 5161 imbecillitas,
1462 5091 1555 5145 sed
1598 5091 1733 5144 visio
1764 5103 1826 5143 ac

235 5184 520 5254 phantasia
564 5192 619 5239 et
662 5200 751 5239 res
793 5186 1000 5240 inanes.
1053 5185 1342 5254 Propterea
1388 5182 1554 5249 dixit,
1604 5182 1829 5251 Spiritus

229 5276 404 5329 sancti
432 5274 866 5330 distributionibus
895 5276 1173 5330 secundum
1198 5292 1342 5328 suam
1372 5274 1702 5328 voluntatem.

309 5366 364 5419 5.
388 5364 486 5419 llic
508 5366 637 5418 mihi
659 5365 871 5420 videtur
890 5366 1051 5419 etiam
1070 5365 1267 5434 aliquid
1287 5364 1429 5419 aliud
1447 5364 1826 5418 subindicare:

235 5464 323 5509 est
349 5456 493 5509 enim
516 5456 813 5511 verisimile
841 5471 945 5511 non
978 5471 1098 5511 esse
1129 5456 1238 5511 illic
1261 5457 1456 5510 multos
1483 5457 1570 5525 qui
1596 5455 1830 5510 habeant

235 5546 604 5608 charismata;
657 5562 717 5601 ca
758 5560 933 5602 autem
965 5547 1261 5612 defecisse,
1309 5556 1494 5619 utpote
1532 5547 1671 5619 (μιοά
1706 5547 1830 5601 facti

238 5649 427 5692 essent
458 5639 560 5707 ipsi
591 5639 917 5694 hebetiores.
958 5640 1026 5695 Ut
1057 5656 1185 5710 ergo
1211 5655 1305 5698 eos
1333 5648 1386 5695 et
1418 5641 1469 5695 in
1512 5641 1613 5694 hoc
1634 5654 1829 5693 conso-

239 5732 407 5801 letur,
437 5740 494 5787 et
531 5747 637 5787 non
678 5731 820 5787 sinat
857 5732 1015 5804 dejici
1046 5732 1251 5805 animo,
1297 5748 1463 5796 totmn
1514 5731 1833 5809 tribuit_Dei

1925 744 2023 790 tem
2064 738 2404 806 nwnifestatio
2429 740 2657 807 Spiritus
2677 743 2830 796 datur
2846 746 2914 799 ad
2930 748 3215 814 utilitatem,
3235 751 3509 805 secundum

1924 827 2035 895 ejus
2072 827 2377 883 voluntatem
2408 828 2502 901 (l.
2548 829 2667 885 Cur.
2703 831 2789 887 ιε.
2840 834 2924 889 l8.
2955 835 3042 907 7).
3087 839 3336 897 Ostendit
3358 844 3501 913 quod

1919 925 2183 980 charisma
2216 935 2298 980 est
2330 942 2395 982 ex
2425 928 2699 985 voluntate
2730 930 2921 984 Patris.
2949 930 3105 1001 Stepe
3131 944 3309 990 autem
3339 939 3500 993 etiam

1926 1025 2144 1084 prepter
2174 1016 2336 1071 vitam
2380 1019 2707 1074 immundam
2746 1030 2800 1075 et
2842 1023 3120 1079 socordem
3161 1041 3224 1081 ac
3255 1028 3499 1097 ignavam

1920 1108 2071 1161 multi
2120 1123 2224 1163 non
2271 1121 2597 1179 acceperunt
2635 1113 2900 1169 charisma
2941 1133 2956 1171 :
3004 1132 3400 1190 nonnumquam
3448 1134 3502 1179 et

1919 1200 2008 1270 qui
2037 1199 2231 1254 bonam
2262 1201 2459 1257 habent
2490 1205 2650 1258 vitam
2679 1216 2732 1260 et
2771 1222 2981 1276 puram,
3017 1224 3121 1264 non
3153 1224 3496 1281 acceperunt.

1918 1289 2097 1358 Quare
2123 1291 2145 1345 ?
2185 1292 2263 1347 Ne
2288 1294 2620 1363 superbiant,
2654 1312 2722 1351 ne
2749 1298 3127 1368 intumescant,
3170 1318 3236 1358 ue
3262 1303 3390 1359 liant
3413 1320 3504 1361 se-

1917 1385 2153 1453 gniores,
2198 1400 2266 1441 ne
2305 1387 2421 1457 plus
2460 1403 2617 1459 quam
2662 1406 2761 1460 par
2799 1393 2869 1446 sit
2910 1396 3256 1452 extollantur.
3297 1398 3429 1454 Nam
3458 1400 3506 1456 si

1920 1476 2081 1530 etiam
2122 1476 2324 1548 absque
2349 1478 2673 1537 charismate
2711 1483 2824 1553 ipsa
2856 1500 3001 1555 pura:
3022 1488 3143 1543 vita:
3171 1491 3500 1545 conscientia

1921 1568 2118 1624 sufﬁcit
2144 1570 2210 1625 ad
2237 1572 2602 1628 extollendum
2637 1592 2652 1630 :
2682 1578 2851 1632 multo
2874 1580 3060 1650 magis,
3095 1583 3312 1652 quando
3342 1585 3501 1640 etiam

1922 1660 2075 1715 adest
2098 1663 2285 1730 gratia.
2311 1664 2669 1731 Quamobrem
2699 1670 2867 1739 magis
2895 1671 3160 1728 dabantur
3180 1674 3503 1732 charismata

1924 1749 2216 1807 humilibus
2258 1764 2313 1809 et
2357 1756 2732 1826 simplicibus;
2764 1771 2820 1815 et
2862 1764 3093 1819 maxime
3130 1768 3460 1838 simplicibus
3491 1789 3503 1824 :

1924 1857 2047 1897 nam
2096 1843 2161 1897 1η
2206 1846 2562 1917 simplicitate,
2614 1850 2823 1921 inquit,
2869 1863 2916 1908 et
2966 1857 3298 1913 exsultatione
3342 1863 3509 1915 cordis

1924 1932 2059 2006 (Act.
2082 1935 2136 1989 2.
2164 1937 2283 2007 ss).
2313 1938 2424 1994 Hac
2444 1941 2586 1996 enim
2616 1944 2825 2000 ratione
2847 1946 2991 2016 ipsos
3013 1950 3181 2020 magis
3207 1961 3289 2007 εει
3311 1954 3508 2009 exhor-
3553 1942 3560 1949 ’

1924 2034 2089 2091 tatus,
2109 2036 2163 2082 et
2189 2029 2232 2083 si
2254 2040 2408 2085 erant
2428 2034 2702 2103 segniores
2719 2047 2772 2091 et
2800 2039 3238 2111 negligentiores,
3265 2046 3503 2116 pupugit.

1926 2117 2151 2176 Humilis
2176 2122 2343 2187 enim,
2369 2133 2423 2178 et
2448 2127 2535 2194 qui
2582 2142 2647 2182 ex
2672 2128 2972 2197 phantasia,
3005 2149 3195 2204 magna
3223 2137 3292 2191 de
3316 2152 3376 2192 se
3402 2152 3508 2193 non

1926 2212 2296 2280 apprehendit,
2314 2214 2369 2270 iit
2383 2216 2688 2288 diligentior
2699 2230 2754 2276 et
2771 2224 2982 2287 melior,
3000 2228 3213 2296 quando
3245 2230 3510 2286 charisma

1925 2305 2212 2373 acceperit,
2227 2316 2491 2377 tamquam
2514 2311 2603 2381 qui
2627 2323 2818 2381 printer
2832 2314 3144 2386 dignitatem
3165 2321 3389 2391 accepit,
3411 2336 3511 2376 uec

1927 2408 1987 2449 se
2007 2396 2275 2451 existimat
2294 2412 2415 2454 esse
2433 2400 2774 2474 dignuntzqui
2794 2421 2925 2461 vero
2941 2409 3211 2466 existimat
3235 2427 3293 2468 se
3312 2414 3509 2484 aliquid

1929 2488 2169 2556 praeclari
2211 2490 2424 2559 fecisse,
2472 2494 2525 2548 id
2565 2496 2665 2551 sibi
2710 2496 2951 2554 debitum
2987 2511 3155 2571 putat,
3185 2513 3239 2559 et
3276 2505 3508 2561 inﬂatur.

1927 2579 2285 2649 Quamobrem
2315 2584 2454 2640 Deus
2472 2585 2574 2642 hoc
2594 2589 2797 2645 utiliter
2812 2591 3099 2663 dispensat.
3122 2596 3275 2664 Quod
3297 2600 3510 2669 quidem

1928 2671 2128 2727 videris
2154 2675 2313 2729 etiam
2339 2675 2577 2733 invenire
2598 2680 2650 2733 in
2683 2680 2922 2737 Ecclesia
2954 2702 2967 2741 ε
2994 2700 3116 2740 nam
3139 2688 3274 2743 alius
3297 2690 3512 2759 quidem

1930 2765 2091 2821 habet
2117 2781 2422 2824 sermonem
2458 2775 2914 2831 accommodatum
2945 2778 3012 2833 ad
3033 2779 3354 2846 docendum,
3378 2784 3515 2840 alios

1930 2867 2106 2914 autem
2138 2874 2237 2915 nec
2264 2870 2441 2931 potest
2465 2878 2526 2918 os
2560 2868 2792 2935 aperire.
2828 2868 2996 2924 Nemo
3027 2873 3187 2943 igitur
3233 2886 3513 2945 propterea

1929 2950 2113 3006 dolore
2126 2950 2388 3011 afﬁciatur
2406 2973 2419 3009 :
2443 2953 2720 3027 Unicuique
2730 2960 2860 3013 enim
2874 2961 3026 3017 datur
3039 2966 3380 3035 manifestatio
3393 2968 3517 3033 Spi-

1929 3042 2057 3096 ritus
2070 3043 2138 3096 ad
2158 3045 2423 3099 utilitatem
2450 3047 2524 3117 (i.
2544 3049 2660 3102 Cor.
2685 3049 2768 3104 12.
2788 3052 2861 3121 7).
2886 3052 3016 3107 Nam
3035 3056 3078 3109 si
3101 3056 3260 3110 homo
3284 3059 3516 3127 paterfa-
3606 3070 3609 3075 '

1933 3134 2109 3188 milias
2137 3136 2283 3190 novit
2324 3137 2450 3205 quid
2477 3139 2673 3208 cuique
2708 3142 2901 3205 tradat,
2937 3145 3107 3201 nmlto
3138 3150 3306 3217 magis
3341 3150 3513 3213 Deus,

1933 3226 2023 3294 qui
2052 3227 2153 3282 scit
2191 3236 2426 3283 mentem
2472 3230 2782 3299 hominum,
2831 3235 2920 3303 qui
2972 3240 3120 3292 novit
3149 3242 3327 3295 omnia
3354 3243 3520 3311 prius-

1934 3331 2093 3385 quam
2118 3326 2233 3372 orta
2250 3318 2376 3372 sint.
2401 3319 2574 3375 Unum
2597 3333 2679 3377 est
2697 3325 2875 3380 solum
2894 3326 2963 3382 de
2983 3344 3089 3399 quo
3117 3334 3308 3387 merito
3325 3344 3406 3388 est
3432 3336 3521 3389 do-

1939 3407 2187 3473 lendum,
2221 3424 2414 3491 nempe
2437 3422 2712 3480 peccatum
2736 3433 2750 3479 ;
2783 3416 2918 3473 nihil
2946 3430 3123 3476 autem
3149 3424 3312 3479 aliud.
3344 3425 3421 3482 Ne
3445 3427 3519 3481 di-

1937 3514 2028 3556 cas
2049 3519 2063 3555 :
2083 3500 2189 3555 Cur
2208 3516 2314 3555 non
2336 3501 2510 3557 habeo
2532 3507 2815 3573 pecunias?
2836 3520 2944 3573 aut,
2969 3510 3026 3566 Si
3048 3511 3322 3581 haberem,
3337 3516 3519 3572 darem

1940 3592 2278 3662 pauperibus.
2307 3593 2494 3648 Nescis
2533 3611 2623 3661 an,
2651 3597 2695 3650 si
2726 3597 2953 3656 haberes
2972 3643 2986 3667 ,
3019 3606 3188 3674 magis
3219 3621 3369 3661 esses
3395 3623 3522 3661 ava-

1943 3698 2070 3747 rus;
2103 3698 2242 3738 nunc
2271 3685 2412 3738 enim
2443 3685 2558 3740 huic
2582 3686 2735 3755 dicis,
2766 3689 2860 3745 sed
2891 3694 2935 3745 si
2964 3694 3039 3748 rei
3066 3696 3284 3752 fecisses
3315 3701 3523 3767 pericu-

1944 3779 2075 3839 lum.
2099 3795 2251 3834 esses
2274 3782 2431 3835 alius.
2458 3783 2589 3838 Nam
2615 3789 2776 3841 etiam
2800 3792 3017 3859 quando
3041 3793 3299 3854 fuerimus
3324 3803 3523 3867 satiati,

1939 3872 2304 3937 existimamus
2331 3889 2429 3929 nos
2458 3890 2617 3946 posse
2637 3877 2881 3948 jejunare
2913 3903 2926 3937 :
2959 3886 3173 3952 quando
3196 3899 3373 3944 autem
3403 3908 3526 3962 par-

1940 3979 2067 4017 vum
2096 3964 2461 4023 intercesserit
2497 3968 2725 4037 spatium
2747 4012 2761 4035 ,
2794 3971 2895 4025 alia
2938 3988 3038 4027 nos
3069 3977 3211 4032 subit
3247 3983 3522 4049 cogitatio.

1938 4054 2170 4117 Rursus,
2191 4057 2404 4125 quando
2434 4057 2695 4114 fuerimus
2717 4070 2867 4117 extra
2886 4062 3223 4135 ebrietatem,
3252 4072 3525 4128 existima-

1939 4162 2061 4202 mus
2090 4162 2188 4202 nos
2215 4164 2373 4216 posse
2414 4151 2516 4207 hoc
2546 4154 2734 4210 vitium
2766 4172 3022 4227 superare
3059 4179 3073 4215 :
3104 4166 3318 4232 quando
3342 4181 3523 4225 autem

1938 4253 1999 4293 ea
2026 4254 2125 4294 nos
2158 4243 2382 4309 ceperit,
2421 4258 2524 4297 non
2552 4247 2755 4316 utique.
2788 4247 2865 4303 Ne
2904 4249 3079 4316 dicas,
3100 4256 3204 4311 Cur
3224 4271 3329 4311 non
3365 4259 3523 4315 habui

1937 4330 2201 4386 charisma
2229 4348 2323 4387 seu
2354 4336 2580 4404 gratiam
2607 4338 2833 4394 docendi
2863 4342 2886 4394 ?
2916 4343 2958 4396 si
2984 4342 3259 4412 haberem,
3289 4350 3525 4406 nidiﬁca—

1938 4438 2058 4477 rem
2077 4425 2513 4483 innumerabiles.
2544 4428 2758 4497 Nescis,
2788 4433 2833 4486 si
2860 4434 3113 4501 haberes,
3141 4454 3266 4494 num
3295 4441 3345 4494 id
3378 4454 3524 4499 esset

1938 4516 2035 4570 tibi
2061 4517 2112 4569 in
2146 4518 2429 4586 judicium,
2471 4537 2596 4575 num
2626 4521 2843 4586 invidia,
2889 4544 3014 4582 num
3048 4532 3255 4600 pigritia
3280 4533 3524 4591 efficeret

1938 4615 1997 4661 ut
2021 4607 2280 4662 talentum
2302 4610 2682 4668 absconderes.
2704 4615 2877 4685 Atque
2904 4634 3043 4672 nunc
3064 4622 3276 4690 quidem
3301 4640 3360 4679 es
3389 4626 3538 4697 liber

1937 4701 2004 4755 ab
2025 4700 2111 4755 his
2139 4703 2408 4768 omnibus,
2440 4720 2536 4759 nec
2567 4707 2609 4761 si
2641 4706 2893 4763 frumenti
2928 4727 3031 4764 non
3061 4713 3276 4769 dederis
3309 4733 3525 4773 mensu-

1938 4807 2051 4846 ram
2075 4833 2091 4859 ,
2140 4792 2235 4847 tibi
2276 4794 2433 4848 datur
2470 4797 2598 4850 vitio
2637 4816 2649 4850 :
2692 4810 2815 4854 tunc
2859 4811 3035 4857 autent
3067 4820 3214 4861 esses
3252 4808 3522 4867 obnoxius

1938 4883 2431 4939 innmnerabilibus.
2461 4886 2713 4957 Alioquin
2742 4899 2917 4945 autem
2944 4909 3042 4948 nec
3071 4912 3209 4951 nunc
3230 4912 3287 4952 es
3312 4900 3523 4957 alienus

1936 4988 1965 5027 a
1994 4974 2339 5031 charismate.
2373 4977 2609 5034 Ostende
2639 4982 2692 5035 in
2723 4999 2889 5052 parvo
2914 4989 3087 5057 qualis
3117 5005 3284 5058 esses,
3315 4994 3357 5047 si
3388 4996 3518 5050 illud

1937 5065 2163 5122 haberes
2190 5086 2203 5120 :
2233 5068 2293 5123 Si
2315 5071 2481 5137 enim,
2519 5072 2705 5144 inquit,
2733 5077 2786 5130 in
2817 5096 2972 5146 parra
3001 5083 3175 5149 ﬁdeles
3196 5102 3296 5139 non
3324 5090 3525 5158 fuistis,

1934 5159 2186 5250 quomodo
2215 5160 2355 5250 quod
2379 5178 2618 5233 magnum
2658 5176 2733 5220 est
2768 5169 2909 5224 vobis
2955 5172 3094 5226 dabit
3132 5176 3317 5246 aiiquis
3344 5177 3515 5250 (Luc.

1937 5250 2023 5302 to.
2068 5249 2216 5321 lt)?
2255 5240 2491 5309 Οςιθηιιθ
2541 5256 2680 5312 sicut
2721 5259 2877 5315 vidua
2925 5280 2937 5315 ε
2980 5263 3068 5317 illa
3115 5240 3519 5327 littliebat‘dttos

1936 5341 2143 5407 obolos,
2173 5353 2225 5398 et
2254 5352 2431 5399 totum
2452 5349 2593 5417 quod
2629 5350 2811 5407 habuit
2843 5354 3080 5410 immisit.
3112 5360 3319 5426 Qumris
3346 5377 3513 5432 pecn-

1936 5434 2103 5487 nias?
2142 5438 2366 5490 ostende
2408 5440 2549 5507 quod
2589 5457 2785 5511 paucas
2824 5446 3120 5515 chpicias,
3157 5465 3213 5505 ut
3249 5454 3409 5508 etiam
3453 5456 3520 5512 de

1935 5526 2228 5580 multistibi
2252 5530 2467 5584 credam
2498 5549 2511 5583 :
2536 5534 2577 5585 si
2602 5544 2785 5589 autem
2810 5554 2875 5591 ne
2901 5539 2995 5594 has
3022 5543 3237 5611 quidem
3262 5545 3517 5617 despicis,

1935 5616 2103 5673 multo
2133 5621 2303 5689 magis
2342 5636 2443 5675 nec
2484 5623 2623 5677 illas.
2659 5627 2863 5682 llursus
2910 5632 2959 5684 iu
3010 5648 3261 5692 sermone
3290 5616 3519 5694 ostende

1936 5716 1988 5766 te
2017 5719 2162 5767 recte
2190 5726 2344 5768 usum
2377 5727 2499 5769 esse
2528 5715 2894 5777 admonitione
2920 5733 2971 5778 et
3003 5727 3248 5784 consilio.
3280 5730 3391 5786 Non
3424 5732 3520 5787 ha-
