4060 6440
613 237 686 291 55

606 350 696 403 bes
721 353 999 401 externam
1030 341 1330 398 facundiam
1358 346 1382 395 ἐ
1408 356 1513 396 non
1547 343 1641 396 tibi
1664 344 1864 398 aﬂattm
1891 354 2179 415 suppetunt

602 452 793 493 sensus
817 446 872 492 et
902 436 1182 491 sententia:
1205 436 1229 488 ?
1254 433 1348 489 sed
1379 435 1485 488 scis
1511 445 1688 490 tamen
1717 436 1831 491 lucc
1851 439 2176 493 communia.

598 528 795 583 Filium
824 527 1012 593 habes,
1040 526 1273 580 vicinum
1301 524 1489 593 habes,
1520 527 1738 582 fratrem
1773 528 1959 592 habes.
1989 528 2177 584 dome—

598 620 765 674 sticos
795 617 960 673 babes
1005 626 1060 672 et
1098 616 1435 671 necessarios
1474 634 1488 671 :
1534 618 1744 671 etiamsi
1787 632 1892 671 non
1926 619 2100 688 possis
2128 618 2181 673 in

601 710 828 765 ecclesia
865 708 1072 778 prolixa
1100 708 1174 761 uti
1205 708 1474 772 oratione,
1505 723 1599 763 eos
1629 720 1781 779 potes
1810 710 2057 779 privatim
2090 710 2187 765 ad-

599 812 821 857 monere
849 808 904 855 et
950 799 1178 854 hortari.
1221 798 1319 853 llic
1346 808 1464 854 arte
1503 799 1716 854 dicendi
1762 816 1867 854 non
1898 811 1981 867 est
2006 816 2141 869 opus
2166 842 2182 867 ,

600 908 775 964 neque
805 892 920 947 fusa
952 893 1194 947 oratione
1225 909 1238 945 :
1273 893 1323 945 in
1350 893 1433 946 his
1458 893 1700 957 ostende,
1731 893 1872 963 quod
1903 895 1946 948 si
1973 894 2185 949 dicendi

602 985 834 1039 haberes
879 982 1225 1050 facultatem,
1272 999 1378 1037 non
1418 984 1766 1055 neglexisses.
1814 985 1873 1041 Si
1912 996 2089 1041 autem
2134 988 2187 1042 in

604 1090 771 1146 parvo
808 1090 913 1129 non
938 1074 1163 1129 adhibes
1190 1074 1424 1129 studium
1455 1083 1510 1129 et
1539 1075 1891 1146 diligentiam,
1921 1077 2190 1147 quomodo

604 1167 658 1221 in
701 1180 894 1235 magno
923 1165 1014 1220 tibi
1046 1165 1261 1219 credam
1292 1166 1314 1219 ?
1344 1165 1475 1220 Nam
1505 1167 1646 1236 quod
1691 1170 2056 1239 unusquisque
2089 1171 2191 1225 hoc

605 1258 797 1329 possit,
839 1256 963 1311 audi
993 1256 1264 1327 quomodo
1295 1258 1493 1312 Paulus
1522 1258 1624 1313 hoc
1657 1260 1964 1329 permiserit
1994 1262 2144 1317 Iaicis
2174 1280 2188 1316 :

609 1345 895 1417 ﬁdi/Scots
917 1388 932 1411 ,
965 1347 1169 1418 inquit,
1202 1348 1331 1402 alter
1358 1349 1573 1403 alterum
1613 1350 1744 1404 sicut
1781 1361 1828 1405 et
1865 1353 2068 1423 facitis;
2107 1363 2191 1418 et,

609 1439 962 1495 Consolamini
1004 1440 1214 1495 invicem
1253 1441 1307 1494 in
1347 1441 1427 1496 his
1469 1443 1783 1497 sermonibus
1814 1443 1891 1513 (1.
1929 1443 2107 1499 Thess.
2138 1446 2191 1501 5.

611 1532 701 1597 11,
733 1541 778 1585 et
803 1532 857 1585 4.
889 1530 999 1602 17).
1028 1531 1186 1586 Novit
1232 1532 1374 1587 Deus
1402 1534 1674 1603 quomodo
1698 1537 1985 1606 unicuique
2010 1537 2194 1591 distri-

612 1622 765 1677 buat.
811 1621 945 1676 Num
991 1632 1044 1676 tu
1090 1637 1149 1677 es
1191 1623 1371 1695 Moyse
1413 1625 1648 1680 melior?
1688 1626 1828 1681 Audi
1867 1642 2024 1697 quam
2055 1643 2196 1698 a‘gre

613 1726 670 1771 et
695 1717 918 1771 moleste
943 1717 1097 1772 lerat.
1130 1716 1271 1770 Nam
1291 1735 1403 1788 ego,
1437 1718 1628 1788 inquit,
1656 1736 1857 1787 possum
1872 1736 1955 1773 eos
1974 1730 2194 1789 portare,

613 1805 753 1876 quod
800 1806 974 1861 dixisti
1017 1808 1163 1873 mihi,
1219 1806 1364 1861 Tolle
1405 1825 1489 1862 eos
1539 1810 1667 1863 sicut
1714 1812 1887 1864 nutrix
1933 1810 2199 1865 laetantem

616 1898 824 1967 (Nunt.
856 1900 943 1953 11.
983 1898 1050 1953 12
1072 1898 1127 1969 )ἳ
1171 1899 1309 1968 Quid
1348 1916 1475 1957 vero
1505 1902 1695 1959 Deus?
1738 1903 1952 1959 Excmit
1980 1904 2048 1960 de
2084 1904 2201 1975 ejus

617 1990 830 2060 spiritu,
862 1999 918 2045 et
944 1990 1091 2046 dedit
1116 1992 1257 2054 aliis,
1292 1994 1585 2049 ostendens
1612 1996 1753 2065 quod
1795 2012 1969 2067 neque
1990 1998 2203 2069 quando

621 2096 717 2137 eos
746 2082 1028 2152 portabat,
1076 2083 1193 2152 ejus
1221 2094 1343 2139 erat
1381 2086 1649 2141 charisma
1677 2128 1693 2154 ,
1727 2088 1822 2145 sed
1862 2088 2113 2160 Spiritus.
2145 2090 2202 2146 Si

622 2169 851 2226 haberes
889 2172 1157 2227 charisma
1177 2215 1193 2239 ,
1224 2190 1369 2246 saepe
1399 2175 1592 2233 fuisses
1621 2180 1820 2246 elatus,
1846 2196 1989 2251 stupe
2013 2182 2205 2237 fuisses

623 2274 846 2314 eversus
880 2276 893 2313 :
927 2269 981 2315 tu
1016 2262 1244 2331 teipsum
1269 2280 1373 2318 non
1403 2268 1567 2331 nosti,
1601 2277 1659 2321 nt
1691 2278 1741 2323 te
1772 2270 1912 2325 Deus
1939 2273 2104 2326 novit.
2130 2273 2207 2328 Ne

637 2360 899 2425 dicamus,
934 2360 1014 2414 Ad
1043 2360 1166 2429 quid
1196 2360 1299 2415 hoc
1322 2372 1375 2416 et
1404 2378 1499 2418 cur
1522 2362 1548 2417 ?
1570 2366 1782 2434 quando
1809 2368 1949 2423 Dens
1977 2370 2202 2441 dispen-

635 2459 737 2515 sat,
766 2468 833 2505 ne
859 2451 1116 2506 rationem
1147 2452 1215 2506 ab
1238 2468 1305 2507 eo
1330 2455 1603 2525 exigamus
1637 2474 1650 2509 :
1680 2458 1781 2512 hoc
1808 2460 1951 2514 enim
1987 2470 2069 2515 est
2110 2464 2210 2516 im-

638 2541 845 2609 pietatis
886 2552 1140 2598 cxtremre
1186 2553 1242 2598 et
1289 2548 1626 2615 arrogantise.
1678 2549 1828 2604 Servi
1878 2566 2100 2618 sumus,
2153 2564 2209 2610 et

632 2635 770 2683 servi
818 2632 1038 2687 multum
1087 2634 1346 2689 distantes
1394 2654 1423 2688 ει
1476 2638 1721 2704 Domino,
1772 2656 1840 2695 ne
1885 2656 1946 2696 ea
1989 2644 2203 2713 quidem

632 2723 865 2777 scientes
911 2740 1028 2793 qua:
1073 2735 1193 2779 sunt
1234 2743 1345 2795 prce
1385 2728 1629 2799 pedibus.
1673 2731 1749 2786 Ne
1791 2733 1952 2803 igitur
1990 2736 2202 2791 curiose

629 2823 933 2869 scrutemur
966 2817 1056 2871 Dei
1088 2819 1393 2885 consilium,
1422 2821 1515 2877 sed
1544 2823 1684 2891 quod
1714 2824 1862 2878 dedit
1893 2825 1992 2880 hoc
2020 2841 2204 2883 serve-

631 2921 773 2971 mus,
807 2908 1014 2962 etiamsi
1056 2910 1124 2962 sit
1154 2925 1395 2979 parvum,
1426 2913 1634 2968 etiamsi
1663 2916 1929 2982 ultimum,
1958 2926 2013 2972 et
2040 2919 2200 2988 plane

628 2998 830 3050 erimus
861 3000 1008 3067 probi
1035 3010 1089 3054 et
1116 3001 1166 3054 iu
1199 3001 1337 3057 booa
1362 3005 1756 3062 existimatione
1794 3026 1806 3061 :
1841 3010 1947 3063 imo
1979 3027 2104 3065 vero
2130 3028 2196 3068 ex

627 3084 717 3141 Dei
741 3088 895 3142 donis
916 3090 1118 3144 nullum
1149 3100 1231 3146 est
1251 3108 1491 3162 parvum.
1518 3096 1671 3150 Doles
1700 3098 1841 3167 quod
1873 3115 1976 3155 non
2002 3102 2199 3158 habeas

619 3179 819 3235 donum
861 3181 1165 3237 doctrinae?
1200 3184 1286 3240 dic
1325 3187 1452 3240 mihi
1477 3229 1492 3253 ,
1535 3189 1661 3257 quid
1703 3192 1794 3244 tibi
1838 3194 2047 3248 videtur
2075 3210 2196 3252 esse

620 3269 814 3339 majus,
844 3272 1043 3326 donum
1074 3273 1351 3341 doctrinae,
1377 3291 1444 3331 an
1484 3277 1681 3334 donum
1711 3283 2013 3350 expellendi
2052 3300 2189 3340 mor-

616 3359 713 3413 bos
743 3360 766 3415 'i
804 3360 916 3417 Hoc
950 3364 1151 3432 utique.
1185 3365 1322 3432 Quid
1350 3370 1522 3422 vero?
1560 3386 1666 3425 non
1697 3372 1791 3426 tibi
1827 3374 2036 3430 videtur
2071 3392 2193 3432 esse

619 3450 812 3520 majus,
844 3455 1001 3509 ccccis
1027 3456 1156 3511 dare
1180 3458 1395 3513 visum?
1421 3476 1526 3514 non
1566 3463 1657 3517 tibi
1698 3454 1909 3520 videtur
1932 3482 2051 3524 esse
2078 3486 2191 3524 ma-

612 3542 720 3610 jus,
766 3552 1002 3598 mortnos
1028 3548 1299 3614 excitare,
1328 3565 1486 3619 quam
1529 3554 1745 3610 morbos
1770 3559 2000 3612 curare?
2050 3560 2187 3627 Quid

617 3646 765 3698 vero,
794 3633 880 3687 dic
918 3651 1102 3705 quaeso
1128 3638 1150 3690 ἴ
1178 3639 1377 3694 umbris
1407 3650 1462 3696 et
1489 3644 1718 3699 sudariis
1746 3645 1847 3701 hoc
1874 3648 2053 3705 facere
2079 3667 2183 3707 non

616 3721 707 3774 tibi
735 3723 942 3778 videtur
969 3742 1088 3782 esse
1114 3729 1305 3798 majus,
1335 3747 1493 3800 quam
1523 3732 1729 3790 verbo?
1753 3737 1888 3805 Quid
1916 3756 2044 3809 ergo
2083 3743 2182 3809 vis,

612 3812 697 3867 die
723 3829 923 3883 qumso,
954 3819 1155 3873 umbris
1192 3830 1247 3875 et
1284 3823 1518 3878 sudariis
1555 3827 1789 3883 excitare
1829 3841 2087 3899 mortuos,
2116 3849 2183 3889 au

612 3904 812 3962 habere
842 3908 1041 3963 donum
1083 3911 1341 3968 doctrina:
1367 3915 1390 3968 ἲ
1418 3916 1572 3972 Dices
1615 3923 1852 3989 omnino,
1899 3925 2100 3981 umbris
2129 3936 2184 3983 et

609 3997 837 4051 sudariis
868 4011 1105 4057 mortuos
1130 4006 1382 4062 excitare.

680 4085 732 4139 6.
767 4088 963 4143 Caritas
988 4102 1060 4145 est
1081 4094 1332 4149 charisma
1361 4101 1583 4154 omnium
1599 4105 1861 4171 optimum.
1883 4137 1956 4147 —
1973 4107 2027 4164 Si
2051 4124 2179 4180 ergo

608 4175 698 4229 tibi
740 4180 1045 4248 ostendero,
1071 4185 1210 4253 quod
1256 4189 1479 4244 alterum
1524 4192 1722 4248 donum
1755 4208 1840 4251 est
1868 4200 1968 4254 hoc
2021 4175 2176 4273 longe

607 4268 799 4337 majus,
832 4282 1033 4328 etcum
1083 4278 1174 4331 tibi
1219 4279 1376 4335 liceat
1415 4285 1678 4354 accipi-rc,
1711 4290 1753 4342 si
1803 4305 1905 4345 non
1950 4268 2168 4364 accipis,

597 4357 743 4425 juste
770 4377 828 4415 es
851 4364 929 4417 eis
959 4367 1194 4435 privatus
1226 4388 1239 4424 :
1272 4373 1394 4439 qttid
1424 4374 1607 4430 dices?
1630 4378 1695 4432 Et
1722 4379 1822 4435 hoc
1842 4381 2039 4437 donum
2066 4357 2170 4440 non

602 4450 691 4504 nni
736 4463 791 4507 et
818 4454 1007 4524 alteri,
1052 4461 1143 4515 sed
1188 4465 1439 4519 omnibus
1484 4468 1683 4525 habere
1724 4472 1865 4527 licet.
1910 4476 2031 4531 Scio
2079 4494 2171 4533 vos

602 4551 820 4611 stupere
844 4555 896 4600 et
922 4549 1197 4617 admirari,
1224 4555 1269 4608 si
1300 4557 1428 4611 estis
1455 4559 1688 4614 audituri
1716 4565 1855 4630 quod
1889 4566 2043 4621 liceat
2071 4584 2166 4623 vo-

598 4642 681 4699 bis
710 4644 907 4702 habere
947 4652 1121 4719 majus
1149 4649 1350 4706 donum
1394 4669 1551 4723 quam
1600 4661 1860 4715 suscitare
1904 4679 2164 4738 mortuos,

596 4747 653 4792 et
672 4739 839 4793 visum
862 4740 990 4795 dare
1026 4743 1207 4809 caecis,
1237 4756 1291 4799 et
1317 4746 1404 4799 illa
1447 4746 1620 4802 facere
1647 4767 1765 4820 qua:
1797 4752 1994 4811 fiebant
2036 4768 2174 4814 tem-

600 4842 727 4896 pore
752 4832 1114 4899 apostolorum
1143 4853 1156 4888 :
1185 4846 1238 4889 et
1279 4836 1509 4893 fortasse
1540 4840 1643 4894 hoc
1675 4842 1887 4899 videtur
1910 4849 2060 4903 vobis
2089 4851 2173 4905 in-

595 4920 874 4974 credibile.
919 4924 1068 4989 Quod
1110 4934 1193 4978 est
1230 4942 1358 4996 ergo
1406 4928 1507 4983 hoc
1534 4930 1774 4987 donum?
1802 4935 2030 4993 Caritas.
2063 4940 2169 4997 Sed

596 5012 727 5066 mihi
758 5014 980 5080 credite,
1028 5032 1133 5071 non
1163 5027 1247 5071 est
1287 5036 1437 5075 meus
1481 5038 1682 5093 sermo,
1710 5028 1806 5082 sed
1831 5029 2029 5087 Christi
2077 5035 2166 5089 lo-

593 5106 829 5179 quentis.
854 5122 947 5175 per
976 5108 1221 5163 Paulum.
1262 5112 1398 5179 Quid
1442 5117 1585 5171 enim
1612 5119 1780 5175 dicit?
1824 5122 2168 5182 Aimulamini

593 5196 900 5249 charismata
946 5200 1192 5265 meliora,
1252 5211 1297 5255 et
1342 5205 1510 5258 adhuc
1556 5224 1805 5263 summam
1854 5217 1984 5267 viam
2029 5218 2167 5270 vobis

593 5289 800 5340 ostendo
827 5286 903 5357 (1.
927 5288 1044 5342 Cor.
1080 5290 1169 5344 12.
1201 5291 1315 5362 51).
1346 5293 1482 5361 Quid
1530 5306 1633 5361 est,
1666 5298 1846 5354 Adhuc
1877 5309 2164 5361 summam?

592 5377 745 5442 Quod
787 5378 915 5432 dicit
949 5393 1032 5435 est
1071 5382 1332 5451 ejusmodi
1365 5404 1378 5439 ε
1407 5386 1671 5443 Corinthii
1712 5405 1773 5445 se
1804 5394 1957 5449 valde
1981 5396 2151 5464 jacta-

594 5468 740 5532 bant,
774 5482 827 5525 et
857 5473 955 5527 sibi
1003 5475 1285 5543 placebant
1337 5490 1560 5548 propter
1606 5482 1949 5555 charismata,
1992 5501 2047 5545 et
2074 5494 2163 5561 qui

593 5561 798 5631 linguas
840 5564 1126 5635 habebant,
1150 5572 1400 5640 quodest
1440 5574 1716 5631 minimum
1757 5579 1977 5646 donum,
2009 5584 2162 5639 iulia-

587 5651 784 5710 bantur
813 5656 1071 5714 adversus
1112 5670 1359 5719 cu‘teros.
1397 5663 1530 5719 Dicit
1559 5681 1708 5739 ergo,
1736 5668 1906 5727 Vultis
1944 5677 2165 5731 omnino

1377 242 1436 299 8.
1475 236 1751 297 JOANNIS
1788 227 2255 292 CHRYSOSTOMI
2295 226 2610 296 ARCJIIEP.
2650 227 3187 285 CONSTANTINOP.
3772 236 3827 295 δε

2308 338 2668 394 charismata?
2722 353 2821 409 ego
2857 339 3086 393 ostendo
3137 338 3275 393 viam
3315 338 3711 411 charismatum,
3746 366 3825 407 non

2310 430 2483 486 solum
2504 430 2875 495 excellentem,
2894 430 2988 484 sed
3010 431 3171 485 etiam
3194 446 3477 488 summam.
3505 434 3689 495 Deinde
3705 441 3826 511 dicit,

2312 520 2381 576 Si
2401 521 2587 591 linguis
2615 522 2796 591 loquar
2822 522 3143 597 angelorum,
3166 522 3426 577 caritatem
3455 538 3617 580 autem
3643 547 3730 584 non
3755 536 3827 589 has

2310 614 2475 676 beam,
2506 615 2636 668 nihil
2658 630 2769 669 sum
2799 630 2817 666 :
2848 624 2894 667 et
2921 616 2969 668 si
2997 615 3207 667 habeant
3239 615 3391 683 [idem
3421 626 3474 670 ut
3495 630 3671 675 montes
3696 634 3829 680 trans-

2311 707 2494 775 feram,
2514 705 2773 758 caritatem
2793 713 2962 757 autem
3006 720 3107 758 non
3152 705 3381 768 habeam,
3408 708 3535 761 nihil
3569 727 3673 765 sunt
3702 714 3830 781 (Ibid.

2312 798 2403 852 15.
2427 797 2478 851 1.
2499 796 2579 865 2).
2600 797 2790 851 Vidisti
2817 797 3123 851 charisma?
3154 796 3430 853 lEmulare
3452 800 3551 854 hoc
3576 805 3831 871 charisma;

2314 889 2417 943 hoc
2444 889 2616 957 majus
2646 899 2727 943 est
2758 904 2916 959 quam
2946 899 3185 942 mortuos
3210 891 3467 955 excitare,
3497 892 3596 948 hoc
3617 897 3722 951 aliis
3745 915 3832 954 om-

2314 980 2473 1036 nibus
2500 990 2583 1034 est
2612 982 2767 1049 longe
2797 980 3011 1034 melius.
3041 981 3104 1034 Et
3131 983 3270 1049 quod
3304 980 3408 1034 hoc
3431 983 3497 1036 ita
3522 982 3715 1052 habeat,
3739 992 3832 1045 audi

2314 1073 2438 1143 quid
2461 1072 2603 1127 dicat
2627 1072 2872 1126 Christus
2900 1073 3126 1143 loquens
3152 1074 3428 1142 discipulis
3452 1092 3468 1130 :
3498 1074 3562 1130 In
3591 1078 3675 1132 hoc
3692 1084 3832 1147 scient,

2313 1164 2449 1233 quod
2475 1164 2716 1232 discipuli
2739 1164 2835 1217 mei
2862 1164 3004 1223 estis,
3029 1165 3071 1216 si
3098 1180 3184 1217 vos
3213 1165 3424 1221 invicem
3452 1167 3665 1237 diligatis
3692 1172 3831 1240 (locu.

2317 1254 2403 1308 15.
2441 1254 2555 1324 55).
2586 1254 2786 1308 Deinde
2815 1254 3105 1308 ostendens
3134 1256 3184 1308 itt
3228 1271 3359 1326 quo,
3405 1272 3507 1312 non
3552 1259 3672 1314 dixit
3706 1264 3836 1319 tnira-

2317 1346 2458 1413 cula,
2500 1345 2595 1400 sed
2624 1345 2790 1414 quid?
2821 1345 2883 1400 Si
2910 1345 3228 1399 dilectionem
3258 1348 3468 1403 inuicem
3499 1350 3765 1406 habueritis.
3786 1355 3836 1409 Et

2316 1451 2503 1491 rursus
2527 1436 2655 1491 dicit
2684 1437 2828 1491 Patri
2860 1454 2873 1489 :
2912 1436 2979 1490 In
3010 1438 3105 1491 hoc
3131 1438 3287 1491 scient
3327 1438 3465 1507 quod
3492 1448 3545 1492 tu
3572 1456 3644 1494 me
3677 1444 3834 1506 misisti,

2310 1556 2353 1593 st
2377 1540 2478 1593 sint
2504 1554 2663 1591 unum
2692 1537 2871 1605 (Joan.
2910 1537 2998 1591 17.
3024 1535 3141 1606 21).
3170 1534 3288 1606 Ipse
3312 1551 3524 1607 quoque
3564 1537 3751 1592 dicebat
3772 1541 3835 1594 di-

2308 1630 2529 1699 scipulis
2560 1648 2573 1680 :
2609 1628 2912 1683 Mandatum
2941 1644 3124 1682 novum
3162 1628 3229 1682 do
3266 1626 3428 1691 vobis,
3456 1637 3508 1682 ut
3537 1629 3741 1699 diligatis
3772 1633 3837 1685 in-

2311 1721 2469 1773 uicem
2494 1720 2677 1791 (Joan.
2710 1722 2795 1775 l3.
2822 1720 2935 1789 54).
2971 1719 3039 1775 lis
3068 1735 3197 1790 ergo
3222 1720 3312 1790 qui
3340 1731 3581 1775 mortuos
3606 1723 3837 1791 suscitant,

2311 1811 2398 1866 hic
2425 1820 2508 1865 est
2534 1810 2814 1866 honestior
2837 1824 2888 1866 et
2916 1812 3259 1883 prmclarior:
3284 1820 3340 1865 et
3370 1810 3580 1866 merito.
3603 1812 3719 1867 Nam
3740 1814 3837 1870 illud

2306 1900 2523 1970 quidem
2551 1910 2633 1955 est
2666 1910 2833 1955 totum
2867 1901 2960 1957 Dei
3004 1901 3226 1970 gratim;
3277 1899 3385 1955 hoc
3413 1891 3588 1955 autem
3617 1913 3691 1956 est
3713 1906 3837 1958 etiam

2305 1989 2469 2043 studii
2516 2000 2573 2043 et
2596 1990 2907 2061 diligentiae.
2947 1991 3059 2046 Hoc
3085 2000 3167 2045 est
3199 2005 3388 2046 revera
3414 1989 3726 2046 Christiani:
3762 1994 3838 2048 hoc

2306 2082 2548 2137 ostendit
2590 2082 2790 2137 Christi
2837 2082 3181 2152 discipulum,
3214 2082 3303 2154 qui
3336 2092 3421 2138 est
3466 2084 3744 2151 crucifixus,
3769 2087 3835 2154 qui

2305 2174 2440 2228 nihil
2474 2173 2637 2229 habet
2661 2189 2945 2230 commune
2976 2176 3025 2229 in
3057 2186 3198 2229 terra
3233 2193 3246 2229 :
3296 2174 3504 2245 absque
3528 2175 3625 2230 hoc
3651 2192 3709 2231 ne
3731 2192 3835 2231 mar—

2308 2266 2506 2336 tyrium
2536 2267 2751 2335 quidem
2782 2275 2962 2337 potest
2986 2266 3273 2336 quidquam
3325 2267 3596 2336 prodesse.
3627 2266 3687 2321 Et
3710 2278 3754 2320 ut
3774 2268 3833 2321 di-

2305 2370 2451 2421 scas,
2486 2355 2589 2411 ltoc
2623 2357 2743 2411 vide
2774 2357 3029 2412 dilucide.
3056 2357 3170 2413 Duo
3195 2358 3279 2413 vel
3304 2358 3484 2426 potius
3512 2358 3604 2411 tria
3628 2358 3833 2411 virtutum

2305 2450 2586 2506 cacumina
2614 2451 2847 2520 sumpsit
2876 2451 3070 2506 beatus
3099 2450 3320 2515 Paulus,
3341 2467 3462 2520 quae
3481 2461 3600 2506 sunt
3624 2450 3831 2519 insignis.

2302 2556 2421 2611 quae
2448 2542 2498 2595 in
2526 2542 2863 2612 cognitione,
2893 2558 3013 2612 qua:
3043 2552 3170 2595 sunt
3213 2542 3264 2595 in
3297 2543 3405 2596 vita
3438 2559 3451 2595 :
3481 2551 3532 2596 et
3561 2542 3739 2610 absque
3760 2540 3835 2592 hoc

2306 2633 2419 2687 lucc
2449 2633 2580 2687 nihil
2609 2649 2734 2689 esse
2755 2633 2910 2688 dixit.
2939 2634 3220 2701 Quomodo
3240 2642 3424 2689 autem
3456 2634 3566 2689 haec
3590 2634 3708 2688 nihil
3730 2634 3825 2695 sint,

2300 2740 2402 2795 ego
2431 2725 2574 2781 dico.
2628 2724 2743 2781 Etsi
2771 2727 3078 2781 distribuere
3125 2728 3176 2780 in
3207 2727 3345 2782 cibos
3392 2744 3662 2797 pauperum
3699 2742 3829 2779 omnes

2302 2818 2571 2888 facultates
2600 2834 2758 2882 meas,
2788 2820 3053 2872 caritatem
3083 2828 3253 2872 autent
3281 2836 3385 2873 non
3408 2819 3629 2885 habeam,
3656 2818 3762 2872 nihil
3776 2829 3830 2871 est

2302 2910 2381 2978 (1.
2407 2910 2526 2963 Car.
2555 2911 2644 2966 l5.
2679 2911 2756 2981 ὅ).
2802 2910 2945 2966 Fieri
2997 2912 3140 2965 enim
3187 2919 3368 2979 potest
3407 2920 3464 2965 ut
3488 2911 3577 2981 qui
3607 2910 3829 2963 facultates

2302 3004 2352 3057 in
2400 3004 2551 3059 cibos
2600 3003 2902 3069 distribuat,
2964 3019 3070 3058 non
3121 3004 3193 3057 sit
3239 3004 3470 3058 caritate
3511 3001 3753 3073 prarditus,
3789 3010 3828 3055 et

2302 3093 2586 3163 profundat
2616 3096 2892 3164 pecunias.
2927 3094 2994 3149 Et
3026 3095 3097 3151 de
3143 3094 3226 3149 his
3253 3093 3472 3165 quidem
3504 3095 3626 3148 satis
3652 3108 3676 3146 a
3712 3093 3827 3146 nobis

2298 3189 2501 3244 dictum
2528 3200 2613 3245 est
2636 3189 2691 3244 in
2723 3189 2843 3245 loco
2871 3189 2940 3244 de
2962 3189 3208 3252 caritate,
3238 3198 3292 3243 et
3314 3188 3444 3254 illuc
3474 3186 3826 3242 transmittimus

2300 3280 2571 3337 lectores:
2603 3280 2819 3336 interim
2864 3288 3066 3344 autem,
3092 3280 3231 3334 sicut
3261 3278 3396 3343 dixi,
3427 3279 3718 3334 aemulemur
3732 3275 3825 3330 cha-

2298 3373 2484 3436 risma.
2512 3373 2652 3429 alter
2676 3375 2906 3428 alterum
2928 3372 3215 3443 diligamus
3238 3389 3252 3438 ;
3285 3382 3340 3428 et
3372 3373 3519 3427 nullo
3545 3372 3699 3426 altero
3723 3369 3825 3424 indi-

2296 3466 2542 3535 gebimus
2571 3467 2636 3521 ad
2671 3481 2769 3521 uos
2796 3477 2941 3522 recte
2978 3465 3242 3536 gerendos
3270 3466 3322 3520 itt
3354 3467 3563 3529 virtute,
3596 3465 3683 3518 sed
3704 3471 3825 3517 eruat

2298 3559 2451 3616 nobis
2476 3560 2656 3615 omnia
2689 3559 2863 3614 facilia
2892 3559 3095 3629 absque
3136 3557 3453 3624 sudoribus,
3485 3566 3536 3613 et
3568 3558 3717 3612 multo
3738 3564 3824 3608 Stu-

2297 3654 2386 3708 dio
2423 3663 2478 3709 et
2519 3654 2791 3725 diligentia
2841 3662 2987 3707 recte
3028 3667 3278 3721 geremus
3322 3652 3526 3706 omnia.
3572 3649 3668 3706 Sed
3706 3662 3821 3711 ecce.

2296 3745 2485 3814 inquit,
2527 3748 2823 3800 θιὶ.ιιιιιιιιηι
2855 3744 3126 3815 diligimus
3168 3757 3267 3798 nos
3300 3743 3532 3798 invicem
3568 3760 3580 3796 :
3621 3756 3725 3796 nam
3755 3737 3823 3793 ille

2295 3839 2512 3907 quidem
2558 3839 2720 3892 habet
2750 3839 2885 3893 duos
2929 3837 3011 3892 vel
3064 3845 3177 3892 tres
3202 3838 3427 3905 amicos,
3462 3836 3545 3890 hic
3586 3848 3700 3890 vero
3722 3845 3823 3903 qua-

2299 3937 2437 3982 tuor.
2475 3930 2580 3983 Sed
2630 3931 2731 3983 boc
2761 3946 2867 3983 non
2897 3938 2981 3984 est
3008 3929 3233 3997 diligere
3285 3939 3507 3999 propter
3558 3929 3725 3989 Deum,
3750 3920 3823 3977 sed

2294 4014 2437 4079 quod
2470 4014 2580 4082 ipse
2608 4015 2902 4070 redameris
2926 4034 2941 4069 :
2975 4027 3194 4088 propter
3218 4020 3391 4077 Deum
3417 4036 3591 4081 autem
3616 4027 3815 4095 ddigere,

2291 4115 2399 4155 non
2430 4101 2531 4158 hoc
2554 4104 2875 4176 principium
2899 4107 3061 4164 habet
3079 4112 3354 4177 caritatis;
3385 4116 3481 4170 sed
3506 4132 3593 4185 qut
3611 4126 3686 4172 est
3704 4116 3819 4186 ejus-

2289 4194 2453 4258 modi,
2484 4196 2749 4252 aflicietur
2794 4199 2847 4253 in
2891 4215 3079 4257 omnes
3122 4215 3394 4277 tamquam
3446 4209 3496 4263 in
3527 4209 3720 4275 fratres,
3746 4223 3818 4264 eos

2288 4282 2504 4351 quidem
2536 4285 2628 4354 qui
2677 4297 2803 4345 sunt.
2833 4290 3095 4360 ejusmodi
3152 4295 3273 4351 fidei
3318 4298 3548 4370 diligens
3591 4310 3818 4369 tamquam

2286 4388 2572 4443 germanos
2622 4378 2848 4446 fratres;
2897 4382 3183 4441 hmreticos
3225 4398 3429 4455 autem,
3470 4402 3524 4447 et
3547 4391 3741 4447 Gnaeos
3778 4398 3820 4443 et

2286 4467 2523 4535 Judtcos,
2549 4472 2638 4539 qui
2662 4475 2955 4529 secundum
2985 4486 3228 4534 naturam
3253 4482 3470 4549 quidem
3499 4493 3618 4538 sunt
3644 4482 3816 4543 fratres,

2286 4560 2413 4612 mali
2444 4571 2623 4616 autem
2654 4576 2781 4618 sunt
2809 4577 2861 4619 et
2891 4567 3131 4634 inutiles,
3157 4572 3442 4639 miserans,
3471 4586 3523 4630 et
3561 4590 3649 4645 pro
3674 4574 3740 4629 eis
3761 4582 3821 4626 ta-

2287 4650 2513 4707 bescens
2540 4666 2594 4709 et
2625 4656 2946 4728 lacrymans.
2983 4662 3038 4715 In
3074 4663 3175 4716 hoc
3204 4664 3408 4721 erimus
3438 4667 3544 4722 Deo
3570 4666 3767 4727 similes,
3785 4663 3819 4717 si

2283 4758 2474 4801 omnes
2502 4746 2789 4818 diligamus
2831 4752 2996 4807 etiam
3039 4754 3312 4824 inimicos,
3363 4774 3469 4813 nou
3515 4760 3560 4815 si
3598 4759 3732 4829 signa
3756 4753 3819 4808 fa-

2284 4838 2511 4896 ciamus.
2550 4841 2680 4897 Nam
2721 4844 2889 4899 Deum
2932 4847 3261 4905 admiramur
3286 4852 3501 4921 quidem
3545 4854 3691 4907 etiam
3721 4863 3817 4905 cum

2284 4928 2411 4985 facit
2438 4933 2697 4990 miracula
2726 4954 2742 5002 ;
2785 4939 2954 4993 multo
2981 4950 3161 4997 autem
3195 4946 3384 5015 magis,
3418 4945 3624 5016 quando
3648 4953 3721 5000 est
3743 4943 3817 4997 be-

2282 5024 2495 5093 nignus,
2527 5026 2768 5083 clemens
2794 5039 2849 5085 et
2898 5032 3125 5100 patiens.
3176 5035 3230 5089 SE
3281 5052 3411 5107 ergo
3456 5038 3612 5092 etiam
3657 5036 3703 5088 in
3730 5034 3815 5087 Deo

2285 5116 2413 5171 illttd
2437 5127 2519 5172 est
2548 5119 2699 5175 valde
2722 5121 3046 5189 mirandum,
3080 5128 3249 5181 multo
3278 5129 3447 5199 magis
3478 5130 3529 5183 in
3555 5125 3817 5183 hominibus

2278 5207 2380 5262 hoc
2404 5219 2487 5264 est
2530 5213 2893 5281 perspicuum,
2931 5216 3071 5285 quod
3102 5217 3202 5273 hoc
3247 5234 3344 5273 nos
3385 5221 3556 5276 reddit
3583 5219 3817 5274 admiran-

2275 5299 2392 5354 dos.
2438 5300 2550 5356 lloc
2579 5319 2708 5372 ergo
2750 5307 3086 5374 aemulemur,
3118 5318 3170 5364 et
3217 5311 3381 5365 Paulo
3422 5323 3475 5367 et
3505 5313 3652 5367 Petro
3682 5320 3729 5365 et
3765 5307 3814 5360 iis

2276 5391 2363 5459 qui
2395 5392 2811 5451 innmnerabiles
2834 5408 3075 5453 mortuos
3114 5401 3439 5468 excitarunt,
3464 5404 3625 5458 nihilo
3646 5401 3814 5457 erimus

2276 5481 2581 5550 inferiores,
2609 5488 2817 5543 etiamsi
2846 5489 3047 5546 febrem
3080 5509 3187 5548 non
3231 5497 3495 5563 possimus
3540 5495 3806 5565 expellere:

2272 5574 2475 5645 absque
2525 5577 2617 5632 illa
2650 5588 2849 5645 autem,
2882 5583 3095 5639 etiamsi
3146 5586 3350 5656 majora
3398 5587 3644 5642 faciamus
3688 5585 3808 5653 signa

2271 5683 2429 5739 quam
2460 5673 2713 5744 apostoli,
2747 5674 2956 5733 etiamsi
3008 5677 3155 5735 mille
3206 5681 3455 5751 periculis
3500 5697 3594 5739 nos
3620 5678 3806 5750 objicie-
