4060 6440
231 357 343 413 37"
1123 358 1190 419 IN
1228 355 1442 415 EPIST.
1488 355 1580 411 AD
1619 352 1981 411 llEBRrEOS.
2026 354 2178 409 CAP.
2204 354 2264 412 ll.
2292 353 2523 412 ΗΟΜΙΙ..
2552 353 2664 415 IV-
2792 410 2797 413 _
3437 354 3509 415 58
3537 398 3556 415 ι

182 472 185 473 ⁷
213 484 336 522 mus
379 481 478 538 pro
507 464 632 533 tide,
668 466 822 529 nobis
872 466 1007 521 nihil
1054 466 1293 536 prodest.
1326 466 1394 522 Et
1426 466 1539 525 hate
1565 483 1669 523 non
1700 485 1802 540 ego

210 559 355 622 dico,
406 557 502 612 sed
547 556 666 612 haec
709 558 823 627 ipse
870 558 972 612 scit
1009 557 1213 625 quiest
1248 558 1497 619 alumnus
1524 560 1799 617 caritatis:

214 651 294 705 illi
321 665 453 721 ergo
476 664 782 719 pareamus.
808 648 897 705 Sic
923 648 1070 703 enim
1099 649 1399 716 poterimus
1422 651 1635 719 assequi
1662 650 1799 707 bona

213 740 483 813 promissa
514 759 528 794 :
557 753 679 810 qua:
707 738 926 810 quidem
953 737 1114 794 detur
1139 738 1296 793 nobis
1322 738 1577 795 omnibus
1601 755 1797 811 conse-

1687 918 2179 1029 ἶιοῖιῇῖῖιῖἱ

214 1065 346 1119 Car.
378 1064 432 1118 ἓ.
467 1081 518 1119 v.
548 1063 603 1120 5.
637 1064 759 1118 Non
802 1064 935 1118 enim
967 1063 1165 1137 angelis
1209 1063 1420 1130 subiecit
1470 1061 1605 1117 Deus
1634 1062 1805 1117 orbem
1853 1052 1859 1058 ’

293 1168 445 1211 terra
470 1160 722 1227 futurum,
747 1156 810 1210 de
852 1172 951 1227 quo
979 1156 1252 1227 loquimur.
1273 1158 1329 1210 6.
1353 1154 1585 1208 Testatus
1612 1164 1682 1207 est
1708 1170 1801 1207 au-

292 1260 391 1302 tem
420 1251 472 1303 in
494 1249 713 1319 quodam
737 1250 849 1303 loco
868 1248 999 1319 quis,
1020 1248 1189 1302 dicens
1210 1262 1228 1301 :
1249 1246 1388 1314 Quid
1407 1256 1476 1300 est
1500 1246 1650 1300 homo
1669 1245 1804 1315 quod

289 1356 480 1393 meinor
516 1357 566 1395 es
607 1340 764 1410 ejus?
814 1349 901 1391 aut
947 1339 1085 1408 ﬁlius
1116 1338 1335 1392 hominis
1368 1338 1607 1407 quoniam
1632 1337 1806 1391 uisitas

286 1449 403 1485 eum
427 1432 453 1486 ?
494 1432 544 1484 7.
594 1429 830 1484 Minuisti
855 1448 967 1485 eum
996 1431 1150 1501 paulo
1194 1433 1362 1483 minus
1393 1429 1456 1483 ab
1487 1428 1703 1501 angelis.

266 1594 344 1664 ’1.
380 1609 582 1665 Vellem
610 1619 793 1680 aperte
835 1610 998 1676 scire,
1025 1624 1092 1664 au
1121 1608 1284 1679 aliqui
1310 1623 1432 1663 cum
1463 1623 1530 1665 eo
1573 1622 1680 1677 quo
1706 1623 1803 1678 par

212 1714 297 1760 est
339 1704 522 1759 studio
551 1703 768 1758 audiant
793 1718 918 1773 quae
958 1702 1229 1767 dicuntur,
1258 1717 1328 1757 ne
1367 1702 1518 1772 juxta
1552 1701 1687 1756 viam
1714 1700 1802 1772 ja-

211 1800 421 1851 ciamus
470 1797 676 1851 semina
724 1812 738 1850 :
791 1797 871 1850 sic
916 1795 1060 1851 enim
1112 1794 1424 1865 promptiori
1454 1803 1508 1849 ct
1553 1794 1800 1849 alacriori

215 1890 399 1945 animo
422 1889 759 1945 traderemus
780 1889 1098 1944 doctrinam.
1132 1889 1381 1944 Dicemus
1405 1892 1570 1955 enim,
1586 1888 1795 1944 etiamsi

216 1996 379 2037 nemo
406 1980 610 2045 audiat,
652 1992 876 2051 propter
918 1993 1141 2044 metum,
1174 1981 1264 2051 qui
1312 1981 1585 2050 impendet
1612 1996 1640 2034 a
1669 1979 1800 2036 Ser-

216 2087 425 2131 vatore.
471 2074 786 2130 Contestare
817 2075 981 2143 enim,
1017 2074 1209 2146 inquit,
1245 2074 1368 2130 huic
1400 2074 1593 2145 populo
1628 2093 1641 2129 :
1669 2084 1722 2129 et
1750 2075 1794 2129 si

219 2183 332 2221 non
380 2166 655 2231 audierint,
687 2166 803 2235 ipse
832 2182 938 2222 non
969 2167 1077 2222 eris
1104 2167 1277 2236 culpze
1302 2166 1497 2221 afﬁnis.
1531 2166 1589 2221 Si
1615 2176 1794 2221 autem

226 2258 359 2311 mihi
391 2267 529 2312 esset
552 2272 866 2325 persuasum
901 2257 967 2312 dc
997 2266 1176 2312 vestro
1214 2257 1392 2313 studio
1418 2265 1472 2311 ct
1497 2257 1792 2326 diligentia,

224 2367 331 2403 non
361 2352 528 2403 solum
562 2348 798 2405 dicerem
849 2359 1071 2420 propter
1116 2358 1339 2413 metum,
1361 2348 1457 2403 sed
1503 2347 1604 2403 hoc
1634 2348 1795 2404 etiam

218 2442 451 2498 facerent
497 2457 620 2496 cum
666 2442 957 2512 voIUptate.
1004 2440 1158 2496 Nunc
1184 2442 1348 2506 enim,
1377 2440 1588 2495 etiamsi
1637 2455 1796 2495 nemo

211 2538 430 2603 audiat,
462 2536 675 2591 etiamsi
724 2550 811 2591 res
856 2535 985 2591 mihi
1017 2534 1087 2591 sit
1127 2536 1329 2605 absque
1359 2534 1593 2605 periculo
1648 2548 1796 2590 meas

212 2639 394 2697 partes
425 2627 696 2696 implenti,
724 2628 817 2682 sed
849 2636 1027 2682 tamen
1074 2626 1277 2695 absque
1325 2626 1596 2697 voluptate
1648 2626 1797 2680 labor

207 2718 524 2787 Suscipitur.
556 2717 685 2772 Nam
715 2718 840 2788 quid
874 2718 1116 2787 prodest,
1148 2716 1361 2788 quando
1393 2717 1443 2771 in
1472 2732 1558 2771 me
1584 2717 1795 2788 quidem

211 2811 350 2863 nulla
394 2811 669 2865 confertur
702 2810 880 2879 culpa,
916 2824 1072 2864 nemo
1097 2820 1275 2864 autem
1309 2809 1569 2878 juvatur?
1608 2808 1661 2865 Si
1706 2810 1795 2879 qui

211 2913 397 2958 autem
443 2904 555 2957 sint
584 2904 820 2957 animum
852 2903 1168 2964 adhibituri,
1198 2918 1307 2957 non
1361 2912 1561 2958 tantam
1611 2905 1796 2975 capie-

208 3013 326 3050 mus
357 2996 643 3050 utilitatem
682 3012 746 3051 ex
783 3010 849 3051 eo
876 2995 1018 3066 quod
1049 3012 1153 3050 non
1196 2996 1499 3066 puniamur,
1538 3005 1795 3066 quantum

208 3106 271 3143 ex
304 3102 489 3144 vestro
516 3088 779 3159 profectu.
805 3087 1082 3157 Quomodo
1105 3103 1234 3159 ergo
1263 3088 1367 3145 hoc
1405 3090 1572 3144 sciam
1597 3090 1620 3143 ?
1660 3090 1794 3146 Cum

206 3183 568 3237 observavero
596 3199 660 3236 ex
695 3183 845 3238 vobis
874 3182 1081 3252 aliquos
1110 3182 1199 3252 qui
1231 3197 1337 3236 non
1382 3183 1619 3237 animum
1647 3183 1800 3239 aditi-

207 3276 388 3342 beant,
436 3287 564 3330 tunc
595 3289 835 3330 seorsum
866 3274 1192 3330 conveniens
1237 3289 1334 3330 eos
1380 3275 1621 3346 rogabo;
1666 3288 1719 3332 et
1751 3280 1794 3332 si

207 3370 465 3427 invenero
498 3369 793 3423 retinentes
817 3366 994 3438 aliqua
1013 3382 1076 3422 ex
1105 3367 1170 3422 iis
1191 3383 1311 3438 qua:
1341 3366 1485 3423 dicta
1513 3378 1656 3435 sunt,
1689 3386 1793 3424 non

208 3456 327 3514 dico
367 3459 584 3523 omnia;
634 3475 737 3513 non
770 3468 853 3514 est
878 3459 1019 3514 enim
1051 3458 1154 3515 hoc
1184 3460 1335 3515 vobis
1368 3459 1559 3527 facile;
1587 3461 1681 3517 sed
1713 3463 1793 3517 vel

208 3569 373 3623 pauca
416 3568 481 3609 ex
533 3554 733 3618 multis,
779 3562 862 3609 est
909 3553 1248 3625 perspicuum
1293 3552 1437 3626 quod
1475 3554 1544 3610 de
1582 3558 1793 3611 caeteris

204 3658 387 3715 postea
421 3662 527 3699 nou
554 3646 827 3703 dubitabo.
864 3642 928 3700 Et
954 3645 1237 3715 Oportebat
1263 3646 1479 3717 quidem
1518 3663 1638 3714 nos,
1662 3664 1782 3704 cum

203 3755 307 3793 non
340 3737 795 3809 praedixissemus,
830 3752 895 3793 ex
926 3737 1216 3807 improviso
1246 3754 1341 3793 vos
1370 3739 1589 3810 aggredi
1621 3758 1634 3794 :
1668 3757 1776 3797 ca:-

202 3842 375 3887 terum
423 3842 636 3902 gratum
686 3833 809 3897 erit,
861 3831 904 3884 si
962 3831 1044 3885 vel
1074 3831 1152 3886 sic
1211 3832 1479 3901 possimus
1529 3835 1785 3906 assequi;

204 3924 313 3978 imo
341 3938 472 3978 vero
523 3923 601 3977 sic
629 3938 844 3993 quoque
886 3937 1102 3993 possum
1135 3937 1229 3976 vos
1281 3922 1524 3980 incautos
1550 3926 1789 3997 aggredi.

200 4014 337 4069 Nam
389 4014 615 4086 praedixi
653 4014 866 4084 quidem
891 4014 1031 4085 quod
1077 4029 1173 4069 vos
1198 4014 1297 4070 sim
1332 4018 1786 4089 interrogaturus‘

201 4106 419 4177 quando
466 4117 645 4161 autem
697 4107 795 4159 sint
830 4106 1280 4177 interrogaturus,
1316 4107 1550 4163 nondum
1583 4112 1787 4179 aperio.

204 4198 364 4254 Forte
414 4200 556 4252 enim
609 4197 796 4260 hodie,
857 4198 991 4251 forte
1035 4212 1195 4262 cras,
1247 4197 1382 4251 forte
1434 4209 1610 4255 autem
1669 4214 1787 4270 post

209 4291 400 4363 viginti
434 4299 524 4346 aut
554 4290 767 4362 triginta
804 4290 941 4357 dies,
967 4289 1105 4346 forte
1139 4299 1317 4347 autem
1348 4301 1468 4362 post
1493 4292 1797 4363 pauciores,

207 4385 347 4440 forte
377 4392 558 4440 autem
593 4392 713 4456 post
742 4383 943 4454 plures.

282 4474 469 4529 Mortis
514 4484 706 4546 tempus
746 4492 837 4529 cur
870 4476 1012 4532 nobis
1054 4478 1300 4532 incertum
1320 4475 1406 4529 sit.
1427 4505 1497 4515 —
1522 4475 1611 4530 Sic
1637 4474 1798 4530 etiam

204 4565 351 4620 diem
379 4566 568 4620 mortis
593 4566 750 4622 nobis
779 4566 919 4623 Deus
948 4567 1075 4625 fecit
1103 4569 1365 4625 incertum
1389 4584 1402 4621 :
1434 4582 1613 4636 neque
1645 4565 1801 4620 nobis

207 4659 422 4729 aperuit
452 4675 520 4714 an
552 4658 732 4725 hodie,
777 4676 843 4714 an
871 4676 1085 4728 cras,an
1109 4671 1228 4732 post
1270 4670 1439 4716 totunt
1480 4675 1699 4722 annum,
1733 4674 1796 4712 at;

208 4759 333 4819 post
357 4751 551 4804 multos
588 4767 759 4807 annos
787 4753 857 4808 sit
881 4752 1182 4818 adfuturus,
1213 4762 1270 4808 nt
1296 4764 1513 4823 propter
1540 4752 1799 4807 incertam

205 4844 668 4911 exspectationem
694 4859 791 4898 nos
821 4846 871 4899 in
903 4847 1101 4901 virtute
1124 4856 1382 4916 perpetuo
1398 4844 1797 4900 contineamus:

203 4944 261 4988 et
280 4933 649 5006 dixitquidem
679 4938 819 5007 quod
849 4940 1016 4994 simus
1037 4940 1334 5005 ext-essuri;
1360 4939 1572 5010 quando
1597 4951 1801 5005 autem,

202 5027 454 5082 minimc.
495 5029 567 5082 Ita
602 5044 702 5096 ego
732 5047 945 5101 quoque
972 5031 1079 5086 dixi
1114 5046 1198 5087 me
1233 5039 1564 5102 rogaturum,
1588 5030 1802 5101 quando

201 5129 409 5181 autem,
432 5136 537 5173 non
559 5119 760 5186 addidi,
784 5122 971 5177 volens
988 5138 1081 5177 vos
1098 5136 1217 5177 esse
1234 5131 1488 5193 perpetuo
1510 5121 1796 5177 solicitos.

200 5211 314 5266 Nec
342 5210 485 5265 dicat
514 5212 802 5283 quispiam,
835 5217 976 5269 Ante
1007 5222 1258 5284 quatuor,
1289 5224 1382 5268 aut
1417 5213 1672 5284 quinque,
1703 5221 1794 5266 aut

209 5306 374 5360 etiam
405 5306 592 5375 plures
623 5305 992 5363 hebdomadas
1022 5310 1135 5363 hate
1155 5307 1354 5375 audivi,
1380 5323 1554 5378 neque
1586 5307 1800 5376 possunt

211 5402 486 5457 retinere:
518 5403 718 5458 etenim
756 5418 875 5459 eum
904 5404 994 5474 qui
1033 5402 1182 5458 audit
1215 5403 1340 5458 volo
1363 5391 1440 5457 sic
1470 5404 1721 5465 retinere,
1751 5410 1804 5457 ut

210 5509 319 5548 non
358 5496 770 5551 obliviscentem
814 5511 912 5551 nec
941 5495 1219 5552 evanidam
1250 5495 1442 5551 habeat
1470 5496 1802 5561 memoriam,

211 5601 312 5641 nec
358 5596 584 5658 respuat
609 5603 727 5661 qum
748 5588 1019 5643 dicuntur.
1049 5587 1184 5643 Volo
1207 5588 1349 5643 enim
1387 5601 1483 5642 vos
1529 5588 1765 5643 retinere
1787 5628 1802 5652 ,

208 5693 319 5731 non
350 5686 409 5732 ut
437 5678 569 5733 mihi
596 5678 805 5744 dicatis,
840 5679 936 5735 sed
960 5689 1019 5734 ut
1049 5695 1144 5735 vos
1170 5680 1486 5735 lucrctnini:
1521 5689 1576 5734 et
1600 5679 1700 5734 hoc
1723 5690 1807 5734 est

205 5772 353 5843 quod
378 5787 589 5843 magnae
618 5782 703 5828 est
739 5773 868 5828 mihi
898 5788 1063 5834 curm,
1091 5784 1143 5827 et
1168 5774 1236 5828 de
1265 5789 1373 5845 quo
1408 5773 1559 5830 valde
1578 5773 1802 5830 'laboro.

539 5870 809 5928 PATROL
842 5870 961 5929 Gtt.
1008 5867 1231 5930 LXIII.
1294 5868 1295 5871 “

1880 912 2071 923 -α-

1922 466 2034 537 qui,
2054 466 2225 537 gratia
2250 474 2305 520 et
2326 463 2656 535 benignitate
2683 434 2894 518 Domini
2931 460 3101 515 nostri
3129 460 3256 517 Jesu
3282 460 3504 528 Christi,
3542 532 3545 535 _

1921 574 2043 615 cum
2072 572 2180 627 quo
2210 557 2352 612 Patri
2383 556 2651 624 simulque
2674 560 2865 610 sancto
2904 552 3128 623 Spiritui
3176 550 3371 625 gloria,
3412 569 3509 626 po-

1925 662 2111 717 testas,
2144 650 2338 715 honor,
2372 664 2512 719 nunc
2537 658 2591 704 et
2615 663 2853 720 semper,
2878 655 2934 703 et
2973 648 3024 701 in
3054 647 3252 703 siccula
3280 650 3507 704 surculo—

1924 761 2064 799 rum.
2097 746 2290 799 Amen.

3091 924 3459 937 *ι’-

3463 925 3499 940 κ

1909 1064 2011 1119 Sed
2041 1066 2161 1134 quia
2192 1079 2252 1118 ea
2284 1078 2404 1134 qua:
2433 1064 2498 1120 ad
2533 1065 2836 1122 cautionem
2869 1068 3166 1123 necessaria
3213 1077 3368 1124 erant
3408 1068 3494 1123 di-

1911 1155 2104 1220 ximus,
2144 1154 2254 1224 jam
2304 1169 2417 1210 rem
2460 1156 2700 1226 incipere
2744 1167 2976 1227 oportet.
3026 1158 3162 1226 Quid
3189 1172 3318 1230 ergo
3340 1163 3495 1217 nobis

1910 1245 2069 1301 hodie
2100 1246 2428 1316 propositum
2471 1256 2554 1303 est
2579 1247 2760 1304 dicere
2785 1246 2949 1304 ?Non
2990 1251 3146 1319 enim,
3175 1251 3368 1321 inquit,
3397 1269 3496 1307 an-
3540 1248 3544 1271 ³

1909 1336 2034 1406 gelis
2059 1338 2271 1407 subjecit
2316 1339 2485 1393 orbem
2528 1337 2675 1395 terra:
2703 1340 2934 1410 futurum
2987 1342 3050 1397 de
3088 1358 3189 1415 quo
3218 1344 3493 1414 loquimur.
3536 1342 3546 1360 ‘

1907 1427 2173 1500 Numquid
2205 1430 2273 1485 de
2301 1432 2483 1503 aliquo
2513 1431 2620 1487 alio
2668 1435 2798 1489 orbe
2847 1443 3005 1490 terra
3052 1436 3322 1506 loquitur?
3354 1435 3495 1492 Fieri

1911 1526 2019 1576 nan
2052 1530 2251 1591 potest,
2284 1522 2379 1578 sed
2411 1523 2478 1579 de
2516 1523 2636 1580 hoc.
2669 1524 2956 1595 Propterea
2983 1522 3126 1582 enim
3161 1526 3386 1594 addidit,
3419 1527 3498 1583 De
3536 1524 3541 1531 ’

1907 1630 2006 1686 quo
2045 1615 2320 1685 loquimur,
2370 1631 2438 1671 ne
2484 1617 2625 1672 sinat
2668 1628 2902 1674 mentem
2955 1618 3293 1675 aberrantem
3328 1620 3494 1676 alium

1907 1720 2170 1779 querere.
2219 1708 2233 1738 ί
2264 1706 2545 1775 Quomodo
2572 1724 2701 1779 ergo
2726 1724 2850 1765 eum
2872 1709 3003 1767 dicit
3039 1710 3317 1768 futurum?
3342 1710 3497 1769 Sicut
3534 1710 3537 1715 ’

1906 1799 2071 1854 etiam
2110 1799 2243 1855 dicit
2270 1799 2421 1866 alibi,
2465 1800 2566 1869 Qui
2594 1811 2667 1857 est
2694 1803 2862 1873 ﬁgura
2889 1803 3050 1871 futuri
3084 1804 3260 1874 (Rom.
3290 1805 3345 1861 5.
3379 1806 3493 1877 Η),
3538 1818 3539 1821 ‘

1907 1890 1977 1946 de
2004 1889 2211 1946 Adamo
2239 1889 2428 1948 dicens
2447 1903 2502 1948 et
2526 1890 2741 1949 Christo
2761 1894 2813 1949 in
2843 1893 3083 1966 Epistola
3109 1895 3175 1951 ad
3200 1896 3493 1965 Romanos,
3532 1892 3537 1901 ’

1908 1981 2089 2039 habita
2146 1986 2358 2041 ratione
2412 1996 2732 2057 temporum,
2775 1987 2965 2044 Adami
3010 1988 3246 2046 futurum
3292 2003 3493 2048 vorans

1906 2077 2177 2135 Christum
2218 2082 2515 2137 secundum
2546 2098 2792 2138 carnem:
2827 2091 2944 2137 erat
2973 2084 3116 2139 enim
3150 2084 3387 2141 iuturus:
3419 2087 3489 2142 ita

1906 2180 2049 2226 nunc
2080 2188 2315 2242 quoque,
2362 2173 2611 2244 quoniam
2653 2174 2805 2241 dixit,
2839 2173 2904 2227 Et
2946 2191 3061 2229 cum
3102 2177 3283 2231 iterum
3327 2178 3491 2232 intro-

1903 2263 2041 2317 ducit
2089 2262 2489 2335 Primogcnitum
2518 2269 2571 2321 in
2615 2266 2783 2321 orbem
2830 2276 3015 2332 terrm;
3054 2283 3122 2323 ne
3151 2269 3491 2327 existimares

1902 2371 2025 2410 cum
2051 2354 2231 2413 dicere
2255 2357 2419 2413 alium
2452 2358 2637 2414 orbem
2671 2368 2851 2424 terrae,
2877 2374 2943 2414 ex
2968 2360 3151 2414 multis
3178 2359 3230 2416 id
3260 2361 3453 2431 prohat
3471 2406 3485 2429 ,

1901 2455 1957 2503 et
1986 2462 2053 2502 ex
2084 2462 2149 2503 eo
2174 2448 2318 2518 quod
2345 2448 2540 2504 dixerit
2566 2450 2739 2520 ipsum
2776 2448 3048 2507 futurum:
3094 2452 3303 2510 futurus
3342 2456 3487 2510 enim

1910 2538 2185 2593 eratorbis
2209 2550 2397 2606 teme;
2430 2540 2599 2596 Filius
2624 2550 2801 2597 autem
2834 2542 2925 2596 Dei
2955 2557 3171 2611 semper
3199 2542 3315 2599 fuit.
3342 2546 3493 2601 lluuc

1919 2637 2049 2695 ergo
2093 2626 2183 2696 qui
2238 2632 2355 2679 erat
2407 2623 2658 2692 futurus,
2707 2640 2813 2680 non
2863 2625 3096 2696 subjecit
3136 2631 3366 2703 angelis,
3417 2634 3511 2690 sed

1918 2712 2150 2775 Christo.
2177 2712 2332 2782 Quod
2358 2722 2535 2769 autem
2563 2715 2631 2769 ad
2653 2713 2846 2770 Filium
2873 2714 3078 2773 dictum
3110 2721 3201 2787 sit,
3233 2732 3315 2776 est
3344 2724 3504 2779 mani.

1919 2804 2113 2862 festum
2134 2824 2149 2861 :
2168 2823 2289 2862 nam
2309 2806 2624 2878 nequeillud
2643 2808 2905 2879 quispiam
2919 2808 3135 2881 dixerit,
3155 2814 3295 2884 quod
3311 2814 3510 2871 dictum

1918 2898 1987 2952 sit
2015 2898 2083 2952 ad
2125 2898 2366 2969 angelos.
2398 2899 2603 2955 Deinde
2631 2900 2791 2954 etiam
2833 2904 3068 2959 alterum
3099 2904 3319 2962 adducit
3364 2910 3496 2963 testi-

1918 2990 2178 3055 monium,
2207 2999 2262 3046 et
2287 2990 2451 3046 dicit:
2485 2989 2722 3046 Testatus
2749 3008 2823 3051 est
2855 3007 3027 3050 autem
3066 2997 3119 3051 in
3146 3000 3367 3068 quodam
3399 3000 3509 3057 loco

1916 3080 2046 3151 quis,
2074 3081 2262 3137 dicens.
2288 3081 2398 3138 Cur
2425 3098 2534 3139 non
2565 3082 2702 3142 dixit
2733 3102 2929 3143 nomen
2961 3089 3263 3159 prophetae,
3295 3092 3389 3147 sed
3415 3108 3507 3149 oc.

1915 3173 2170 3228 c‘ultavit?
2205 3174 2318 3231 Hoc
2353 3187 2531 3231 autem
2571 3174 2703 3235 facit
2748 3182 2911 3236 etiam
2938 3182 2989 3237 in
3017 3183 3136 3239 aliis
3166 3185 3507 3248 teStimoniis,

1917 3268 1973 3321 tit
1991 3267 2202 3338 quando
2228 3267 2393 3324 dicit:
2422 3270 2551 3325 Cum
2585 3284 2755 3327 autem
2785 3274 2967 3327 iterum
2994 3276 3272 3331 introducit
3304 3276 3505 3332 Primo-

1913 3361 2136 3429 gcnitum
2163 3360 2216 3413 in
2242 3359 2410 3414 orbem
2447 3374 2615 3431 terrae,
2647 3365 2789 3430 dicit,
2824 3365 2889 3419 Et
2925 3366 3142 3422 adorent
3178 3385 3293 3423 eum
3335 3384 3505 3426 omnes

1914 3450 2082 3521 angeli
2112 3449 2242 3517 Dei;
2271 3461 2326 3506 et
2374 3470 2583 3523 rursus,
2616 3454 2730 3527 Ego
2778 3473 2864 3512 ero
2893 3459 2939 3513 ei
2972 3458 3029 3515 in
3055 3457 3293 3516 Patrem.
3345 3461 3413 3516 Et
3439 3464 3505 3519 ad

1918 3542 2130 3612 angelos
2153 3542 2358 3614 quidem
2388 3547 2509 3599 dicit
2531 3562 2548 3600 :
2573 3546 2673 3618 Qui
2705 3548 2830 3619 facit
2864 3550 3071 3619 angelos
3100 3567 3220 3607 suos
3244 3554 3456 3622 spiritus
3485 3595 3501 3611 .

1911 3633 1979 3684 ml
2023 3630 2069 3685 F
2072 3631 2219 3687 ilium
2248 3652 2395 3701 vero,
2432 3635 2497 3691 Et
2535 3648 2587 3691 tu
2634 3639 2685 3692 in
2722 3641 3011 3710 principio,
3046 3640 3292 3710 Domine,
3319 3654 3504 3701 terram

1912 3725 2161 3794 fundasti.
2208 3728 2281 3783 Ita
2332 3729 2418 3785 hic
2446 3745 2690 3800 quoque;
2725 3730 2964 3787 Testatus
3005 3744 3076 3789 est
3104 3745 3270 3791 autem
3300 3738 3354 3792 in
3379 3756 3506 3808 quo-

1910 3817 2027 3869 dum
2058 3818 2172 3873 loco
2194 3820 2306 3889 quis
2334 3821 2526 3875 dicens.
2571 3821 2681 3876 lloc
2702 3824 2873 3892 ipsum
2915 3834 3094 3880 autem
3124 3827 3315 3896 opinor
3341 3831 3501 3886 etiam

1909 3924 2031 3965 esse
2071 3911 2414 3977 oceultautis,
2447 3922 2499 3967 et
2524 3913 2815 3969 ostendere
2844 3928 2939 3969 eos
2969 3930 3090 3971 esse
3119 3918 3275 3974 valde
3304 3920 3505 3989 peritos

1908 4002 2329 4071 Scripturarum,
2354 4004 2494 4074 quod
2519 4019 2624 4060 non
2648 4015 2808 4075 ponat
2835 4022 2955 4061 enm
2986 4009 3074 4078 qui
3101 4009 3233 4065 dixit
3261 4013 3496 4069 testimo-

1912 4094 2080 4159 nium,
2111 4093 2205 4148 sed
2237 4094 2556 4161 introducat,
2592 4105 2649 4149 ut
2679 4097 2820 4165 quod
2848 4097 3005 4168 vulgo
3021 4099 3424 4158 circutufcratur
3450 4115 3506 4159 et

1910 4185 1978 4236 sit
1999 4184 2360 4241 manifestum.
2388 4184 2529 4250 Quid
2553 4198 2624 4241 est
2647 4188 2797 4242 homo
2823 4190 2957 4259 quod
2968 4207 3161 4245 memor
3174 4209 3227 4247 es
3247 4194 3356 4265 ejus
3373 4195 3399 4248 ?
3417 4205 3505 4250 aut

1909 4274 2046 4343 [ilius
2079 4274 2297 4329 hominis
2325 4276 2459 4347 quod
2483 4278 2655 4332 visilas
2680 4279 2835 4332 eum?
2861 4281 2911 4334 7.
2944 4280 3174 4337 Minuisti
3205 4302 3319 4338 eum
3344 4290 3501 4356 paulo

1910 4371 2079 4423 minus
2112 4369 2173 4425 ab
2199 4371 2391 4442 angelis
2423 4387 2442 4425 :
2471 4371 2635 4443 gloria
2663 4382 2710 4425 et
2751 4372 2939 4427 honore
2982 4378 3234 4431 coronnsti
3291 4395 3425 4447 eum,
3456 4389 3506 4435 et

1907 4466 2209 4521 constituisti
2234 4484 2347 4521 eum
2375 4484 2529 4539 super
2554 4485 2708 4538 opera
2736 4486 2982 4524 manuunt
3003 4481 3203 4526 tuarum
3225 4488 3242 4527 :
3262 4472 3502 4530 8.0mnia

1904 4557 2160 4625 subieciin
2177 4558 2270 4613 sub
2288 4559 2498 4629 pedibus
2524 4561 2634 4631 ejus
2653 4559 2829 4631 (Psal.
2861 4559 2915 4617 8.
2947 4560 3092 4633 5-7).
3262 4563 3269 4569 '

1974 4649 2029 4705 2.
2084 4650 2208 4707 Haec
2253 4663 2429 4708 autem
2476 4653 2687 4709 etiamsi
2746 4653 2888 4710 dicta
2940 4654 3049 4710 sint
3101 4656 3170 4711 de
3229 4662 3502 4716 communi

1906 4744 2236 4799 humanitate
2257 4787 2271 4809 ,
2304 4747 2472 4819 magis
2504 4747 2719 4816 proprie
2753 4755 2931 4802 tamen
2959 4758 3314 4805 convenerint
3336 4750 3499 4807 Chri—

1904 4847 1989 4894 sto
2018 4838 2310 4894 secundum
2348 4853 2566 4895 carnem
2600 4857 2613 4893 :
2645 4839 2771 4894 illud
2800 4839 2945 4894 enim
2973 4880 2988 4905 ,
3022 4839 3209 4895 Omnia
3241 4842 3503 4914 subjecisti

1904 4931 1992 4986 sub
2022 4931 2229 5001 pedibus
2256 4946 2365 5002 ejus
2390 4972 2405 4996 ,
2449 4932 2617 5002 magis
2659 4940 2742 4991 est
2792 4931 2974 4997 illius,
3024 4948 3184 5000 qttatn
3229 4946 3496 4991 nostrum.

1907 5025 1998 5079 [ιιιί
2040 5025 2183 5081 enim
2232 5024 2398 5080 Filius
2446 5039 2576 5089 nos,
2634 5040 2753 5079 cum
2809 5026 2937 5080 nihil
2981 5040 3259 5095 essemus,
3311 5029 3499 5085 visita-

1904 5117 2018 5181 vit,
2078 5127 2131 5171 et
2181 5132 2300 5171 cum
2358 5115 2407 5170 id
2458 5115 2603 5186 quod
2652 5127 2892 5174 nostrum
2950 5129 3030 5174 est
3080 5121 3405 5191 suscepisset
3447 5135 3502 5181 ct

1902 5209 2005 5264 sibi
2033 5212 2257 5277 nuisset,
2293 5210 2461 5266 factus
2485 5221 2567 5266 est
2597 5211 2847 5267 onmibus
2874 5212 3143 5283 superior.
3184 5212 3245 5268 In
3274 5231 3329 5269 eo
3357 5217 3495 5274 cnim

1903 5302 2039 5371 quod
2066 5303 2237 5356 omnia
2265 5305 2311 5356 ei
2336 5302 2548 5374 subjecit
2572 5345 2587 5370 ,
2620 5302 2749 5357 nihil
2769 5304 2961 5358 dimisit
2989 5321 3089 5358 non
3114 5305 3399 5376 subjectum
3427 5312 3493 5369 ei,

1906 5391 2058 5447 Nunc
2083 5404 2254 5448 autem
2282 5394 2495 5448 necdum
2523 5395 2748 5450 uidemus
2774 5399 2945 5450 omnia
2985 5397 3211 5467 subjecta
3236 5398 3302 5451 ei.
3346 5400 3497 5466 Quod

1900 5494 2078 5540 autem
2108 5485 2237 5540 dicit
2276 5497 2358 5541 est
2390 5485 2718 5557 hujusmodi.
2746 5487 3010 5556 Quoniam
3035 5490 3271 5558 dixerat,
3304 5489 3483 5547 Donec

1898 5596 2083 5649 ponam
2127 5580 2356 5639 inimicos
2393 5590 2504 5636 tuos
2542 5581 2819 5637 scabellum
2852 5583 3035 5652 pedum
3068 5592 3268 5639 tuorum
3291 5625 3307 5650 ,
3340 5588 3481 5639 veri-

1897 5672 2076 5727 simile
2099 5684 2278 5729 autem
2315 5685 2431 5729 erat
2462 5688 2557 5729 cos
2595 5675 2770 5731 adhuc
2798 5678 2918 5748 angi
2965 5688 3018 5732 et
3061 5676 3276 5733 tristitia
3307 5676 3482 5738 amri;

1957 5784 1973 5816 ¹
2008 5782 2173 5835 Hicin
2197 5781 2479 5835 Colbertino
2504 5784 2672 5851 incipit
2696 5782 2892 5836 homilia
2914 5790 3103 5849 quarta.

3140 5869 3181 5957 ³
