4060 6440
585 327 657 389 59
1347 329 1407 389 S.
1448 327 1727 389 JOANNIS
1762 323 2237 387 CHRYSOSTOMI
2274 320 2591 379 ARCIIIEP.
2631 317 3166 379 CONSTANTINOP.
3740 330 3795 393 ω

595 420 797 479 deinde
823 420 1007 495 paucis
1025 422 1339 494 interiectis,
1368 424 1470 479 hoc
1490 424 1771 496 subiunxit
1791 428 2177 491 testimonium,

598 509 729 569 illud
769 512 1114 569 conﬁrmans.
1148 514 1281 569 Nam
1320 528 1388 570 ne
1430 514 1707 584 dicerent,
1749 516 2034 585 Quomodo
2077 518 2181 574 ini-

596 606 766 662 micos
796 607 969 677 posuit
997 606 1100 662 sub
1126 606 1352 678 pedibus
1398 608 1513 664 suis
1536 650 1552 675 ,
1597 625 1721 665 cum
1752 625 1851 667 nos
1876 619 1983 666 tam
2012 612 2179 667 multa

595 697 738 767 passi
765 696 974 752 simus?
1016 699 1147 753 satis
1172 698 1389 769 quidem
1429 708 1485 755 et
1524 701 1577 755 in
1625 702 2055 772 praecedentibus
2082 702 2185 759 hoc

592 786 767 857 ipsum
819 786 980 843 tacite
1024 789 1340 860 signiﬁcavit
1372 808 1383 844 :
1416 791 1546 846 illud
1591 791 1770 860 enim,
1805 791 1979 847 Donec
2006 834 2021 859 ,
2070 809 2176 849 non

591 877 733 947 quod
764 877 944 933 statim
974 880 1032 933 lit
1061 880 1429 951 signiﬁcabat,
1464 882 1558 938 sed
1585 883 1728 953 quod
1757 884 1813 939 ﬁt
1833 884 1886 939 in
1908 894 2179 956 tempore:

591 966 680 1023 hic
708 978 889 1024 autem
920 985 1036 1026 rem
1068 971 1284 1027 uberius
1312 973 1676 1045 persequitur.
1722 974 1800 1031 Ne
1839 976 2006 1043 enim,
2040 993 2177 1047 quo-

589 1061 759 1129 niam,
793 1061 1000 1134 inquit,
1043 1064 1279 1120 nondum
1321 1075 1446 1120 sunt
1483 1066 1748 1136 subjecti,
1776 1067 2053 1124 existimes
2084 1084 2184 1127 nec

591 1153 785 1224 subjici
820 1174 834 1210 :
868 1170 992 1210 nam
1036 1170 1197 1226 quam
1226 1155 1369 1226 quod
1407 1155 1597 1226 subjici
1640 1172 1856 1227 semper
1887 1165 2179 1229 oporteat,

591 1254 677 1301 est
703 1246 1045 1315 perspicuum
1083 1263 1095 1299 :
1130 1247 1329 1301 etenim
1359 1256 1639 1317 propterea
1662 1246 1806 1305 dicta
1834 1260 1917 1303 est
1944 1249 2181 1320 prophe-

592 1335 665 1391 tia
700 1353 713 1388 :
745 1335 813 1390 In
842 1353 899 1391 eo
921 1336 1051 1392 enim
1075 1378 1091 1404 ,
1126 1339 1332 1408 inquit,
1364 1338 1502 1408 quod
1529 1341 1702 1395 omnia
1726 1342 1771 1397 ei
1790 1341 2025 1413 subjecit,
2056 1343 2184 1399 nihil

592 1429 783 1484 dimisit
828 1445 929 1484 non
977 1429 1258 1500 subjectum
1301 1432 1367 1488 ei.
1420 1430 1703 1499 Quomodo
1750 1447 1880 1505 ergo
1911 1448 2022 1490 non
2053 1444 2182 1490 sunt

591 1520 771 1574 omnia
820 1520 869 1575 ei
918 1520 1201 1590 subjecta?
1234 1520 1500 1588 Quoniam
1549 1533 1675 1579 sunt
1720 1524 2078 1594 subjicienda.
2125 1525 2180 1582 Si

591 1626 723 1683 ergo
770 1612 951 1667 omnia
999 1612 1378 1683 subjicienda,
1432 1612 1662 1670 necdum
1707 1622 1886 1672 tamen
1934 1616 2178 1688 subjecta

591 1714 752 1770 sunt,
796 1718 865 1759 ne
892 1718 1033 1775 (egre
1063 1703 1207 1760 feras
1236 1718 1338 1761 nec
1370 1705 1624 1762 turberis.
1654 1704 1790 1761 Nam
1821 1706 1867 1762 si
1894 1721 2017 1763 cum
2057 1707 2179 1764 ﬁnis

590 1797 811 1868 quidem
839 1797 1181 1867 advenisset,
1227 1806 1284 1854 et
1312 1800 1494 1855 omnia
1522 1808 1706 1855 essent
1735 1799 1978 1874 subjecta
2006 1842 2021 1868 ,
2062 1801 2177 1859 haec

592 1884 878 1960 patereris,
902 1889 1095 1945 merito
1123 1889 1338 1946 doleres
1369 1907 1384 1945 :
1411 1904 1553 1947 nunc
1569 1900 1746 1947 autem
1773 1890 2009 1947 nondum
2030 1890 2183 1947 vide-

592 1970 713 2053 mus
733 1981 914 2037 omnia
938 1982 987 2038 ei
1008 1981 1270 2052 subjeCta,
1301 1981 1416 2037 Rex
1439 1982 1674 2037 nondum
1699 1997 1830 2052 pure
1850 1982 2182 2038 dominatum

592 2073 842 2129 obtinuit.
874 2072 1011 2142 Quid
1046 2088 1175 2144 ergo
1217 2073 1555 2128 conturbaris
1605 2073 1748 2130 male
1774 2073 2018 2143 patiens?
2047 2090 2185 2131 non-

593 2165 718 2219 dum
749 2178 939 2219 omnes
966 2164 1240 2234 superavit
1271 2161 1584 2235 praedicatio
1609 2181 1625 2231 ;
1668 2165 1903 2221 nondum
1929 2175 2015 2222 est
2044 2175 2184 2222 tem-

594 2274 695 2329 pus
724 2266 782 2312 ut
807 2255 1041 2327 perfecte
1063 2256 1435 2327 subjiciantur.
1468 2257 1672 2313 Deinde
1702 2272 1887 2313 rursus
1915 2258 2019 2313 alia
2047 2273 2183 2314 con-

593 2350 806 2415 solatio,
836 2349 1098 2420 siquidem
1150 2350 1193 2405 is
1230 2351 1320 2420 qui
1369 2360 1449 2406 est
1490 2365 1679 2405 omnes
1731 2350 2007 2407 habiturus
2058 2350 2185 2407 sub-

589 2443 764 2512 jcctns
790 2483 805 2509 ,
834 2440 950 2512 ipse
990 2455 1203 2513 quoque
1250 2449 1333 2496 est
1382 2452 1644 2509 mortuus,
1670 2453 1727 2496 et
1778 2440 2185 2499 innumerabilia

594 2550 898 2607 perpessus.
920 2537 974 2591 9.
1003 2533 1134 2589 Eum
1161 2544 1350 2603 autem,
1371 2536 1454 2604 qui
1482 2536 1678 2590 modico
1704 2552 1855 2605 quam
1884 2534 2050 2608 angeli
2079 2535 2185 2590 mi-

593 2640 801 2686 noratus
827 2639 920 2693 est,
966 2630 1189 2685 uidemus
1211 2628 1386 2684 Iesum
1426 2639 1631 2701 propter
1659 2630 1942 2701 passionem
1985 2629 2180 2685 mortis.

593 2722 798 2779 Deinde
829 2737 1016 2777 rursus
1060 2721 1337 2793 subjunxit
1376 2737 1496 2793 qua:
1535 2731 1661 2777 sunt
1688 2722 1873 2778 bona:
1908 2720 2083 2778 Gloria
2128 2732 2172 2779 et

595 2816 787 2867 honore
821 2822 1141 2868 coronatum.
1176 2812 1364 2867 Vidisti
1391 2813 1660 2884 quomodo
1683 2800 1732 2868 ei
1761 2814 1938 2869 omnia
1966 2812 2187 2884 adapta-

595 2905 774 2960 \'erit?
802 2920 925 2959 nam
956 2903 1085 2958 illud
1133 2903 1338 2959 Modico
1357 2944 1374 2972 ,
1407 2905 1479 2959 illi
1507 2904 1676 2977 magis
1706 2904 2009 2976 congruerit
2030 2944 2048 2973 ,
2090 2903 2187 2974 qui

605 3010 716 3056 tres
742 3001 860 3055 dies
889 2998 1033 3054 solos
1062 2997 1157 3051 fuit
1196 2993 1335 3065 apud
1365 2993 1564 3049 inferos
1590 3033 1605 3058 ,
1649 3007 1757 3047 non
1788 2991 1942 3046 nobis
1980 2993 2069 3060 qui
2096 2988 2188 3044 diu

602 3101 656 3147 et
702 3092 925 3147 multum
954 3087 1351 3157 corrumpimur
1380 3103 1394 3139 :
1435 3084 1685 3141 similiter
1719 3090 1772 3138 et
1811 3080 1941 3137 illud
1963 3121 1979 3146 ,
2009 3077 2189 3135 Gloria

600 3194 648 3240 et
678 3185 869 3238 honore
892 3224 908 3249 ,
941 3180 1017 3236 illi
1049 3180 1206 3250 longe
1249 3178 1422 3248 magis
1448 3218 1464 3244 ,
1497 3191 1656 3247 quam
1688 3174 1845 3229 nobis
1876 3170 2183 3229 conveniet.

599 3280 807 3334 Rursus
852 3289 1066 3332 crucem
1094 3274 1174 3329 eis
1204 3279 1420 3327 revocat
1462 3270 1514 3325 in
1556 3268 1870 3325 memoriam
1894 3306 1910 3332 ,
1959 3263 2069 3321 duo
2107 3261 2188 3319 fa-

597 3373 747 3426 ciens
778 3388 790 3425 :
826 3385 1022 3439 nempe
1042 3376 1106 3424 et
1137 3381 1321 3423 curam
1351 3366 1470 3435 ejus
1517 3363 1571 3418 in
1616 3376 1714 3418 nos
1745 3358 2040 3416 ostendens
2064 3397 2081 3423 ,
2126 3362 2189 3412 et

598 3464 831 3519 suadens
860 3471 919 3517 ut
943 3463 1121 3516 omnia
1152 3472 1413 3528 generoso
1438 3466 1492 3512 et
1518 3454 1643 3510 forti
1677 3454 1862 3508 animo
1892 3452 2089 3516 ferant,
2114 3449 2184 3506 ad

602 3555 916 3626 Magistrum
961 3551 1305 3622 aspicientes.
1348 3547 1481 3603 Nam
1509 3547 1554 3601 si
1587 3545 1631 3600 is
1659 3544 1748 3613 qui
1777 3542 2031 3598 adorator
2052 3580 2068 3605 ,
2099 3540 2186 3595 iu-

599 3649 754 3717 quit,
806 3646 875 3701 ab
901 3644 1103 3716 angelis
1129 3684 1144 3708 ,
1192 3641 1444 3697 sustinuit
1478 3638 1731 3710 quiddam
1763 3636 1941 3691 minus
1980 3633 2182 3690 habere

598 3756 758 3813 quam
786 3737 967 3811 angeli
991 3744 1211 3809 propter
1237 3744 1290 3790 te
1316 3751 1329 3789 :
1350 3733 1520 3789 multo
1543 3728 1714 3801 magis
1742 3739 1798 3784 tu
1815 3726 1905 3799 qui
1926 3741 1986 3783 es
2010 3724 2186 3780 minor

596 3834 802 3905 angelis
825 3873 841 3899 ,
880 3830 1047 3887 debes
1072 3826 1251 3884 omnia
1286 3825 1427 3881 ferre
1471 3831 1692 3893 pr0pter
1733 3820 1929 3890 ipsum.
1978 3815 2185 3872 Deinde

597 3924 835 3980 ostendit
861 3920 1003 3994 quod
1033 3935 1166 3975 crux
1194 3918 1264 3973 sit
1293 3916 1467 3972 honor
1494 3923 1548 3971 et
1585 3913 1755 3983 gloria
1787 3929 1800 3967 :
1830 3909 2101 3982 quomodo
2129 3918 2185 3964 et

597 4019 712 4088 ipse
734 4032 854 4071 eam
882 4028 1097 4083 semper
1122 4018 1317 4077 vocat,
1346 4009 1531 4063 dicens
1558 4024 1571 4063 :
1609 4004 1757 4061 Venit
1786 4006 1913 4059 hora
1943 4012 1995 4056 ut
2018 4001 2181 4074 glori-

595 4110 773 4178 ficatur
804 4105 974 4161 Filius
1000 4103 1220 4159 hominis
1243 4100 1428 4168 (Joan.
1459 4101 1545 4155 11.
1569 4099 1646 4169 4).
1673 4098 1728 4154 Si
1761 4112 1889 4169 ergo
1916 4096 2006 4153 ille
2027 4104 2185 4151 vocat

592 4200 816 4273 gloriam
846 4213 906 4253 ea
953 4212 1073 4268 qua:
1116 4207 1308 4267 passus
1350 4201 1434 4248 est
1482 4200 1702 4262 propter
1745 4204 1978 4245 servos:
2010 4187 2182 4243 multo

592 4293 761 4363 magis
788 4300 842 4344 tu
872 4305 933 4346 ea
962 4304 1080 4359 qua:
1107 4287 1305 4358 pateris
1336 4293 1554 4357 propter
1581 4283 1890 4338 Dominmn.

614 4432 617 4437 η
661 4383 835 4437 Crucis
864 4386 1078 4451 fructus.
1126 4408 1199 4419 ——
1238 4376 1396 4433 Vides
1435 4384 1670 4447 quantus
1701 4374 1769 4430 sit
1800 4374 2005 4428 fructus
2052 4386 2177 4427 cru-

586 4477 701 4531 cis?
732 4476 863 4529 ltem
890 4490 995 4528 non
1025 4470 1249 4527 formida
1277 4488 1290 4527 :
1322 4470 1415 4524 tibi
1444 4468 1661 4539 quidem
1693 4467 1903 4522 videtur
1934 4481 2024 4523 res
2054 4480 2178 4522 esse

586 4569 753 4625 tristis
779 4611 793 4636 ,
830 4567 970 4639 parit
1012 4575 1192 4622 autem
1224 4564 1362 4620 bona
1392 4562 1822 4619 innumerabilia.
1853 4563 1927 4617 Ex
1983 4561 2067 4616 his
2089 4576 2178 4617 os-

585 4666 756 4720 tendit
786 4663 1068 4718 utilitatem
1104 4658 1432 4716 tentationis.
1468 4656 1671 4713 Deinde
1694 4656 1871 4719 dicit:
1907 4654 1978 4711 Ut
2008 4655 2176 4727 gratia

584 4756 680 4812 Dei
729 4773 822 4825 pro
873 4754 1103 4810 omnibus
1150 4760 1378 4825 gustaret
1432 4759 1662 4805 mortem.
1716 4747 1785 4804 Ut
1827 4748 1995 4819 gratia
2038 4745 2170 4814 Dei,

582 4849 772 4919 inquit.
821 4847 886 4901 Et
916 4846 1005 4902 ille
1028 4845 1245 4916 quidem
1279 4844 1393 4898 hare
1421 4856 1607 4912 passus
1633 4849 1715 4897 est
1748 4849 1972 4911 propter
1999 4838 2091 4894 Dei
2120 4840 2173 4893 in

582 4953 683 4992 nos
711 4936 979 5007 gratiam:
1014 4934 1116 5002 Qui
1141 4932 1431 5007 proprioF
1434 4933 1546 4999 ilio,
1580 4930 1773 5003 inquit,
1794 4947 1896 4985 non
1927 4930 2170 5000 pepercit,

577 5028 665 5081 sed
694 5005 791 5097 pro
819 5026 961 5081 nobis
990 5028 1223 5081 omnibus
1252 5005 1462 5080 tradidit
1502 5027 1673 5097 ipsum
1698 5028 1717 5096 (
1748 5024 1899 5081 Rom.
1929 5025 1983 5081 8.
2027 5022 2095 5080 δε
2117 5024 2163 5091 ).

573 5124 816 5185 Quanam
850 5118 917 5173 de
945 5134 1108 5173 causa
1130 5119 1154 5171 'l
1179 5118 1296 5172 Non
1328 5124 1427 5172 hoc
1457 5120 1611 5173 nobis
1637 5119 1886 5184 debebat,
1914 5118 2008 5175 sed
2042 5118 2168 5174 iecit

571 5211 765 5278 gratia.
795 5209 862 5264 Et
880 5225 1065 5265 rursus
1094 5210 1145 5264 in
1168 5210 1405 5280 Epistula
1424 5210 1487 5264 ad
1512 5210 1781 5268 Romanos
1803 5212 1933 5268 dicit
1957 5232 1968 5266 :
1999 5208 2165 5267 Multo

572 5302 737 5371 magis
778 5302 945 5371 gratia
979 5301 1109 5368 Dei,
1158 5312 1205 5357 et
1248 5302 1437 5356 donum
1475 5303 1527 5356 in
1557 5305 1722 5374 gratia
1760 5306 1907 5359 unius
1947 5304 2166 5359 hominis

573 5390 698 5444 Jesu
747 5392 932 5446 Christi
979 5394 1033 5447 in
1082 5392 1253 5463 plures
1300 5393 1571 5447 abundavit
1611 5393 1787 5458 (Rom.
1911 5397 2041 5458 15).
2098 5393 2166 5451 Ut

574 5482 746 5553 gratia
787 5481 883 5537 Dei
931 5500 1025 5552 pro
1068 5486 1300 5539 omnibus
1329 5495 1553 5556 gustaret
1603 5496 1810 5540 mortem
1862 5504 1879 5541 :
1926 5503 2030 5543 non
2070 5502 2166 5558 pro

575 5578 827 5635 ﬁdelibus
854 5582 1053 5648 solum,
1092 5582 1189 5637 sed
1217 5597 1315 5652 pro
1344 5581 1595 5637 universo
1627 5581 1758 5636 orbe
1805 5590 1997 5647 terra};
2041 5596 2162 5636 nam

576 5671 694 5742 ipse
740 5672 953 5743 quidem
988 5682 1231 5729 mortuus
1278 5679 1362 5728 est
1410 5687 1505 5743 pro
1535 5672 1807 5728 omnibus.
1857 5671 1995 5742 Quid
2047 5681 2158 5728 tum

573 5772 751 5821 autem
774 5805 790 5833 ,
821 5766 867 5823 si
895 5781 1003 5826 non
1033 5780 1223 5825 omnes
1246 5764 1636 5824 crediderunt?
1669 5765 1789 5839 lpse
1826 5764 1979 5838 quod
2008 5780 2165 5822 suum

2276 440 2393 487 erat
2436 428 2698 500 implevit.
2744 425 2815 481 Et
2855 423 3075 496 proprie
3122 419 3303 487 dixit,
3356 417 3458 475 Pro
3484 420 3690 482 omnibus
3720 443 3790 495 ς...

2276 531 2432 578 staret
2459 529 2692 575 mortem.
2715 516 2833 573 Non
2856 515 3013 580 dixit,
3045 513 3344 568 Moreretur
3375 526 3390 564 :
3418 525 3536 566 nam
3564 521 3615 567 ut
3635 516 3711 584 qui
3733 531 3790 571 re-

2277 628 2403 670 vera
2428 622 2658 668 mortem
2680 614 2969 680 gustasset,
2996 618 3121 659 cum
3146 604 3198 658 in
3223 617 3286 658 ea
3311 599 3447 657 adeo
3477 617 3629 672 parvo
3651 603 3805 661 luisset

2281 704 2566 763 intervallo
2596 744 2611 769 ,
2643 700 2827 758 statim
2854 697 3113 755 surrexit.
3151 696 3327 766 Atque
3361 692 3578 749 dicendo
3603 695 3802 765 quidem,

2280 799 2385 856 Per
2413 799 2704 868 passionem
2728 791 2906 848 mortis
2930 831 2947 859 ,
2993 802 3175 844 veram
3222 784 3535 856 signiﬁcavit
3575 794 3804 845 mortem:

2279 888 2507 947 dicendo
2536 897 2736 953 autem,
2758 882 2943 938 Melior
2967 879 3184 952 angelis,
3228 874 3460 932 ostendit
3504 879 3807 933 resurrectio-

2281 998 2424 1038 nem.
2453 980 2605 1036 Sicut
2622 978 2768 1033 enim
2788 973 3053 1039 medicus,
3071 985 3194 1026 eum
3225 984 3330 1023 non
3356 966 3424 1022 sit
3452 980 3656 1023 necesse
3674 977 3721 1023 ut
3734 983 3810 1039 gu-

2281 1084 2389 1132 stet
2404 1074 2552 1130 cibos
2573 1079 2777 1143 aegroto
2801 1076 3015 1139 paratos
3036 1107 3051 1131 ,
3076 1072 3297 1135 propter
3312 1075 3492 1116 curam
3522 1059 3658 1115 illius
3681 1076 3808 1132 quam

2282 1148 2438 1243 gerit,
2462 1169 2576 1240 ipse
2601 1166 2746 1237 prior
2765 1169 2966 1235 gustat,
2985 1168 3044 1215 ut
3068 1156 3388 1230 persuadeat
3403 1163 3592 1225 aegroto
3611 1163 3662 1209 ut
3678 1156 3812 1211 conli-

2282 1264 2473 1319 denter
2501 1257 2695 1315 audea‘t
2718 1255 2898 1311 cibum
2927 1265 3143 1308 sumere
3175 1267 3189 1305 :
3213 1249 3283 1303 ita
3306 1246 3545 1302 Christus
3567 1285 3582 1310 ,
3603 1245 3810 1315 quoniam

2282 1370 2472 1411 omnes
2501 1351 2744 1408 homines
2769 1354 2996 1403 mortem
3025 1341 3405 1407 extimuersnt,
3439 1338 3515 1393 eis
3536 1335 3813 1406 persuadens

2284 1456 2342 1502 ut
2369 1448 2419 1501 in
2447 1459 2563 1500 eam
2602 1448 2784 1497 essent
2819 1436 3070 1501 audaces,
3107 1434 3221 1503 ipse
3244 1444 3455 1502 quoque
3471 1443 3583 1483 eam
3605 1427 3811 1496 gustavit,

2283 1557 2404 1596 cum
2450 1553 2553 1593 non
2599 1545 2741 1591 esset
2774 1534 2822 1589 ei
2853 1544 3097 1588 necesse.
3126 1525 3273 1583 Venit
3302 1525 3444 1579 enim
3465 1565 3479 1589 ,
3508 1522 3680 1593 inquit,
3703 1522 3816 1589 prin-

2285 1634 2401 1688 tazps
2425 1620 2604 1674 mundi
2630 1619 2802 1687 huius,
2833 1628 2879 1673 et
2899 1620 2951 1691 in
2976 1635 3055 1671 me
3076 1619 3204 1672 nihil
3224 1618 3406 1673 invenit
3426 1617 3594 1687 (Joan.
3617 1618 3695 1673 ii.
3718 1620 3811 1688 30).

2287 1712 2373 1768 Sic
2404 1720 2459 1767 et
2486 1711 2629 1782 quod
2658 1708 2823 1777 dicit,
2860 1709 3038 1764 Gratia
3063 1750 3079 1776 ,
3122 1718 3175 1765 et
3205 1709 3334 1764 illud
3360 1750 3377 1775 ,
3415 1707 3481 1765 Ut
3506 1725 3594 1780 pro
3629 1710 3817 1764 omnibus

2287 1812 2498 1857 mortem
2542 1810 2803 1873 gustaret,
2849 1801 2952 1857 hoc
2994 1802 3291 1857 constituit.
3336 1801 3423 1856 10.
3472 1799 3675 1856 Docebat
3713 1805 3817 1856 enim

2286 1910 2400 1948 eum
2432 1902 2636 1964 propter
2671 1908 2817 1963 quem
2860 1892 3073 1960 omnia.,
3120 1903 3165 1946 et
3195 1908 3285 1963 per
3327 1908 3474 1965 quem
3515 1892 3672 1946 omnia
3696 1934 3711 1958 ,
3751 1896 3817 1961 qui

2288 1986 2472 2039 multos
2512 1985 2649 2055 ﬁlios
2685 1985 2738 2039 in
2771 1986 2989 2056 gratiam
3016 1985 3343 2054 adduxerat,
3390 1994 3637 2039 auctorem
3675 1984 3818 2040 salutis

2288 2092 2459 2129 eorum
2490 2092 2578 2145 per
2602 2076 2888 2146 passionem
2928 2092 3295 2130 consummare.

2359 2166 2413 2220 3.
2457 2165 2532 2221 De
2561 2166 2718 2221 Patre
2749 2166 2835 2220 hic
2861 2165 3011 2221 dicit.
3066 2166 3230 2223 Vides
3282 2168 3552 2238 quomodo
3590 2187 3752 2229 rursus
3782 2175 3819 2229 ei

2285 2254 2502 2326 adaptat
2534 2256 2686 2323 illud,
2715 2255 2816 2310 Per
2837 2273 2982 2325 quem
3006 2257 3032 2311 ?
3049 2257 3160 2313 Hoc
3184 2274 3289 2314 non
3315 2258 3552 2327 iecisset,
3576 2263 3619 2319 si
3643 2265 3690 2319 id
3711 2281 3822 2321 esset

2287 2348 2676 2415 diminutionis,
2704 2359 2759 2404 et
2786 2347 2920 2402 Filio
2949 2349 3125 2405 solum
3150 2352 3483 2407 conveniret.
3513 2354 3657 2423 Quod
3681 2370 3821 2411 autem

2287 2440 2417 2497 dicit
2446 2452 2527 2496 est
2554 2440 2817 2512 ejusmodi
2848 2460 2861 2495 :
2897 2441 3084 2509 Fecit,
3129 2443 3337 2514 inquit,
3382 2461 3503 2516 quae
3529 2447 3673 2518 digna
3702 2460 3823 2504 erant

2286 2549 2381 2588 sua
2426 2534 2751 2605 benignitate
2776 2576 2791 2601 ,
2834 2534 2975 2605 quod
3016 2536 3264 2589 mnnibus
3294 2537 3635 2594 illustriorem
3679 2539 3825 2596 fecerit

2286 2626 2729 2697 Primogenitum,
2772 2635 2826 2680 et
2858 2638 2911 2680 ut
2941 2638 3209 2696 tamquam
3238 2627 3392 2685 fortis
3419 2631 3617 2686 athleta
3644 2641 3691 2686 et
3711 2632 3818 2686 alios

2287 2734 2617 2789 exsuperans
2642 2760 2657 2786 ,
2705 2718 2826 2774 aliis
2853 2728 2997 2775 eSset
3039 2721 3336 2791 exemplar.
3380 2722 3645 2777 Auctorem
3681 2724 3825 2779 salutis

2286 2800 2461 2865 eorum
2491 2810 2567 2879 (a)
2596 2826 2609 2863 :
2648 2810 2750 2865 hoc
2774 2820 2855 2865 est
2878 2851 2893 2876 ,
2941 2824 3156 2865 causam
3184 2812 3393 2869 salutis.
3434 2814 3592 2869 Vides
3615 2825 3823 2885 quantum

2287 2902 2528 2957 intersit?
2558 2912 2613 2957 et
2639 2900 2725 2956 hic
2747 2911 2828 2957 est
2849 2900 3037 2967 Filius,
3068 2912 3121 2957 et
3142 2919 3240 2959 nos
3264 2904 3379 2970 ﬁlii;
3403 2905 3500 2960 sed
3526 2906 3631 2977 ipse
3652 2905 3823 2977 quidem

2285 3002 2495 3061 servat,
2526 3007 2625 3047 nos
2651 3006 2952 3047 servamur.
2989 2992 3181 3049 Vidisti
3210 2995 3486 3065 quomodo
3516 3012 3610 3052 nos
3635 2996 3823 3067 conjun-

2283 3094 2373 3155 gat
2395 3092 2449 3139 et
2473 3084 2741 3151 conciliet,
2771 3092 2827 3139 et
2853 3084 3146 3155 distinguat
3172 3101 3235 3141 ac
3262 3089 3516 3157 separet?
3540 3088 3635 3154 Qui
3658 3091 3825 3153 multos,

2286 3175 2476 3247 inquit,
2528 3177 2665 3246 ﬁlios
2714 3176 2768 3229 in
2798 3175 3014 3248 gloriam
3041 3177 3348 3234 adduxerat.
3395 3179 3500 3236 Hic
3525 3180 3823 3236 conciliavit:

2289 3270 2556 3323 Auctorem
2602 3270 2785 3324 salutis
2833 3286 3006 3325 eorum
3039 3287 3057 3325 :
3085 3278 3140 3326 et
3180 3286 3368 3327 rursus
3397 3271 3640 3328 distinxit
3666 3282 3715 3328 et
3738 3272 3826 3327 dis-

2278 3360 2474 3430 jnnxit.
2497 3359 2602 3415 Per
2623 3361 2881 3431 passiones
2900 3378 3268 3418 consummare.
3288 3362 3577 3421 Passiones
3599 3380 3714 3436 ergo
3735 3371 3828 3418 sunt

2287 3451 2546 3523 perfectio
2593 3460 2648 3508 et
2685 3467 2845 3508 causa
2893 3450 3101 3509 salutis.
3147 3453 3337 3511 Viden’
3374 3456 3523 3526 quod
3568 3456 3697 3512 male
3733 3468 3829 3511 esse

2294 3561 2530 3618 passutn,
2562 3561 2669 3601 non
2697 3546 2765 3602 sit
2796 3562 2982 3602 eorum
3015 3547 3104 3618 qui
3128 3547 3572 3605 suntderelicti?

2368 3638 2661 3695 Incarnatio
2701 3649 2748 3694 et
2777 3638 2958 3695 Passio
2988 3639 3183 3696 Christi
3226 3643 3395 3710 major
3442 3636 3827 3697 creatione.-Si

2282 3746 2410 3802 ergo
2428 3731 2569 3785 Deus
2598 3731 2768 3802 primo
2787 3731 2978 3786 Filium
2996 3730 3299 3799 honoravit,
3319 3733 3468 3805 quod
3490 3749 3582 3805 per
3599 3733 3831 3805 passiones

2282 3822 2588 3890 deduxerit;
2612 3838 2829 3879 carnem
2853 3825 3177 3895 suscepisse,
3201 3840 3371 3896 eaque
3387 3836 3633 3897 suscepta
3655 3836 3830 3895 passum

2283 3931 2424 3984 esse,
2450 3916 2607 3988 longe
2632 3924 2718 3973 est
2742 3916 2914 3987 majus
2927 3932 3112 3972 revera
3131 3932 3288 3988 quam
3316 3918 3576 3973 mundum
3604 3915 3769 3970 fecisse
3790 3919 3832 3966 et

2282 4023 2351 4064 ex
2390 4009 2556 4064 nihilo
2597 4008 2935 4079 produxisse.
2969 4008 3042 4064 Et
3087 4008 3195 4065 hoc
3240 4009 3459 4079 quidem
3508 4005 3830 4079 benignitatis.

2283 4101 2419 4157 illud
2459 4117 2589 4156 vero
2636 4101 2795 4173 longe
2840 4101 3088 4172 amplius.
3140 4101 3207 4156 Et
3250 4101 3352 4156 hoc
3381 4102 3557 4172 ipsum
3590 4101 3696 4171 ipse
3723 4113 3831 4169 qun-

2283 4208 2388 4262 que
2416 4191 2708 4246 OStendens
2732 4232 2745 4254 ,
2775 4192 2902 4246 dicit
2934 4208 2948 4246 :
2984 4191 3051 4246 Ut
3077 4193 3359 4247 ostenderet
3386 4192 3441 4246 in
3470 4192 3665 4248 seaculis
3687 4203 3831 4259 super—

2288 4286 2597 4340 uenientibus
2620 4286 2935 4339 abundantes
2963 4286 3162 4339 divitias
3183 4286 3362 4356 gratia:
3387 4302 3516 4351 sure,
3540 4297 3586 4339 et
3610 4296 3833 4338 conmut-

2276 4368 2445 4422 citarit
2469 4380 2517 4423 et
2540 4373 2808 4428 consedere
2826 4390 2941 4428 cum
2968 4391 3025 4430 eo
3047 4375 3165 4446 fecit
3190 4377 3244 4431 in
3268 4378 3553 4435 celestibus
3578 4381 3629 4435 in
3664 4378 3829 4436 Christo

2275 4455 2420 4513 Iesu.
2444 4460 2675 4518 'Decebat
2715 4466 2849 4520 enim
2879 4483 3023 4534 eum,
3062 4479 3269 4539 prepter
3301 4489 3450 4543 quem
3481 4476 3669 4542 omnia,
3699 4483 3739 4528 et
3758 4484 3830 4535 ρετ

2277 4568 2422 4622 quem
2449 4554 2656 4623 omnia,
2682 4557 2770 4627 qui
2810 4558 2998 4615 mullos
3028 4561 3165 4630 ﬁlias
3204 4564 3257 4617 in
3299 4566 3520 4635 gratiam
3548 4567 3824 4626 adduxerat,

2278 4652 2535 4698 auctorem
2583 4647 2765 4703 salutis
2813 4664 2986 4704 eorum
3038 4669 3128 4722 per
3179 4654 3469 4723 passionem
3516 4670 3833 4713 consummare

2279 4734 2494 4806 (Ep/tes.
2526 4736 2583 4791 2.
2626 4739 2680 4794 7.
2726 4739 2804 4811 6).
2835 4740 3129 4813 Oportebat
3158 4748 3298 4803 enim
3320 4791 3336 4818 ,
3372 4749 3583 4822 inquit,
3619 4768 3730 4808 eum
3757 4750 3827 4819 qui

2281 4841 2464 4883 curam
2510 4830 2680 4900 gerit,
2713 4842 2767 4888 et
2801 4835 2981 4890 omnia
3020 4845 3078 4891 ut
3119 4850 3301 4897 essent
3337 4845 3621 4913 produxit,
3655 4844 3833 4900 tradere

2282 4917 2476 4975 Filium
2505 4938 2602 4991 pro
2629 4924 2801 4980 salute
2828 4926 3180 4998 reliquorum,
3213 4949 3373 4988 unum
3402 4951 3500 5006 pro
3529 4939 3720 4992 multis.
3748 4934 3833 4991 Sed

2280 5028 2385 5068 non
2415 5014 2492 5069 sic
2519 5014 2672 5079 dixit,
2701 5018 2819 5086 sed,
2854 5019 2957 5075 Per
2983 5024 3244 5094 passiones
3270 5044 3655 5093 consummare;
3682 5040 3836 5084 osten-

2278 5105 2357 5160 dit
2404 5107 2543 5175 quod
2586 5110 2676 5180 qui
2711 5126 2806 5181 pro
2852 5115 3032 5187 aliquo
3062 5126 3147 5172 est
3199 5135 3407 5189 passus,
3442 5138 3551 5178 non
3589 5123 3752 5179 solum
3774 5121 3837 5175 illi

2280 5199 2517 5268 prodest,
2546 5203 2639 5257 sed
2671 5205 2831 5260 etiam
2878 5206 2992 5277 ipse
3035 5209 3094 5264 ﬁt
3134 5213 3444 5281 prmclarior
3470 5226 3527 5271 et
3558 5216 3834 5288 perfectior.

2279 5292 2392 5348 Hoc
2408 5303 2584 5349 autem
2607 5296 2735 5352 dicit
2776 5298 3040 5368 ﬁdelibus,
3063 5304 3142 5358 eis
3158 5305 3394 5360 animum
3407 5308 3632 5375 addens,
3655 5319 3706 5363 et
3730 5306 3836 5362 red-

2279 5381 2411 5439 dens
2422 5385 2751 5443 audaciores.
2769 5389 2977 5446 Etenim
2996 5391 3239 5451 Christus
3260 5403 3384 5452 tunc
3406 5398 3501 5454 iuit
3518 5402 3835 5472 gloriﬁcatus.

2279 5477 2491 5546 quando
2509 5489 2587 5534 est
2606 5494 2815 5550 passus.
2840 5482 3062 5550 Quando
3082 5500 3258 5542 autem
3285 5488 3426 5556 dico,
3452 5490 3578 5546 Fuit
3601 5491 3835 5562 glorifica-

2284 5577 2384 5633 tus,
2406 5585 2473 5625 ne
2492 5572 2765 5628 existimes
2781 5574 2847 5630 ab
2862 5590 2927 5632 eo
2942 5587 3265 5647 assumptam
3289 5596 3408 5636 esse
3424 5582 3683 5650 gloriam:
3711 5583 3831 5635 illam

2282 5664 2425 5718 enim
2452 5673 2653 5720 natura:
2674 5667 2897 5736 gloriam
2939 5685 3155 5741 semper
3187 5670 3372 5729 habuit
3395 5673 3528 5729 nihil
3565 5684 3833 5743 assumpto.

2362 5771 2435 5842 fa)
2460 5779 2549 5832 Hic
2570 5780 2729 5833 hiatus
2752 5795 2956 5846 magnus
2980 5787 3125 5837 estin
3149 5768 3427 5843 Colbcrtino
3448 5789 3646 5845 Codice.
