4064 6592
540 414 605 471 Η
1188 405 1246 462 S.
1286 406 1579 463 JOANNIS
1615 403 2103 495 (ΣΙΙΙΠΞΟΒΤΟΜΙ

2209 403 2454 462 lClllEP.
2497 404 3052 471 CONSTANTINOP.
3714 422 3783 477 ἃ

537 528 988 598 ἐπαισχύνεται,
1022 527 1291 582 δείκνυσιν
1319 529 1379 581 οὐ
1408 528 1508 598 τῆς
1535 527 1627 580 τοῦ
1660 527 1984 598 πράγματος
2012 525 2113 594 r96-

541 632 698 677 σεως,
727 612 860 666 ἀλλά
890 612 989 683 τῆς
1013 611 1391 682 φιλοστοργίας
1418 612 1513 666 τοῦ
1545 611 1620 683 μὴ
1650 611 2113 681 ἐπαισχυνομένου

538 700 599 754 τὸ
631 700 739 752 πᾶν
783 696 878 761 ὃν,
922 696 1017 749 καὶ
1051 695 1154 763 τῆς
1198 696 1705 767 ταπεινοφροσύνης
1745 696 1846 765 τῆς
1888 693 2109 761 πολλῆς.

538 784 601 835 Εἰ
634 782 744 851 γάρ
772 780 868 833 καί
906 777 965 842 ἐξ
1000 778 1148 841 ἐνὸς,
1200 776 1314 832 ἀλλ’
1359 780 1388 832 6
1425 780 1523 849 μὲν
1558 779 1810 845 ἁγιάζει,
1858 780 2020 849 ἡμεῖς
2055 777 2112 830 δὲ

538 863 897 935 ἀγιαζόμεθα.
944 861 1083 915 Πολὺ
1129 861 1187 914 δέ
1223 861 1284 915 τὸ
1328 862 1526 933 μέσον·
1567 863 1662 915 καί
1705 865 1732 915 ό
1771 862 1869 931 μὲν
1915 863 1979 913 ἐκ
2016 860 2110 912 τοῦ

537 946 771 1016 Πατρός,
812 943 885 999 ὡς
927 945 1051 1007 Υἰδς
1090 946 1330 1014 γνήσιος,
1368 945 1666 1008 τουτέστιν,
1698 947 1760 997 ἐκ
1792 947 1891 1014 τῆς
1924 942 2113 1005 οὐσίας

536 1029 700 1084 αὐτοῦ
723 1046 736 1061 ·
769 1029 931 1099 ἡμεῖς
979 1028 1037 1081 δέ
1073 1028 1149 1091 ὡς
1194 1028 1418 1098 κτίσμα,
1451 1029 1754 1091 τουτέστιν,
1790 1027 1851 1091 ἐξ
1880 1028 1978 1079 οὐκ
2026 1027 2114 1079 δν-

535 1133 662 1167 των.
698 1114 860 1165 Ὥστε
904 1111 1039 1164 πολύ
1078 1112 1136 1164 τὸ
1183 1112 1378 1180 μέσον.
1410 1112 1499 1164 Διό
1539 1127 1741 1180 φησιν·
1787 1112 1907 1164 Οὐκ
1943 1110 2110 1162 ἐπαι-

535 1192 827 1266 σχύνεται
853 1194 1158 1264 ἀδελφοὺς
1178 1195 1400 1260 αὐτοὺς
1418 1193 1647 1259 καλεῖν,
1668 1192 1842 1260 λέγων
1858 1211 1871 1224 ·
1908 1193 2111 1261 Ἀπατ-

535 1278 692 1351 τελῶ
734 1279 799 1334 τὸ
837 1278 1025 1346 ὄνομα
1057 1293 1173 1332 σου
1207 1277 1329 1343 τοῖς
1362 1275 1648 1345 ἀδελφοῖς
1675 1294 1815 1344 μου.
1860 1275 1970 1346 Τὴν
2002 1275 2112 1345 γὰρ

540 1364 718 1434 σάρκα
757 1364 1137 1433 ἐνδυσάμενος,
1184 1360 1471 1415 ἐνεδύσατο
1510 1359 1605 1417 καὶ
1641 1360 1740 1429 τὴν
1779 1357 2111 1429 ἀδελφότητα

537 1449 634 1501 καί⁵
675 1446 1024 1517 συνεισῆλθεν
1077 1444 1214 1516 όμοῦ
1253 1447 1321 1513 τῇ
1366 1443 1531 1513 σαρκί
1582 1441 1678 1495 καὶ
1716 1443 1749 1511 ή
1790 1440 2109 1511 ἀδελφότης.

550 1530 709 1585 Ἀλλά
759 1530 918 1583 τοῦτο
960 1529 1059 1600 μὲν
1113 1527 1337 1589 εἰκότως
1376 1525 1652 1596 παράγει·
1703 1525 1765 1577 τὸ
1814 1524 1893 1590 δὲ,
1964 1523 2112 1593 Ἐγὼ

538 1617 750 1685 ἔσομαι
787 1613 1082 1679 πεποιθὼς
1122 1612 1212 1665 ἐπ’
1250 1609 1446 1676 αὐτῷ,
1494 1610 1546 1662 τί
1588 1608 1872 1679 βούλεται;
1906 1608 2014 1661 Καὶ
2050 1608 2110 1662 τὸ

540 1698 679 1771 μετά
702 1697 874 1752 ταῦτα
902 1697 957 1750 δέ
983 1696 1207 1759 εἰκότως
1227 1713 1239 1726 ·
1289 1694 1445 1749 Ἰδοὺ
1474 1694 1588 1764 ἐγὼ
1623 1694 1723 1747 καί
1745 1694 1819 1748 τὰ
1845 1692 2051 1747 παιδία
2073 1693 2111 1747 ἄ

534 1800 634 1854 μοι
677 1781 902 1836 ἔδωκεν
947 1782 979 1835 ὁ
1026 1780 1189 1844 Θεός.
1234 1778 1446 1848 Ὥσπερ
1483 1779 1590 1848 γὰρ
1621 1776 1855 1830 ἐνταῦθα
1899 1777 2111 1846 πατέρα

536 1867 808 1919 δείκνυσιν
842 1862 1051 1927 ἐαυτὸν,
1087 1861 1258 1924 οὕτως
1286 1862 1405 1913 ἐκεῖ
1433 1860 1657 1927 ἀδελφόν
1680 1876 1694 1891 ·
1742 1860 2106 1929 Ἀπαγγελῶ,

536 1950 670 2021 φησί
690 1989 704 2015 ,
736 1948 803 2003 τό
846 1945 1033 2014 ὄνομά
1065 1960 1181 1999 σου
1218 1943 1341 2010 τοῖς
1369 1942 1484 2016 [44]
1517 1943 1800 2013 ἀδελφοῖς
1822 1962 1942 2013 μου
1965 1960 1978 1973 ·
2013 1944 2109 1997 καί

536 2032 700 2088 πάλιν
721 2033 823 2104 τὴν
850 2027 1123 2099 ὑπεροχὴν
1147 2028 1411 2090 δείκνυσι,
1443 2028 1538 2081 καὶ
1560 2028 1694 2081 πολὺ
1721 2028 1781 2080 τὸ
1805 2027 1990 2098 μέσον,
2022 2027 2110 2081 διὰ

534 2116 643 2171 τῶν
677 2116 823 2186 ἐξῆς.
869 2112 1023 2166 Ἑπεί
1049 2107 1163 2167 οὖν
1191 2115 1261 2166 τὰ
1298 2110 1527 2175 παιδία,
1571 2112 1725 2182 φησὶ,
1752 2108 2108 2177 κεκοινώνη-

535 2218 643 2255 κεν
667 2201 912 2267 αἵματος
944 2196 1042 2250 καί
1071 2195 1317 2262 σαρκός.

605 2283 666 2336 δ’.
707 2284 873 2352 Ὁρᾷς
904 2279 1029 2345 ποῦ,
1070 2281 1221 2349 φησὶ,
1260 2280 1321 2331 τὸ
1352 2279 1571 2350 ὃμοιον;
1609 2278 1749 2332 κατά
1780 2276 1875 2347 τὴν
1906 2277 2105 2349 σάρκα.

538 2365 982 2434 Πίιραπλησίως
1004 2365 1100 2417 καί
1124 2363 1306 2429 αὐτὸς
1329 2364 1587 2433 μετέσχε
1615 2360 1738 2415 τῶν
1765 2359 1984 2416 αὐτῶν.
2014 2362 2107 2414 Αί-

539 2449 921 2519 σχυνέσοωσαν
951 2447 1151 2508 πάντες
1183 2447 1231 2499 οἰ
1262 2448 1549 2518 αἰρετικοί,
1584 2445 2109 2515 ὲγκαλυπτέσθωσαν

536 2535 586 2587 οἰ
622 2533 842 2603 δοκήσει
888 2530 1140 2598 λέγοντες
1184 2528 1347 2582 αὐτὸν
1394 2528 1839 2599 παραγενέσθαι,
1879 2527 1973 2580 καὶ
2009 2528 2111 2580 οὐκ

536 2616 787 2687 ἀληθείᾳ.
813 2615 888 2667 Οὐ
919 2613 1027 2682 γὰρ
1053 2605 1227 2672 εἶπεν,
1260 2612 1340 2665 ὅτι
1364 2611 1631 2681 Μετέσχε
1654 2612 1899 2675 τούτων,
1926 2610 2106 2680 μόνον,

536 2702 632 2755 καί
659 2701 882 2767 ἐσίγησε
909 2714 922 2728 ·
954 2696 1134 2751 καίτοι
1173 2696 1268 2749 καὶ
1293 2697 1341 2749 εἰ
1373 2695 1547 2761 οὕτως
1573 2692 1750 2760 εἷπεν,
1787 2696 1971 2750 ἰκανὸν
1999 2691 2067 2765 ἦν
2091 2710 2107 2726 ·

537 2784 651 2838 ἀλλ’
702 2784 887 2853 ἕτερόν
915 2798 970 2833 τι
1014 2780 1198 2851 μεῖζον
1231 2779 1476 2849 ἐνέφηνε,
1522 2780 1607 2843 τὸ,
1646 2780 2107 2847 Παραπλησίως,

537 2866 814 2940 προσθείς.
847 2865 920 2918 Οὐ
955 2863 1226 2935 φαντασίᾳ
1253 2864 1374 2916 οὐδὲ
1395 2862 1583 2927 εἰκόνι,
1618 2864 1803 2932 φησὶν,
1828 2862 1942 2916 ἀλλ’
1976 2862 2108 2932 ἀλη-

537 2952 658 3021 θείᾳ
684 2970 696 2983 ·
723 2949 847 3002 ἐπεὶ
873 2948 954 3011 τὸ,
979 2946 1442 3016 Παραπ.1ησίως,
1470 2946 1529 2999 οὐ
1564 2945 1815 3011 σώζεται.
1844 2943 1977 3000 Εἶτα
2004 2946 2110 3000 δεί-

538 3036 633 3099 ξας
672 3034 769 3103 τὴν
800 3030 1137 3101 ἀδελφότητα
1158 3071 1174 3096 ,
1201 3030 1295 3082 καὶ
1322 3030 1421 3101 τὴν
1451 3028 1658 3083 αἰτίαν·
1692 3030 1876 3099 τίθησι
1898 3030 1997 3100 τῆς
2028 3031 2109 3083 0E-

536 3118 795 3187 κονομίας
811 3133 823 3147 ο
845 3115 1045 3179 Ὅπως
1056 3113 1153 3167 διὰ
1169 3113 1275 3167 τοῦ
1290 3112 1572 3177 θανάτου,
1588 3130 1661 3185 φη
1670 3114 1742 3177 σί,
1758 3114 2109 3184 καταργήσῃ

535 3203 642 3255 τὸν
664 3201 730 3254 τὸ
761 3197 978 3267 κράτος
1001 3198 1220 3264 ἔχοντα
1244 3195 1349 3251 τοῦ
1374 3196 1654 3258 θανάτου,
1685 3196 1981 3262 τουτέστι,
2005 3199 2113 3252 τὸν

534 3283 835 3338 διάϐολον.
874 3279 1137 3333 Ἐνταῦθα
1167 3280 1225 3333 τέ
1262 3280 1577 3349 θαυμαστὸν
1605 3280 1897 3347 δείκνυσιν,
1927 3282 2010 3336 ὃτι
2041 3281 2110 3337 δι’

534 3360 595 3421 06
629 3368 933 3438 ἐκράτησεν
979 3364 1006 3416 6
1043 3362 1325 3428 διάϐολος,
1368 3363 1457 3417 διὰ
1494 3363 1685 3417 τούτου
1732 3364 1975 3435 ἡττήθη,
2016 3368 2109 3421 καὶ

533 3453 670 3523 ὅπερ
703 3448 921 3519 ἰσχυρὸν
943 3443 1011 3519 ἦν
1032 3446 1182 3517 αὐτῷ
1214 3447 1375 3500 ὅπλον
1409 3447 1553 3499 κατὰ
1577 3448 1677 3517 τῆς
1706 3450 2054 3520 οἰκουμένης,
2081 3454 2110 3506 ό

537 3533 799 3595 θάνατος,
852 3530 1029 3599 τούτῳ
1061 3530 1222 3582 αὐτὸν
1260 3528 1494 3600 ἔπληξεν
1536 3531 1565 3582 6
1608 3531 1842 3600 Χριστός
1866 3549 1880 3563 ·
1919 3536 2013 3587 καί
2049 3534 2110 3587 τὸ

537 3615 670 3670 πολύ
696 3616 795 3683 τῆς
820 3614 1103 3682 δυνάμεως
1138 3614 1230 3666 τοῦ
1267 3614 1589 3683 νικήσαντος
1630 3614 1901 3682 ἐμφαίνει.
1946 3617 2109 3688 Ὀρᾷς

536 3702 657 3755 ὅσον
692 3701 720 3752 6
762 3699 987 3764 θάνατος
1028 3699 1321 3771 εἰργάσατο
1363 3697 1559 3763 καλόν;
1602 3698 1710 3751 Καὶ
1755 3698 2105 3768 ἀπαλλάξῃ,

537 3785 692 3854 φησί,
718 3784 989 3850 τούτους,
1016 3783 1149 3837 ὅσοι
1167 3784 1327 3851 φόϐῳ
1352 3779 1614 3835 θανάτου
1638 3780 1736 3834 διὰ
1757 3781 1984 3845 παντὸς
2004 3784 2107 3837 τοῦ

536 3868 643 3936 ζῇν
665 3866 868 3936 ἔνοχοι
908 3863 1071 3937 ἦσαν
1099 3864 1403 3929 δουλείας.
1432 3863 1589 3926 Τίνος
1619 3864 1806 3916 ἕνεκεν
1833 3866 2105 3935 φρίττετε,

535 3951 691 4023 φησί,
720 3952 770 4005 τί
792 3951 1067 4004 δεδοίκατε
1088 3949 1179 4003 τὸν
1205 3945 1623 4018 καταργηθέντα
1639 3964 1655 4014 ;
1672 3948 1856 4001 οὐκέτι
1878 3949 2107 4020 φοϐερός

535 4038 704 4100 ἐστιν,
718 4035 853 4089 ἀλλὰ
868 4034 1200 4103 πεπάτηται,
1221 4031 1728 4103 καταπεφρόνηται,
1750 4033 1972 4105 εὐτελής
1991 4034 2108 4088 ἐστι

535 4122 631 4173 καὶ
664 4119 875 4180 οὐδενὸς
899 4117 1067 4180 ἄξιος.
1094 4116 1160 4169 Τί
1187 4115 1242 4169 δέ
1275 4117 1445 4179 ἐστιν,
1473 4114 1637 4169 Ὅσοι
1665 4118 1828 4185 φόϐῳ
1848 4118 2108 4174 θανάτου

535 4203 631 4255 διὰ
650 4202 875 4267 παντὸς
890 4199 996 4254 τοῦ
1014 4198 1121 4267 ζῇν
1134 4201 1237 4253 ἐνο
1242 4216 1336 4267 χοι
1351 4194 1514 4267 ἦσαν
1530 4198 1810 4265 δουλείας
1824 4218 1837 4266 ;
1853 4201 1907 4254 τί
1925 4202 2104 4267 τοῦτο,

537 4286 733 4356 φησίν;
764 4286 886 4339 Ὅτι
911 4286 938 4338 6
958 4284 1048 4337 τὸν
1075 4283 1304 4337 θάνατον
1329 4282 1602 4346 δεδοικὼς,
1634 4284 1820 4349 δοῦλός
1835 4286 1976 4349 ἐστι,
2011 4288 2107 4341 καὶ

536 4371 713 4424 πάντα
747 4368 1037 4439 ὑφίσταται
1066 4368 1204 4439 ὑπὲρ
1242 4366 1336 4421 τοῦ
1376 4368 1449 4438 μὴ
1477 4367 1768 4421 ἀποθανεῖν
1788 4384 1801 4398 ·
1840 4369 1873 4440 ἦ
1902 4371 2103 4437 ἐκεῖνο,

533 4455 615 4507 ὅτι
646 4453 845 4516 πάντες
872 4450 1049 4506 δοῦλοι
1089 4447 1230 4523 ἦσαν
1266 4451 1361 4505 τοῦ
1404 4454 1657 4517 θανάτου,
1701 4454 1857 4524 φησί,
1888 4455 1983 4508 καὶ
2028 4456 2107 4526 τῷ

537 4536 758 4607 μηδέπω
801 4535 963 4589 αὐτὸν
1010 4534 1267 4588 λελύσθαι
1310 4535 1672 4607 ἐκρατοῦντο·
1729 4538 1787 4606 ἢ,
1837 4548 1859 4576 ε
1911 4536 1982 4609 [εἰ
2029 4538 2106 4611 μὴ

530 4617 735 4689 τοῦτο,]
759 4620 838 4671 ὅτι
868 4618 1017 4689 φόϐῳ
1049 4618 1286 4689 διηνεκεῖ
1319 4618 1554 4682 συνέζων
1577 4620 1624 4672 οἰ
1651 4619 1952 4689 ἄνθρωποι.
1993 4622 2107 4674 Ἀεὶ

531 4704 641 4774 γάρ
672 4701 1133 4773 ἀποτεθνήξεσθαι
1167 4700 1594 4773 προσδοκῶντες,
1627 4704 1723 4757 καὶ
1750 4703 1842 4757 τὸν
1875 4704 2106 4759 θάνατον

530 4786 848 4851 δεδοικότες,
867 4785 1119 4856 οὐδεμιᾶς
1146 4785 1338 4856 ἡδονῆς
1353 4783 1605 4854 αἴσθησιν
1622 4785 1804 4839 λαϐεῖν
1821 4787 2101 4857 ἠδύναντο,

529 4871 623 4924 τοῦ
650 4870 819 4940 φόϐου
838 4870 1027 4924 τούτου
1054 4870 1319 4939 παρόντος
1341 4869 1524 4928 αὐτοῖς
1540 4884 1553 4895 ·
1579 4869 1736 4923 τοῦτο
1762 4870 1871 4941 γὰρ
1887 4871 2106 4940 ᾐνίξατο

530 4955 723 5009 εἰπών·
762 4956 861 5008 Διὰ
889 4955 1115 5020 παντὸς
1142 4953 1248 5007 τοῦ
1272 4952 1397 5020 ζῆν.
1422 4952 1703 5007 Δείκνυσιν
1723 4952 1956 5007 ἐνταῦθα
1976 4956 2104 5018 τούς

530 5038 899 5108 θλιϐομένους,
934 5040 1058 5101 τοὺς
1091 5036 1503 5107 ἐλαυνομένους,
1542 5038 1668 5099 τοὺς
1714 5036 2102 5106 διωκομένους,

527 5126 654 5187 τοὺς
678 5124 774 5176 καὶ
794 5121 1049 5192 πατρίδος
1077 5122 1166 5175 καὶ
1191 5122 1379 5185 οὐσίας
1399 5122 1493 5176 καὶ
1518 5120 1626 5174 τῶν
1648 5120 1822 5176 ἄλλων
1845 5122 2102 5176 ἁπάντων

529 5213 832 5278 ἀποστερου
842 5206 1054 5276 μένους,
1067 5206 1134 5275 ἥδ
1141 5222 1217 5257 ιον
1241 5206 1523 5274 διάγοντας
1541 5205 1637 5259 καὶ
1650 5204 2101 5277 ἐλευθεριώτερον

525 5291 752 5344 ἐκείνων
781 5289 889 5343 τῶν
926 5291 985 5343 ἐν
1016 5292 1194 5360 τρυφῇ
1240 5289 1300 5341 τὸ
1351 5288 1518 5343 πάλαι
1564 5288 1965 5359 τυγχανόντων,
1991 5288 2101 5342 τῶν

528 5376 692 5445 μηδὲν
721 5372 980 5428 τοιούτων
1009 5371 1313 5435 παθόντων,
1345 5372 1453 5425 τῶν
1480 5371 1891 5441 εὐθηνουμένων
1910 5389 1925 5403 ·
1959 5374 2010 5425 εί
2035 5390 2100 5441 γε

526 5460 721 5511 ἐκεῖνοι
760 5457 859 5528 μὲν
889 5456 976 5509 διὰ
1014 5457 1214 5519 παντὸς
1252 5458 1345 5508 τοῦ
1383 5454 1482 5526 ζῇν
1509 5456 1615 5510 ὑπὸ
1643 5456 1721 5528 τῷ
1752 5455 1904 5526 φόϐῳ
1925 5455 2101 5527 τούτῳ

585 5654 604 5678 ⁸
629 5658 866 5725 Cqmmpl.
891 5660 943 5706 el
975 5658 1155 5725 Bfgg..
1179 5658 1233 5725 οὐ
1258 5659 1477 5725 λδοκῇσει
1524 5659 1646 5708 ἀλλά
1680 5660 1876 5725 ἀληθεία.
1916 5663 2098 5720 δεικνὺς

522 5720 606 5776 τήν
637 5720 951 5780 ἀδελφότητα.
978 5720 1093 5768 Εἶτα
1118 5721 1198 5767 καὶ
1220 5722 1305 5779 τὴν
1338 5722 1510 5770 αἰτίαν.

588 5781 630 5846 b»
650 5782 824 5837 V’vrba,
848 5784 886 5828 εί
911 5783 974 5841 μὴ
991 5780 1167 5846 τοῦτο.
1182 5782 1502 5846 (ιιιιιεειίηιιιιι⁸
1519 5781 1570 5831 in
1591 5782 1745 5845 Regg.
1769 5790 1821 5833 et
1839 5784 2066 5835 Commela
2080 5823 2092 5846 ,

524 5844 715 5892 uncinis
740 5850 847 5904 post
875 5844 1111 5893 Samium
1136 5844 1437 5893 inclusimus.
1468 5843 1601 5893 Ιῐοιτ.

2220 519 2360 594 ἦσαν
2388 526 2503 599 [45]
2537 530 2633 582 καὶ
2654 530 2852 593 δοῦλοι,
2878 533 3029 586 αὐτοὶ
3065 531 3123 586 δέ
3154 533 3345 588 τούτου
3375 535 3515 590 είσίν
3541 537 3785 605 ἀπηλλα-

2214 608 2426 678 γμένοι,
2448 612 2540 664 καί
2560 612 2824 679 γελῶντες
2846 614 3023 679 τοῦτο,
3041 617 3177 688 ὅπερ
3198 617 3397 671 ἐκεῖνοι
3427 620 3783 689 πεφρίκασιν.

2218 690 2426 763 Ὥσπερ
2444 693 2553 764 γὰρ
2574 696 2724 758 εἴτις
2739 696 3027 768 δεσμώτην
3051 699 3314 768 μέλλοντα
3331 702 3432 772 τὴν
3452 703 3545 755 ἐπὶ
3561 703 3789 758 θάνατον

2216 774 2468 844 ἄγεσθαι,
2504 776 2599 829 καὶ
2620 777 2708 830 ἀεὶ
2740 779 2898 832 τοῦτο
2920 782 3324 852 προσδοκῶντα,
3351 784 3593 841 λιπαίνοι
3615 786 3787 857 πολλῇ

2214 859 2279 927 τῇ
2298 861 2479 929 τρυφῇ
2501 875 2516 889 ·
2535 859 2778 912 τοιοῦτόν
2794 879 2846 914 τι
2865 858 2932 933 ἦν
2952 864 3013 915 τὸ
3029 863 3259 919 παλαιὸν
3281 868 3309 918 ὁ
3331 867 3582 931 θάνατος.
3601 868 3717 921 Νῦν
3732 869 3788 921 δὲ

2213 941 2407 992 ταυτὸν
2444 942 2685 1010 γέγονεν,
2706 937 2817 996 οἷον
2839 945 2905 998 ἂν
2928 946 2981 999 εῐ
2998 963 3083 1011 τις
3107 948 3199 1002 τὸν
3220 949 3383 1019 φόϐον
3406 952 3613 1004 ἐκεῖνον
3636 952 3795 1005 ἐκϐα-

2216 1020 2341 1086 λὼν,
2382 1027 2520 1093 μετά
2557 1028 2655 1095 τῆς
2705 1028 2920 1098 τρυφῆς
2973 1028 3156 1083 ἀθλεῖν
3198 1034 3521 1103 προ-τρέποι,
3552 1034 3647 1086 καὶ
3698 1033 3795 1085 τὸν

2214 1108 2402 1174 ἀγῶνα
2451 1110 2749 1178 προτιθεὶς,
2794 1113 3157 1181 ἐπαγγέλοιτο
3203 1116 3400 1185 μηκέτι
3430 1118 3510 1179 εἰς
3539 1115 3791 1177 θάνατον.

2213 1190 2327 1243 ἀλλ’
2360 1193 2438 1253 είς
2475 1192 2753 1262 βασιλείαν
2800 1195 3051 1263 ἀγαγεῖν.
3080 1196 3256 1251 Τίνων
3294 1194 3386 1252 οῦν
3417 1198 3690 1269 ἠθέλησας
3725 1201 3793 1253 σὺ

2213 1275 2489 1340 γενέσθαι,
2517 1277 2626 1328 τῶν
2655 1278 2712 1330 ἐν
2744 1277 2819 1347 τῷ
2840 1278 3199 1351 δεσμωτηρίῳ
3222 1278 3625 1350 λιπαινομένων
3653 1282 3795 1352 μετὰ

2212 1355 2309 1409 τοῦ
2348 1358 2473 1412 καθ’
2507 1359 2748 1431 ἑκάστην
2776 1361 2993 1432 ἡμέραν
3028 1363 3126 1435 τὴν
3152 1363 3431 1433 ἀπόφασιν
3460 1365 3793 1436 προσδοκᾷν,

2211 1439 2245 1509 ῆ
2268 1441 2377 1494 τῶν
2402 1441 2713 1498 ἀθλούντων
2740 1444 2935 1510 πολλὰ,
2961 1438 3057 1499 καὶ
3086 1446 3392 1502 πονούντων
3416 1448 3615 1511 ἐκοντί,
3644 1447 3791 1501 ὥστε

2211 1524 2273 1577 τὸ
2302 1525 2543 1596 διάδημα
2578 1529 2677 1598 τῆς
2715 1529 2996 1599 βασιλείας
3027 1530 3436 1602 ἀναδήσασθαι;
3475 1531 3637 1603 Ὀρᾷς
3677 1532 3794 1596 πῶς

2211 1607 2395 1659 αὐτῶν
2439 1605 2541 1679 ἦρε
2585 1609 2685 1680 τὴν
2723 1610 2925 1683 ψυχὴν,
2956 1612 3052 1665 καὶ
3102 1611 3412 1684 μετεώρους
3460 1614 3791 1685 εἰργάσατο;

2213 1691 2463 1746 Δείκνυσι
2498 1693 2555 1747 δὲ
2589 1695 2650 1747 οὐ
2681 1696 2773 1749 τὸν
2796 1696 3028 1750 θάνατον
3059 1696 3220 1766 μόνον
3247 1699 3619 1767 πεπαυμένον,
3654 1698 3794 1751 ἀλλά

2210 1773 2299 1826 διά
2330 1774 2521 1829 τούτου
2552 1778 2805 1831 κάκεῖνον
2833 1780 2924 1832 τὸν
2960 1779 3224 1833 ἄσπονδον
3255 1780 3393 1850 πρὸς
3423 1781 3570 1851 ἡμᾶς
3593 1782 3677 1833 ἀεὶ
3697 1781 3794 1833 τὸν

2212 1858 2447 1929 πόλεμον
2468 1860 2884 1933 ἐπανῃρημένον
2908 1864 3002 1917 καὶ
3019 1864 3487 1937 ἐπιδεικνύμενον,
3507 1866 3599 1918 τὸν
3619 1865 3793 1920 διάϐοο

2212 1941 2301 1995 λον
2335 1942 2477 2011 λέγω
2502 1946 2920 2017 καταργηθέντα
2937 1965 2949 1977 ·
2972 1948 3000 1999 6
3021 1946 3129 2017 γάρ
3154 1947 3383 2001 θάνατον
3413 1948 3488 2018 μὴ
3517 1946 3790 2011 δεδοικὼς,

2211 2024 2317 2089 ἔξω
2346 2026 2448 2095 τῆς
2480 2029 2797 2099 τυραννίδος
2824 2029 2941 2083 ἐστὶ
2970 2028 3065 2083 τοῦ
3092 2029 3368 2109 διαϐόλουΞ
3400 2032 3462 2084 Εἰ
3484 2031 3591 2102 γάρ
3613 2030 3794 2102 δέρμα

2211 2109 2352 2183 ὑπὲρ
2385 2111 2673 2183 δέρματος,
2700 2114 2796 2167 καὶ
2822 2114 2999 2167 πάντα
3025 2113 3139 2183 δοίη
3164 2114 3241 2168 ἀν
3271 2130 3357 2178 τις
3388 2114 3529 2184 ὑπὲρ
3557 2116 3657 2185 τῆς
3682 2114 3791 2184 ψυ-

2210 2196 2311 2266 χῆς
2333 2197 2529 2251 αὐτοῦ·
2564 2198 2694 2251 ὅταν
2728 2198 2822 2252 καί
2853 2198 3060 2268 ταύτης
3094 2198 3260 2271 κρίνῃ
3285 2215 3370 2262 τις
3403 2200 3788 2271 καταφρονεῖν,

2208 2280 2354 2342 τίνος
2398 2280 2549 2335 ἔσται
2579 2280 2764 2345 δοῦλος
2806 2281 3034 2346 λοιπόν;
3066 2281 3273 2335 Οὐδένα
3311 2280 3567 2348 δέδοικεν,
3598 2282 3793 2337 οὐδένα

2210 2363 2473 2435 φοϐεῖται,
2503 2367 2719 2419 πάντων
2745 2364 2893 2418 ἐστὶν
2911 2364 3200 2436 ἀνώτερος,
3224 2365 3319 2418 καὶ
3340 2365 3555 2419 πάντων
3575 2365 3792 2419 ἐλευθε-

2211 2446 2490 2520 ριώτερος.
2527 2449 2588 2502 '0
2611 2449 2718 2520 γὰρ
2740 2449 2839 2520 τῆς
2859 2448 3043 2520 ψυχῆς
3057 2451 3154 2519 τῆς
3177 2447 3374 2502 ἐαυτοῦ
3402 2450 3787 2522 καταφρονῶν,

2212 2532 2390 2602 πολλῷ
2422 2531 2622 2601 μᾶλλον
2679 2532 2790 2586 τῶν
2839 2532 3037 2587 ἀλλων.
3077 2534 3249 2587 Ὅταν
3304 2533 3362 2586 δὲ
3411 2530 3551 2606 εὕρῃ
3606 2534 3788 2605 ψυχὴν

2209 2614 2472 2685 τοιαύτην
2504 2617 2531 2669 6
2556 2616 2825 2679 διάϐολος,
2853 2616 3005 2670 οὐδὲν
3035 2616 3378 2688 ἐργάσασθαι
3408 2618 3700 2690 δυνήσεται
3730 2623 3791 2670 ἐν

2210 2698 2348 2768 αὐτῇ
2371 2698 2479 2751 τῶν
2511 2697 2725 2752 ἐαυτοῦ.
2760 2699 2826 2752 Τί
2873 2700 3003 2770 γάρ,
3038 2700 3160 2753 εἰπέ
3192 2717 3323 2771 μοι,
3355 2702 3652 2772 χρημάτων
3688 2703 3791 2772 ζη-

2213 2782 2346 2851 μίαν
2374 2782 2660 2852 ἀπειλήσει
2678 2783 2776 2836 καὶ
2814 2783 3037 2852 ἀτιμίαν
3061 2784 3155 2837 καὶ
3181 2784 3442 2856 πατρίδος
3471 2784 3783 2851 ἐκπτωσινς

2232 2864 2397 2918 Ἀλλά
2422 2865 2598 2920 ταῦτα
2636 2864 2808 2936 μικρά
2841 2865 2919 2936 τῷ
2944 2865 3078 2936 μηδὲ
3105 2866 3201 2938 τὴν
3226 2866 3401 2938 ψυχὴν
3422 2869 3609 2937 τιμίαν
3634 2868 3785 2921 τιθε-

2213 2950 2381 3021 μένῳ,
2418 2950 2560 3003 κατά
2600 2951 2692 3003 τὸν
2733 2950 3005 3022 μακάριον
3053 2950 3285 3006 Παῦλον.
3342 2952 3505 3023 Ὁρᾷς
3558 2954 3641 3006 ὅτι
3688 2953 3787 3007 τοῦ

2210 3032 2442 3086 θανάτου
2476 3031 2574 3103 τὴν
2610 3033 2901 3103 τυραννίδα
2953 3031 3221 3099 ἐκϐαλὼν,
3260 3034 3637 3102 συγκατέλυσε
3688 3038 3787 3090 καὶ

2208 3115 2303 3169 τοῦ
2350 3115 2599 3170 διαϐόλου
2646 3116 2745 3188 τὴν
2797 3115 2980 3187 ἰσχύν;
3039 3118 3068 3170 6
3108 3118 3217 3185 γὰρ
3274 3117 3402 3190 περὶ
3444 3117 3787 3182 ἀναστάσεως

2212 3198 2382 3270 μυρία
2413 3199 2725 3268 φιλοσοφεῖν
2754 3200 2941 3264 εἰδὼς,
2975 3198 3094 3263 πῶς
3120 3199 3323 3253 δέδοικε
3353 3200 3614 3266 θάνατον;
3669 3200 3785 3263 πῶς

2208 3282 2420 3353 φρίττει
2446 3282 2633 3335 λοιπόν
2648 3300 2661 3348 ;
2679 3282 2771 3354 Μὴ
2788 3282 2971 3336 τοίνυν
2989 3282 3282 3353 ἀσχάλλετε
3311 3281 3583 3351 λέγοντες,
3615 3282 3713 3336 Διά
3733 3285 3785 3335 τί

2206 3365 2278 3419 τά
2305 3365 2399 3419 καὶ
2422 3366 2491 3419 τά
2517 3366 2895 3436 πεπόνθαμεν;
2927 3364 3069 3419 οὔτω
3092 3367 3201 3438 γάρ
3228 3367 3582 3437 λαμπροτέρα
3603 3369 3636 3437 ή
3657 3367 3785 3438 νίκη

2209 3449 2441 3518 γίνεται·
2474 3450 2577 3502 οὐκ
2606 3449 2674 3504 ἂν
2695 3450 2752 3525 δέ
2780 3446 2848 3521 ῆν
2875 3450 3125 3521 λαμπρὰ,
3156 3451 3204 3502 εἰ
3237 3450 3310 3519 μὴ
3339 3448 3553 3521 θανάτῳ
3575 3450 3666 3503 τὸν
3689 3451 3786 3503 θά-

2209 3550 2367 3588 νατον
2422 3533 2600 3587 ἔλυσε.
2660 3533 2733 3585 Τὸ
2781 3532 2838 3586 δέ
2896 3532 3209 3603 θαυμαστὸν
3259 3531 3416 3585 τοῦτό
3463 3535 3644 3600 ἐστιν,
3701 3534 3786 3587 ὅτι

2208 3618 2275 3670 δι’
2301 3618 2483 3671 αὐτῶν
2511 3617 2674 3671 αὐτὸν
2704 3617 2923 3687 ἐνίκησε
2944 3658 2959 3682 ,
3011 3615 3079 3669 δι’
3102 3608 3178 3669 ὧν
3208 3616 3396 3687 ἴσχυσε
3417 3657 3431 3682 ,
3467 3616 3528 3670 τὸ
3554 3616 3787 3688 εὔπορον

2210 3701 2375 3753 αὐτοῦ
2429 3700 2711 3772 πανταχοῦ
2762 3702 2857 3755 καί
2907 3702 3215 3771 εὐμήχανον
3266 3701 3502 3764 δεικνύς.
3579 3702 3671 3775 Μὴ
3719 3704 3785 3773 δὴ

2212 3783 2501 3852 προδῶμεν
2544 3784 2644 3853 τὴν
2682 3783 2928 3838 δοθεῖσαν
2955 3785 3087 3853 ἡμῖν
3113 3784 3345 3855 δωρεάν.
3398 3786 3481 3839 Οὐ
3502 3785 3611 3853 γὰρ
3640 3786 3783 3839 ἐλά-

2211 3866 2421 3946 ϐομεν,
2473 3868 2643 3934 φησί,
2698 3866 2932 3936 πνεῦμα
2980 3867 3291 3933 δειλίας-ο,
3339 3868 3499 3922 ἀλλὰ
3550 3866 3787 3936 ,πνεῦμα

2211 3948 2518 4017 δυνάμεως
2548 3949 2645 4002 καί
2670 3948 2908 4017 ἀγάπης
2940 3950 3040 4004 καί
3066 3950 3511 4020 σωφρονισμοῦ.
3562 3950 3787 4023 Στῶμεν

2211 4028 2303 4087 οὖν
2328 4033 2591 4099 γενναίως
2617 4033 3026 4100 καταγελῶντες
3051 4033 3146 4087 τοῦ
3178 4034 3433 4089 θανάτου.

2282 4194 2394 4267 [46]
2423 4200 2482 4248 ε’.
2504 4194 2664 4249 Ἀλλά
2680 4194 2789 4266 γάρ
2809 4195 3008 4266 ἐπῆλθέ
3041 4213 3134 4266 μοι
3154 4195 3405 4261 στενάξαι
3434 4198 3651 4267 πικρὸν,
3673 4197 3783 4252 ποῦ

2213 4279 2311 4349 μὲν
2336 4280 2365 4331 6
2400 4278 2632 4349 Χριστὸς
2677 4280 2827 4350 ἡμᾶς
2865 4280 3143 4350 ἀνήγαγε,
3197 4279 3301 4333 ποῦ
3335 4280 3393 4333 δὲ
3434 4281 3660 4343 ἑαυτοὺς
3684 4298 3787 4334 κα-

2209 4361 2545 4433 τηγάγομεν.
2569 4362 2740 4416 Ὅταν
2771 4362 2878 4434 γὰρ
2902 4361 2997 4415 ἴδω
3023 4365 3152 4427 τοὺς
3182 4364 3449 4427 κοπετοὺς
3482 4365 3607 4425 τοὺς
3641 4366 3785 4419 κατά

2208 4448 2307 4517 τὴν
2332 4445 2561 4518 ἀγορὰν,
2595 4446 2695 4507 τὰς
2725 4447 2995 4517 οἰμωγὰς,
3027 4447 3094 4510 ἀς
3125 4448 3220 4502 ἐπὶ
3255 4450 3369 4512 τοῖς
3403 4447 3787 4520 ἐξερχομένοις

2208 4530 2489 4584 ποιοῦνται
2520 4530 2616 4585 τοῦ
2652 4531 2791 4602 βίου,
2823 4531 2923 4596 τὰς
2952 4530 3234 4601 ὀλολυγάς,
3266 4532 3367 4597 τὰς
3397 4530 3790 4607 ἀσχημοσύνης

2207 4616 2305 4675 τάς
2353 4613 2521 4678 ἄλλας
2546 4655 2561 4679 ,
2622 4614 2947 4669 πιστεύσατε
2969 4657 2986 4682 ,
3034 4614 3367 4690 αἰσχύνομαι
3397 4620 3491 4673 καὶ
3519 4619 3789 4691 ’Έλληνας

2208 4697 2303 4751 καὶ
2338 4697 2622 4761 Ἰουδαίους
2648 4698 2743 4752 καὶ
2769 4698 3081 4769 αίρετικοῦς
3105 4702 3234 4766 τοὺς
3253 4701 3518 4772 ὁρῶντας,
3537 4703 3634 4756 καὶ
3655 4703 3788 4756 πάνυ

2207 4797 2304 4845 τας
2365 4782 2552 4846 ἁπλῶς
2604 4784 2730 4847 τοὺς
2784 4781 2875 4836 διὰ
2916 4783 3079 4838 τοῦτο
3128 4785 3547 4853 καταγελῶντας
3589 4785 3783 4856 ἡμῶν·

2205 4869 2304 4921 ὅσα
2337 4868 2447 4939 γάρ
2479 4867 2544 4920 ἂν
2573 4868 2713 4921 είπω
2739 4866 2947 4930 λοιπὸν,
2976 4869 3099 4941 εἰκῇ
3129 4868 3239 4938 ἐρῶ
3272 4869 3401 4939 περὶ
3431 4868 3786 4932 ἀναστάσεως

2206 4951 2533 5021 φιλοσοφῶν.
2594 4951 2658 5004 Τί
2712 4951 2955 5023 δήποτε;
3018 4953 3141 5005 Ὀτι
3197 4953 3258 5007 οὐ
3306 4956 3420 5016 τοῖς
3465 4952 3785 5023 λεγομένοις

2205 5036 2336 5107 παρ’
2367 5034 2503 5105 ἐμοῦ
2534 5037 2898 5107 προσέχουσιν
2920 5036 3217 5107 Ἕλληνες,
3252 5036 3388 5092 ἀλλά
3418 5039 3531 5100 τοῖς
3557 5036 3783 5106 γινομέ-

2206 5136 2319 5181 νοις
2356 5118 2486 5190 παρ’
2505 5121 2661 5191 ὐμῶν
2686 5134 2699 5149 ·
2761 5119 2969 5183 εὐθέως
2996 5120 3108 5190 γάρ
3140 5119 3370 5192 ἐροῦσι·
3406 5121 3543 5173 Πότε
3571 5121 3783 5174 τούτων

2202 5218 2287 5265 τις
2320 5198 2735 5273 καταφρονῆσαι
2767 5204 3002 5259 θανάτου
3031 5204 3362 5273 δυνήσεται,
3428 5204 3561 5274 μηδὲ
3592 5204 3781 5274 ἕτερον

2201 5286 2476 5341 τεθνεῶτα
2526 5288 2825 5360 δυνάμενος
2869 5289 3035 5354 ίδεῖν;
3098 5288 3254 5341 Καλά
3281 5289 3349 5341 τά
3378 5287 3643 5359 εἰρημένα
3672 5289 3781 5342 61:6

2200 5370 2295 5424 τοῦ
2328 5370 2565 5437 Παύλου,
2618 5371 2781 5439 καλὰ,
2828 5372 2924 5426 καὶ
2952 5371 3061 5424 τῶν
3090 5371 3334 5443 οὐρανῶν
3363 5371 3509 5437 ἀξια,
3557 5370 3651 5423 καὶ
3678 5372 3778 5439 τῆς

2200 5454 2293 5507 τοῦ
2320 5455 2453 5508 Θεοῦ
2484 5455 2914 5527 φιλανθρωπίας·
2945 5454 2999 5508 τί
3026 5455 3137 5524 γάρ
3167 5472 3331 5525 φησι;
3362 5456 3472 5509 Καὶ
3499 5454 3776 5508 ἀπαλλά-

2201 5539 2289 5602 ξει
2340 5540 2631 5607 τούτους,
2691 5539 2824 5593 ὅσοι
2874 5540 3036 5608 φόϐῳ
3086 5538 3346 5594 θανάτου
3403 5541 3500 5593 διὰ
3549 5538 3777 5603 παντὸς

2199 5622 2304 5675 τοῦ
2348 5620 2456 5690 ζῇν
2493 5622 2695 5691 ἔνοχοι
2740 5619 2905 5693 ἦσαν
2947 5624 3248 5690 δουλείας.
3300 5622 3441 5675 Ἀλλ’
3463 5622 3563 5674 οὐκ
3587 5621 3776 5689 ἀφίετε

2202 5860 2211 5868 ,
2262 5799 2284 5828 ο
2315 5797 2464 5868 Marg.
2491 5800 2666 5859 Savil.,
2685 5798 2870 5868 πνεῦμα
2910 5800 3140 5861 δουλείας,
3156 5801 3505 5850 consentienle
3532 5798 3769 5857 Mutiano,

2200 5863 2298 5909 imo
2322 5869 2383 5933 ει.
2407 5864 2512 5922 ipso
2536 5869 2676 5911 textu
2702 5863 2856 5911 Pauli.
