4060 6440
244 244 306 299 Η

246 350 336 404 11.
375 351 478 415 Qui
499 352 632 405 enim
672 354 975 421 stutctiﬁcat,
1009 364 1055 408 et
1083 357 1166 426 qui
1191 358 1589 427 sanctificatum,
1648 379 1837 431 exusto

244 461 443 497 omnes.
486 444 702 515 Propter
725 464 877 515 quant
919 464 1126 503 causam
1160 467 1258 504 non
1288 456 1621 524 confunditur
1652 461 1837 527 fratres

243 552 334 586 eos
376 550 572 589 vorare.
627 536 763 590 Ecce
813 551 1001 593 rursus
1046 540 1316 610 quomodo
1346 558 1441 597 eos
1482 546 1731 602 conciliat
1773 564 1837 606 ac

242 624 529 694 eoujungit
559 637 615 681 et
660 626 930 682 houorans
973 638 1028 684 et
1073 632 1366 687 consolans
1403 642 1458 689 et
1502 651 1598 691 eos
1639 638 1840 695 faciens

247 716 447 772 fratres
475 718 697 785 Christi,
728 734 795 775 ex
821 735 888 776 eo
915 720 1059 789 quod
1086 722 1195 777 sint
1224 740 1287 778 ex
1322 740 1448 780 uno.
1483 727 1688 786 Deinde
1715 747 1839 787 rur-

244 821 345 862 sus
379 823 494 864 rem
526 804 920 878 communiens,
957 821 1013 869 et
1041 815 1332 871 ostendens
1370 833 1430 873 se
1459 817 1639 877 dicere
1666 822 1735 880 de
1772 838 1842 879 eo

246 899 398 969 quod
442 909 527 956 est
574 902 872 958 secundum
914 918 1153 967 carnem.
1199 907 1522 977 subiunxit:
1568 912 1665 979 Qui
1707 916 1841 970 enim

247 994 564 1061 sanctiﬁcat,
592 996 751 1083 etyui
776 996 1181 1063 sancti/iocatur.
1208 996 1373 1054 Vides
1391 1012 1645 1070 quantum
1674 1006 1841 1062 inter.

248 1083 370 1138 sit?
402 1083 488 1138 ille
521 1084 737 1154 quidem
769 1085 1091 1153 sanctiﬁcat,
1130 1101 1229 1142 nos
1254 1104 1383 1145 vero
1424 1093 1839 1153 sanetilicamur.

250 1172 327 1230 Et
372 1177 622 1245 superius
670 1191 794 1231 eum
844 1176 979 1231 dixit
1022 1187 1299 1235 auctorem
1347 1181 1556 1239 salutis.
1591 1184 1736 1243 Unus
1769 1198 1843 1244 est

248 1268 391 1322 enim
422 1266 580 1334 Deus,
613 1283 677 1322 ea:
709 1284 808 1340 quo
839 1267 1028 1324 omnia.
1059 1267 1283 1338 Propter
1322 1288 1474 1343 quam
1498 1290 1703 1331 causam
1743 1297 1843 1336 non

247 1363 505 1417 erubescit
543 1378 629 1417 eos
673 1377 854 1417 vocare
894 1365 1099 1434 fratres.
1144 1362 1306 1420 Vides
1338 1368 1610 1436 quomodo
1656 1387 1843 1430 rursus

248 1452 511 1508 ostendat
540 1453 954 1509 excellentiam?
978 1452 1169 1511 Dicere
1209 1454 1376 1523 enim,
1417 1456 1537 1512 Non
1566 1463 1842 1532 erubescit,

245 1544 498 1600 ostendit
543 1554 709 1597 totum
758 1558 881 1599 esse
925 1559 1033 1599 non
1082 1545 1159 1601 rei
1206 1554 1433 1613 natura},
1464 1550 1558 1604 sed
1591 1552 1707 1622 ejus
1754 1557 1843 1625 qui

265 1654 379 1693 non
431 1637 698 1693 erubescit
748 1635 1136 1693 benevolentiae
1180 1646 1236 1694 et
1281 1638 1463 1696 multae
1509 1641 1842 1704 humilitatis.

250 1730 391 1783 Nam
435 1729 645 1783 etiamsi
688 1730 857 1782 simus
888 1743 950 1784 ex
983 1743 1111 1794 uno,
1143 1728 1233 1784 ille
1271 1731 1487 1801 quidem
1524 1738 1843 1809 sanctificat,

268 1828 376 1867 IIIIS
404 1824 583 1870 autem
629 1819 1044 1876 sanetificamur.
1094 1822 1319 1881 Multum
1370 1827 1613 1886 interest.
1656 1833 1721 1889 Et
1770 1834 1860 1892 ille

266 1906 490 1976 quidem
540 1924 605 1965 ex
648 1909 827 1977 Patre,
882 1922 1147 1986 tamquam
1186 1933 1347 1974 verus
1387 1930 1438 1976 et
1484 1924 1729 1994 proprius
1763 1926 1863 1982 Fi-’

267 2000 396 2067 lius,
425 1998 530 2054 hoc
558 2011 661 2068 est,
698 2018 763 2057 ex
791 2004 908 2073 ejus
939 2013 1167 2063 essentia
1194 2026 1209 2076 ;
1249 2025 1349 2067 nos
1377 2022 1553 2069 autem
1588 2026 1854 2088 tamquam

264 2100 537 2159 creatura,
571 2092 672 2148 hoc
701 2103 805 2159 est,
839 2111 903 2151 ex
937 2097 1127 2153 nihilo.
1150 2100 1371 2157 Multum
1404 2104 1580 2176 itaque
1604 2107 1849 2166 interest.

270 2185 626 2250 Quamobrem
658 2187 807 2253 dicit,
840 2188 960 2244 Non
987 2193 1229 2248 erubescit
1270 2197 1406 2267 ipsos
1433 2215 1611 2255 vocare
1638 2202 1847 2271 fratres,

270 2276 496 2330 dicens:
546 2276 635 2332 12.
683 2276 947 2334 Nuntiabo
996 2299 1177 2338 nomen
1221 2296 1361 2339 tuum
1405 2290 1653 2359 fratribus
1704 2294 1846 2348 meis.

266 2365 405 2421 Nam
436 2382 598 2423 carne
641 2369 879 2439 indutus,
947 2374 1118 2430 induit
1157 2377 1316 2431 etiam
1340 2378 1749 2451 fraternitatem,
1793 2395 1849 2442 et

258 2458 425 2513 simul
457 2461 618 2513 etiam
652 2460 891 2531 ingressa
920 2473 1001 2517 est
1031 2479 1152 2520 cum
1180 2482 1341 2524 carne
1372 2468 1695 2529 fraternitas.
1739 2475 1844 2532 Sed

257 2546 364 2602 hoc
408 2549 625 2618 quidem
661 2555 855 2607 merito
893 2555 1110 2610 adducit
1139 2575 1152 2612 :
1184 2558 1311 2613 illud
1357 2571 1570 2628 autem,
1600 2566 1687 2622 15.
1732 2567 1843 2639 Ego

253 2660 350 2697 ero
387 2647 649 2713 conﬁdens
688 2649 741 2701 iu
770 2665 903 2713 eum,
935 2650 1059 2719 quid
1104 2651 1204 2706 sibi
1245 2654 1395 2708 vult?
1419 2655 1548 2711 Nam
1604 2669 1661 2714 et
1699 2662 1841 2730 quod

240 2738 444 2807 [mstea
495 2730 708 2799 quidem
739 2735 1004 2803 sequitur,
1046 2742 1237 2792 merito
1270 2758 1282 2794 :
1312 2737 1445 2795 Ecce
1489 2759 1580 2814 ego
1617 2754 1663 2798 et
1694 2750 1839 2815 pueri

246 2836 378 2887 quas
410 2821 536 2873 mihi
561 2822 698 2875 dedit
733 2822 889 2877 Deus.
923 2823 1075 2880 Sicut
1103 2827 1246 2883 enim
1278 2828 1364 2885 hic
1392 2832 1628 2902 seipsum
1655 2848 1839 2893 osten-

245 2910 329 2965 dit
361 2911 597 2977 Patrem,
629 2913 703 2977 ita
731 2914 839 2970 illic
875 2914 1094 2972 fratrem
1128 2935 1141 2971 :
1170 2918 1518 2990 Annuutiabo,
1545 2927 1714 2995 enim,
1744 2928 1837 2983 in-

243 3003 386 3073 quit,
421 3020 600 3059 nomeu
650 3016 792 3059 tuum
817 3006 1059 3075 fratribus
1085 3010 1227 3064 meis.
1259 3010 1327 3065 Et
1365 3029 1553 3070 rursus
1595 3021 1835 3076 ostendit

245 3095 476 3149 multam
510 3097 905 3165 excellentiam,
934 3110 989 3154 et
1028 3099 1169 3170 quod
1207 3103 1429 3159 multum
1469 3105 1708 3178 intersit,
1738 3127 1836 3182 per

240 3202 303 3241 ca
331 3202 455 3257 quze
482 3188 735 3259 deinceps
764 3200 1058 3259 sequuntur
1079 3193 1200 3248 ε14.
1226 3194 1358 3261 Quia
1384 3212 1503 3268 ergo
1527 3201 1672 3269 pueri
1694 3218 1832 3258 com-

242 3281 627 3334 municaverunt
654 3283 797 3334 carni
827 3291 874 3336 et
900 3284 1161 3355 sanguini.

309 3373 369 3426 4.
419 3371 582 3427 Vides
632 3372 722 3427 ubi
773 3373 843 3428 sit
891 3374 1227 3431 similitudo?
1279 3393 1474 3452 nempe
1529 3385 1824 3444 secundum

239 3479 483 3519 carnem.
519 3462 582 3518 Et
631 3464 742 3535 ipse
767 3466 1002 3522 similiter
1028 3470 1349 3543 participauit
1373 3475 1585 3533 eisdem.
1618 3479 1825 3539 Erube-

236 3566 391 3611 scant
420 3570 607 3612 (mines
625 3556 885 3626 lueretici,
917 3574 1029 3630 prae
1058 3562 1260 3632 pudore
1286 3579 1345 3621 se
1374 3568 1708 3629 abscondant
1732 3578 1823 3646 qui

234 3651 423 3703 dicunt
451 3665 572 3705 eum
615 3649 897 3708 advenisse
925 3669 1024 3725 per
1048 3658 1281 3727 speciem
1312 3659 1412 3733 (a),
1448 3679 1551 3721 non
1595 3666 1707 3737 ipsa
1740 3672 1820 3727 rei

230 3743 482 3797 veritate.
525 3742 641 3798 Non
674 3745 849 3799 solum
886 3748 1029 3801 enim
1071 3748 1226 3817 dixit,
1267 3750 1366 3807 liis
1392 3757 1734 3828 participavit,
1765 3772 1821 3819 et

232 3836 435 3900 tacuit;
478 3852 829 3909 quamquam,
858 3839 1067 3895 etiamsi
1099 3842 1177 3897 sic
1205 3843 1451 3916 dixisset,
1483 3851 1614 3905 satis
1642 3866 1816 3923 esset;

239 3929 337 3983 sed
387 3928 584 3999 aliquid
627 3928 769 3985 aliud
813 3930 985 4001 majus
1033 3934 1226 4002 posuit,
1279 3933 1812 4008 nempe,Similiter.

244 4018 361 4073 Non
412 4034 508 4089 per
548 4020 780 4090 speciem
812 4030 867 4075 et
893 4021 1198 4092 imaginem,
1228 4025 1418 4096 inquit,
1452 4031 1547 4085 sed
1593 4036 1817 4092 veritate

234 4112 531 4167 ostettdcns
558 4126 677 4168 esse
703 4112 1086 4169 fraternitatem
1113 4133 1127 4170 :
1155 4117 1392 4189 alioquin
1423 4122 1577 4192 illud,
1608 4125 1807 4182 Simili-

242 4215 342 4271 ter,
380 4221 487 4261 non
510 4215 693 4264 staret.
728 4209 925 4266 Deinde
953 4208 1105 4266 aﬂ'ert
1143 4212 1301 4268 etiam
1336 4228 1550 4270 causam
1591 4217 1810 4289 disponi.

220 4298 449 4353 sationis
476 4315 492 4353 :
524 4296 591 4355 Ut
617 4316 713 4370 per
750 4311 968 4356 ntortem
996 4304 1273 4359 destrueret
1313 4322 1446 4371 eum,
1486 4308 1571 4378 qui
1599 4309 1809 4363 habebat

221 4390 404 4444 mortis
460 4390 761 4461 imperium,
813 4393 909 4447 hoc
955 4404 1047 4462 est,
1093 4395 1373 4450 diabolum.
1428 4397 1526 4453 Hic
1572 4400 1807 4455 ostendit

216 4480 365 4551 quod
415 4492 497 4537 est
524 4484 791 4548 mirabile.
820 4501 1009 4557 nempe
1037 4487 1178 4557 quod
1207 4502 1301 4557 per
1328 4504 1485 4559 quam
1522 4491 1643 4546 vicit
1679 4491 1797 4547 dia-

222 4571 401 4635 bolus,
438 4588 537 4644 per
578 4591 696 4629 eam
744 4576 917 4632 victus
962 4578 1079 4643 fuit,
1122 4587 1177 4633 et
1201 4595 1319 4649 qute
1362 4591 1518 4636 erant
1570 4582 1619 4637 ei
1654 4597 1804 4637 arma

220 4664 397 4719 valida
433 4666 689 4721 adversus
722 4670 905 4723 urbem
936 4679 1113 4732 terrae,
1147 4686 1340 4741 nempe
1369 4689 1534 4740 mors,
1568 4691 1664 4745 per
1690 4691 1807 4731 eam

220 4754 375 4809 illum
395 4755 636 4812 Christus
660 4758 804 4815 feriit
824 4779 838 4815 :
857 4762 996 4831 quod
1023 4761 1140 4831 ejus
1167 4764 1253 4832 Qui
1275 4764 1398 4818 vicit
1418 4780 1662 4835 magnam
1683 4766 1809 4821 indi-

219 4855 313 4903 cat
342 4850 655 4918 potentiam.
707 4851 868 4908 Vides
895 4864 1153 4922 quantum
1186 4855 1385 4910 bonum
1414 4872 1557 4911 mors
1585 4857 1807 4914 fecerit!

220 4939 313 4994 15.
346 4939 419 4993 Et
443 4940 679 4996 biberant
700 4959 811 5012 eos,
835 4944 919 5014 qui
939 4945 1118 4999 timore
1146 4946 1322 4999 mortis
1350 4963 1439 5016 per
1470 4956 1625 5001 totam
1655 4951 1809 5004 vitam

217 5031 426 5085 obnoxii
470 5042 615 5087 erant
643 5035 896 5089 servituti.
920 5035 1049 5103 Cur,
1078 5036 1270 5106 inquit,
1300 5037 1573 5094 horretis?
1597 5040 1723 5111 quid
1740 5041 1808 5096 tio

217 5118 378 5171 luetis
391 5132 533 5185 eam,
558 5134 678 5189 qua;
695 5121 984 5175 estabolita
1004 5122 1269 5192 planeque
1284 5132 1339 5178 et
1356 5122 1530 5179 inanis
1544 5134 1597 5180 et
1611 5127 1808 5182 otiosa?

214 5208 334 5263 Non
353 5218 441 5264 est
463 5211 696 5281 amplius
736 5212 1011 5277 terribilis,
1067 5215 1161 5270 sed
1199 5225 1282 5271 est
1318 5219 1649 5285 conculcata,
1680 5234 1809 5275 con-

216 5310 440 5371 tempta,
472 5302 597 5357 vilis
623 5312 676 5358 et
696 5304 917 5373 ahjecta,
945 5314 999 5360 et
1032 5307 1186 5376 plane
1217 5308 1415 5365 nullius
1447 5312 1624 5381 pretii.
1670 5313 1806 5382 Quid

212 5402 298 5448 est
312 5403 517 5460 autem,
537 5394 643 5449 Eas
662 5397 748 5466 qui
769 5398 945 5451 timore
961 5400 1138 5453 mortis
1163 5417 1253 5470 per
1269 5411 1423 5455 totam
1442 5404 1593 5457 vitam
1606 5406 1807 5459 obnoxii

212 5497 358 5540 erant
377 5487 636 5542 servituti?
662 5490 787 5559 quid
813 5491 913 5546 hoc
941 5491 1051 5548 est?
1078 5493 1229 5560 Quod
1261 5495 1348 5565 qui
1381 5507 1603 5553 mortem
1635 5499 1802 5563 timet,

198 4178 227 4197 ..ὃ

299 5737 375 5802 (tt)
402 5735 479 5789 Dc
502 5735 593 5786 hac
618 5733 793 5786 bmrcsi
817 5739 974 5784 actum
1001 5738 1078 5785 est
1100 5734 1144 5784 in
1168 5733 1473 5789 Prtefatione.

1141 255 1205 310 ΙΝ
1245 256 1459 313 EPIST.
1507 259 1597 314 AD
1636 257 1995 316 IIEBRIEOS.
2037 259 2191 315 CAP.
2215 258 2282 314 ιι.
2322 259 2647 321 llOMlLJV.

3465 267 3545 320 49.»

1939 383 2021 427 est
2048 388 2257 439 servus,
2287 382 2342 428 et
2375 375 2600 429 sustinet
2627 374 2805 428 omnia
2838 389 2904 428 ne
2944 374 3202 430 moriatur
3233 392 3246 429 :
3279 387 3371 431 aut
3396 377 3522 433 illud

1940 462 2081 533 quod
2120 478 2307 518 omnes
2334 473 2488 518 erant
2526 462 2666 518 servi
2694 464 2903 531 mortis,
2935 473 2989 518 et
3018 465 3163 535 quod
3194 480 3255 521 ea
3285 466 3519 522 nonduin

1940 563 2085 609 esset
2111 554 2331 620 abolita,
2361 555 2477 625 ejus
2503 554 2778 609 dominatu
2801 555 3151 613 tenebantur:
3180 565 3291 623 aut,
3312 557 3451 627 quod
3471 560 3524 615 in

1943 655 2198 717 perpetuo
2227 655 2375 702 metu
2405 645 2647 701 viverent
2674 647 2941 714 homines,
2973 662 3188 718 semper
3213 659 3527 718 exspectau-

1943 746 2024 792 tes
2051 752 2111 793 se
2138 736 2449 801 morituros,
2471 745 2527 791 et
2542 745 2773 791 mortem
2799 736 3169 804 formidantes,
3207 740 3401 795 nullius
3428 756 3526 794 vo-

1944 828 2158 900 luptatis
2176 845 2394 884 sensum
2419 830 2939 900 poterantaccipere.
2956 845 3080 886 cum
3108 831 3195 887 hic
3220 847 3436 904 semper
3447 834 3528 891 eis

1944 922 2349 979 adessetmetus
2377 940 2391 975 :
2421 923 2674 979 hocenim
2701 923 3081 993 subindicavit,
3106 925 3426 994 dicens,Per
3443 937 3526 983 to-

1946 1024 2049 1069 tam
2074 1015 2245 1069 vitam.
2266 1015 2364 1071 Hic
2385 1015 2619 1071 ostendit
2646 1030 2741 1071 eos
2760 1016 2849 1085 qui
2874 1016 3203 1085 afﬂiguntur,
3231 1020 3324 1089 qui
3347 1022 3528 1091 expelw

1946 1109 2240 1179 luntur,qui
2263 1108 2539 1180 privantur
2550 1108 2715 1179 patria
2731 1117 2785 1164 et
2798 1108 3023 1164 fortunis
3045 1118 3099 1165 et
3114 1110 3231 1166 aliis
3259 1112 3528 1179 omnibus,

1940 1201 2228 1272 jucundius
2246 1216 2309 1258 ac
2330 1202 2550 1258 liberius
2564 1202 2947 1273 degere,quam
2962 1201 2998 1257 ii
3011 1202 3101 1273 qui
3120 1203 3246 1258 olim
3269 1204 3529 1276 degebant

1949 1294 2003 1349 in
2032 1293 2276 1361 deliciis,
2306 1309 2464 1364 quam
2498 1294 2531 1351 ii
2562 1294 2754 1364 quibus
2782 1294 2914 1349 nihil
2937 1293 3208 1351 acciderat
3230 1296 3491 1366 ejusmodi
3511 1340 3529 1365 ,

1947 1399 2105 1452 quam
2139 1383 2329 1453 quibus
2354 1392 2511 1439 erant
2547 1400 2634 1440 res
2676 1383 2928 1441 secundat
2961 1402 2973 1439 :
3004 1385 3267 1455 siquidem
3301 1387 3376 1442 illi
3407 1390 3530 1458 qui-

1946 1473 2070 1530 dem
2121 1490 2216 1543 per
2253 1484 2415 1529 totam
2451 1475 2613 1529 vitam
2658 1484 2813 1530 erant
2852 1474 2978 1531 huic
3025 1476 3192 1531 metui
3221 1477 3436 1533 obnoxii
3464 1489 3531 1534 et

1943 1565 2110 1632 servi;
2136 1566 2235 1637 ipsi
2256 1577 2435 1625 autem
2460 1576 2584 1624 sunt
2610 1568 2678 1625 ab
2705 1584 2771 1627 eo
2797 1569 3030 1636 liberati,
3057 1580 3112 1628 et
3134 1573 3358 1631 irrident
3384 1576 3528 1645 quod

1944 1655 2021 1716 illi
2050 1656 2391 1715 horruerant.
2424 1660 2569 1717 Idem
2613 1661 2756 1716 enim
2787 1677 2929 1718 nunc
2948 1672 3061 1728 est;
3106 1672 3165 1717 ut
3191 1665 3234 1719 si
3266 1664 3529 1737 quispiam

1944 1762 2065 1802 cum
2119 1748 2209 1819 qui
2242 1749 2451 1806 vinctus
2489 1751 2764 1807 ducendus
2809 1761 2891 1807 est
2929 1752 2995 1807 ad
3047 1763 3299 1823 mortem,
3326 1765 3383 1810 et
3428 1755 3530 1809 huc

1943 1852 2158 1909 semper
2211 1850 2507 1911 exSpuctat,
2559 1843 2739 1898 multis
2780 1844 3075 1915 impinguet
3116 1845 3326 1903 deliciis
3366 1863 3380 1901 :
3423 1848 3529 1904 tale

1942 1930 2215 2001 quidpiam
2254 1948 2401 1989 mors
2440 1944 2556 1990 erat
2603 1935 2753 1990 olim.
2797 1935 2947 1991 Nunc
2986 1946 3165 1992 autem
3202 1948 3260 1993 ut
3290 1941 3333 1995 si
3374 1941 3523 2011 quis,

1938 2034 2086 2079 metu
2130 2024 2222 2080 illo
2273 2025 2465 2096 cjecto,
2496 2042 2618 2083 cum
2672 2028 2879 2083 deliciis
2921 2028 3200 2083 denuntiet
3243 2046 3364 2086 esse
3411 2047 3527 2086 cere

1942 2116 2184 2185 tandum,
2233 2128 2286 2173 et
2328 2129 2591 2190 proponat
2632 2132 2925 2185 certamen,
2954 2130 3012 2175 nt
3039 2138 3143 2175 non
3183 2124 3412 2192 amplius
3455 2124 3521 2178 ad

1941 2222 2209 2275 mortem,
2264 2210 2361 2266 sed
2411 2211 2477 2266 ad
2514 2227 2735 2282 regnum
2773 2211 3021 2281 adducat,
3078 2228 3144 2269 ex
3200 2214 3522 2283 quibusnam

1938 2319 2060 2360 esse
2100 2304 2371 2359 volueris?
2400 2320 2462 2359 ex
2509 2304 2645 2359 iisne
2686 2304 2776 2374 qui
2818 2309 2872 2358 in
2920 2319 3138 2360 carcere
3184 2306 3521 2377 intpinguan-

1940 2405 2044 2461 tur,
2079 2397 2280 2453 interea
2318 2398 2557 2468 quotidie
2591 2395 2962 2467 proferendam
3003 2408 3380 2468 exspectantes
3401 2414 3525 2455 sen-

1939 2491 2295 2546 tentiamzan
2349 2505 2419 2544 ex
2467 2490 2531 2544 iis
2568 2489 2655 2559 qui
2710 2490 2934 2544 multum
2990 2490 3289 2558 decertant,
3331 2499 3386 2546 et
3439 2492 3523 2546 ln-

1940 2583 2132 2638 bentes
2163 2581 2410 2636 laborant.
2459 2589 2517 2636 ut
2558 2582 2667 2635 sint
2707 2580 2941 2635 redimiti
2983 2583 3133 2653 regni
3179 2582 3524 2640 diademate?

1942 2675 2100 2748 Vides
2140 2674 2411 2745 quomodo
2450 2688 2639 2730 eorum
2683 2674 2855 2730 erexit
2884 2674 3144 2741 animum,
3175 2691 3377 2747 eosque
3405 2693 3523 2733 sus-

1937 2782 2133 2837 pensos
2160 2767 2328 2822 tenuit
2351 2776 2405 2821 et
2428 2766 2717 2822 excitavit?
2740 2765 2988 2823 Ostendit
3012 2778 3192 2823 autem
3220 2786 3324 2824 non
3350 2771 3520 2826 solani

1934 2874 2177 2915 cessasse
2206 2868 2460 2925 mortem,
2492 2857 2584 2914 sed
2619 2873 2715 2928 per
2742 2873 2861 2914 eam
2890 2859 3038 2914 illum
3068 2876 3280 2931 quoque
3307 2878 3397 2931 qm
3428 2862 3522 2916 ad—

1934 2966 2149 3006 versum
2199 2965 2298 3006 nos
2342 2965 2559 3021 semper
2595 2950 2791 3005 bellum
2832 2952 2971 3021 gerit
3009 2952 3369 3021 implacabile,
3400 2954 3519 3009 dia-

1933 3042 2137 3107 bolum,
2166 3043 2405 3113 inquam,
2430 3058 2551 3099 esse
2580 3043 2805 3099 fractum
2823 3053 2879 3098 et
2910 3054 3254 3114 prostratum.
3273 3045 3406 3101 Nam
3430 3048 3520 3117 qtti

1934 3144 2164 3195 mortem
2194 3148 2298 3189 non
2331 3135 2503 3199 timet,
2537 3143 2622 3191 est
2651 3144 2807 3190 extra
2840 3136 3036 3191 diaboli
3069 3138 3429 3208 tyrannidem.
3459 3138 3519 3195 Si
3568 3144 3571 3147 ’

1932 3228 2077 3285 enim
2125 3227 2320 3298 pellem
2370 3241 2466 3295 pro
2518 3226 2680 3295 pelle,
2722 3236 2777 3282 et
2824 3228 3003 3282 omnia
3052 3228 3203 3284 dabit
3251 3231 3373 3300 quis
3422 3245 3519 3307 pro
3585 3244 3592 3251 ·

1932 3321 2111 3377 anima
2152 3335 2249 3376 sua
2285 3319 2404 3393 (Job
2441 3322 2496 3372 Ξ.
2550 3318 2606 3389 ι)
2636 3335 2651 3372 :
2680 3319 2894 3390 quando
2935 3320 3097 3375 etiam
3142 3321 3310 3392 ipsam
3356 3337 3519 3378 ausus

1931 3412 2090 3468 fuerit
2123 3411 2423 3482 despicere,
2454 3410 2737 3482 dujusnam
2771 3410 2882 3480 jam
2911 3412 3014 3466 erit
3040 3414 3268 3469 servus?
3304 3412 3514 3469 Nullum

1931 3506 2105 3571 timet,
2150 3504 2357 3560 nullum
2404 3502 2660 3558 formidat
2693 3519 2707 3558 :
2745 3511 2830 3559 est
2872 3503 3123 3560 omnibus
3164 3506 3430 3576 superior,
3462 3517 3519 3564 et

1931 3595 2181 3652 omnibus
2228 3595 2402 3666 magis
2429 3594 2588 3650 liber.
2618 3594 2719 3663 Qui
2758 3594 2904 3650 enim
2946 3595 3180 3651 animam
3224 3610 3376 3652 suam
3421 3597 3517 3654 de-

1929 3688 2109 3760 spicit,
2146 3686 2319 3743 multo
2344 3686 2514 3757 magis
2552 3685 2678 3742 alia.
2710 3685 2936 3755 Quando
2982 3696 3163 3744 autem
3213 3689 3372 3747 talem
3402 3692 3517 3746 ani~

1929 3794 2071 3834 utam
2102 3778 2365 3834 invenerit
2390 3777 2653 3841 diabolus,
2685 3776 2817 3832 nihil
2847 3794 2911 3833 ex
2942 3779 3007 3833 iis
3033 3795 3152 3850 qua:
3178 3796 3273 3836 sua
3301 3791 3431 3836 sunt
3460 3785 3512 3837 in

1927 3886 1988 3927 ea
2024 3871 2222 3942 poterit
2250 3868 2485 3926 eﬂicere.
2517 3868 2654 3937 Quid
2681 3868 2845 3934 enim,
2881 3872 3194 3939 pecunizcne
3227 3873 3514 3927 minabitur

1928 3963 2337 4029 detrimentum,
2368 3972 2424 4019 et
2450 3963 2720 4019 infamiam
2749 3974 2803 4020 et
2831 3964 3079 4019 exsilium
3110 3980 3140 4018 a
3168 3967 3377 4036 patria?
3403 3967 3509 4022 Sed

1928 4056 2042 4111 lucc
2083 4072 2245 4127 parva
2272 4066 2401 4112 sunt
2434 4057 2575 4128 apud
2602 4072 2747 4121 eum,
2773 4058 2863 4128 qui
2909 4073 2976 4113 ne
3013 4059 3247 4113 animam
3292 4060 3510 4129 quidem

1925 4163 2077 4204 suam
2120 4149 2284 4205 habet
2322 4150 2631 4221 pretiosam,
2664 4159 2723 4206 ut
2760 4150 2835 4204 ait
2874 4150 3060 4206 beatus
3090 4152 3310 4207 Paulus.
3345 4152 3509 4209 Vides

1924 4241 2067 4316 quod
2099 4242 2286 4301 mortis
2312 4242 2531 4315 expulsa
2560 4242 2861 4317 tyrannide,
2893 4243 3051 4301 simul
3079 4244 3241 4303 etiam
3288 4244 3508 4303 conire-

1923 4337 1999 4402 git
2026 4336 2167 4390 vires
2197 4335 2431 4391 diaboli?
2459 4335 2592 4392 Nam
2618 4337 2708 4407 qui
2739 4337 2809 4393 de
2838 4340 3238 4395 resurrectione
3263 4339 3365 4394 scit
3397 4340 3510 4409 plu-

1915 4426 2109 4482 rimum
2146 4426 2538 4501 philosophari,
2564 4430 2838 4503 quomodo
2869 4432 3053 4487 timeat
3085 4442 3335 4496 mortem.
3366 4447 3500 4503 quo-

1908 4517 2072 4573 modo
2097 4519 2315 4575 horreat
2334 4520 2403 4575 de
2426 4522 2652 4577 caetero?
2672 4520 2749 4577 Ne
2770 4536 2901 4594 ergo
2926 4522 3142 4579 tristitia
3165 4522 3496 4586 afliciamini,

1907 4608 2151 4666 dicentes
2180 4628 2193 4665 :
2222 4609 2328 4666 Cur
2357 4612 2472 4668 hate
2500 4623 2556 4668 et
2585 4613 2672 4667 illa
2713 4614 2856 4683 passi
2886 4615 3109 4670 sumus?
3146 4614 3225 4669 sic
3260 4612 3405 4669 enim
3441 4613 3502 4669 ﬁt

1908 4693 2121 4757 clarior
2152 4703 2407 4766 victoria;
2440 4718 2537 4758 nec
2576 4704 2765 4759 fuisset
2802 4704 2969 4768 clara,
3001 4704 3101 4758 nisi
3132 4714 3305 4759 morte
3347 4718 3497 4758 mor-

1910 4799 2015 4846 tem
2048 4792 2315 4849 solvisset.
2364 4794 2476 4849 lluc
2516 4804 2600 4850 est
2639 4802 2819 4849 autem
2864 4795 3202 4860 admirabile,
3229 4794 3372 4866 quod
3402 4811 3499 4866 per

1906 4896 1968 4936 ea
2000 4882 2175 4954 ipsum
2206 4884 2395 4940 vicerit
2426 4901 2522 4958 per
2550 4902 2669 4955 qua:
2695 4897 2811 4942 erat
2853 4887 3009 4943 fortis
3049 4897 3103 4944 et
3132 4898 3347 4958 potens,
3376 4890 3496 4945 nbi-

1904 4987 2009 5043 que
2049 4975 2347 5031 ostendens
2394 4988 2590 5048 quanta
2629 4978 2730 5033 sibi
2771 4988 3021 5050 suppetat
3050 4979 3303 5046 facultas,
3336 4989 3393 5037 et
3428 4982 3500 5037 ad

1905 5077 1993 5119 res
2037 5064 2302 5135 gerendas
2347 5068 2587 5124 solertia.
2641 5067 2721 5125 Ne
2766 5069 3057 5140 prodamus
3105 5071 3306 5127 donum
3352 5072 3499 5143 quod

1904 5156 2060 5211 nobis
2090 5156 2189 5211 fuit
2220 5157 2401 5215 datum
2433 5179 2445 5215 :
2477 5159 2598 5216 Non
2624 5163 2754 5217 enim
2781 5162 3089 5233 accepimus,
3119 5163 3311 5234 inquit,
3344 5163 3499 5235 spiri-

1906 5260 2011 5303 tum
2040 5250 2253 5315 timoris,
2285 5252 2374 5308 sed
2401 5254 2633 5323 spiritum
2661 5256 2857 5311 virtutis
2886 5266 2932 5311 et
2961 5257 3187 5310 caritatis
3225 5264 3274 5309 et
3323 5253 3500 5309 mode-

1905 5341 2206 5413 stite(Rom.
2234 5343 2288 5399 8.
2316 5346 2402 5402 15.
2432 5346 2624 5401 0011.2.
2659 5346 2791 5402 Tim.
2822 5348 2872 5404 1.
2903 5348 2977 5420 7).
3004 5347 3221 5405 Stemus
3246 5362 3376 5420 ergo
3397 5346 3507 5402 for-

1906 5434 2032 5490 titer
2061 5447 2291 5491 mortem
2314 5435 2620 5493 irridentes.

1974 5525 2029 5581 5.
2062 5522 2333 5597 Exsequiw
2353 5525 2646 5583 Grrecorum
2674 5544 2818 5584 more
2846 5540 2966 5584 tunc
2993 5529 3047 5584 in
3083 5546 3177 5586 usu
3204 5531 3496 5603 vituperan-

1906 5627 2008 5671 tur.
2028 5649 2097 5658 —
2113 5617 2219 5675 Sed
2244 5619 2372 5675 mihi
2402 5622 2549 5678 venit
2570 5623 2623 5677 in
2642 5632 2877 5680 mentem
2899 5623 3093 5679 acerbe
3118 5624 3490 5695 ingemiscere,

1903 5711 2201 5784 reputando
2227 5729 2458 5787 quonam
2492 5713 2740 5775 Christus
2781 5730 2879 5773 nos
2917 5716 3219 5785 adduxerit,
3266 5726 3321 5773 et
3358 5730 3493 5785 quo-
