  <div class='ocr_page' id='page_1' title='image "/cluster/home/n/w/nwhite01/storage/ocr_20150623/63/hvd.32044013655725/051.png"; bbox 0 0 4060 6440; ppageno 0'>
   <div class='ocr_carea' id='block_1_1' title="bbox 581 270 3831 351">
    <p class='ocr_par' dir='ltr' id='par_1_1' title="bbox 581 270 3831 351">
     <span class='ocr_line' id='line_1_1' title="bbox 581 270 3831 351; baseline 0.003 -24"><span class='ocrx_word' id='word_1_1' title='bbox 581 270 649 327; x_wconf 68' lang='grc'><strong>85</strong></span> <span class='ocrx_word' id='word_1_2' title='bbox 1323 277 1378 336; x_wconf 88' lang='lat' dir='ltr'><strong>S.</strong></span> <span class='ocrx_word' id='word_1_3' title='bbox 1422 276 1698 337; x_wconf 74' lang='lat' dir='ltr'><strong>JOANNIS</strong></span> <span class='ocrx_word' id='word_1_4' title='bbox 1735 276 2207 336; x_wconf 75' lang='lat' dir='ltr'><strong>CHRYSOSTOMI</strong></span> <span class='ocrx_word' id='word_1_5' title='bbox 2252 275 2566 336; x_wconf 61' lang='lat' dir='ltr'><strong>suamne.</strong></span> <span class='ocrx_word' id='word_1_6' title='bbox 2607 277 3139 339; x_wconf 65' lang='lat' dir='ltr'><strong>CONSTANTB&#39;OP.</strong></span> <span class='ocrx_word' id='word_1_7' title='bbox 3770 292 3831 351; x_wconf 64' lang='grc' dir='ltr'><strong>ιδ</strong></span> 
     </span>
    </p>
   </div>
   <div class='ocr_carea' id='block_1_2' title="bbox 595 380 2180 450">
    <p class='ocr_par' dir='ltr' id='par_1_2' title="bbox 595 380 2180 450">
     <span class='ocr_line' id='line_1_2' title="bbox 595 380 2180 450; baseline -0.003 -14"><span class='ocrx_word' id='word_1_8' title='bbox 595 388 716 438; x_wconf 82' lang='lat' dir='ltr'><strong>nam</strong></span> <span class='ocrx_word' id='word_1_9' title='bbox 747 396 842 437; x_wconf 80' lang='lat' dir='ltr'><strong>nos</strong></span> <span class='ocrx_word' id='word_1_10' title='bbox 871 380 1269 438; x_wconf 84' lang='lat' dir='ltr'><strong>demiscrlmus.</strong></span> <span class='ocrx_word' id='word_1_11' title='bbox 1297 380 1430 435; x_wconf 87' lang='lat' dir='ltr'><strong>Nam</strong></span> <span class='ocrx_word' id='word_1_12' title='bbox 1459 381 1677 450; x_wconf 85' lang='lat' dir='ltr'><strong>quando</strong></span> <span class='ocrx_word' id='word_1_13' title='bbox 1723 380 1879 435; x_wconf 88' lang='lat' dir='ltr'><strong>video</strong></span> <span class='ocrx_word' id='word_1_14' title='bbox 1924 380 2014 450; x_wconf 89' lang='lat' dir='ltr'><strong>qui</strong></span> <span class='ocrx_word' id='word_1_15' title='bbox 2048 380 2180 433; x_wconf 85' lang='lat' dir='ltr'><strong>fiunt</strong></span> 
     </span>
    </p>
   </div>
   <div class='ocr_carea' id='block_1_3' title="bbox 593 470 2180 545">
    <p class='ocr_par' dir='ltr' id='par_1_3' title="bbox 593 470 2180 545">
     <span class='ocr_line' id='line_1_3' title="bbox 593 470 2180 545; baseline -0.003 -16"><span class='ocrx_word' id='word_1_16' title='bbox 593 476 647 531; x_wconf 91' lang='lat' dir='ltr'><strong>in</strong></span> <span class='ocrx_word' id='word_1_17' title='bbox 680 474 799 531; x_wconf 89' lang='lat' dir='ltr'><strong>foro</strong></span> <span class='ocrx_word' id='word_1_18' title='bbox 829 475 1094 545; x_wconf 87' lang='lat' dir='ltr'><strong>planctus,</strong></span> <span class='ocrx_word' id='word_1_19' title='bbox 1124 482 1177 528; x_wconf 92' lang='lat' dir='ltr'><strong>et</strong></span> <span class='ocrx_word' id='word_1_20' title='bbox 1204 473 1434 542; x_wconf 84' lang='lat' dir='ltr'><strong>ejnlatns</strong></span> <span class='ocrx_word' id='word_1_21' title='bbox 1466 483 1735 543; x_wconf 77' lang='lat' dir='ltr'><strong>proptere</strong></span> <span class='ocrx_word' id='word_1_22' title='bbox 1761 473 1894 527; x_wconf 88' lang='lat' dir='ltr'><strong>vivis</strong></span> <span class='ocrx_word' id='word_1_23' title='bbox 1916 470 2180 526; x_wconf 84' lang='lat' dir='ltr'><strong>exceden-</strong></span> 
     </span>
    </p>
   </div>
   <div class='ocr_carea' id='block_1_4' title="bbox 596 564 2179 635">
    <p class='ocr_par' dir='ltr' id='par_1_4' title="bbox 596 564 2179 635">
     <span class='ocr_line' id='line_1_4' title="bbox 596 564 2179 635; baseline -0.003 -14"><span class='ocrx_word' id='word_1_24' title='bbox 596 578 696 633; x_wconf 92' lang='lat' dir='ltr'><strong>tes,</strong></span> <span class='ocrx_word' id='word_1_25' title='bbox 726 567 1060 635; x_wconf 76' lang='lat' dir='ltr'><strong>ululatusque</strong></span> <span class='ocrx_word' id='word_1_26' title='bbox 1091 574 1145 621; x_wconf 91' lang='lat' dir='ltr'><strong>et</strong></span> <span class='ocrx_word' id='word_1_27' title='bbox 1196 564 1607 620; x_wconf 87' lang='lat' dir='ltr'><strong>lamentationes</strong></span> <span class='ocrx_word' id='word_1_28' title='bbox 1637 575 1690 620; x_wconf 91' lang='lat' dir='ltr'><strong>et</strong></span> <span class='ocrx_word' id='word_1_29' title='bbox 1732 566 1836 620; x_wconf 88' lang='lat' dir='ltr'><strong>alia</strong></span> <span class='ocrx_word' id='word_1_30' title='bbox 1886 581 2005 634; x_wconf 70' lang='lat' dir='ltr'><strong>qua:</strong></span> <span class='ocrx_word' id='word_1_31' title='bbox 2047 564 2179 618; x_wconf 87' lang='lat' dir='ltr'><strong>ﬁunt</strong></span> 
     </span>
    </p>
   </div>
   <div class='ocr_carea' id='block_1_5' title="bbox 595 656 2180 726">
    <p class='ocr_par' dir='ltr' id='par_1_5' title="bbox 595 656 2180 726">
     <span class='ocr_line' id='line_1_5' title="bbox 595 656 2180 726; baseline -0.003 -12"><span class='ocrx_word' id='word_1_32' title='bbox 595 661 848 715; x_wconf 77' lang='lat' dir='ltr'><strong>indCCore</strong></span> <span class='ocrx_word' id='word_1_33' title='bbox 881 678 892 713; x_wconf 88' lang='lat'><strong>:</strong></span> <span class='ocrx_word' id='word_1_34' title='bbox 926 658 1154 726; x_wconf 91' lang='lat' dir='ltr'><strong>credite,</strong></span> <span class='ocrx_word' id='word_1_35' title='bbox 1183 672 1270 713; x_wconf 90' lang='lat' dir='ltr'><strong>me</strong></span> <span class='ocrx_word' id='word_1_36' title='bbox 1320 656 1484 726; x_wconf 87' lang='lat' dir='ltr'><strong>pudet</strong></span> <span class='ocrx_word' id='word_1_37' title='bbox 1512 656 1842 725; x_wconf 75' lang='lat' dir='ltr'><strong>Grmcorum,</strong></span> <span class='ocrx_word' id='word_1_38' title='bbox 1874 656 2180 713; x_wconf 74' lang='lat' dir='ltr'><strong>Judmorum</strong></span> 
     </span>
    </p>
   </div>
   <div class='ocr_carea' id='block_1_6' title="bbox 593 747 2179 819">
    <p class='ocr_par' dir='ltr' id='par_1_6' title="bbox 593 747 2179 819">
     <span class='ocr_line' id='line_1_6' title="bbox 593 747 2179 819; baseline 0 -16"><span class='ocrx_word' id='word_1_39' title='bbox 593 762 647 804; x_wconf 77' lang='lat' dir='ltr'><strong>et</strong></span> <span class='ocrx_word' id='word_1_40' title='bbox 679 750 1049 805; x_wconf 55' lang='lat' dir='ltr'><strong>haereticorum</strong></span> <span class='ocrx_word' id='word_1_41' title='bbox 1081 748 1170 819; x_wconf 85' lang='lat' dir='ltr'><strong>qui</strong></span> <span class='ocrx_word' id='word_1_42' title='bbox 1195 747 1397 814; x_wconf 88' lang='lat' dir='ltr'><strong>vident,</strong></span> <span class='ocrx_word' id='word_1_43' title='bbox 1423 758 1478 805; x_wconf 91' lang='lat' dir='ltr'><strong>et</strong></span> <span class='ocrx_word' id='word_1_44' title='bbox 1502 763 1600 804; x_wconf 88' lang='lat' dir='ltr'><strong>nos</strong></span> <span class='ocrx_word' id='word_1_45' title='bbox 1624 758 1903 818; x_wconf 86' lang='lat' dir='ltr'><strong>propterea</strong></span> <span class='ocrx_word' id='word_1_46' title='bbox 1931 747 2179 803; x_wconf 86' lang='lat' dir='ltr'><strong>irrident.</strong></span> 
     </span>
    </p>
   </div>
   <div class='ocr_carea' id='block_1_7' title="bbox 592 840 2183 912">
    <p class='ocr_par' dir='ltr' id='par_1_7' title="bbox 592 840 2183 912">
     <span class='ocr_line' id='line_1_7' title="bbox 592 840 2183 912; baseline -0.001 -16"><span class='ocrx_word' id='word_1_47' title='bbox 592 842 724 897; x_wconf 76' lang='lat' dir='ltr'><strong>Nam</strong></span> <span class='ocrx_word' id='word_1_48' title='bbox 755 840 1013 912; x_wconf 87' lang='lat' dir='ltr'><strong>quidquid</strong></span> <span class='ocrx_word' id='word_1_49' title='bbox 1044 840 1111 897; x_wconf 91' lang='lat' dir='ltr'><strong>de</strong></span> <span class='ocrx_word' id='word_1_50' title='bbox 1136 851 1339 896; x_wconf 71' lang='lat' dir='ltr'><strong>cancro</strong></span> <span class='ocrx_word' id='word_1_51' title='bbox 1380 841 1591 903; x_wconf 80' lang='lat' dir='ltr'><strong>dixero.</strong></span> <span class='ocrx_word' id='word_1_52' title='bbox 1622 840 1812 895; x_wconf 79' lang='lat' dir='ltr'><strong>frustra</strong></span> <span class='ocrx_word' id='word_1_53' title='bbox 1858 840 2032 895; x_wconf 85' lang='lat' dir='ltr'><strong>dicam</strong></span> <span class='ocrx_word' id='word_1_54' title='bbox 2066 840 2183 911; x_wconf 85' lang='lat' dir='ltr'><strong>phi-</strong></span> 
     </span>
    </p>
   </div>
   <div class='ocr_carea' id='block_1_8' title="bbox 595 931 2183 1002">
    <p class='ocr_par' dir='ltr' id='par_1_8' title="bbox 595 931 2183 1002">
     <span class='ocr_line' id='line_1_8' title="bbox 595 931 2183 1002; baseline -0.001 -15"><span class='ocrx_word' id='word_1_55' title='bbox 595 932 887 1002; x_wconf 89' lang='lat' dir='ltr'><strong>losophans</strong></span> <span class='ocrx_word' id='word_1_56' title='bbox 898 931 965 988; x_wconf 91' lang='lat' dir='ltr'><strong>de</strong></span> <span class='ocrx_word' id='word_1_57' title='bbox 983 931 1399 988; x_wconf 83' lang='lat' dir='ltr'><strong>resurrectione.</strong></span> <span class='ocrx_word' id='word_1_58' title='bbox 1424 931 1639 1001; x_wconf 83' lang='lat' dir='ltr'><strong>Quare?</strong></span> <span class='ocrx_word' id='word_1_59' title='bbox 1652 931 1915 997; x_wconf 87' lang='lat' dir='ltr'><strong>Quoniam</strong></span> <span class='ocrx_word' id='word_1_60' title='bbox 1934 946 2039 986; x_wconf 90' lang='lat' dir='ltr'><strong>non</strong></span> <span class='ocrx_word' id='word_1_61' title='bbox 2062 946 2183 1001; x_wconf 69' lang='lat' dir='ltr'><strong>qua-</strong></span> 
     </span>
    </p>
   </div>
   <div class='ocr_carea' id='block_1_9' title="bbox 592 1023 2184 1095">
    <p class='ocr_par' dir='ltr' id='par_1_9' title="bbox 592 1023 2184 1095">
     <span class='ocr_line' id='line_1_9' title="bbox 592 1023 2184 1095; baseline -0.001 -14"><span class='ocrx_word' id='word_1_62' title='bbox 592 1041 623 1081; x_wconf 90' lang='lat' dir='ltr'><strong>a</strong></span> <span class='ocrx_word' id='word_1_63' title='bbox 654 1042 740 1081; x_wconf 90' lang='lat' dir='ltr'><strong>me</strong></span> <span class='ocrx_word' id='word_1_64' title='bbox 769 1024 1021 1081; x_wconf 91' lang='lat' dir='ltr'><strong>dicuntur</strong></span> <span class='ocrx_word' id='word_1_65' title='bbox 1064 1023 1349 1081; x_wconf 89' lang='lat' dir='ltr'><strong>attendunt</strong></span> <span class='ocrx_word' id='word_1_66' title='bbox 1373 1023 1546 1079; x_wconf 75' lang='lat' dir='ltr'><strong>Grmci</strong></span> <span class='ocrx_word' id='word_1_67' title='bbox 1576 1065 1590 1091; x_wconf 98' lang='lat'><strong>,</strong></span> <span class='ocrx_word' id='word_1_68' title='bbox 1642 1023 1735 1078; x_wconf 85' lang='lat' dir='ltr'><strong>sed</strong></span> <span class='ocrx_word' id='word_1_69' title='bbox 1788 1038 1909 1095; x_wconf 69' lang='lat' dir='ltr'><strong>quas</strong></span> <span class='ocrx_word' id='word_1_70' title='bbox 1959 1039 1988 1077; x_wconf 90' lang='lat' dir='ltr'><strong>a</strong></span> <span class='ocrx_word' id='word_1_71' title='bbox 2030 1023 2184 1080; x_wconf 89' lang='lat' dir='ltr'><strong>vobis</strong></span> 
     </span>
    </p>
   </div>
   <div class='ocr_carea' id='block_1_10' title="bbox 596 1113 2185 1185">
    <p class='ocr_par' dir='ltr' id='par_1_10' title="bbox 596 1113 2185 1185">
     <span class='ocr_line' id='line_1_10' title="bbox 596 1113 2185 1185; baseline -0.004 -11"><span class='ocrx_word' id='word_1_72' title='bbox 596 1120 732 1174; x_wconf 76' lang='lat' dir='ltr'><strong>fiunt</strong></span> <span class='ocrx_word' id='word_1_73' title='bbox 765 1136 778 1173; x_wconf 91' lang='lat'><strong>:</strong></span> <span class='ocrx_word' id='word_1_74' title='bbox 808 1118 988 1173; x_wconf 83' lang='lat' dir='ltr'><strong>statim</strong></span> <span class='ocrx_word' id='word_1_75' title='bbox 1033 1118 1177 1173; x_wconf 90' lang='lat' dir='ltr'><strong>enim</strong></span> <span class='ocrx_word' id='word_1_76' title='bbox 1225 1115 1406 1170; x_wconf 80' lang='lat' dir='ltr'><strong>dicent</strong></span> <span class='ocrx_word' id='word_1_77' title='bbox 1439 1132 1453 1169; x_wconf 89' lang='lat'><strong>:</strong></span> <span class='ocrx_word' id='word_1_78' title='bbox 1495 1113 1719 1181; x_wconf 84' lang='lat' dir='ltr'><strong>Quando</strong></span> <span class='ocrx_word' id='word_1_79' title='bbox 1759 1115 1954 1185; x_wconf 91' lang='lat' dir='ltr'><strong>poterit</strong></span> <span class='ocrx_word' id='word_1_80' title='bbox 1994 1130 2061 1169; x_wconf 80' lang='lat' dir='ltr'><strong>ex</strong></span> <span class='ocrx_word' id='word_1_81' title='bbox 2101 1114 2185 1169; x_wconf 86' lang='lat' dir='ltr'><strong>his</strong></span> 
     </span>
    </p>
   </div>
   <div class='ocr_carea' id='block_1_11' title="bbox 595 1205 2182 1281">
    <p class='ocr_par' dir='ltr' id='par_1_11' title="bbox 595 1205 2182 1281">
     <span class='ocr_line' id='line_1_11' title="bbox 595 1205 2182 1281; baseline -0.004 -15"><span class='ocrx_word' id='word_1_82' title='bbox 595 1212 879 1281; x_wconf 80' lang='lat' dir='ltr'><strong>quisquam</strong></span> <span class='ocrx_word' id='word_1_83' title='bbox 909 1218 1137 1265; x_wconf 89' lang='lat' dir='ltr'><strong>mortem</strong></span> <span class='ocrx_word' id='word_1_84' title='bbox 1168 1207 1472 1277; x_wconf 85' lang='lat' dir='ltr'><strong>despicere,</strong></span> <span class='ocrx_word' id='word_1_85' title='bbox 1517 1206 1607 1277; x_wconf 89' lang='lat' dir='ltr'><strong>qui</strong></span> <span class='ocrx_word' id='word_1_86' title='bbox 1638 1222 1707 1262; x_wconf 91' lang='lat' dir='ltr'><strong>nc</strong></span> <span class='ocrx_word' id='word_1_87' title='bbox 1750 1214 1928 1275; x_wconf 81' lang='lat' dir='ltr'><strong>potest</strong></span> <span class='ocrx_word' id='word_1_88' title='bbox 1967 1205 2182 1275; x_wconf 88' lang='lat' dir='ltr'><strong>quidem</strong></span> 
     </span>
    </p>
   </div>
   <div class='ocr_carea' id='block_1_12' title="bbox 597 1297 2186 1368">
    <p class='ocr_par' dir='ltr' id='par_1_12' title="bbox 597 1297 2186 1368">
     <span class='ocr_line' id='line_1_12' title="bbox 597 1297 2186 1368; baseline -0.003 -11"><span class='ocrx_word' id='word_1_89' title='bbox 597 1304 759 1357; x_wconf 87' lang='lat' dir='ltr'><strong>alium</strong></span> <span class='ocrx_word' id='word_1_90' title='bbox 782 1302 967 1358; x_wconf 88' lang='lat' dir='ltr'><strong>videre</strong></span> <span class='ocrx_word' id='word_1_91' title='bbox 994 1310 1261 1356; x_wconf 92' lang='lat' dir='ltr'><strong>mortuum</strong></span> <span class='ocrx_word' id='word_1_92' title='bbox 1279 1300 1305 1353; x_wconf 92' lang='lat'><strong>?</strong></span> <span class='ocrx_word' id='word_1_93' title='bbox 1335 1298 1561 1353; x_wconf 80' lang='lat' dir='ltr'><strong>Pulchra</strong></span> <span class='ocrx_word' id='word_1_94' title='bbox 1590 1308 1714 1353; x_wconf 90' lang='lat' dir='ltr'><strong>sunt</strong></span> <span class='ocrx_word' id='word_1_95' title='bbox 1743 1313 1863 1368; x_wconf 74' lang='lat' dir='ltr'><strong>qum</strong></span> <span class='ocrx_word' id='word_1_96' title='bbox 1891 1297 2031 1352; x_wconf 82' lang='lat' dir='ltr'><strong>dicta</strong></span> <span class='ocrx_word' id='word_1_97' title='bbox 2060 1306 2186 1353; x_wconf 90' lang='lat' dir='ltr'><strong>sunt</strong></span> 
     </span>
    </p>
   </div>
   <div class='ocr_carea' id='block_1_13' title="bbox 598 1389 2186 1462">
    <p class='ocr_par' dir='ltr' id='par_1_13' title="bbox 598 1389 2186 1462">
     <span class='ocr_line' id='line_1_13' title="bbox 598 1389 2186 1462; baseline -0.003 -13"><span class='ocrx_word' id='word_1_98' title='bbox 598 1413 627 1449; x_wconf 88' lang='lat' dir='ltr'><strong>a</strong></span> <span class='ocrx_word' id='word_1_99' title='bbox 668 1394 854 1461; x_wconf 86' lang='lat' dir='ltr'><strong>Paulo,</strong></span> <span class='ocrx_word' id='word_1_100' title='bbox 908 1402 964 1449; x_wconf 88' lang='lat' dir='ltr'><strong>et</strong></span> <span class='ocrx_word' id='word_1_101' title='bbox 1000 1393 1155 1461; x_wconf 88' lang='lat' dir='ltr'><strong>digna</strong></span> <span class='ocrx_word' id='word_1_102' title='bbox 1212 1391 1360 1447; x_wconf 73' lang='lat' dir='ltr'><strong>cmlis</strong></span> <span class='ocrx_word' id='word_1_103' title='bbox 1401 1390 1603 1462; x_wconf 89' lang='lat' dir='ltr'><strong>Deique</strong></span> <span class='ocrx_word' id='word_1_104' title='bbox 1644 1390 1969 1459; x_wconf 78' lang='lat' dir='ltr'><strong>benignitate</strong></span> <span class='ocrx_word' id='word_1_105' title='bbox 2002 1406 2015 1443; x_wconf 94' lang='lat'><strong>:</strong></span> <span class='ocrx_word' id='word_1_106' title='bbox 2058 1389 2186 1459; x_wconf 92' lang='lat' dir='ltr'><strong>quid</strong></span> 
     </span>
    </p>
   </div>
   <div class='ocr_carea' id='block_1_14' title="bbox 598 1482 2187 1554">
    <p class='ocr_par' dir='ltr' id='par_1_14' title="bbox 598 1482 2187 1554">
     <span class='ocr_line' id='line_1_14' title="bbox 598 1482 2187 1554; baseline -0.003 -13"><span class='ocrx_word' id='word_1_107' title='bbox 598 1488 742 1541; x_wconf 85' lang='lat' dir='ltr'><strong>enim</strong></span> <span class='ocrx_word' id='word_1_108' title='bbox 764 1485 928 1541; x_wconf 87' lang='lat' dir='ltr'><strong>dicit?</strong></span> <span class='ocrx_word' id='word_1_109' title='bbox 953 1484 1015 1538; x_wconf 84' lang='lat' dir='ltr'><strong>Et</strong></span> <span class='ocrx_word' id='word_1_110' title='bbox 1042 1482 1269 1538; x_wconf 86' lang='lat' dir='ltr'><strong>liberabit</strong></span> <span class='ocrx_word' id='word_1_111' title='bbox 1296 1498 1379 1536; x_wconf 89' lang='lat' dir='ltr'><strong>eos</strong></span> <span class='ocrx_word' id='word_1_112' title='bbox 1407 1483 1495 1554; x_wconf 89' lang='lat' dir='ltr'><strong>qui</strong></span> <span class='ocrx_word' id='word_1_113' title='bbox 1524 1482 1703 1536; x_wconf 79' lang='lat' dir='ltr'><strong>timore</strong></span> <span class='ocrx_word' id='word_1_114' title='bbox 1729 1482 1904 1536; x_wconf 84' lang='lat' dir='ltr'><strong>mortis</strong></span> <span class='ocrx_word' id='word_1_115' title='bbox 1926 1491 2187 1553; x_wconf 80' lang='lat' dir='ltr'><strong>perlatam</strong></span> 
     </span>
    </p>
   </div>
   <div class='ocr_carea' id='block_1_15' title="bbox 599 1573 2189 1634">
    <p class='ocr_par' dir='ltr' id='par_1_15' title="bbox 599 1573 2189 1634">
     <span class='ocr_line' id='line_1_15' title="bbox 599 1573 2189 1634; baseline -0.001 0"><span class='ocrx_word' id='word_1_116' title='bbox 599 1583 752 1634; x_wconf 70' lang='lat' dir='ltr'><strong>vitam</strong></span> <span class='ocrx_word' id='word_1_117' title='bbox 780 1578 984 1634; x_wconf 73' lang='lat' dir='ltr'><strong>obnoxii</strong></span> <span class='ocrx_word' id='word_1_118' title='bbox 1014 1586 1158 1634; x_wconf 87' lang='lat' dir='ltr'><strong>erant</strong></span> <span class='ocrx_word' id='word_1_119' title='bbox 1188 1576 1431 1631; x_wconf 73' lang='lat' dir='ltr'><strong>servituti.</strong></span> <span class='ocrx_word' id='word_1_120' title='bbox 1464 1573 1570 1630; x_wconf 90' lang='lat' dir='ltr'><strong>Sed</strong></span> <span class='ocrx_word' id='word_1_121' title='bbox 1600 1590 1703 1629; x_wconf 92' lang='lat' dir='ltr'><strong>non</strong></span> <span class='ocrx_word' id='word_1_122' title='bbox 1733 1574 1906 1629; x_wconf 90' lang='lat' dir='ltr'><strong>sinitis</strong></span> <span class='ocrx_word' id='word_1_123' title='bbox 1947 1590 2046 1630; x_wconf 87' lang='lat' dir='ltr'><strong>nos</strong></span> <span class='ocrx_word' id='word_1_124' title='bbox 2074 1574 2189 1632; x_wconf 66' lang='lat' dir='ltr'><strong>hazc</strong></span> 
     </span>
    </p>
   </div>
   <div class='ocr_carea' id='block_1_16' title="bbox 598 1668 2187 1745">
    <p class='ocr_par' dir='ltr' id='par_1_16' title="bbox 598 1668 2187 1745">
     <span class='ocr_line' id='line_1_16' title="bbox 598 1668 2187 1745; baseline -0.003 -13"><span class='ocrx_word' id='word_1_125' title='bbox 598 1674 840 1739; x_wconf 64' lang='grc' dir='ltr'><strong>ενιγιιρνοι,</strong></span> <span class='ocrx_word' id='word_1_126' title='bbox 874 1688 972 1745; x_wconf 74' lang='lat' dir='ltr'><strong>per</strong></span> <span class='ocrx_word' id='word_1_127' title='bbox 1000 1670 1116 1743; x_wconf 90' lang='lat' dir='ltr'><strong>ipsa</strong></span> <span class='ocrx_word' id='word_1_128' title='bbox 1143 1671 1278 1726; x_wconf 87' lang='lat' dir='ltr'><strong>facta</strong></span> <span class='ocrx_word' id='word_1_129' title='bbox 1319 1668 1595 1725; x_wconf 84' lang='lat' dir='ltr'><strong>vobiscum</strong></span> <span class='ocrx_word' id='word_1_130' title='bbox 1628 1678 1922 1741; x_wconf 81' lang='lat' dir='ltr'><strong>pugnantes</strong></span> <span class='ocrx_word' id='word_1_131' title='bbox 1954 1684 1967 1723; x_wconf 91' lang='lat'><strong>:</strong></span> <span class='ocrx_word' id='word_1_132' title='bbox 2000 1684 2187 1743; x_wconf 81' lang='lat' dir='ltr'><strong>quam-</strong></span> 
     </span>
    </p>
   </div>
   <div class='ocr_carea' id='block_1_17' title="bbox 600 1762 2185 1837">
    <p class='ocr_par' dir='ltr' id='par_1_17' title="bbox 600 1762 2185 1837">
     <span class='ocr_line' id='line_1_17' title="bbox 600 1762 2185 1837; baseline -0.001 -16"><span class='ocrx_word' id='word_1_133' title='bbox 600 1786 758 1837; x_wconf 84' lang='lat' dir='ltr'><strong>quam</strong></span> <span class='ocrx_word' id='word_1_134' title='bbox 794 1768 932 1821; x_wconf 83' lang='lat' dir='ltr'><strong>Deus</strong></span> <span class='ocrx_word' id='word_1_135' title='bbox 970 1766 1227 1820; x_wconf 87' lang='lat' dir='ltr'><strong>adversus</strong></span> <span class='ocrx_word' id='word_1_136' title='bbox 1256 1763 1359 1819; x_wconf 93' lang='lat' dir='ltr'><strong>hoc</strong></span> <span class='ocrx_word' id='word_1_137' title='bbox 1402 1763 1568 1819; x_wconf 88' lang='lat' dir='ltr'><strong>multa</strong></span> <span class='ocrx_word' id='word_1_138' title='bbox 1596 1762 1805 1818; x_wconf 88' lang='lat' dir='ltr'><strong>dederit</strong></span> <span class='ocrx_word' id='word_1_139' title='bbox 1835 1764 2185 1833; x_wconf 81' lang='lat' dir='ltr'><strong>munimenta,</strong></span> 
     </span>
    </p>
   </div>
   <div class='ocr_carea' id='block_1_18' title="bbox 607 1846 2189 1926">
    <p class='ocr_par' dir='ltr' id='par_1_18' title="bbox 607 1846 2189 1926">
     <span class='ocr_line' id='line_1_18' title="bbox 607 1846 2189 1926; baseline 0.004 -18"><span class='ocrx_word' id='word_1_140' title='bbox 607 1865 663 1909; x_wconf 91' lang='lat' dir='ltr'><strong>ut</strong></span> <span class='ocrx_word' id='word_1_141' title='bbox 692 1855 830 1913; x_wconf 90' lang='lat' dir='ltr'><strong>haue</strong></span> <span class='ocrx_word' id='word_1_142' title='bbox 862 1872 1083 1926; x_wconf 81' lang='lat' dir='ltr'><strong>pravam</strong></span> <span class='ocrx_word' id='word_1_143' title='bbox 1133 1857 1351 1913; x_wconf 90' lang='lat' dir='ltr'><strong>tolleret</strong></span> <span class='ocrx_word' id='word_1_144' title='bbox 1403 1846 1865 1915; x_wconf 86' lang='lat' dir='ltr'><strong>consuetudinem.</strong></span> <span class='ocrx_word' id='word_1_145' title='bbox 1917 1859 2072 1925; x_wconf 89' lang='lat' dir='ltr'><strong>Nam,</strong></span> <span class='ocrx_word' id='word_1_146' title='bbox 2100 1858 2189 1914; x_wconf 91' lang='lat' dir='ltr'><strong>dic</strong></span> 
     </span>
    </p>
   </div>
   <div class='ocr_carea' id='block_1_19' title="bbox 605 1934 2192 2022">
    <p class='ocr_par' dir='ltr' id='par_1_19' title="bbox 605 1934 2192 2022">
     <span class='ocr_line' id='line_1_19' title="bbox 605 1934 2192 2022; baseline 0.006 -21"><span class='ocrx_word' id='word_1_147' title='bbox 605 1948 758 2015; x_wconf 87' lang='lat' dir='ltr'><strong>mihi,</strong></span> <span class='ocrx_word' id='word_1_148' title='bbox 807 1948 935 2019; x_wconf 89' lang='lat' dir='ltr'><strong>quid</strong></span> <span class='ocrx_word' id='word_1_149' title='bbox 972 1934 1075 2005; x_wconf 86' lang='lat' dir='ltr'><strong>sibi</strong></span> <span class='ocrx_word' id='word_1_150' title='bbox 1117 1950 1301 2006; x_wconf 92' lang='lat' dir='ltr'><strong>volunt</strong></span> <span class='ocrx_word' id='word_1_151' title='bbox 1341 1951 1501 2006; x_wconf 75' lang='lat' dir='ltr'><strong>clara:</strong></span> <span class='ocrx_word' id='word_1_152' title='bbox 1547 1952 1856 2022; x_wconf 87' lang='lat' dir='ltr'><strong>lampades?</strong></span> <span class='ocrx_word' id='word_1_153' title='bbox 1883 1967 2061 2008; x_wconf 90' lang='lat' dir='ltr'><strong>annon</strong></span> <span class='ocrx_word' id='word_1_154' title='bbox 2096 1966 2192 2010; x_wconf 87' lang='lat' dir='ltr'><strong>eos</strong></span> 
     </span>
    </p>
   </div>
   <div class='ocr_carea' id='block_1_20' title="bbox 603 2041 2191 2115">
    <p class='ocr_par' dir='ltr' id='par_1_20' title="bbox 603 2041 2191 2115">
     <span class='ocr_line' id='line_1_20' title="bbox 603 2041 2191 2115; baseline 0.004 -23"><span class='ocrx_word' id='word_1_155' title='bbox 603 2050 876 2110; x_wconf 85' lang='lat' dir='ltr'><strong>tamquam</strong></span> <span class='ocrx_word' id='word_1_156' title='bbox 916 2042 1146 2096; x_wconf 81' lang='lat' dir='ltr'><strong>athletas</strong></span> <span class='ocrx_word' id='word_1_157' title='bbox 1173 2041 1529 2097; x_wconf 90' lang='lat' dir='ltr'><strong>deducimus?</strong></span> <span class='ocrx_word' id='word_1_158' title='bbox 1566 2044 1692 2114; x_wconf 91' lang='lat' dir='ltr'><strong>quid</strong></span> <span class='ocrx_word' id='word_1_159' title='bbox 1734 2055 1911 2099; x_wconf 88' lang='lat' dir='ltr'><strong>autem</strong></span> <span class='ocrx_word' id='word_1_160' title='bbox 1954 2044 2191 2115; x_wconf 82' lang='lat' dir='ltr'><strong>hymni?</strong></span> 
     </span>
    </p>
   </div>
   <div class='ocr_carea' id='block_1_21' title="bbox 600 2133 2189 2207">
    <p class='ocr_par' dir='ltr' id='par_1_21' title="bbox 600 2133 2189 2207">
     <span class='ocr_line' id='line_1_21' title="bbox 600 2133 2189 2207; baseline 0.003 -20"><span class='ocrx_word' id='word_1_161' title='bbox 600 2148 781 2188; x_wconf 84' lang='lat' dir='ltr'><strong>annon</strong></span> <span class='ocrx_word' id='word_1_162' title='bbox 806 2133 971 2189; x_wconf 87' lang='lat' dir='ltr'><strong>Deum</strong></span> <span class='ocrx_word' id='word_1_163' title='bbox 992 2133 1351 2205; x_wconf 83' lang='lat' dir='ltr'><strong>glorificamus</strong></span> <span class='ocrx_word' id='word_1_164' title='bbox 1372 2144 1424 2190; x_wconf 88' lang='lat' dir='ltr'><strong>et</strong></span> <span class='ocrx_word' id='word_1_165' title='bbox 1440 2135 1639 2205; x_wconf 82' lang='lat' dir='ltr'><strong>gratias</strong></span> <span class='ocrx_word' id='word_1_166' title='bbox 1658 2136 1884 2207; x_wconf 79' lang='lat' dir='ltr'><strong>agimus,</strong></span> <span class='ocrx_word' id='word_1_167' title='bbox 1902 2136 2045 2207; x_wconf 90' lang='lat' dir='ltr'><strong>quod</strong></span> <span class='ocrx_word' id='word_1_168' title='bbox 2063 2150 2189 2191; x_wconf 89' lang='lat' dir='ltr'><strong>eum</strong></span> 
     </span>
    </p>
   </div>
   <div class='ocr_carea' id='block_1_22' title="bbox 601 2226 2188 2300">
    <p class='ocr_par' dir='ltr' id='par_1_22' title="bbox 601 2226 2188 2300">
     <span class='ocr_line' id='line_1_22' title="bbox 601 2226 2188 2300; baseline 0.004 -21"><span class='ocrx_word' id='word_1_169' title='bbox 601 2227 692 2295; x_wconf 89' lang='lat' dir='ltr'><strong>qui</strong></span> <span class='ocrx_word' id='word_1_170' title='bbox 724 2226 958 2281; x_wconf 77' lang='lat' dir='ltr'><strong>excessit</strong></span> <span class='ocrx_word' id='word_1_171' title='bbox 990 2226 1099 2296; x_wconf 85' lang='lat' dir='ltr'><strong>jam</strong></span> <span class='ocrx_word' id='word_1_172' title='bbox 1130 2229 1490 2295; x_wconf 79' lang='lat' dir='ltr'><strong>eoi-enaverit,</strong></span> <span class='ocrx_word' id='word_1_173' title='bbox 1521 2229 1661 2300; x_wconf 89' lang='lat' dir='ltr'><strong>quod</strong></span> <span class='ocrx_word' id='word_1_174' title='bbox 1693 2244 1721 2283; x_wconf 91' lang='lat' dir='ltr'><strong>a</strong></span> <span class='ocrx_word' id='word_1_175' title='bbox 1754 2229 2024 2285; x_wconf 88' lang='lat' dir='ltr'><strong>laboribus</strong></span> <span class='ocrx_word' id='word_1_176' title='bbox 2052 2229 2188 2285; x_wconf 88' lang='lat' dir='ltr'><strong>libe-</strong></span> 
     </span>
    </p>
   </div>
   <div class='ocr_carea' id='block_1_23' title="bbox 603 2318 2185 2391">
    <p class='ocr_par' dir='ltr' id='par_1_23' title="bbox 603 2318 2185 2391">
     <span class='ocr_line' id='line_1_23' title="bbox 603 2318 2185 2391; baseline 0.002 -19"><span class='ocrx_word' id='word_1_177' title='bbox 603 2319 821 2385; x_wconf 86' lang='lat' dir='ltr'><strong>raverit,</strong></span> <span class='ocrx_word' id='word_1_178' title='bbox 850 2318 992 2390; x_wconf 90' lang='lat' dir='ltr'><strong>quod</strong></span> <span class='ocrx_word' id='word_1_179' title='bbox 1030 2319 1202 2389; x_wconf 88' lang='lat' dir='ltr'><strong>ejecto</strong></span> <span class='ocrx_word' id='word_1_180' title='bbox 1228 2330 1371 2375; x_wconf 92' lang='lat' dir='ltr'><strong>metu</strong></span> <span class='ocrx_word' id='word_1_181' title='bbox 1410 2335 1531 2375; x_wconf 91' lang='lat' dir='ltr'><strong>eum</strong></span> <span class='ocrx_word' id='word_1_182' title='bbox 1560 2320 1698 2391; x_wconf 91' lang='lat' dir='ltr'><strong>apud</strong></span> <span class='ocrx_word' id='word_1_183' title='bbox 1728 2336 1787 2377; x_wconf 91' lang='lat' dir='ltr'><strong>se</strong></span> <span class='ocrx_word' id='word_1_184' title='bbox 1824 2320 2053 2377; x_wconf 86' lang='lat' dir='ltr'><strong>habeat?</strong></span> <span class='ocrx_word' id='word_1_185' title='bbox 2080 2336 2185 2376; x_wconf 92' lang='lat' dir='ltr'><strong>non</strong></span> 
     </span>
    </p>
   </div>
   <div class='ocr_carea' id='block_1_24' title="bbox 602 2408 2183 2483">
    <p class='ocr_par' dir='ltr' id='par_1_24' title="bbox 602 2408 2183 2483">
     <span class='ocr_line' id='line_1_24' title="bbox 602 2408 2183 2483; baseline 0.004 -20"><span class='ocrx_word' id='word_1_186' title='bbox 602 2408 726 2464; x_wconf 90' lang='lat' dir='ltr'><strong>ideo</strong></span> <span class='ocrx_word' id='word_1_187' title='bbox 768 2418 893 2465; x_wconf 89' lang='lat' dir='ltr'><strong>sunt</strong></span> <span class='ocrx_word' id='word_1_188' title='bbox 940 2410 1166 2482; x_wconf 84' lang='lat' dir='ltr'><strong>hymni?</strong></span> <span class='ocrx_word' id='word_1_189' title='bbox 1194 2425 1299 2465; x_wconf 90' lang='lat' dir='ltr'><strong>non</strong></span> <span class='ocrx_word' id='word_1_190' title='bbox 1327 2411 1447 2467; x_wconf 92' lang='lat' dir='ltr'><strong>ideo</strong></span> <span class='ocrx_word' id='word_1_191' title='bbox 1470 2412 1820 2483; x_wconf 79' lang='lat' dir='ltr'><strong>psalmodiae?</strong></span> <span class='ocrx_word' id='word_1_192' title='bbox 1853 2413 1979 2469; x_wconf 72' lang='lat' dir='ltr'><strong>[Lee</strong></span> <span class='ocrx_word' id='word_1_193' title='bbox 2004 2413 2183 2470; x_wconf 89' lang='lat' dir='ltr'><strong>omnia</strong></span> 
     </span>
    </p>
   </div>
   <div class='ocr_carea' id='block_1_25' title="bbox 600 2502 2186 2575">
    <p class='ocr_par' dir='ltr' id='par_1_25' title="bbox 600 2502 2186 2575">
     <span class='ocr_line' id='line_1_25' title="bbox 600 2502 2186 2575; baseline 0.003 -19"><span class='ocrx_word' id='word_1_194' title='bbox 600 2512 726 2557; x_wconf 92' lang='lat' dir='ltr'><strong>sunt</strong></span> <span class='ocrx_word' id='word_1_195' title='bbox 752 2502 1047 2557; x_wconf 70' lang='lat' dir='ltr'><strong>lmtantium</strong></span> <span class='ocrx_word' id='word_1_196' title='bbox 1082 2519 1097 2558; x_wconf 93' lang='lat'>:</span> <span class='ocrx_word' id='word_1_197' title='bbox 1124 2502 1217 2557; x_wconf 84' lang='lat' dir='ltr'><strong>Est</strong></span> <span class='ocrx_word' id='word_1_198' title='bbox 1242 2505 1373 2558; x_wconf 89' lang='lat' dir='ltr'><strong>enim</strong></span> <span class='ocrx_word' id='word_1_199' title='bbox 1400 2505 1670 2575; x_wconf 86' lang='lat' dir='ltr'><strong>quispiam,</strong></span> <span class='ocrx_word' id='word_1_200' title='bbox 1706 2505 1897 2575; x_wconf 88' lang='lat' dir='ltr'><strong>inquit,</strong></span> <span class='ocrx_word' id='word_1_201' title='bbox 1926 2506 2044 2561; x_wconf 73' lang='lat' dir='ltr'><strong>aeto</strong></span> <span class='ocrx_word' id='word_1_202' title='bbox 2070 2507 2186 2560; x_wconf 86' lang='lat' dir='ltr'><strong>ani-</strong></span> 
     </span>
    </p>
   </div>
   <div class='ocr_carea' id='block_1_26' title="bbox 601 2591 2186 2667">
    <p class='ocr_par' dir='ltr' id='par_1_26' title="bbox 601 2591 2186 2667">
     <span class='ocr_line' id='line_1_26' title="bbox 601 2591 2186 2667; baseline 0.005 -22"><span class='ocrx_word' id='word_1_203' title='bbox 601 2593 722 2647; x_wconf 82' lang='lat' dir='ltr'><strong>mo?</strong></span> <span class='ocrx_word' id='word_1_204' title='bbox 760 2592 948 2661; x_wconf 82' lang='lat' dir='ltr'><strong>psallat</strong></span> <span class='ocrx_word' id='word_1_205' title='bbox 995 2591 1161 2666; x_wconf 84' lang='lat' dir='ltr'><strong>(Jac.</strong></span> <span class='ocrx_word' id='word_1_206' title='bbox 1201 2593 1257 2649; x_wconf 88' lang='lat'><strong>5.</strong></span> <span class='ocrx_word' id='word_1_207' title='bbox 1302 2592 1425 2667; x_wconf 79' lang='grc'><strong>15).</strong></span> <span class='ocrx_word' id='word_1_208' title='bbox 1472 2593 1577 2651; x_wconf 88' lang='lat' dir='ltr'><strong>Sed</strong></span> <span class='ocrx_word' id='word_1_209' title='bbox 1623 2597 1719 2651; x_wconf 87' lang='lat' dir='ltr'><strong>hos</strong></span> <span class='ocrx_word' id='word_1_210' title='bbox 1750 2612 1855 2652; x_wconf 90' lang='lat' dir='ltr'><strong>non</strong></span> <span class='ocrx_word' id='word_1_211' title='bbox 1904 2597 2186 2653; x_wconf 87' lang='lat' dir='ltr'><strong>attendunt</strong></span> 
     </span>
    </p>
   </div>
   <div class='ocr_carea' id='block_1_27' title="bbox 600 2683 2185 2760">
    <p class='ocr_par' dir='ltr' id='par_1_27' title="bbox 600 2683 2185 2760">
     <span class='ocr_line' id='line_1_27' title="bbox 600 2683 2185 2760; baseline 0.002 -19"><span class='ocrx_word' id='word_1_212' title='bbox 600 2685 796 2741; x_wconf 68' lang='lat' dir='ltr'><strong>Graeci.</strong></span> <span class='ocrx_word' id='word_1_213' title='bbox 829 2683 905 2740; x_wconf 84' lang='lat' dir='ltr'><strong>Ne</strong></span> <span class='ocrx_word' id='word_1_214' title='bbox 952 2684 1080 2739; x_wconf 91' lang='lat' dir='ltr'><strong>mihi</strong></span> <span class='ocrx_word' id='word_1_215' title='bbox 1110 2684 1252 2740; x_wconf 90' lang='lat' dir='ltr'><strong>enim</strong></span> <span class='ocrx_word' id='word_1_216' title='bbox 1273 2726 1288 2751; x_wconf 94' lang='lat'><strong>,</strong></span> <span class='ocrx_word' id='word_1_217' title='bbox 1319 2685 1525 2756; x_wconf 90' lang='lat' dir='ltr'><strong>inquit,</strong></span> <span class='ocrx_word' id='word_1_218' title='bbox 1554 2686 1754 2743; x_wconf 81' lang='lat' dir='ltr'><strong>dixeris</strong></span> <span class='ocrx_word' id='word_1_219' title='bbox 1792 2703 1946 2755; x_wconf 91' lang='lat' dir='ltr'><strong>eum,</strong></span> <span class='ocrx_word' id='word_1_220' title='bbox 1997 2688 2087 2760; x_wconf 89' lang='lat' dir='ltr'><strong>qui</strong></span> <span class='ocrx_word' id='word_1_221' title='bbox 2117 2688 2185 2744; x_wconf 92' lang='lat' dir='ltr'><strong>ab</strong></span> 
     </span>
    </p>
   </div>
   <div class='ocr_carea' id='block_1_28' title="bbox 597 2777 2183 2849">
    <p class='ocr_par' dir='ltr' id='par_1_28' title="bbox 597 2777 2183 2849">
     <span class='ocr_line' id='line_1_28' title="bbox 597 2777 2183 2849; baseline 0.003 -18"><span class='ocrx_word' id='word_1_222' title='bbox 597 2778 762 2831; x_wconf 88' lang='lat' dir='ltr'><strong>animi</strong></span> <span class='ocrx_word' id='word_1_223' title='bbox 791 2786 934 2833; x_wconf 89' lang='lat' dir='ltr'><strong>metu</strong></span> <span class='ocrx_word' id='word_1_224' title='bbox 962 2788 1201 2833; x_wconf 90' lang='lat' dir='ltr'><strong>remotus</strong></span> <span class='ocrx_word' id='word_1_225' title='bbox 1250 2777 1685 2849; x_wconf 86' lang='lat' dir='ltr'><strong>philosophatur;</strong></span> <span class='ocrx_word' id='word_1_226' title='bbox 1729 2779 1832 2835; x_wconf 90' lang='lat' dir='ltr'><strong>hoc</strong></span> <span class='ocrx_word' id='word_1_227' title='bbox 1864 2781 2006 2835; x_wconf 89' lang='lat' dir='ltr'><strong>enim</strong></span> <span class='ocrx_word' id='word_1_228' title='bbox 2048 2779 2183 2835; x_wconf 86' lang='lat' dir='ltr'><strong>nihil</strong></span> 
     </span>
    </p>
   </div>
   <div class='ocr_carea' id='block_1_29' title="bbox 596 2870 2181 2943">
    <p class='ocr_par' dir='ltr' id='par_1_29' title="bbox 596 2870 2181 2943">
     <span class='ocr_line' id='line_1_29' title="bbox 596 2870 2181 2943; baseline 0.001 -18"><span class='ocrx_word' id='word_1_229' title='bbox 596 2879 955 2941; x_wconf 89' lang='lat' dir='ltr'><strong>estmagnum</strong></span> <span class='ocrx_word' id='word_1_230' title='bbox 985 2886 1084 2926; x_wconf 90' lang='lat' dir='ltr'><strong>nec</strong></span> <span class='ocrx_word' id='word_1_231' title='bbox 1112 2870 1429 2927; x_wconf 89' lang='lat' dir='ltr'><strong>admirabile</strong></span> <span class='ocrx_word' id='word_1_232' title='bbox 1455 2888 1469 2937; x_wconf 88' lang='lat'><strong>;</strong></span> <span class='ocrx_word' id='word_1_233' title='bbox 1517 2871 1739 2926; x_wconf 88' lang='lat' dir='ltr'><strong>ostende</strong></span> <span class='ocrx_word' id='word_1_234' title='bbox 1786 2873 1915 2927; x_wconf 91' lang='lat' dir='ltr'><strong>mihi</strong></span> <span class='ocrx_word' id='word_1_235' title='bbox 1944 2889 2065 2928; x_wconf 89' lang='lat' dir='ltr'><strong>eum</strong></span> <span class='ocrx_word' id='word_1_236' title='bbox 2091 2873 2181 2943; x_wconf 89' lang='lat' dir='ltr'><strong>qui</strong></span> 
     </span>
    </p>
   </div>
   <div class='ocr_carea' id='block_1_30' title="bbox 596 2961 2181 3033">
    <p class='ocr_par' dir='ltr' id='par_1_30' title="bbox 596 2961 2181 3033">
     <span class='ocr_line' id='line_1_30' title="bbox 596 2961 2181 3033; baseline 0.001 -15"><span class='ocrx_word' id='word_1_237' title='bbox 596 2964 649 3018; x_wconf 88' lang='lat' dir='ltr'><strong>in</strong></span> <span class='ocrx_word' id='word_1_238' title='bbox 679 2963 864 3019; x_wconf 89' lang='lat' dir='ltr'><strong>dolore</strong></span> <span class='ocrx_word' id='word_1_239' title='bbox 893 2963 1008 3033; x_wconf 91' lang='lat' dir='ltr'><strong>ipso</strong></span> <span class='ocrx_word' id='word_1_240' title='bbox 1036 2961 1473 3033; x_wconf 91' lang='lat' dir='ltr'><strong>philosophetur,</strong></span> <span class='ocrx_word' id='word_1_241' title='bbox 1516 2973 1571 3019; x_wconf 92' lang='lat' dir='ltr'><strong>et</strong></span> <span class='ocrx_word' id='word_1_242' title='bbox 1598 2973 1723 3020; x_wconf 89' lang='lat' dir='ltr'><strong>tunc</strong></span> <span class='ocrx_word' id='word_1_243' title='bbox 1760 2964 1975 3019; x_wconf 89' lang='lat' dir='ltr'><strong>credam</strong></span> <span class='ocrx_word' id='word_1_244' title='bbox 1998 2979 2181 3020; x_wconf 87' lang='lat' dir='ltr'><strong>resur-</strong></span> 
     </span>
    </p>
   </div>
   <div class='ocr_carea' id='block_1_31' title="bbox 596 3048 2181 3129">
    <p class='ocr_par' dir='ltr' id='par_1_31' title="bbox 596 3048 2181 3129">
     <span class='ocr_line' id='line_1_31' title="bbox 596 3048 2181 3129; baseline 0.003 -21"><span class='ocrx_word' id='word_1_245' title='bbox 596 3054 848 3109; x_wconf 90' lang='lat' dir='ltr'><strong>rectioni.</strong></span> <span class='ocrx_word' id='word_1_246' title='bbox 881 3048 949 3109; x_wconf 83' lang='lat' dir='ltr'><strong>Et</strong></span> <span class='ocrx_word' id='word_1_247' title='bbox 971 3054 1113 3125; x_wconf 92' lang='lat' dir='ltr'><strong>quod</strong></span> <span class='ocrx_word' id='word_1_248' title='bbox 1146 3054 1247 3110; x_wconf 92' lang='lat' dir='ltr'><strong>hoc</strong></span> <span class='ocrx_word' id='word_1_249' title='bbox 1286 3054 1483 3110; x_wconf 83' lang='lat' dir='ltr'><strong>faciant</strong></span> <span class='ocrx_word' id='word_1_250' title='bbox 1510 3056 1725 3126; x_wconf 91' lang='lat' dir='ltr'><strong>quidem</strong></span> <span class='ocrx_word' id='word_1_251' title='bbox 1778 3058 2031 3113; x_wconf 88' lang='lat' dir='ltr'><strong>mulieres</strong></span> <span class='ocrx_word' id='word_1_252' title='bbox 2060 3073 2181 3129; x_wconf 75' lang='lat' dir='ltr'><strong>qure</strong></span> 
     </span>
    </p>
   </div>
   <div class='ocr_carea' id='block_1_32' title="bbox 596 3148 2181 3222">
    <p class='ocr_par' dir='ltr' id='par_1_32' title="bbox 596 3148 2181 3222">
     <span class='ocr_line' id='line_1_32' title="bbox 596 3148 2181 3222; baseline 0.003 -21"><span class='ocrx_word' id='word_1_253' title='bbox 596 3150 647 3201; x_wconf 93' lang='lat' dir='ltr'><strong>iu</strong></span> <span class='ocrx_word' id='word_1_254' title='bbox 679 3149 835 3218; x_wconf 89' lang='lat' dir='ltr'><strong>hujus</strong></span> <span class='ocrx_word' id='word_1_255' title='bbox 864 3149 986 3204; x_wconf 84' lang='lat' dir='ltr'><strong>vitae</strong></span> <span class='ocrx_word' id='word_1_256' title='bbox 1010 3148 1154 3205; x_wconf 92' lang='lat' dir='ltr'><strong>curis</strong></span> <span class='ocrx_word' id='word_1_257' title='bbox 1175 3158 1474 3217; x_wconf 84' lang='lat' dir='ltr'><strong>versantur,</strong></span> <span class='ocrx_word' id='word_1_258' title='bbox 1506 3166 1611 3205; x_wconf 91' lang='lat' dir='ltr'><strong>non</strong></span> <span class='ocrx_word' id='word_1_259' title='bbox 1640 3159 1721 3205; x_wconf 88' lang='lat' dir='ltr'><strong>est</strong></span> <span class='ocrx_word' id='word_1_260' title='bbox 1748 3150 1963 3218; x_wconf 91' lang='lat' dir='ltr'><strong>mirum,</strong></span> <span class='ocrx_word' id='word_1_261' title='bbox 1993 3166 2181 3222; x_wconf 86' lang='lat' dir='ltr'><strong>quam-</strong></span> 
     </span>
    </p>
   </div>
   <div class='ocr_carea' id='block_1_33' title="bbox 591 3241 2180 3312">
    <p class='ocr_par' dir='ltr' id='par_1_33' title="bbox 591 3241 2180 3312">
     <span class='ocr_line' id='line_1_33' title="bbox 591 3241 2180 3312; baseline 0.004 -18"><span class='ocrx_word' id='word_1_262' title='bbox 591 3256 750 3311; x_wconf 84' lang='lat' dir='ltr'><strong>quam</strong></span> <span class='ocrx_word' id='word_1_263' title='bbox 779 3241 881 3296; x_wconf 89' lang='lat' dir='ltr'><strong>hoc</strong></span> <span class='ocrx_word' id='word_1_264' title='bbox 905 3256 1118 3312; x_wconf 89' lang='lat' dir='ltr'><strong>quoque</strong></span> <span class='ocrx_word' id='word_1_265' title='bbox 1157 3242 1227 3296; x_wconf 86' lang='lat' dir='ltr'><strong>sit</strong></span> <span class='ocrx_word' id='word_1_266' title='bbox 1257 3241 1455 3296; x_wconf 91' lang='lat' dir='ltr'><strong>malum</strong></span> <span class='ocrx_word' id='word_1_267' title='bbox 1497 3251 1551 3297; x_wconf 90' lang='lat' dir='ltr'><strong>et</strong></span> <span class='ocrx_word' id='word_1_268' title='bbox 1587 3258 1750 3312; x_wconf 86' lang='lat' dir='ltr'><strong>grave</strong></span> <span class='ocrx_word' id='word_1_269' title='bbox 1778 3260 1792 3297; x_wconf 91' lang='lat'><strong>:</strong></span> <span class='ocrx_word' id='word_1_270' title='bbox 1817 3259 1939 3298; x_wconf 91' lang='lat' dir='ltr'><strong>nam</strong></span> <span class='ocrx_word' id='word_1_271' title='bbox 1992 3244 2061 3300; x_wconf 86' lang='lat' dir='ltr'><strong>ab</strong></span> <span class='ocrx_word' id='word_1_272' title='bbox 2116 3244 2180 3300; x_wconf 90' lang='lat' dir='ltr'><strong>iis</strong></span> 
     </span>
    </p>
   </div>
   <div class='ocr_carea' id='block_1_34' title="bbox 589 3334 2176 3408">
    <p class='ocr_par' dir='ltr' id='par_1_34' title="bbox 589 3334 2176 3408">
     <span class='ocr_line' id='line_1_34' title="bbox 589 3334 2176 3408; baseline 0.004 -21"><span class='ocrx_word' id='word_1_273' title='bbox 589 3350 804 3405; x_wconf 88' lang='lat' dir='ltr'><strong>quoque</strong></span> <span class='ocrx_word' id='word_1_274' title='bbox 852 3334 1039 3389; x_wconf 90' lang='lat' dir='ltr'><strong>eadem</strong></span> <span class='ocrx_word' id='word_1_275' title='bbox 1094 3334 1323 3405; x_wconf 80' lang='lat' dir='ltr'><strong>exigitur</strong></span> <span class='ocrx_word' id='word_1_276' title='bbox 1375 3335 1711 3406; x_wconf 89' lang='lat' dir='ltr'><strong>philosophia</strong></span> <span class='ocrx_word' id='word_1_277' title='bbox 1768 3354 1783 3391; x_wconf 92' lang='lat'><strong>:</strong></span> <span class='ocrx_word' id='word_1_278' title='bbox 1827 3338 2176 3408; x_wconf 88' lang='lat' dir='ltr'><strong>quamobrem</strong></span> 
     </span>
    </p>
   </div>
   <div class='ocr_carea' id='block_1_35' title="bbox 591 3427 2178 3498">
    <p class='ocr_par' dir='ltr' id='par_1_35' title="bbox 591 3427 2178 3498">
     <span class='ocr_line' id='line_1_35' title="bbox 591 3427 2178 3498; baseline 0.002 -15"><span class='ocrx_word' id='word_1_279' title='bbox 591 3429 788 3483; x_wconf 79' lang='lat' dir='ltr'><strong>Paulus</strong></span> <span class='ocrx_word' id='word_1_280' title='bbox 819 3442 1033 3498; x_wconf 90' lang='lat' dir='ltr'><strong>quoque</strong></span> <span class='ocrx_word' id='word_1_281' title='bbox 1057 3428 1184 3482; x_wconf 91' lang='lat' dir='ltr'><strong>dicit</strong></span> <span class='ocrx_word' id='word_1_282' title='bbox 1218 3444 1232 3481; x_wconf 88' lang='lat'><strong>:</strong></span> <span class='ocrx_word' id='word_1_283' title='bbox 1265 3427 1344 3481; x_wconf 89' lang='lat' dir='ltr'><strong>De</strong></span> <span class='ocrx_word' id='word_1_284' title='bbox 1368 3428 1731 3483; x_wconf 75' lang='lat' dir='ltr'><strong>dormientibus</strong></span> <span class='ocrx_word' id='word_1_285' title='bbox 1752 3440 1921 3484; x_wconf 88' lang='lat' dir='ltr'><strong>autem</strong></span> <span class='ocrx_word' id='word_1_286' title='bbox 1950 3432 2067 3485; x_wconf 88' lang='lat' dir='ltr'><strong>nolo</strong></span> <span class='ocrx_word' id='word_1_287' title='bbox 2093 3448 2178 3487; x_wconf 83' lang='lat' dir='ltr'><strong>vos</strong></span> 
     </span>
    </p>
   </div>
   <div class='ocr_carea' id='block_1_36' title="bbox 588 3521 2180 3589">
    <p class='ocr_par' dir='ltr' id='par_1_36' title="bbox 588 3521 2180 3589">
     <span class='ocr_line' id='line_1_36' title="bbox 588 3521 2180 3589; baseline 0.003 -16"><span class='ocrx_word' id='word_1_288' title='bbox 588 3523 845 3589; x_wconf 84' lang='lat' dir='ltr'><strong>ignorare,</strong></span> <span class='ocrx_word' id='word_1_289' title='bbox 877 3521 1081 3588; x_wconf 78' lang='lat' dir='ltr'><strong>fratres,</strong></span> <span class='ocrx_word' id='word_1_290' title='bbox 1110 3528 1165 3573; x_wconf 82' lang='lat' dir='ltr'><strong>ut</strong></span> <span class='ocrx_word' id='word_1_291' title='bbox 1212 3537 1314 3574; x_wconf 86' lang='lat' dir='ltr'><strong>non</strong></span> <span class='ocrx_word' id='word_1_292' title='bbox 1355 3522 1738 3589; x_wconf 85' lang='lat' dir='ltr'><strong>contristemini,</strong></span> <span class='ocrx_word' id='word_1_293' title='bbox 1769 3522 1897 3576; x_wconf 81' lang='lat' dir='ltr'><strong>sicut</strong></span> <span class='ocrx_word' id='word_1_294' title='bbox 1933 3532 1980 3576; x_wconf 91' lang='lat' dir='ltr'><strong>et</strong></span> <span class='ocrx_word' id='word_1_295' title='bbox 2009 3523 2180 3577; x_wconf 65' lang='lat' dir='ltr'><strong>caeteri</strong></span> 
     </span>
    </p>
   </div>
   <div class='ocr_carea' id='block_1_37' title="bbox 588 3610 2177 3684">
    <p class='ocr_par' dir='ltr' id='par_1_37' title="bbox 588 3610 2177 3684">
     <span class='ocr_line' id='line_1_37' title="bbox 588 3610 2177 3684; baseline 0.004 -21"><span class='ocrx_word' id='word_1_296' title='bbox 588 3613 677 3683; x_wconf 80' lang='lat' dir='ltr'><strong>qui</strong></span> <span class='ocrx_word' id='word_1_297' title='bbox 701 3630 839 3681; x_wconf 82' lang='lat' dir='ltr'><strong>spem</strong></span> <span class='ocrx_word' id='word_1_298' title='bbox 862 3628 962 3666; x_wconf 85' lang='lat' dir='ltr'><strong>non</strong></span> <span class='ocrx_word' id='word_1_299' title='bbox 988 3612 1170 3665; x_wconf 80' lang='lat' dir='ltr'><strong>habent</strong></span> <span class='ocrx_word' id='word_1_300' title='bbox 1192 3610 1211 3684; x_wconf 93' lang='lat'>(</span> <span class='ocrx_word' id='word_1_301' title='bbox 1234 3612 1282 3666; x_wconf 97' lang='grc'><strong>1.</strong></span> <span class='ocrx_word' id='word_1_302' title='bbox 1318 3611 1493 3667; x_wconf 80' lang='lat' dir='ltr'><strong>Thess.</strong></span> <span class='ocrx_word' id='word_1_303' title='bbox 1517 3614 1569 3668; x_wconf 76' lang='grc'><strong>4.</strong></span> <span class='ocrx_word' id='word_1_304' title='bbox 1600 3612 1668 3669; x_wconf 75' lang='grc'><strong>12</strong></span> <span class='ocrx_word' id='word_1_305' title='bbox 1691 3614 1731 3684; x_wconf 91' lang='grc'><strong>).</strong></span> <span class='ocrx_word' id='word_1_306' title='bbox 1751 3613 1867 3668; x_wconf 88' lang='lat' dir='ltr'><strong>Non</strong></span> <span class='ocrx_word' id='word_1_307' title='bbox 1896 3613 2012 3670; x_wconf 82' lang='lat' dir='ltr'><strong>haec</strong></span> <span class='ocrx_word' id='word_1_308' title='bbox 2038 3615 2177 3671; x_wconf 86' lang='lat' dir='ltr'><strong>scri-</strong></span> 
     </span>
    </p>
   </div>
   <div class='ocr_carea' id='block_1_38' title="bbox 590 3704 2175 3780">
    <p class='ocr_par' dir='ltr' id='par_1_38' title="bbox 590 3704 2175 3780">
     <span class='ocr_line' id='line_1_38' title="bbox 590 3704 2175 3780; baseline 0.003 -20"><span class='ocrx_word' id='word_1_309' title='bbox 590 3704 751 3760; x_wconf 90' lang='lat' dir='ltr'><strong>bebat</strong></span> <span class='ocrx_word' id='word_1_310' title='bbox 782 3705 1081 3772; x_wconf 88' lang='lat' dir='ltr'><strong>monachis,</strong></span> <span class='ocrx_word' id='word_1_311' title='bbox 1128 3721 1228 3761; x_wconf 93' lang='lat' dir='ltr'><strong>nec</strong></span> <span class='ocrx_word' id='word_1_312' title='bbox 1270 3706 1334 3761; x_wconf 86' lang='lat' dir='ltr'><strong>iis</strong></span> <span class='ocrx_word' id='word_1_313' title='bbox 1360 3722 1480 3777; x_wconf 69' lang='lat' dir='ltr'><strong>qua:</strong></span> <span class='ocrx_word' id='word_1_314' title='bbox 1516 3722 1731 3777; x_wconf 87' lang='lat' dir='ltr'><strong>semper</strong></span> <span class='ocrx_word' id='word_1_315' title='bbox 1760 3718 1883 3763; x_wconf 91' lang='lat' dir='ltr'><strong>sunt</strong></span> <span class='ocrx_word' id='word_1_316' title='bbox 1913 3709 2175 3780; x_wconf 69' lang='lat' dir='ltr'><strong>virgines,</strong></span> 
     </span>
    </p>
   </div>
   <div class='ocr_carea' id='block_1_39' title="bbox 590 3796 2179 3871">
    <p class='ocr_par' dir='ltr' id='par_1_39' title="bbox 590 3796 2179 3871">
     <span class='ocr_line' id='line_1_39' title="bbox 590 3796 2179 3871; baseline 0.004 -22"><span class='ocrx_word' id='word_1_317' title='bbox 590 3796 684 3851; x_wconf 85' lang='lat' dir='ltr'><strong>sed</strong></span> <span class='ocrx_word' id='word_1_318' title='bbox 707 3797 772 3849; x_wconf 93' lang='lat' dir='ltr'><strong>iis</strong></span> <span class='ocrx_word' id='word_1_319' title='bbox 802 3796 962 3851; x_wconf 90' lang='lat' dir='ltr'><strong>etiam</strong></span> <span class='ocrx_word' id='word_1_320' title='bbox 991 3812 1110 3866; x_wconf 69' lang='lat' dir='ltr'><strong>quae</strong></span> <span class='ocrx_word' id='word_1_321' title='bbox 1149 3807 1431 3853; x_wconf 74' lang='lat' dir='ltr'><strong>versantur</strong></span> <span class='ocrx_word' id='word_1_322' title='bbox 1456 3798 1509 3852; x_wconf 93' lang='lat' dir='ltr'><strong>in</strong></span> <span class='ocrx_word' id='word_1_323' title='bbox 1534 3798 1753 3862; x_wconf 89' lang='lat' dir='ltr'><strong>mundo,</strong></span> <span class='ocrx_word' id='word_1_324' title='bbox 1784 3815 1903 3871; x_wconf 76' lang='lat' dir='ltr'><strong>qua:</strong></span> <span class='ocrx_word' id='word_1_325' title='bbox 1928 3800 2179 3856; x_wconf 91' lang='lat' dir='ltr'><strong>dicuntur</strong></span> 
     </span>
    </p>
   </div>
   <div class='ocr_carea' id='block_1_40' title="bbox 588 3886 2172 3962">
    <p class='ocr_par' dir='ltr' id='par_1_40' title="bbox 588 3886 2172 3962">
     <span class='ocr_line' id='line_1_40' title="bbox 588 3886 2172 3962; baseline 0.003 -21"><span class='ocrx_word' id='word_1_326' title='bbox 588 3888 894 3943; x_wconf 68' lang='grc' dir='ltr'><strong>δίηευιίιτοθ.</strong></span> <span class='ocrx_word' id='word_1_327' title='bbox 928 3886 1033 3942; x_wconf 83' lang='lat' dir='ltr'><strong>Sed</strong></span> <span class='ocrx_word' id='word_1_328' title='bbox 1074 3902 1180 3941; x_wconf 91' lang='lat' dir='ltr'><strong>non</strong></span> <span class='ocrx_word' id='word_1_329' title='bbox 1221 3896 1300 3943; x_wconf 89' lang='lat' dir='ltr'><strong>est</strong></span> <span class='ocrx_word' id='word_1_330' title='bbox 1346 3887 1449 3943; x_wconf 90' lang='lat' dir='ltr'><strong>hoc</strong></span> <span class='ocrx_word' id='word_1_331' title='bbox 1474 3888 1608 3944; x_wconf 89' lang='lat' dir='ltr'><strong>adeo</strong></span> <span class='ocrx_word' id='word_1_332' title='bbox 1647 3890 1844 3945; x_wconf 90' lang='lat' dir='ltr'><strong>malum</strong></span> <span class='ocrx_word' id='word_1_333' title='bbox 1869 3900 1924 3946; x_wconf 92' lang='lat' dir='ltr'><strong>et</strong></span> <span class='ocrx_word' id='word_1_334' title='bbox 1964 3906 2125 3962; x_wconf 89' lang='lat' dir='ltr'><strong>grave</strong></span> <span class='ocrx_word' id='word_1_335' title='bbox 2156 3909 2172 3945; x_wconf 90' lang='lat'><strong>:</strong></span> 
     </span>
    </p>
   </div>
   <div class='ocr_carea' id='block_1_41' title="bbox 585 3980 2178 4055">
    <p class='ocr_par' dir='ltr' id='par_1_41' title="bbox 585 3980 2178 4055">
     <span class='ocr_line' id='line_1_41' title="bbox 585 3980 2178 4055; baseline 0.005 -23"><span class='ocrx_word' id='word_1_336' title='bbox 585 3981 803 4050; x_wconf 79' lang='lat' dir='ltr'><strong>quando</strong></span> <span class='ocrx_word' id='word_1_337' title='bbox 826 3988 1004 4036; x_wconf 86' lang='lat' dir='ltr'><strong>autem</strong></span> <span class='ocrx_word' id='word_1_338' title='bbox 1035 3980 1119 4035; x_wconf 86' lang='lat' dir='ltr'><strong>vel</strong></span> <span class='ocrx_word' id='word_1_339' title='bbox 1154 3981 1346 4036; x_wconf 90' lang='lat' dir='ltr'><strong>mulier</strong></span> <span class='ocrx_word' id='word_1_340' title='bbox 1366 3981 1563 4052; x_wconf 90' lang='lat' dir='ltr'><strong>aliqua,</strong></span> <span class='ocrx_word' id='word_1_341' title='bbox 1588 3983 1674 4038; x_wconf 85' lang='lat' dir='ltr'><strong>vel</strong></span> <span class='ocrx_word' id='word_1_342' title='bbox 1699 3983 1780 4037; x_wconf 87' lang='lat' dir='ltr'><strong>vir</strong></span> <span class='ocrx_word' id='word_1_343' title='bbox 1802 3984 2066 4055; x_wconf 84' lang='lat' dir='ltr'><strong>quiSpiam</strong></span> <span class='ocrx_word' id='word_1_344' title='bbox 2095 3985 2178 4040; x_wconf 85' lang='lat' dir='ltr'><strong>di-</strong></span> 
     </span>
    </p>
   </div>
   <div class='ocr_carea' id='block_1_42' title="bbox 585 4071 2175 4143">
    <p class='ocr_par' dir='ltr' id='par_1_42' title="bbox 585 4071 2175 4143">
     <span class='ocr_line' id='line_1_42' title="bbox 585 4071 2175 4143; baseline 0.003 -18"><span class='ocrx_word' id='word_1_345' title='bbox 585 4087 715 4125; x_wconf 67' lang='lat' dir='ltr'><strong>ei-ns</strong></span> <span class='ocrx_word' id='word_1_346' title='bbox 736 4087 794 4127; x_wconf 89' lang='lat' dir='ltr'><strong>se</strong></span> <span class='ocrx_word' id='word_1_347' title='bbox 814 4086 935 4127; x_wconf 83' lang='lat' dir='ltr'><strong>esse</strong></span> <span class='ocrx_word' id='word_1_348' title='bbox 957 4071 1154 4126; x_wconf 89' lang='lat' dir='ltr'><strong>ntundo</strong></span> <span class='ocrx_word' id='word_1_349' title='bbox 1179 4072 1513 4136; x_wconf 81' lang='lat' dir='ltr'><strong>crucifixum,</strong></span> <span class='ocrx_word' id='word_1_350' title='bbox 1548 4073 1634 4128; x_wconf 90' lang='lat' dir='ltr'><strong>hic</strong></span> <span class='ocrx_word' id='word_1_351' title='bbox 1661 4073 1875 4143; x_wconf 85' lang='lat' dir='ltr'><strong>quidem</strong></span> <span class='ocrx_word' id='word_1_352' title='bbox 1904 4075 2055 4131; x_wconf 83' lang='lat' dir='ltr'><strong>vellit</strong></span> <span class='ocrx_word' id='word_1_353' title='bbox 2083 4090 2175 4131; x_wconf 88' lang='lat' dir='ltr'><strong>ca-</strong></span> 
     </span>
    </p>
   </div>
   <div class='ocr_carea' id='block_1_43' title="bbox 589 4162 2176 4238">
    <p class='ocr_par' dir='ltr' id='par_1_43' title="bbox 589 4162 2176 4238">
     <span class='ocr_line' id='line_1_43' title="bbox 589 4162 2176 4238; baseline 0.006 -23"><span class='ocrx_word' id='word_1_354' title='bbox 589 4163 766 4229; x_wconf 85' lang='lat' dir='ltr'><strong>pillos,</strong></span> <span class='ocrx_word' id='word_1_355' title='bbox 797 4164 885 4217; x_wconf 91' lang='lat' dir='ltr'><strong>illa</strong></span> <span class='ocrx_word' id='word_1_356' title='bbox 912 4178 1041 4219; x_wconf 90' lang='lat' dir='ltr'><strong>vero</strong></span> <span class='ocrx_word' id='word_1_357' title='bbox 1070 4162 1223 4218; x_wconf 84' lang='lat' dir='ltr'><strong>valde</strong></span> <span class='ocrx_word' id='word_1_358' title='bbox 1248 4162 1411 4233; x_wconf 84' lang='lat' dir='ltr'><strong>ejulat</strong></span> <span class='ocrx_word' id='word_1_359' title='bbox 1435 4182 1449 4219; x_wconf 89' lang='lat'><strong>:</strong></span> <span class='ocrx_word' id='word_1_360' title='bbox 1481 4165 1606 4235; x_wconf 90' lang='lat' dir='ltr'><strong>quid</strong></span> <span class='ocrx_word' id='word_1_361' title='bbox 1636 4175 1721 4221; x_wconf 90' lang='lat' dir='ltr'><strong>est</strong></span> <span class='ocrx_word' id='word_1_362' title='bbox 1759 4166 1861 4223; x_wconf 91' lang='lat' dir='ltr'><strong>hoc</strong></span> <span class='ocrx_word' id='word_1_363' title='bbox 1889 4170 2094 4238; x_wconf 88' lang='lat' dir='ltr'><strong>turpius</strong></span> <span class='ocrx_word' id='word_1_364' title='bbox 2120 4178 2176 4224; x_wconf 90' lang='lat' dir='ltr'><strong>ct</strong></span> 
     </span>
    </p>
   </div>
   <div class='ocr_carea' id='block_1_44' title="bbox 586 4255 2173 4331">
    <p class='ocr_par' dir='ltr' id='par_1_44' title="bbox 586 4255 2173 4331">
     <span class='ocr_line' id='line_1_44' title="bbox 586 4255 2173 4331; baseline 0.004 -22"><span class='ocrx_word' id='word_1_365' title='bbox 586 4259 759 4326; x_wconf 86' lang='lat' dir='ltr'><strong>magis</strong></span> <span class='ocrx_word' id='word_1_366' title='bbox 803 4255 1153 4311; x_wconf 90' lang='lat' dir='ltr'><strong>indecorum?</strong></span> <span class='ocrx_word' id='word_1_367' title='bbox 1192 4255 1408 4311; x_wconf 88' lang='lat' dir='ltr'><strong>Credite</strong></span> <span class='ocrx_word' id='word_1_368' title='bbox 1454 4256 1584 4312; x_wconf 91' lang='lat' dir='ltr'><strong>mihi</strong></span> <span class='ocrx_word' id='word_1_369' title='bbox 1624 4257 1821 4315; x_wconf 91' lang='lat' dir='ltr'><strong>dicenti</strong></span> <span class='ocrx_word' id='word_1_370' title='bbox 1852 4278 1866 4316; x_wconf 89' lang='lat'>:</span> <span class='ocrx_word' id='word_1_371' title='bbox 1897 4270 2173 4331; x_wconf 86' lang='lat' dir='ltr'><strong>Oporteret</strong></span> 
     </span>
    </p>
   </div>
   <div class='ocr_carea' id='block_1_45' title="bbox 584 4346 2172 4418">
    <p class='ocr_par' dir='ltr' id='par_1_45' title="bbox 584 4346 2172 4418">
     <span class='ocr_line' id='line_1_45' title="bbox 584 4346 2172 4418; baseline 0.004 -20"><span class='ocrx_word' id='word_1_372' title='bbox 584 4364 679 4402; x_wconf 81' lang='lat' dir='ltr'><strong>eos</strong></span> <span class='ocrx_word' id='word_1_373' title='bbox 705 4347 793 4418; x_wconf 90' lang='lat' dir='ltr'><strong>qui</strong></span> <span class='ocrx_word' id='word_1_374' title='bbox 817 4356 941 4402; x_wconf 88' lang='lat' dir='ltr'><strong>sunt</strong></span> <span class='ocrx_word' id='word_1_375' title='bbox 963 4346 1288 4417; x_wconf 74' lang='lat' dir='ltr'><strong>huiusmodi,</strong></span> <span class='ocrx_word' id='word_1_376' title='bbox 1318 4346 1476 4417; x_wconf 91' lang='lat' dir='ltr'><strong>longo</strong></span> <span class='ocrx_word' id='word_1_377' title='bbox 1504 4357 1743 4417; x_wconf 87' lang='lat' dir='ltr'><strong>tempore</strong></span> <span class='ocrx_word' id='word_1_378' title='bbox 1771 4351 1940 4405; x_wconf 87' lang='lat' dir='ltr'><strong>arceri</strong></span> <span class='ocrx_word' id='word_1_379' title='bbox 1968 4365 1998 4404; x_wconf 92' lang='lat' dir='ltr'><strong>a</strong></span> <span class='ocrx_word' id='word_1_380' title='bbox 2030 4352 2172 4407; x_wconf 89' lang='lat' dir='ltr'><strong>limi-</strong></span> 
     </span>
    </p>
   </div>
   <div class='ocr_carea' id='block_1_46' title="bbox 584 4438 2172 4513">
    <p class='ocr_par' dir='ltr' id='par_1_46' title="bbox 584 4438 2172 4513">
     <span class='ocr_line' id='line_1_46' title="bbox 584 4438 2172 4513; baseline 0.005 -22"><span class='ocrx_word' id='word_1_381' title='bbox 584 4441 739 4495; x_wconf 81' lang='lat' dir='ltr'><strong>nibus</strong></span> <span class='ocrx_word' id='word_1_382' title='bbox 764 4438 1028 4494; x_wconf 67' lang='lat' dir='ltr'><strong>ecclesia).</strong></span> <span class='ocrx_word' id='word_1_383' title='bbox 1071 4438 1168 4505; x_wconf 89' lang='lat' dir='ltr'><strong>Qui</strong></span> <span class='ocrx_word' id='word_1_384' title='bbox 1199 4438 1340 4493; x_wconf 91' lang='lat' dir='ltr'><strong>enim</strong></span> <span class='ocrx_word' id='word_1_385' title='bbox 1381 4448 1505 4493; x_wconf 89' lang='lat' dir='ltr'><strong>sunt</strong></span> <span class='ocrx_word' id='word_1_386' title='bbox 1541 4439 1685 4510; x_wconf 82' lang='lat' dir='ltr'><strong>digni</strong></span> <span class='ocrx_word' id='word_1_387' title='bbox 1738 4450 1797 4495; x_wconf 92' lang='lat' dir='ltr'><strong>ut</strong></span> <span class='ocrx_word' id='word_1_388' title='bbox 1850 4442 1921 4496; x_wconf 89' lang='lat' dir='ltr'><strong>ita</strong></span> <span class='ocrx_word' id='word_1_389' title='bbox 1954 4442 2172 4513; x_wconf 87' lang='lat' dir='ltr'><strong>lugean-</strong></span> 
     </span>
    </p>
   </div>
   <div class='ocr_carea' id='block_1_47' title="bbox 584 4527 2169 4605">
    <p class='ocr_par' dir='ltr' id='par_1_47' title="bbox 584 4527 2169 4605">
     <span class='ocr_line' id='line_1_47' title="bbox 584 4527 2169 4605; baseline 0.004 -22"><span class='ocrx_word' id='word_1_390' title='bbox 584 4542 691 4595; x_wconf 89' lang='lat' dir='ltr'><strong>tur,</strong></span> <span class='ocrx_word' id='word_1_391' title='bbox 724 4530 759 4586; x_wconf 93' lang='lat' dir='ltr'><strong>ii</strong></span> <span class='ocrx_word' id='word_1_392' title='bbox 786 4538 914 4585; x_wconf 90' lang='lat' dir='ltr'><strong>sunt</strong></span> <span class='ocrx_word' id='word_1_393' title='bbox 936 4528 1027 4600; x_wconf 86' lang='lat' dir='ltr'><strong>qui</strong></span> <span class='ocrx_word' id='word_1_394' title='bbox 1056 4538 1283 4583; x_wconf 88' lang='lat' dir='ltr'><strong>mortem</strong></span> <span class='ocrx_word' id='word_1_395' title='bbox 1310 4527 1484 4584; x_wconf 89' lang='lat' dir='ltr'><strong>adhuc</strong></span> <span class='ocrx_word' id='word_1_396' title='bbox 1511 4528 1702 4585; x_wconf 90' lang='lat' dir='ltr'><strong>timent</strong></span> <span class='ocrx_word' id='word_1_397' title='bbox 1726 4539 1779 4586; x_wconf 90' lang='lat' dir='ltr'><strong>et</strong></span> <span class='ocrx_word' id='word_1_398' title='bbox 1806 4531 2047 4599; x_wconf 88' lang='lat' dir='ltr'><strong>horrent,</strong></span> <span class='ocrx_word' id='word_1_399' title='bbox 2077 4536 2169 4605; x_wconf 87' lang='lat' dir='ltr'><strong>qui</strong></span> 
     </span>
    </p>
   </div>
   <div class='ocr_carea' id='block_1_48' title="bbox 580 4621 2171 4699">
    <p class='ocr_par' dir='ltr' id='par_1_48' title="bbox 580 4621 2171 4699">
     <span class='ocr_line' id='line_1_48' title="bbox 580 4621 2171 4699; baseline 0.004 -22"><span class='ocrx_word' id='word_1_400' title='bbox 580 4640 687 4678; x_wconf 87' lang='lat' dir='ltr'><strong>non</strong></span> <span class='ocrx_word' id='word_1_401' title='bbox 709 4622 936 4679; x_wconf 90' lang='lat' dir='ltr'><strong>credunt</strong></span> <span class='ocrx_word' id='word_1_402' title='bbox 958 4621 1361 4677; x_wconf 89' lang='lat' dir='ltr'><strong>resurrectioni.</strong></span> <span class='ocrx_word' id='word_1_403' title='bbox 1387 4622 1455 4676; x_wconf 85' lang='lat' dir='ltr'><strong>At</strong></span> <span class='ocrx_word' id='word_1_404' title='bbox 1478 4637 1583 4676; x_wconf 93' lang='lat' dir='ltr'><strong>non</strong></span> <span class='ocrx_word' id='word_1_405' title='bbox 1610 4638 1750 4689; x_wconf 85' lang='lat' dir='ltr'><strong>sum,</strong></span> <span class='ocrx_word' id='word_1_406' title='bbox 1779 4624 1970 4697; x_wconf 90' lang='lat' dir='ltr'><strong>inquit,</strong></span> <span class='ocrx_word' id='word_1_407' title='bbox 2002 4643 2105 4699; x_wconf 92' lang='lat' dir='ltr'><strong>ego</strong></span> <span class='ocrx_word' id='word_1_408' title='bbox 2126 4630 2171 4685; x_wconf 91' lang='lat' dir='ltr'><strong>is</strong></span> 
     </span>
    </p>
   </div>
   <div class='ocr_carea' id='block_1_49' title="bbox 578 4714 2167 4787">
    <p class='ocr_par' dir='ltr' id='par_1_49' title="bbox 578 4714 2167 4787">
     <span class='ocr_line' id='line_1_49' title="bbox 578 4714 2167 4787; baseline 0.004 -17"><span class='ocrx_word' id='word_1_409' title='bbox 578 4719 665 4786; x_wconf 85' lang='lat' dir='ltr'><strong>qui</strong></span> <span class='ocrx_word' id='word_1_410' title='bbox 697 4732 801 4771; x_wconf 92' lang='lat' dir='ltr'><strong>non</strong></span> <span class='ocrx_word' id='word_1_411' title='bbox 828 4716 1045 4771; x_wconf 90' lang='lat' dir='ltr'><strong>credam</strong></span> <span class='ocrx_word' id='word_1_412' title='bbox 1073 4714 1479 4782; x_wconf 89' lang='lat' dir='ltr'><strong>resurrectionl,</strong></span> <span class='ocrx_word' id='word_1_413' title='bbox 1512 4715 1604 4771; x_wconf 89' lang='lat' dir='ltr'><strong>sed</strong></span> <span class='ocrx_word' id='word_1_414' title='bbox 1634 4717 1849 4787; x_wconf 92' lang='lat' dir='ltr'><strong>requiro</strong></span> <span class='ocrx_word' id='word_1_415' title='bbox 1877 4732 2167 4777; x_wconf 87' lang='lat' dir='ltr'><strong>consuetu-</strong></span> 
     </span>
    </p>
   </div>
   <div class='ocr_carea' id='block_1_50' title="bbox 577 4808 2170 4884">
    <p class='ocr_par' dir='ltr' id='par_1_50' title="bbox 577 4808 2170 4884">
     <span class='ocr_line' id='line_1_50' title="bbox 577 4808 2170 4884; baseline 0.006 -23"><span class='ocrx_word' id='word_1_416' title='bbox 577 4812 781 4865; x_wconf 78' lang='lat' dir='ltr'><strong>dinem.</strong></span> <span class='ocrx_word' id='word_1_417' title='bbox 805 4808 916 4865; x_wconf 89' lang='lat' dir='ltr'><strong>Cur</strong></span> <span class='ocrx_word' id='word_1_418' title='bbox 943 4825 1093 4877; x_wconf 90' lang='lat' dir='ltr'><strong>vero,</strong></span> <span class='ocrx_word' id='word_1_419' title='bbox 1127 4810 1216 4865; x_wconf 90' lang='lat' dir='ltr'><strong>dic</strong></span> <span class='ocrx_word' id='word_1_420' title='bbox 1238 4810 1388 4876; x_wconf 92' lang='lat' dir='ltr'><strong>mihi,</strong></span> <span class='ocrx_word' id='word_1_421' title='bbox 1411 4810 1628 4881; x_wconf 86' lang='lat' dir='ltr'><strong>quando</strong></span> <span class='ocrx_word' id='word_1_422' title='bbox 1655 4812 1804 4867; x_wconf 88' lang='lat' dir='ltr'><strong>vadis</strong></span> <span class='ocrx_word' id='word_1_423' title='bbox 1832 4828 2055 4884; x_wconf 84' lang='lat' dir='ltr'><strong>peregre</strong></span> <span class='ocrx_word' id='word_1_424' title='bbox 2075 4857 2090 4882; x_wconf 94' lang='lat'><strong>,</strong></span> <span class='ocrx_word' id='word_1_425' title='bbox 2114 4826 2170 4871; x_wconf 91' lang='lat' dir='ltr'><strong>et</strong></span> 
     </span>
    </p>
   </div>
   <div class='ocr_carea' id='block_1_51' title="bbox 580 4902 2169 4973">
    <p class='ocr_par' dir='ltr' id='par_1_51' title="bbox 580 4902 2169 4973">
     <span class='ocr_line' id='line_1_51' title="bbox 580 4902 2169 4973; baseline 0.005 -19"><span class='ocrx_word' id='word_1_426' title='bbox 580 4905 793 4971; x_wconf 81' lang='lat' dir='ltr'><strong>Iungam</strong></span> <span class='ocrx_word' id='word_1_427' title='bbox 819 4902 1047 4972; x_wconf 85' lang='lat' dir='ltr'><strong>suscipis</strong></span> <span class='ocrx_word' id='word_1_428' title='bbox 1088 4902 1595 4973; x_wconf 89' lang='lat' dir='ltr'><strong>peregrinationem,</strong></span> <span class='ocrx_word' id='word_1_429' title='bbox 1626 4919 1732 4960; x_wconf 93' lang='lat' dir='ltr'><strong>non</strong></span> <span class='ocrx_word' id='word_1_430' title='bbox 1778 4904 1965 4962; x_wconf 88' lang='lat' dir='ltr'><strong>eadem</strong></span> <span class='ocrx_word' id='word_1_431' title='bbox 1998 4906 2169 4963; x_wconf 86' lang='lat' dir='ltr'><strong>facis?</strong></span> 
     </span>
    </p>
   </div>
   <div class='ocr_carea' id='block_1_52' title="bbox 574 4994 2161 5072">
    <p class='ocr_par' dir='ltr' id='par_1_52' title="bbox 574 4994 2161 5072">
     <span class='ocr_line' id='line_1_52' title="bbox 574 4994 2161 5072; baseline 0.004 -22"><span class='ocrx_word' id='word_1_432' title='bbox 574 4995 681 5050; x_wconf 68' lang='lat' dir='ltr'><strong>Sed</strong></span> <span class='ocrx_word' id='word_1_433' title='bbox 712 5003 839 5049; x_wconf 90' lang='lat' dir='ltr'><strong>tunc</strong></span> <span class='ocrx_word' id='word_1_434' title='bbox 866 5009 1080 5065; x_wconf 89' lang='lat' dir='ltr'><strong>quoque</strong></span> <span class='ocrx_word' id='word_1_435' title='bbox 1104 4994 1227 5061; x_wconf 82' lang='lat' dir='ltr'><strong>fleo,</strong></span> <span class='ocrx_word' id='word_1_436' title='bbox 1260 4995 1450 5067; x_wconf 89' lang='lat' dir='ltr'><strong>inquit,</strong></span> <span class='ocrx_word' id='word_1_437' title='bbox 1479 5006 1534 5053; x_wconf 92' lang='lat' dir='ltr'><strong>et</strong></span> <span class='ocrx_word' id='word_1_438' title='bbox 1564 4999 1831 5055; x_wconf 83' lang='lat' dir='ltr'><strong>lamentor</strong></span> <span class='ocrx_word' id='word_1_439' title='bbox 1861 5002 2161 5072; x_wconf 89' lang='lat' dir='ltr'><strong>requirens.</strong></span> 
     </span>
    </p>
   </div>
   <div class='ocr_carea' id='block_1_53' title="bbox 576 5085 2162 5164">
    <p class='ocr_par' dir='ltr' id='par_1_53' title="bbox 576 5085 2162 5164">
     <span class='ocr_line' id='line_1_53' title="bbox 576 5085 2162 5164; baseline 0.008 -20"><span class='ocrx_word' id='word_1_440' title='bbox 576 5086 684 5144; x_wconf 82' lang='lat' dir='ltr'><strong>Sed</strong></span> <span class='ocrx_word' id='word_1_441' title='bbox 712 5085 841 5142; x_wconf 88' lang='lat' dir='ltr'><strong>illud</strong></span> <span class='ocrx_word' id='word_1_442' title='bbox 863 5085 1081 5157; x_wconf 87' lang='lat' dir='ltr'><strong>quidem</strong></span> <span class='ocrx_word' id='word_1_443' title='bbox 1099 5101 1284 5142; x_wconf 82' lang='lat' dir='ltr'><strong>revera</strong></span> <span class='ocrx_word' id='word_1_444' title='bbox 1306 5098 1388 5142; x_wconf 88' lang='lat' dir='ltr'><strong>est</strong></span> <span class='ocrx_word' id='word_1_445' title='bbox 1409 5104 1597 5145; x_wconf 90' lang='lat' dir='ltr'><strong>eorum</strong></span> <span class='ocrx_word' id='word_1_446' title='bbox 1619 5093 1706 5162; x_wconf 90' lang='lat' dir='ltr'><strong>qui</strong></span> <span class='ocrx_word' id='word_1_447' title='bbox 1733 5096 2014 5164; x_wconf 87' lang='lat' dir='ltr'><strong>requirunt</strong></span> <span class='ocrx_word' id='word_1_448' title='bbox 2031 5116 2162 5155; x_wconf 90' lang='lat' dir='ltr'><strong>con-</strong></span> 
     </span>
    </p>
   </div>
   <div class='ocr_carea' id='block_1_54' title="bbox 565 5181 2158 5258">
    <p class='ocr_par' dir='ltr' id='par_1_54' title="bbox 565 5181 2158 5258">
     <span class='ocr_line' id='line_1_54' title="bbox 565 5181 2158 5258; baseline 0.006 -24"><span class='ocrx_word' id='word_1_449' title='bbox 565 5181 938 5245; x_wconf 77' lang='lat' dir='ltr'><strong>suetudinem;</strong></span> <span class='ocrx_word' id='word_1_450' title='bbox 982 5181 1084 5237; x_wconf 90' lang='lat' dir='ltr'><strong>hoc</strong></span> <span class='ocrx_word' id='word_1_451' title='bbox 1134 5192 1312 5238; x_wconf 88' lang='lat' dir='ltr'><strong>autem</strong></span> <span class='ocrx_word' id='word_1_452' title='bbox 1352 5192 1436 5238; x_wconf 91' lang='lat' dir='ltr'><strong>est</strong></span> <span class='ocrx_word' id='word_1_453' title='bbox 1478 5185 1595 5254; x_wconf 85' lang='lat' dir='ltr'><strong>ejus</strong></span> <span class='ocrx_word' id='word_1_454' title='bbox 1632 5202 1752 5256; x_wconf 83' lang='lat' dir='ltr'><strong>quae</strong></span> <span class='ocrx_word' id='word_1_455' title='bbox 1802 5192 2053 5258; x_wconf 83' lang='lat' dir='ltr'><strong>desperat</strong></span> <span class='ocrx_word' id='word_1_456' title='bbox 2089 5188 2158 5244; x_wconf 88' lang='lat' dir='ltr'><strong>de</strong></span> 
     </span>
    </p>
   </div>
   <div class='ocr_carea' id='block_1_55' title="bbox 567 5272 2153 5347">
    <p class='ocr_par' dir='ltr' id='par_1_55' title="bbox 567 5272 2153 5347">
     <span class='ocr_line' id='line_1_55' title="bbox 567 5272 2153 5347; baseline 0.005 -21"><span class='ocrx_word' id='word_1_457' title='bbox 567 5272 763 5329; x_wconf 84' lang='lat' dir='ltr'><strong>reditu.</strong></span> <span class='ocrx_word' id='word_1_458' title='bbox 795 5272 980 5345; x_wconf 84' lang='lat' dir='ltr'><strong>Cogita</strong></span> <span class='ocrx_word' id='word_1_459' title='bbox 1012 5273 1138 5344; x_wconf 92' lang='lat' dir='ltr'><strong>quid</strong></span> <span class='ocrx_word' id='word_1_460' title='bbox 1169 5274 1367 5344; x_wconf 88' lang='lat' dir='ltr'><strong>psallas</strong></span> <span class='ocrx_word' id='word_1_461' title='bbox 1403 5275 1493 5331; x_wconf 92' lang='lat' dir='ltr'><strong>illo</strong></span> <span class='ocrx_word' id='word_1_462' title='bbox 1516 5286 1760 5347; x_wconf 89' lang='lat' dir='ltr'><strong>tempore</strong></span> <span class='ocrx_word' id='word_1_463' title='bbox 1790 5296 1803 5332; x_wconf 90' lang='lat'><strong>:</strong></span> <span class='ocrx_word' id='word_1_464' title='bbox 1834 5278 2153 5347; x_wconf 79' lang='lat' dir='ltr'><strong>Convertere,</strong></span> 
     </span>
    </p>
   </div>
   <div class='ocr_carea' id='block_1_56' title="bbox 568 5367 2153 5440">
    <p class='ocr_par' dir='ltr' id='par_1_56' title="bbox 568 5367 2153 5440">
     <span class='ocr_line' id='line_1_56' title="bbox 568 5367 2153 5440; baseline 0.005 -22"><span class='ocrx_word' id='word_1_465' title='bbox 568 5368 761 5436; x_wconf 82' lang='lat' dir='ltr'><strong>inquit,</strong></span> <span class='ocrx_word' id='word_1_466' title='bbox 778 5368 951 5420; x_wconf 86' lang='lat' dir='ltr'><strong>anima</strong></span> <span class='ocrx_word' id='word_1_467' title='bbox 973 5382 1103 5433; x_wconf 88' lang='lat' dir='ltr'><strong>mea,</strong></span> <span class='ocrx_word' id='word_1_468' title='bbox 1130 5367 1185 5420; x_wconf 72' lang='lat' dir='ltr'><strong>in</strong></span> <span class='ocrx_word' id='word_1_469' title='bbox 1211 5368 1428 5438; x_wconf 81' lang='lat' dir='ltr'><strong>requiem</strong></span> <span class='ocrx_word' id='word_1_470' title='bbox 1451 5377 1612 5436; x_wconf 83' lang='lat' dir='ltr'><strong>tuam,</strong></span> <span class='ocrx_word' id='word_1_471' title='bbox 1639 5370 1757 5440; x_wconf 87' lang='lat' dir='ltr'><strong>quia</strong></span> <span class='ocrx_word' id='word_1_472' title='bbox 1787 5369 2035 5426; x_wconf 83' lang='lat' dir='ltr'><strong>Dominus</strong></span> <span class='ocrx_word' id='word_1_473' title='bbox 2067 5375 2153 5425; x_wconf 81' lang='lat' dir='ltr'><strong>be-</strong></span> 
     </span>
    </p>
   </div>
   <div class='ocr_carea' id='block_1_57' title="bbox 567 5459 2154 5533">
    <p class='ocr_par' dir='ltr' id='par_1_57' title="bbox 567 5459 2154 5533">
     <span class='ocr_line' id='line_1_57' title="bbox 567 5459 2154 5533; baseline 0.003 -22"><span class='ocrx_word' id='word_1_474' title='bbox 567 5459 752 5531; x_wconf 81' lang='lat' dir='ltr'><strong>nefecit</strong></span> <span class='ocrx_word' id='word_1_475' title='bbox 782 5461 907 5523; x_wconf 82' lang='lat' dir='ltr'><strong>tibi;</strong></span> <span class='ocrx_word' id='word_1_476' title='bbox 944 5470 998 5513; x_wconf 86' lang='lat' dir='ltr'><strong>et</strong></span> <span class='ocrx_word' id='word_1_477' title='bbox 1024 5474 1231 5527; x_wconf 85' lang='lat' dir='ltr'><strong>rursus,</strong></span> <span class='ocrx_word' id='word_1_478' title='bbox 1267 5460 1388 5514; x_wconf 80' lang='lat' dir='ltr'><strong>Non</strong></span> <span class='ocrx_word' id='word_1_479' title='bbox 1435 5461 1616 5515; x_wconf 85' lang='lat' dir='ltr'><strong>timebo</strong></span> <span class='ocrx_word' id='word_1_480' title='bbox 1643 5463 1801 5528; x_wconf 84' lang='lat' dir='ltr'><strong>mala,</strong></span> <span class='ocrx_word' id='word_1_481' title='bbox 1833 5465 2073 5533; x_wconf 85' lang='lat' dir='ltr'><strong>quoniam</strong></span> <span class='ocrx_word' id='word_1_482' title='bbox 2101 5475 2154 5516; x_wconf 86' lang='lat' dir='ltr'><strong>tu</strong></span> 
     </span>
    </p>
   </div>
   <div class='ocr_carea' id='block_1_58' title="bbox 567 5554 2155 5627">
    <p class='ocr_par' dir='ltr' id='par_1_58' title="bbox 567 5554 2155 5627">
     <span class='ocr_line' id='line_1_58' title="bbox 567 5554 2155 5627; baseline 0.002 -23"><span class='ocrx_word' id='word_1_483' title='bbox 567 5570 761 5607; x_wconf 84' lang='lat' dir='ltr'><strong>mecum</strong></span> <span class='ocrx_word' id='word_1_484' title='bbox 790 5570 876 5617; x_wconf 85' lang='lat' dir='ltr'><strong>es;</strong></span> <span class='ocrx_word' id='word_1_485' title='bbox 906 5563 958 5609; x_wconf 93' lang='lat' dir='ltr'><strong>et</strong></span> <span class='ocrx_word' id='word_1_486' title='bbox 995 5570 1177 5609; x_wconf 90' lang='lat' dir='ltr'><strong>rursus</strong></span> <span class='ocrx_word' id='word_1_487' title='bbox 1196 5597 1210 5620; x_wconf 95' lang='lat'><strong>,</strong></span> <span class='ocrx_word' id='word_1_488' title='bbox 1240 5554 1318 5609; x_wconf 87' lang='lat' dir='ltr'><strong>Tu</strong></span> <span class='ocrx_word' id='word_1_489' title='bbox 1347 5572 1396 5609; x_wconf 87' lang='lat' dir='ltr'><strong>es</strong></span> <span class='ocrx_word' id='word_1_490' title='bbox 1433 5556 1556 5607; x_wconf 83' lang='lat' dir='ltr'><strong>mihi</strong></span> <span class='ocrx_word' id='word_1_491' title='bbox 1603 5556 1854 5627; x_wconf 78' lang='lat' dir='ltr'><strong>refugium</strong></span> <span class='ocrx_word' id='word_1_492' title='bbox 1884 5575 1916 5609; x_wconf 87' lang='lat' dir='ltr'><strong>a</strong></span> <span class='ocrx_word' id='word_1_493' title='bbox 1945 5556 2155 5610; x_wconf 79' lang='lat' dir='ltr'><strong>tribula-</strong></span> 
     </span>
    </p>
   </div>
   <div class='ocr_carea' id='block_1_59' title="bbox 568 5646 2152 5715">
    <p class='ocr_par' dir='ltr' id='par_1_59' title="bbox 568 5646 2152 5715">
     <span class='ocr_line' id='line_1_59' title="bbox 568 5646 2152 5715; baseline 0.003 -18"><span class='ocrx_word' id='word_1_494' title='bbox 568 5647 703 5698; x_wconf 87' lang='lat' dir='ltr'><strong>tione</strong></span> <span class='ocrx_word' id='word_1_495' title='bbox 758 5662 872 5715; x_wconf 82' lang='lat' dir='ltr'><strong>qua:</strong></span> <span class='ocrx_word' id='word_1_496' title='bbox 912 5662 990 5698; x_wconf 88' lang='lat' dir='ltr'><strong>me</strong></span> <span class='ocrx_word' id='word_1_497' title='bbox 1042 5647 1324 5700; x_wconf 80' lang='lat' dir='ltr'><strong>circumdat</strong></span> <span class='ocrx_word' id='word_1_498' title='bbox 1378 5646 1561 5715; x_wconf 81' lang='lat' dir='ltr'><strong>(Psal.</strong></span> <span class='ocrx_word' id='word_1_499' title='bbox 1622 5649 1744 5701; x_wconf 74' lang='lat' dir='ltr'><strong>1H.</strong></span> <span class='ocrx_word' id='word_1_500' title='bbox 1779 5648 1831 5699; x_wconf 87' lang='lat'><strong>7.</strong></span> <span class='ocrx_word' id='word_1_501' title='bbox 1879 5658 1923 5701; x_wconf 86' lang='lat' dir='ltr'><strong>et</strong></span> <span class='ocrx_word' id='word_1_502' title='bbox 1975 5646 2065 5702; x_wconf 70' lang='lat'><strong>9.2.</strong></span> <span class='ocrx_word' id='word_1_503' title='bbox 2100 5650 2152 5701; x_wconf 58' lang='lat' dir='ltr'><strong>ai.</strong></span> 
     </span>
    </p>
   </div>
   <div class='ocr_carea' id='block_1_60' title="bbox 568 5736 2155 5811">
    <p class='ocr_par' dir='ltr' id='par_1_60' title="bbox 568 5736 2155 5811">
     <span class='ocr_line' id='line_1_60' title="bbox 568 5736 2155 5811; baseline 0.002 -20"><span class='ocrx_word' id='word_1_504' title='bbox 568 5748 613 5791; x_wconf 85' lang='lat' dir='ltr'><strong>et</strong></span> <span class='ocrx_word' id='word_1_505' title='bbox 642 5739 726 5794; x_wconf 79' lang='lat'><strong>3|.</strong></span> <span class='ocrx_word' id='word_1_506' title='bbox 760 5736 846 5809; x_wconf 83' lang='lat'><strong>9).</strong></span> <span class='ocrx_word' id='word_1_507' title='bbox 879 5739 1062 5811; x_wconf 81' lang='lat' dir='ltr'><strong>Cogita</strong></span> <span class='ocrx_word' id='word_1_508' title='bbox 1088 5738 1212 5811; x_wconf 88' lang='lat' dir='ltr'><strong>qttid</strong></span> <span class='ocrx_word' id='word_1_509' title='bbox 1237 5739 1337 5795; x_wconf 84' lang='lat' dir='ltr'><strong>sibi</strong></span> <span class='ocrx_word' id='word_1_510' title='bbox 1365 5739 1549 5795; x_wconf 89' lang='lat' dir='ltr'><strong>volunt</strong></span> <span class='ocrx_word' id='word_1_511' title='bbox 1588 5738 1639 5795; x_wconf 90' lang='lat' dir='ltr'><strong>hi</strong></span> <span class='ocrx_word' id='word_1_512' title='bbox 1674 5740 1881 5811; x_wconf 83' lang='lat' dir='ltr'><strong>psalmi.</strong></span> <span class='ocrx_word' id='word_1_513' title='bbox 1914 5739 2019 5797; x_wconf 86' lang='lat' dir='ltr'><strong>Sed</strong></span> <span class='ocrx_word' id='word_1_514' title='bbox 2054 5756 2155 5795; x_wconf 89' lang='lat' dir='ltr'><strong>non</strong></span> 
     </span>
    </p>
   </div>
   <div class='ocr_carea' id='block_1_61' title="bbox 2287 377 3840 449">
    <p class='ocr_par' dir='ltr' id='par_1_61' title="bbox 2287 377 3840 449">
     <span class='ocr_line' id='line_1_61' title="bbox 2287 377 3840 449; baseline 0.014 -21"><span class='ocrx_word' id='word_1_515' title='bbox 2287 377 2537 443; x_wconf 86' lang='lat' dir='ltr'><strong>attendis,</strong></span> <span class='ocrx_word' id='word_1_516' title='bbox 2598 392 2783 434; x_wconf 83' lang='lat' dir='ltr'><strong>verum</strong></span> <span class='ocrx_word' id='word_1_517' title='bbox 2813 394 2871 436; x_wconf 89' lang='lat' dir='ltr'><strong>es</strong></span> <span class='ocrx_word' id='word_1_518' title='bbox 2898 395 2927 435; x_wconf 89' lang='lat' dir='ltr'><strong>a</strong></span> <span class='ocrx_word' id='word_1_519' title='bbox 2978 381 3122 439; x_wconf 88' lang='lat' dir='ltr'><strong>luctu</strong></span> <span class='ocrx_word' id='word_1_520' title='bbox 3154 380 3354 440; x_wconf 83' lang='lat' dir='ltr'><strong>ebrius.</strong></span> <span class='ocrx_word' id='word_1_521' title='bbox 3397 384 3491 444; x_wconf 79' lang='lat' dir='ltr'><strong>Vel</strong></span> <span class='ocrx_word' id='word_1_522' title='bbox 3538 386 3591 444; x_wconf 89' lang='lat' dir='ltr'><strong>in</strong></span> <span class='ocrx_word' id='word_1_523' title='bbox 3640 388 3840 449; x_wconf 78' lang='lat' dir='ltr'><strong>aliorum</strong></span> 
     </span>
    </p>
   </div>
   <div class='ocr_carea' id='block_1_62' title="bbox 2286 470 3841 547">
    <p class='ocr_par' dir='ltr' id='par_1_62' title="bbox 2286 470 3841 547">
     <span class='ocr_line' id='line_1_62' title="bbox 2286 470 3841 547; baseline 0.012 -24"><span class='ocrx_word' id='word_1_524' title='bbox 2286 470 2557 539; x_wconf 84' lang='lat' dir='ltr'><strong>exsequiis</strong></span> <span class='ocrx_word' id='word_1_525' title='bbox 2596 471 2883 542; x_wconf 87' lang='lat' dir='ltr'><strong>diligenter</strong></span> <span class='ocrx_word' id='word_1_526' title='bbox 2910 476 3194 532; x_wconf 91' lang='lat' dir='ltr'><strong>considera</strong></span> <span class='ocrx_word' id='word_1_527' title='bbox 3220 519 3236 547; x_wconf 96' lang='lat'><strong>,</strong></span> <span class='ocrx_word' id='word_1_528' title='bbox 3279 488 3342 533; x_wconf 92' lang='lat' dir='ltr'><strong>ut</strong></span> <span class='ocrx_word' id='word_1_529' title='bbox 3394 480 3445 536; x_wconf 90' lang='lat' dir='ltr'><strong>in</strong></span> <span class='ocrx_word' id='word_1_530' title='bbox 3488 482 3591 536; x_wconf 88' lang='lat' dir='ltr'><strong>tuis</strong></span> <span class='ocrx_word' id='word_1_531' title='bbox 3628 484 3841 541; x_wconf 85' lang='lat' dir='ltr'><strong>invenias</strong></span> 
     </span>
    </p>
   </div>
   <div class='ocr_carea' id='block_1_63' title="bbox 2288 560 3843 645">
    <p class='ocr_par' dir='ltr' id='par_1_63' title="bbox 2288 560 3843 645">
     <span class='ocr_line' id='line_1_63' title="bbox 2288 560 3843 645; baseline 0.01 -31"><span class='ocrx_word' id='word_1_532' title='bbox 2288 560 2761 619; x_wconf 88' lang='lat' dir='ltr'><strong>medicamentum.</strong></span> <span class='ocrx_word' id='word_1_533' title='bbox 2794 564 3112 636; x_wconf 85' lang='lat' dir='ltr'><strong>Convertere,</strong></span> <span class='ocrx_word' id='word_1_534' title='bbox 3139 570 3312 624; x_wconf 81' lang='lat' dir='ltr'><strong>animo</strong></span> <span class='ocrx_word' id='word_1_535' title='bbox 3362 588 3494 640; x_wconf 84' lang='lat' dir='ltr'><strong>mea,</strong></span> <span class='ocrx_word' id='word_1_536' title='bbox 3544 574 3597 627; x_wconf 89' lang='lat' dir='ltr'><strong>iu</strong></span> <span class='ocrx_word' id='word_1_537' title='bbox 3651 578 3843 645; x_wconf 81' lang='lat' dir='ltr'><strong>requiem</strong></span> 
     </span>
    </p>
   </div>
   <div class='ocr_carea' id='block_1_64' title="bbox 2287 654 3843 739">
    <p class='ocr_par' dir='ltr' id='par_1_64' title="bbox 2287 654 3843 739">
     <span class='ocr_line' id='line_1_64' title="bbox 2287 654 3843 739; baseline 0.009 -34"><span class='ocrx_word' id='word_1_538' title='bbox 2287 661 2427 705; x_wconf 75' lang='lat' dir='ltr'><strong>tuam</strong></span> <span class='ocrx_word' id='word_1_539' title='bbox 2444 694 2459 719; x_wconf 89' lang='lat'><strong>,</strong></span> <span class='ocrx_word' id='word_1_540' title='bbox 2485 654 2724 723; x_wconf 81' lang='lat' dir='ltr'><strong>quoniam</strong></span> <span class='ocrx_word' id='word_1_541' title='bbox 2751 654 3003 711; x_wconf 83' lang='lat' dir='ltr'><strong>Dominus</strong></span> <span class='ocrx_word' id='word_1_542' title='bbox 3028 657 3271 732; x_wconf 76' lang='lat' dir='ltr'><strong>benefedt</strong></span> <span class='ocrx_word' id='word_1_543' title='bbox 3298 662 3404 726; x_wconf 85' lang='lat' dir='ltr'><strong>tibi,</strong></span> <span class='ocrx_word' id='word_1_544' title='bbox 3429 662 3584 731; x_wconf 89' lang='lat' dir='ltr'><strong>dicis,</strong></span> <span class='ocrx_word' id='word_1_545' title='bbox 3617 675 3668 719; x_wconf 90' lang='lat' dir='ltr'><strong>et</strong></span> <span class='ocrx_word' id='word_1_546' title='bbox 3693 667 3843 739; x_wconf 75' lang='lat' dir='ltr'><strong>laery-</strong></span> 
     </span>
    </p>
   </div>
   <div class='ocr_carea' id='block_1_65' title="bbox 2288 743 3847 813">
    <p class='ocr_par' dir='ltr' id='par_1_65' title="bbox 2288 743 3847 813">
     <span class='ocr_line' id='line_1_65' title="bbox 2288 743 3847 813; baseline 0.009 -14"><span class='ocrx_word' id='word_1_547' title='bbox 2288 743 2485 799; x_wconf 85' lang='lat' dir='ltr'><strong>maris?</strong></span> <span class='ocrx_word' id='word_1_548' title='bbox 2509 760 2687 801; x_wconf 89' lang='lat' dir='ltr'><strong>annon</strong></span> <span class='ocrx_word' id='word_1_549' title='bbox 2711 746 2825 808; x_wconf 73' lang='lat' dir='ltr'><strong>haec</strong></span> <span class='ocrx_word' id='word_1_550' title='bbox 2846 758 2972 804; x_wconf 88' lang='lat' dir='ltr'><strong>sunt</strong></span> <span class='ocrx_word' id='word_1_551' title='bbox 2989 750 3145 807; x_wconf 88' lang='lat' dir='ltr'><strong>ludus</strong></span> <span class='ocrx_word' id='word_1_552' title='bbox 3165 761 3219 806; x_wconf 86' lang='lat' dir='ltr'><strong>et</strong></span> <span class='ocrx_word' id='word_1_553' title='bbox 3235 752 3543 813; x_wconf 82' lang='lat' dir='ltr'><strong>histrionica</strong></span> <span class='ocrx_word' id='word_1_554' title='bbox 3564 758 3847 813; x_wconf 83' lang='lat' dir='ltr'><strong>simulatio?</strong></span> 
     </span>
    </p>
   </div>
   <div class='ocr_carea' id='block_1_66' title="bbox 2286 835 3847 919">
    <p class='ocr_par' dir='ltr' id='par_1_66' title="bbox 2286 835 3847 919">
     <span class='ocr_line' id='line_1_66' title="bbox 2286 835 3847 919; baseline 0.01 -28"><span class='ocrx_word' id='word_1_555' title='bbox 2286 835 2420 892; x_wconf 84' lang='lat' dir='ltr'><strong>Nam</strong></span> <span class='ocrx_word' id='word_1_556' title='bbox 2450 839 2495 892; x_wconf 92' lang='lat' dir='ltr'><strong>si</strong></span> <span class='ocrx_word' id='word_1_557' title='bbox 2547 853 2735 895; x_wconf 86' lang='lat' dir='ltr'><strong>revera</strong></span> <span class='ocrx_word' id='word_1_558' title='bbox 2783 841 2959 897; x_wconf 88' lang='lat' dir='ltr'><strong>credis</strong></span> <span class='ocrx_word' id='word_1_559' title='bbox 3003 843 3068 899; x_wconf 89' lang='lat' dir='ltr'><strong>iis</strong></span> <span class='ocrx_word' id='word_1_560' title='bbox 3115 861 3235 916; x_wconf 64' lang='lat' dir='ltr'><strong>quae</strong></span> <span class='ocrx_word' id='word_1_561' title='bbox 3264 846 3427 913; x_wconf 90' lang='lat' dir='ltr'><strong>dicis,</strong></span> <span class='ocrx_word' id='word_1_562' title='bbox 3469 864 3847 919; x_wconf 80' lang='lat' dir='ltr'><strong>supervacauee</strong></span> 
     </span>
    </p>
   </div>
   <div class='ocr_carea' id='block_1_67' title="bbox 2289 931 3847 1002">
    <p class='ocr_par' dir='ltr' id='par_1_67' title="bbox 2289 931 3847 1002">
     <span class='ocr_line' id='line_1_67' title="bbox 2289 931 3847 1002; baseline 0.01 -15"><span class='ocrx_word' id='word_1_563' title='bbox 2289 931 2437 1001; x_wconf 87' lang='lat' dir='ltr'><strong>luges</strong></span> <span class='ocrx_word' id='word_1_564' title='bbox 2462 940 2516 987; x_wconf 89' lang='lat' dir='ltr'><strong>et</strong></span> <span class='ocrx_word' id='word_1_565' title='bbox 2545 932 2854 990; x_wconf 87' lang='lat' dir='ltr'><strong>lamentaris</strong></span> <span class='ocrx_word' id='word_1_566' title='bbox 2878 953 2893 997; x_wconf 86' lang='lat'><strong>;</strong></span> <span class='ocrx_word' id='word_1_567' title='bbox 2922 936 2967 991; x_wconf 87' lang='lat' dir='ltr'><strong>si</strong></span> <span class='ocrx_word' id='word_1_568' title='bbox 2993 946 3171 993; x_wconf 89' lang='lat' dir='ltr'><strong>autem</strong></span> <span class='ocrx_word' id='word_1_569' title='bbox 3201 937 3339 994; x_wconf 91' lang='lat' dir='ltr'><strong>ludis</strong></span> <span class='ocrx_word' id='word_1_570' title='bbox 3358 948 3411 994; x_wconf 91' lang='lat' dir='ltr'><strong>et</strong></span> <span class='ocrx_word' id='word_1_571' title='bbox 3433 940 3652 996; x_wconf 88' lang='lat' dir='ltr'><strong>simulas</strong></span> <span class='ocrx_word' id='word_1_572' title='bbox 3676 953 3725 998; x_wconf 90' lang='lat' dir='ltr'><strong>et</strong></span> <span class='ocrx_word' id='word_1_573' title='bbox 3750 943 3847 1002; x_wconf 63' lang='lat' dir='ltr'><strong>hac</strong></span> 
     </span>
    </p>
   </div>
   <div class='ocr_carea' id='block_1_68' title="bbox 2290 1016 3835 1104">
    <p class='ocr_par' dir='ltr' id='par_1_68' title="bbox 2290 1016 3835 1104">
     <span class='ocr_line' id='line_1_68' title="bbox 2290 1016 3835 1104; baseline 0.008 -26"><span class='ocrx_word' id='word_1_574' title='bbox 2290 1032 2443 1093; x_wconf 88' lang='lat' dir='ltr'><strong>putas</strong></span> <span class='ocrx_word' id='word_1_575' title='bbox 2466 1038 2588 1080; x_wconf 90' lang='lat' dir='ltr'><strong>esse</strong></span> <span class='ocrx_word' id='word_1_576' title='bbox 2608 1024 2833 1091; x_wconf 89' lang='lat' dir='ltr'><strong>fabulas,</strong></span> <span class='ocrx_word' id='word_1_577' title='bbox 2864 1042 2961 1082; x_wconf 88' lang='lat' dir='ltr'><strong>cur</strong></span> <span class='ocrx_word' id='word_1_578' title='bbox 2989 1029 3209 1098; x_wconf 89' lang='lat' dir='ltr'><strong>psallis?</strong></span> <span class='ocrx_word' id='word_1_579' title='bbox 3235 1045 3331 1086; x_wconf 91' lang='lat' dir='ltr'><strong>cur</strong></span> <span class='ocrx_word' id='word_1_580' title='bbox 3357 1016 3515 1087; x_wconf 69' lang='lat' dir='ltr'><strong>etiam</strong></span> <span class='ocrx_word' id='word_1_581' title='bbox 3542 1048 3636 1088; x_wconf 88' lang='lat' dir='ltr'><strong>eos</strong></span> <span class='ocrx_word' id='word_1_582' title='bbox 3658 1036 3740 1104; x_wconf 91' lang='lat' dir='ltr'><strong>qui</strong></span> <span class='ocrx_word' id='word_1_583' title='bbox 3764 1039 3835 1091; x_wconf 87' lang='lat' dir='ltr'><strong>ad-</strong></span> 
     </span>
    </p>
   </div>
   <div class='ocr_carea' id='block_1_69' title="bbox 2289 1115 3846 1197">
    <p class='ocr_par' dir='ltr' id='par_1_69' title="bbox 2289 1115 3846 1197">
     <span class='ocr_line' id='line_1_69' title="bbox 2289 1115 3846 1197; baseline 0.01 -27"><span class='ocrx_word' id='word_1_584' title='bbox 2289 1124 2411 1170; x_wconf 90' lang='lat' dir='ltr'><strong>sunt</strong></span> <span class='ocrx_word' id='word_1_585' title='bbox 2438 1115 2676 1185; x_wconf 88' lang='lat' dir='ltr'><strong>pateris?</strong></span> <span class='ocrx_word' id='word_1_586' title='bbox 2695 1132 2793 1171; x_wconf 90' lang='lat' dir='ltr'><strong>cur</strong></span> <span class='ocrx_word' id='word_1_587' title='bbox 2816 1133 2921 1174; x_wconf 90' lang='lat' dir='ltr'><strong>non</strong></span> <span class='ocrx_word' id='word_1_588' title='bbox 2944 1134 3037 1175; x_wconf 91' lang='lat' dir='ltr'><strong>eos</strong></span> <span class='ocrx_word' id='word_1_589' title='bbox 3060 1120 3151 1191; x_wconf 89' lang='lat' dir='ltr'><strong>qui</strong></span> <span class='ocrx_word' id='word_1_590' title='bbox 3179 1122 3411 1192; x_wconf 87' lang='lat' dir='ltr'><strong>psallunt</strong></span> <span class='ocrx_word' id='word_1_591' title='bbox 3430 1124 3636 1196; x_wconf 84' lang='lat' dir='ltr'><strong>abigis?</strong></span> <span class='ocrx_word' id='word_1_592' title='bbox 3658 1130 3722 1181; x_wconf 76' lang='lat' dir='ltr'><strong>At</strong></span> <span class='ocrx_word' id='word_1_593' title='bbox 3742 1127 3846 1197; x_wconf 86' lang='lat' dir='ltr'><strong>hoc,</strong></span> 
     </span>
    </p>
   </div>
   <div class='ocr_carea' id='block_1_70' title="bbox 2291 1206 3847 1288">
    <p class='ocr_par' dir='ltr' id='par_1_70' title="bbox 2291 1206 3847 1288">
     <span class='ocr_line' id='line_1_70' title="bbox 2291 1206 3847 1288; baseline 0.01 -28"><span class='ocrx_word' id='word_1_594' title='bbox 2291 1206 2478 1276; x_wconf 88' lang='lat' dir='ltr'><strong>inquit,</strong></span> <span class='ocrx_word' id='word_1_595' title='bbox 2512 1216 2597 1263; x_wconf 88' lang='lat' dir='ltr'><strong>est</strong></span> <span class='ocrx_word' id='word_1_596' title='bbox 2622 1207 2931 1265; x_wconf 89' lang='lat' dir='ltr'><strong>furentium.</strong></span> <span class='ocrx_word' id='word_1_597' title='bbox 2976 1210 3108 1267; x_wconf 85' lang='lat' dir='ltr'><strong>illud</strong></span> <span class='ocrx_word' id='word_1_598' title='bbox 3152 1224 3331 1271; x_wconf 88' lang='lat' dir='ltr'><strong>autem</strong></span> <span class='ocrx_word' id='word_1_599' title='bbox 3362 1216 3535 1271; x_wconf 91' lang='lat' dir='ltr'><strong>multo</strong></span> <span class='ocrx_word' id='word_1_600' title='bbox 3564 1219 3745 1288; x_wconf 86' lang='lat' dir='ltr'><strong>magis.</strong></span> <span class='ocrx_word' id='word_1_601' title='bbox 3768 1224 3847 1275; x_wconf 77' lang='lat' dir='ltr'><strong>At-</strong></span> 
     </span>
    </p>
   </div>
   <div class='ocr_carea' id='block_1_71' title="bbox 2289 1298 3846 1376">
    <p class='ocr_par' dir='ltr' id='par_1_71' title="bbox 2289 1298 3846 1376">
     <span class='ocr_line' id='line_1_71' title="bbox 2289 1298 3846 1376; baseline 0.012 -29"><span class='ocrx_word' id='word_1_602' title='bbox 2289 1313 2392 1367; x_wconf 91' lang='lat' dir='ltr'><strong>que</strong></span> <span class='ocrx_word' id='word_1_603' title='bbox 2432 1298 2640 1356; x_wconf 89' lang='lat' dir='ltr'><strong>interim</strong></span> <span class='ocrx_word' id='word_1_604' title='bbox 2705 1302 2922 1371; x_wconf 88' lang='lat' dir='ltr'><strong>quidem</strong></span> <span class='ocrx_word' id='word_1_605' title='bbox 2976 1303 3271 1370; x_wconf 87' lang='lat' dir='ltr'><strong>admoneo;</strong></span> <span class='ocrx_word' id='word_1_606' title='bbox 3324 1306 3646 1376; x_wconf 89' lang='lat' dir='ltr'><strong>procedentc</strong></span> <span class='ocrx_word' id='word_1_607' title='bbox 3691 1320 3846 1366; x_wconf 88' lang='lat' dir='ltr'><strong>autem</strong></span> 
     </span>
    </p>
   </div>
   <div class='ocr_carea' id='block_1_72' title="bbox 2292 1391 3848 1466">
    <p class='ocr_par' dir='ltr' id='par_1_72' title="bbox 2292 1391 3848 1466">
     <span class='ocr_line' id='line_1_72' title="bbox 2292 1391 3848 1466; baseline 0.01 -23"><span class='ocrx_word' id='word_1_608' title='bbox 2292 1400 2535 1460; x_wconf 85' lang='lat' dir='ltr'><strong>tempore</strong></span> <span class='ocrx_word' id='word_1_609' title='bbox 2589 1391 2727 1448; x_wconf 91' lang='lat' dir='ltr'><strong>hanc</strong></span> <span class='ocrx_word' id='word_1_610' title='bbox 2782 1409 2896 1450; x_wconf 90' lang='lat' dir='ltr'><strong>rem</strong></span> <span class='ocrx_word' id='word_1_611' title='bbox 2947 1410 3240 1466; x_wconf 88' lang='lat' dir='ltr'><strong>persequar</strong></span> <span class='ocrx_word' id='word_1_612' title='bbox 3271 1399 3687 1455; x_wconf 88' lang='lat' dir='ltr'><strong>vehementius:</strong></span> <span class='ocrx_word' id='word_1_613' title='bbox 3720 1404 3848 1459; x_wconf 79' lang='lat' dir='ltr'><strong>valde</strong></span> 
     </span>
    </p>
   </div>
   <div class='ocr_carea' id='block_1_73' title="bbox 2291 1485 3848 1561">
    <p class='ocr_par' dir='ltr' id='par_1_73' title="bbox 2291 1485 3848 1561">
     <span class='ocr_line' id='line_1_73' title="bbox 2291 1485 3848 1561; baseline 0.008 -24"><span class='ocrx_word' id='word_1_614' title='bbox 2291 1485 2432 1537; x_wconf 89' lang='lat' dir='ltr'><strong>enim</strong></span> <span class='ocrx_word' id='word_1_615' title='bbox 2462 1485 2624 1542; x_wconf 88' lang='lat' dir='ltr'><strong>timeo</strong></span> <span class='ocrx_word' id='word_1_616' title='bbox 2654 1500 2721 1541; x_wconf 91' lang='lat' dir='ltr'><strong>ne</strong></span> <span class='ocrx_word' id='word_1_617' title='bbox 2739 1485 2841 1541; x_wconf 89' lang='lat' dir='ltr'><strong>hoc</strong></span> <span class='ocrx_word' id='word_1_618' title='bbox 2861 1488 3020 1543; x_wconf 90' lang='lat' dir='ltr'><strong>modo</strong></span> <span class='ocrx_word' id='word_1_619' title='bbox 3036 1489 3212 1558; x_wconf 87' lang='lat' dir='ltr'><strong>gravis</strong></span> <span class='ocrx_word' id='word_1_620' title='bbox 3238 1491 3429 1561; x_wconf 88' lang='lat' dir='ltr'><strong>aliquis</strong></span> <span class='ocrx_word' id='word_1_621' title='bbox 3450 1492 3665 1547; x_wconf 89' lang='lat' dir='ltr'><strong>morbus</strong></span> <span class='ocrx_word' id='word_1_622' title='bbox 3686 1494 3848 1549; x_wconf 84' lang='lat' dir='ltr'><strong>subeat</strong></span> 
     </span>
    </p>
   </div>
   <div class='ocr_carea' id='block_1_74' title="bbox 2292 1575 3844 1655">
    <p class='ocr_par' dir='ltr' id='par_1_74' title="bbox 2292 1575 3844 1655">
     <span class='ocr_line' id='line_1_74' title="bbox 2292 1575 3844 1655; baseline 0.006 -25"><span class='ocrx_word' id='word_1_623' title='bbox 2292 1575 2609 1632; x_wconf 87' lang='lat' dir='ltr'><strong>Ecclesiam.</strong></span> <span class='ocrx_word' id='word_1_624' title='bbox 2645 1578 2817 1648; x_wconf 86' lang='lat' dir='ltr'><strong>Atque</strong></span> <span class='ocrx_word' id='word_1_625' title='bbox 2840 1578 3083 1649; x_wconf 89' lang='lat' dir='ltr'><strong>planctus</strong></span> <span class='ocrx_word' id='word_1_626' title='bbox 3109 1581 3327 1651; x_wconf 89' lang='lat' dir='ltr'><strong>quidem</strong></span> <span class='ocrx_word' id='word_1_627' title='bbox 3356 1593 3545 1653; x_wconf 90' lang='lat' dir='ltr'><strong>postea</strong></span> <span class='ocrx_word' id='word_1_628' title='bbox 3571 1586 3844 1655; x_wconf 79' lang='lat' dir='ltr'><strong>corrigam;</strong></span> 
     </span>
    </p>
   </div>
   <div class='ocr_carea' id='block_1_75' title="bbox 2292 1667 3847 1743">
    <p class='ocr_par' dir='ltr' id='par_1_75' title="bbox 2292 1667 3847 1743">
     <span class='ocr_line' id='line_1_75' title="bbox 2292 1667 3847 1743; baseline 0.007 -23"><span class='ocrx_word' id='word_1_629' title='bbox 2292 1667 2502 1720; x_wconf 91' lang='lat' dir='ltr'><strong>interim</strong></span> <span class='ocrx_word' id='word_1_630' title='bbox 2552 1676 2729 1722; x_wconf 91' lang='lat' dir='ltr'><strong>autem</strong></span> <span class='ocrx_word' id='word_1_631' title='bbox 2761 1668 3045 1736; x_wconf 89' lang='lat' dir='ltr'><strong>denuntio,</strong></span> <span class='ocrx_word' id='word_1_632' title='bbox 3089 1669 3388 1742; x_wconf 89' lang='lat' dir='ltr'><strong>divitesque</strong></span> <span class='ocrx_word' id='word_1_633' title='bbox 3430 1682 3485 1728; x_wconf 90' lang='lat' dir='ltr'><strong>et</strong></span> <span class='ocrx_word' id='word_1_634' title='bbox 3535 1689 3781 1743; x_wconf 86' lang='lat' dir='ltr'><strong>pauperes</strong></span> <span class='ocrx_word' id='word_1_635' title='bbox 3806 1688 3847 1731; x_wconf 91' lang='lat' dir='ltr'><strong>ct</strong></span> 
     </span>
    </p>
   </div>
   <div class='ocr_carea' id='block_1_76' title="bbox 2293 1758 3297 1830">
    <p class='ocr_par' dir='ltr' id='par_1_76' title="bbox 2293 1758 3297 1830">
     <span class='ocr_line' id='line_1_76' title="bbox 2293 1758 3297 1830; baseline 0.005 -19"><span class='ocrx_word' id='word_1_636' title='bbox 2293 1758 2545 1814; x_wconf 89' lang='lat' dir='ltr'><strong>mulieres</strong></span> <span class='ocrx_word' id='word_1_637' title='bbox 2572 1760 2819 1830; x_wconf 83' lang='lat' dir='ltr'><strong>virosque</strong></span> <span class='ocrx_word' id='word_1_638' title='bbox 2854 1760 3006 1817; x_wconf 86' lang='lat' dir='ltr'><strong>valde</strong></span> <span class='ocrx_word' id='word_1_639' title='bbox 3038 1761 3297 1818; x_wconf 84' lang='lat' dir='ltr'><strong>obtestor.</strong></span> 
     </span>
    </p>
   </div>
   <div class='ocr_carea' id='block_1_77' title="bbox 2364 1852 3848 1929">
    <p class='ocr_par' dir='ltr' id='par_1_77' title="bbox 2364 1852 3848 1929">
     <span class='ocr_line' id='line_1_77' title="bbox 2364 1852 3848 1929; baseline 0.005 -24"><span class='ocrx_word' id='word_1_640' title='bbox 2364 1854 2602 1922; x_wconf 75' lang='lat' dir='ltr'><strong>Prw/ica:</strong></span> <span class='ocrx_word' id='word_1_641' title='bbox 2629 1852 2683 1907; x_wconf 85' lang='lat' dir='ltr'><strong>in</strong></span> <span class='ocrx_word' id='word_1_642' title='bbox 2727 1853 2985 1925; x_wconf 80' lang='lat' dir='ltr'><strong>funeribus</strong></span> <span class='ocrx_word' id='word_1_643' title='bbox 3023 1865 3259 1909; x_wconf 86' lang='lat' dir='ltr'><strong>arcentur</strong></span> <span class='ocrx_word' id='word_1_644' title='bbox 3313 1873 3345 1910; x_wconf 82' lang='grc' dir='ltr'><em>α</em></span> <span class='ocrx_word' id='word_1_645' title='bbox 3398 1853 3766 1929; x_wconf 80' lang='lat' dir='ltr'><strong>Chrysostomo.</strong></span> <span class='ocrx_word' id='word_1_646' title='bbox 3792 1892 3848 1903; x_wconf 94' lang='lat'>—</span> 
     </span>
    </p>
   </div>
   <div class='ocr_carea' id='block_1_78' title="bbox 2292 1944 3849 2024">
    <p class='ocr_par' dir='ltr' id='par_1_78' title="bbox 2292 1944 3849 2024">
     <span class='ocr_line' id='line_1_78' title="bbox 2292 1944 3849 2024; baseline 0.005 -23"><span class='ocrx_word' id='word_1_647' title='bbox 2292 1944 2578 2016; x_wconf 86' lang='lat' dir='ltr'><strong>Contingat</strong></span> <span class='ocrx_word' id='word_1_648' title='bbox 2603 1947 2817 2017; x_wconf 88' lang='lat' dir='ltr'><strong>quidem</strong></span> <span class='ocrx_word' id='word_1_649' title='bbox 2859 1949 3012 2003; x_wconf 89' lang='lat' dir='ltr'><strong>vobis</strong></span> <span class='ocrx_word' id='word_1_650' title='bbox 3039 1949 3288 2004; x_wconf 89' lang='lat' dir='ltr'><strong>omnibus</strong></span> <span class='ocrx_word' id='word_1_651' title='bbox 3340 1961 3397 2005; x_wconf 89' lang='lat' dir='ltr'><strong>ut</strong></span> <span class='ocrx_word' id='word_1_652' title='bbox 3439 1953 3645 2024; x_wconf 88' lang='lat' dir='ltr'><strong>absque</strong></span> <span class='ocrx_word' id='word_1_653' title='bbox 3675 1955 3849 2014; x_wconf 86' lang='lat' dir='ltr'><strong>luetue</strong></span> 
     </span>
    </p>
   </div>
   <div class='ocr_carea' id='block_1_79' title="bbox 2292 2040 3849 2118">
    <p class='ocr_par' dir='ltr' id='par_1_79' title="bbox 2292 2040 3849 2118">
     <span class='ocr_line' id='line_1_79' title="bbox 2292 2040 3849 2118; baseline 0.005 -23"><span class='ocrx_word' id='word_1_654' title='bbox 2292 2042 2399 2095; x_wconf 84' lang='lat' dir='ltr'><strong>vita</strong></span> <span class='ocrx_word' id='word_1_655' title='bbox 2426 2040 2717 2105; x_wconf 79' lang='lat' dir='ltr'><strong>excedatis,</strong></span> <span class='ocrx_word' id='word_1_656' title='bbox 2746 2050 2801 2095; x_wconf 90' lang='lat' dir='ltr'><strong>et</strong></span> <span class='ocrx_word' id='word_1_657' title='bbox 2821 2055 2882 2095; x_wconf 93' lang='lat' dir='ltr'><strong>ea</strong></span> <span class='ocrx_word' id='word_1_658' title='bbox 2904 2056 3007 2112; x_wconf 87' lang='lat' dir='ltr'><strong>qua</strong></span> <span class='ocrx_word' id='word_1_659' title='bbox 3034 2057 3131 2113; x_wconf 90' lang='lat' dir='ltr'><strong>par</strong></span> <span class='ocrx_word' id='word_1_660' title='bbox 3151 2052 3235 2097; x_wconf 91' lang='lat' dir='ltr'><strong>est</strong></span> <span class='ocrx_word' id='word_1_661' title='bbox 3260 2043 3397 2114; x_wconf 91' lang='lat' dir='ltr'><strong>lege,</strong></span> <span class='ocrx_word' id='word_1_662' title='bbox 3432 2055 3611 2114; x_wconf 87' lang='lat' dir='ltr'><strong>patres</strong></span> <span class='ocrx_word' id='word_1_663' title='bbox 3635 2050 3717 2118; x_wconf 90' lang='lat' dir='ltr'><strong>qui</strong></span> <span class='ocrx_word' id='word_1_664' title='bbox 3744 2067 3849 2105; x_wconf 67' lang='lat' dir='ltr'><strong>con.</strong></span> 
     </span>
    </p>
   </div>
   <div class='ocr_carea' id='block_1_80' title="bbox 2293 2132 3848 2201">
    <p class='ocr_par' dir='ltr' id='par_1_80' title="bbox 2293 2132 3848 2201">
     <span class='ocr_line' id='line_1_80' title="bbox 2293 2132 3848 2201; baseline 0.005 -12"><span class='ocrx_word' id='word_1_665' title='bbox 2293 2140 2588 2189; x_wconf 90' lang='lat' dir='ltr'><strong>senuerunt</strong></span> <span class='ocrx_word' id='word_1_666' title='bbox 2615 2132 2949 2187; x_wconf 89' lang='lat' dir='ltr'><strong>deducantur</strong></span> <span class='ocrx_word' id='word_1_667' title='bbox 2976 2148 3006 2187; x_wconf 90' lang='lat' dir='ltr'><strong>a</strong></span> <span class='ocrx_word' id='word_1_668' title='bbox 3048 2134 3193 2201; x_wconf 82' lang='lat' dir='ltr'><strong>filiis,</strong></span> <span class='ocrx_word' id='word_1_669' title='bbox 3226 2144 3279 2190; x_wconf 90' lang='lat' dir='ltr'><strong>et</strong></span> <span class='ocrx_word' id='word_1_670' title='bbox 3310 2145 3508 2191; x_wconf 89' lang='lat' dir='ltr'><strong>matres</strong></span> <span class='ocrx_word' id='word_1_671' title='bbox 3536 2153 3566 2191; x_wconf 91' lang='lat' dir='ltr'><strong>a</strong></span> <span class='ocrx_word' id='word_1_672' title='bbox 3598 2140 3785 2193; x_wconf 84' lang='lat' dir='ltr'><strong>filiabus</strong></span> <span class='ocrx_word' id='word_1_673' title='bbox 3806 2153 3848 2198; x_wconf 87' lang='lat' dir='ltr'><strong>et</strong></span> 
     </span>
    </p>
   </div>
   <div class='ocr_carea' id='block_1_81' title="bbox 2295 2224 3847 2300">
    <p class='ocr_par' dir='ltr' id='par_1_81' title="bbox 2295 2224 3847 2300">
     <span class='ocr_line' id='line_1_81' title="bbox 2295 2224 3847 2300; baseline 0.006 -20"><span class='ocrx_word' id='word_1_674' title='bbox 2295 2224 2578 2296; x_wconf 88' lang='lat' dir='ltr'><strong>nepotibus</strong></span> <span class='ocrx_word' id='word_1_675' title='bbox 2605 2234 2660 2280; x_wconf 90' lang='lat' dir='ltr'><strong>et</strong></span> <span class='ocrx_word' id='word_1_676' title='bbox 2690 2225 3072 2295; x_wconf 91' lang='lat' dir='ltr'><strong>pronepotibus</strong></span> <span class='ocrx_word' id='word_1_677' title='bbox 3103 2227 3154 2280; x_wconf 90' lang='lat' dir='ltr'><strong>in</strong></span> <span class='ocrx_word' id='word_1_678' title='bbox 3183 2225 3319 2280; x_wconf 91' lang='lat' dir='ltr'><strong>bona</strong></span> <span class='ocrx_word' id='word_1_679' title='bbox 3348 2237 3402 2283; x_wconf 90' lang='lat' dir='ltr'><strong>et</strong></span> <span class='ocrx_word' id='word_1_680' title='bbox 3429 2229 3689 2300; x_wconf 88' lang='lat' dir='ltr'><strong>profunda</strong></span> <span class='ocrx_word' id='word_1_681' title='bbox 3716 2250 3847 2289; x_wconf 86' lang='lat' dir='ltr'><strong>seue-</strong></span> 
     </span>
    </p>
   </div>
   <div class='ocr_carea' id='block_1_82' title="bbox 2294 2317 3847 2394">
    <p class='ocr_par' dir='ltr' id='par_1_82' title="bbox 2294 2317 3847 2394">
     <span class='ocr_line' id='line_1_82' title="bbox 2294 2317 3847 2394; baseline 0.005 -22"><span class='ocrx_word' id='word_1_682' title='bbox 2294 2326 2468 2382; x_wconf 90' lang='lat' dir='ltr'><strong>ctute,</strong></span> <span class='ocrx_word' id='word_1_683' title='bbox 2499 2325 2553 2372; x_wconf 90' lang='lat' dir='ltr'><strong>et</strong></span> <span class='ocrx_word' id='word_1_684' title='bbox 2575 2331 2833 2387; x_wconf 90' lang='lat' dir='ltr'><strong>nusquam</strong></span> <span class='ocrx_word' id='word_1_685' title='bbox 2854 2317 2924 2371; x_wconf 90' lang='lat' dir='ltr'><strong>sit</strong></span> <span class='ocrx_word' id='word_1_686' title='bbox 2943 2331 3092 2372; x_wconf 90' lang='lat' dir='ltr'><strong>mors</strong></span> <span class='ocrx_word' id='word_1_687' title='bbox 3120 2318 3422 2373; x_wconf 88' lang='lat' dir='ltr'><strong>immatura.</strong></span> <span class='ocrx_word' id='word_1_688' title='bbox 3450 2321 3564 2376; x_wconf 91' lang='lat' dir='ltr'><strong>lloc</strong></span> <span class='ocrx_word' id='word_1_689' title='bbox 3592 2339 3715 2394; x_wconf 87' lang='lat' dir='ltr'><strong>ergo</strong></span> <span class='ocrx_word' id='word_1_690' title='bbox 3741 2342 3847 2379; x_wconf 77' lang='lat' dir='ltr'><strong>cun-</strong></span> 
     </span>
    </p>
   </div>
   <div class='ocr_carea' id='block_1_83' title="bbox 2297 2411 3849 2485">
    <p class='ocr_par' dir='ltr' id='par_1_83' title="bbox 2297 2411 3849 2485">
     <span class='ocr_line' id='line_1_83' title="bbox 2297 2411 3849 2485; baseline 0.005 -20"><span class='ocrx_word' id='word_1_691' title='bbox 2297 2412 2483 2481; x_wconf 89' lang='lat' dir='ltr'><strong>tiugat,</strong></span> <span class='ocrx_word' id='word_1_692' title='bbox 2515 2411 2697 2466; x_wconf 88' lang='lat' dir='ltr'><strong>ethoc</strong></span> <span class='ocrx_word' id='word_1_693' title='bbox 2736 2420 2863 2482; x_wconf 85' lang='lat' dir='ltr'><strong>Opto</strong></span> <span class='ocrx_word' id='word_1_694' title='bbox 2903 2419 2958 2465; x_wconf 90' lang='lat' dir='ltr'><strong>et</strong></span> <span class='ocrx_word' id='word_1_695' title='bbox 2998 2426 3235 2480; x_wconf 90' lang='lat' dir='ltr'><strong>precor:</strong></span> <span class='ocrx_word' id='word_1_696' title='bbox 3269 2413 3635 2485; x_wconf 71' lang='lat' dir='ltr'><strong>prazsidesque</strong></span> <span class='ocrx_word' id='word_1_697' title='bbox 3683 2426 3733 2472; x_wconf 92' lang='lat' dir='ltr'><strong>et</strong></span> <span class='ocrx_word' id='word_1_698' title='bbox 3773 2434 3849 2473; x_wconf 86' lang='lat' dir='ltr'><strong>vos</strong></span> 
     </span>
    </p>
   </div>
   <div class='ocr_carea' id='block_1_84' title="bbox 2294 2502 3847 2576">
    <p class='ocr_par' dir='ltr' id='par_1_84' title="bbox 2294 2502 3847 2576">
     <span class='ocr_line' id='line_1_84' title="bbox 2294 2502 3847 2576; baseline 0.003 -17"><span class='ocrx_word' id='word_1_699' title='bbox 2294 2518 2483 2559; x_wconf 88' lang='lat' dir='ltr'><strong>omnes</strong></span> <span class='ocrx_word' id='word_1_700' title='bbox 2511 2518 2641 2574; x_wconf 90' lang='lat' dir='ltr'><strong>rogo</strong></span> <span class='ocrx_word' id='word_1_701' title='bbox 2662 2512 2715 2557; x_wconf 92' lang='lat' dir='ltr'><strong>ct</strong></span> <span class='ocrx_word' id='word_1_702' title='bbox 2735 2502 2920 2558; x_wconf 92' lang='lat' dir='ltr'><strong>hortor</strong></span> <span class='ocrx_word' id='word_1_703' title='bbox 2945 2512 3002 2558; x_wconf 93' lang='lat' dir='ltr'><strong>ut</strong></span> <span class='ocrx_word' id='word_1_704' title='bbox 3030 2504 3193 2558; x_wconf 85' lang='lat' dir='ltr'><strong>Deum</strong></span> <span class='ocrx_word' id='word_1_705' title='bbox 3215 2506 3350 2559; x_wconf 86' lang='lat' dir='ltr'><strong>alter</strong></span> <span class='ocrx_word' id='word_1_706' title='bbox 3371 2521 3466 2576; x_wconf 91' lang='lat' dir='ltr'><strong>pro</strong></span> <span class='ocrx_word' id='word_1_707' title='bbox 3492 2506 3666 2563; x_wconf 88' lang='lat' dir='ltr'><strong>altero</strong></span> <span class='ocrx_word' id='word_1_708' title='bbox 3690 2513 3847 2573; x_wconf 85' lang='lat' dir='ltr'><strong>oretis,</strong></span> 
     </span>
    </p>
   </div>
   <div class='ocr_carea' id='block_1_85' title="bbox 2295 2592 3848 2671">
    <p class='ocr_par' dir='ltr' id='par_1_85' title="bbox 2295 2592 3848 2671">
     <span class='ocr_line' id='line_1_85' title="bbox 2295 2592 3848 2671; baseline 0.002 -20"><span class='ocrx_word' id='word_1_709' title='bbox 2295 2607 2350 2652; x_wconf 88' lang='lat' dir='ltr'><strong>et</strong></span> <span class='ocrx_word' id='word_1_710' title='bbox 2374 2608 2659 2651; x_wconf 90' lang='lat' dir='ltr'><strong>commune</strong></span> <span class='ocrx_word' id='word_1_711' title='bbox 2681 2592 2782 2649; x_wconf 88' lang='lat' dir='ltr'><strong>hoc</strong></span> <span class='ocrx_word' id='word_1_712' title='bbox 2807 2594 2876 2648; x_wconf 91' lang='lat' dir='ltr'><strong>sit</strong></span> <span class='ocrx_word' id='word_1_713' title='bbox 2898 2602 3136 2649; x_wconf 89' lang='lat' dir='ltr'><strong>vestrum</strong></span> <span class='ocrx_word' id='word_1_714' title='bbox 3164 2604 3344 2650; x_wconf 89' lang='lat' dir='ltr'><strong>votum</strong></span> <span class='ocrx_word' id='word_1_715' title='bbox 3373 2614 3386 2649; x_wconf 92' lang='lat'><strong>:</strong></span> <span class='ocrx_word' id='word_1_716' title='bbox 3416 2596 3461 2652; x_wconf 89' lang='lat' dir='ltr'><strong>si</strong></span> <span class='ocrx_word' id='word_1_717' title='bbox 3508 2609 3705 2669; x_wconf 88' lang='lat' dir='ltr'><strong>autem,</strong></span> <span class='ocrx_word' id='word_1_718' title='bbox 3732 2604 3848 2671; x_wconf 89' lang='lat' dir='ltr'><strong>quod</strong></span> 
     </span>
    </p>
   </div>
   <div class='ocr_carea' id='block_1_86' title="bbox 2295 2685 3849 2760">
    <p class='ocr_par' dir='ltr' id='par_1_86' title="bbox 2295 2685 3849 2760">
     <span class='ocr_line' id='line_1_86' title="bbox 2295 2685 3849 2760; baseline 0.001 -17"><span class='ocrx_word' id='word_1_719' title='bbox 2295 2686 2436 2743; x_wconf 79' lang='lat' dir='ltr'><strong>absit</strong></span> <span class='ocrx_word' id='word_1_720' title='bbox 2461 2701 2634 2757; x_wconf 87' lang='lat' dir='ltr'><strong>neque</strong></span> <span class='ocrx_word' id='word_1_721' title='bbox 2675 2685 2903 2755; x_wconf 88' lang='lat' dir='ltr'><strong>accidat,</strong></span> <span class='ocrx_word' id='word_1_722' title='bbox 2950 2687 3143 2742; x_wconf 90' lang='lat' dir='ltr'><strong>acerba</strong></span> <span class='ocrx_word' id='word_1_723' title='bbox 3188 2702 3336 2743; x_wconf 89' lang='lat' dir='ltr'><strong>mors</strong></span> <span class='ocrx_word' id='word_1_724' title='bbox 3383 2688 3569 2760; x_wconf 82' lang='lat' dir='ltr'><strong>aliqua</strong></span> <span class='ocrx_word' id='word_1_725' title='bbox 3642 2690 3849 2748; x_wconf 78' lang='lat' dir='ltr'><strong>evenerit</strong></span> 
     </span>
    </p>
   </div>
   <div class='ocr_carea' id='block_1_87' title="bbox 2297 2776 3849 2851">
    <p class='ocr_par' dir='ltr' id='par_1_87' title="bbox 2297 2776 3849 2851">
     <span class='ocr_line' id='line_1_87' title="bbox 2297 2776 3849 2851; baseline 0.004 -19"><span class='ocrx_word' id='word_1_726' title='bbox 2297 2778 2317 2851; x_wconf 93' lang='lat'>(</span> <span class='ocrx_word' id='word_1_727' title='bbox 2335 2776 2549 2845; x_wconf 89' lang='lat' dir='ltr'><strong>acerba,</strong></span> <span class='ocrx_word' id='word_1_728' title='bbox 2572 2776 2813 2846; x_wconf 87' lang='lat' dir='ltr'><strong>inquam,</strong></span> <span class='ocrx_word' id='word_1_729' title='bbox 2845 2790 2951 2831; x_wconf 91' lang='lat' dir='ltr'><strong>non</strong></span> <span class='ocrx_word' id='word_1_730' title='bbox 2982 2784 3168 2831; x_wconf 88' lang='lat' dir='ltr'><strong>natura</strong></span> <span class='ocrx_word' id='word_1_731' title='bbox 3190 2793 3363 2849; x_wconf 86' lang='lat' dir='ltr'><strong>neque</strong></span> <span class='ocrx_word' id='word_1_732' title='bbox 3394 2781 3542 2835; x_wconf 91' lang='lat' dir='ltr'><strong>enim</strong></span> <span class='ocrx_word' id='word_1_733' title='bbox 3571 2792 3653 2836; x_wconf 88' lang='lat' dir='ltr'><strong>est</strong></span> <span class='ocrx_word' id='word_1_734' title='bbox 3678 2782 3738 2837; x_wconf 89' lang='lat' dir='ltr'><strong>de</strong></span> <span class='ocrx_word' id='word_1_735' title='bbox 3761 2800 3849 2837; x_wconf 65' lang='lat' dir='ltr'><strong>ca:-</strong></span> 
     </span>
    </p>
   </div>
   <div class='ocr_carea' id='block_1_88' title="bbox 2299 2870 3847 2942">
    <p class='ocr_par' dir='ltr' id='par_1_88' title="bbox 2299 2870 3847 2942">
     <span class='ocr_line' id='line_1_88' title="bbox 2299 2870 3847 2942; baseline 0.002 -15"><span class='ocrx_word' id='word_1_736' title='bbox 2299 2882 2412 2928; x_wconf 90' lang='lat' dir='ltr'><strong>tero</strong></span> <span class='ocrx_word' id='word_1_737' title='bbox 2439 2885 2584 2926; x_wconf 91' lang='lat' dir='ltr'><strong>mors</strong></span> <span class='ocrx_word' id='word_1_738' title='bbox 2609 2870 2838 2937; x_wconf 91' lang='lat' dir='ltr'><strong>acerba;</strong></span> <span class='ocrx_word' id='word_1_739' title='bbox 2862 2885 2892 2924; x_wconf 89' lang='lat' dir='ltr'><strong>a</strong></span> <span class='ocrx_word' id='word_1_740' title='bbox 2922 2884 3113 2924; x_wconf 90' lang='lat' dir='ltr'><strong>somno</strong></span> <span class='ocrx_word' id='word_1_741' title='bbox 3140 2871 3283 2925; x_wconf 89' lang='lat' dir='ltr'><strong>enim</strong></span> <span class='ocrx_word' id='word_1_742' title='bbox 3313 2872 3443 2927; x_wconf 90' lang='lat' dir='ltr'><strong>nihil</strong></span> <span class='ocrx_word' id='word_1_743' title='bbox 3474 2873 3658 2931; x_wconf 78' lang='lat' dir='ltr'><strong>differt</strong></span> <span class='ocrx_word' id='word_1_744' title='bbox 3679 2893 3692 2942; x_wconf 93' lang='lat'><strong>;</strong></span> <span class='ocrx_word' id='word_1_745' title='bbox 3714 2878 3794 2931; x_wconf 85' lang='lat' dir='ltr'><strong>sed</strong></span> <span class='ocrx_word' id='word_1_746' title='bbox 3814 2877 3847 2930; x_wconf 74' lang='lat' dir='ltr'><strong>si</strong></span> 
     </span>
    </p>
   </div>
   <div class='ocr_carea' id='block_1_89' title="bbox 2299 2960 3825 3033">
    <p class='ocr_par' dir='ltr' id='par_1_89' title="bbox 2299 2960 3825 3033">
     <span class='ocr_line' id='line_1_89' title="bbox 2299 2960 3825 3033; baseline 0 -12"><span class='ocrx_word' id='word_1_747' title='bbox 2299 2973 2478 3023; x_wconf 90' lang='lat' dir='ltr'><strong>nostra</strong></span> <span class='ocrx_word' id='word_1_748' title='bbox 2511 2970 2780 3033; x_wconf 90' lang='lat' dir='ltr'><strong>spectetur</strong></span> <span class='ocrx_word' id='word_1_749' title='bbox 2807 2960 3043 3033; x_wconf 71' lang='lat' dir='ltr'><strong>affectio)</strong></span> <span class='ocrx_word' id='word_1_750' title='bbox 3072 2980 3086 3025; x_wconf 91' lang='lat'><strong>;</strong></span> <span class='ocrx_word' id='word_1_751' title='bbox 3112 2962 3157 3017; x_wconf 94' lang='lat' dir='ltr'><strong>si</strong></span> <span class='ocrx_word' id='word_1_752' title='bbox 3195 2962 3354 3033; x_wconf 85' lang='lat' dir='ltr'><strong>igitur</strong></span> <span class='ocrx_word' id='word_1_753' title='bbox 3370 2965 3566 3020; x_wconf 87' lang='lat' dir='ltr'><strong>acerba</strong></span> <span class='ocrx_word' id='word_1_754' title='bbox 3592 2982 3726 3021; x_wconf 90' lang='lat' dir='ltr'><strong>mors</strong></span> <span class='ocrx_word' id='word_1_755' title='bbox 3744 2983 3825 3023; x_wconf 82' lang='lat' dir='ltr'><strong>eve</strong></span> 
     </span>
    </p>
   </div>
   <div class='ocr_carea' id='block_1_90' title="bbox 2304 3054 3851 3129">
    <p class='ocr_par' dir='ltr' id='par_1_90' title="bbox 2304 3054 3851 3129">
     <span class='ocr_line' id='line_1_90' title="bbox 2304 3054 3851 3129; baseline -0.001 -17"><span class='ocrx_word' id='word_1_756' title='bbox 2304 3061 2477 3127; x_wconf 89' lang='lat' dir='ltr'><strong>ncrit,</strong></span> <span class='ocrx_word' id='word_1_757' title='bbox 2524 3066 2579 3112; x_wconf 91' lang='lat' dir='ltr'><strong>et</strong></span> <span class='ocrx_word' id='word_1_758' title='bbox 2633 3056 2823 3128; x_wconf 86' lang='lat' dir='ltr'><strong>aliquis</strong></span> <span class='ocrx_word' id='word_1_759' title='bbox 2854 3054 2953 3111; x_wconf 78' lang='lat' dir='ltr'><strong>has</strong></span> <span class='ocrx_word' id='word_1_760' title='bbox 3001 3072 3121 3129; x_wconf 78' lang='lat' dir='ltr'><strong>qua:</strong></span> <span class='ocrx_word' id='word_1_761' title='bbox 3152 3056 3515 3113; x_wconf 88' lang='lat' dir='ltr'><strong>lamententur</strong></span> <span class='ocrx_word' id='word_1_762' title='bbox 3543 3058 3851 3122; x_wconf 81' lang='lat' dir='ltr'><strong>conduxerit,</strong></span> 
     </span>
    </p>
   </div>
   <div class='ocr_carea' id='block_1_91' title="bbox 2303 3147 3852 3222">
    <p class='ocr_par' dir='ltr' id='par_1_91' title="bbox 2303 3147 3852 3222">
     <span class='ocr_line' id='line_1_91' title="bbox 2303 3147 3852 3222; baseline 0 -19"><span class='ocrx_word' id='word_1_763' title='bbox 2303 3148 2432 3203; x_wconf 90' lang='lat' dir='ltr'><strong>mihi</strong></span> <span class='ocrx_word' id='word_1_764' title='bbox 2456 3148 2658 3204; x_wconf 89' lang='lat' dir='ltr'><strong>credite</strong></span> <span class='ocrx_word' id='word_1_765' title='bbox 2679 3148 2874 3205; x_wconf 86' lang='lat' dir='ltr'><strong>dicenti</strong></span> <span class='ocrx_word' id='word_1_766' title='bbox 2900 3165 2913 3202; x_wconf 91' lang='lat'><strong>:</strong></span> <span class='ocrx_word' id='word_1_767' title='bbox 2939 3164 3043 3204; x_wconf 91' lang='lat' dir='ltr'><strong>non</strong></span> <span class='ocrx_word' id='word_1_768' title='bbox 3065 3147 3220 3204; x_wconf 88' lang='lat' dir='ltr'><strong>aliter</strong></span> <span class='ocrx_word' id='word_1_769' title='bbox 3244 3150 3385 3204; x_wconf 90' lang='lat' dir='ltr'><strong>enim</strong></span> <span class='ocrx_word' id='word_1_770' title='bbox 3412 3149 3559 3219; x_wconf 91' lang='lat' dir='ltr'><strong>dico,</strong></span> <span class='ocrx_word' id='word_1_771' title='bbox 3584 3166 3731 3222; x_wconf 88' lang='lat' dir='ltr'><strong>quam</strong></span> <span class='ocrx_word' id='word_1_772' title='bbox 3759 3165 3852 3204; x_wconf 88' lang='lat' dir='ltr'><strong>sum</strong></span> 
     </span>
    </p>
   </div>
   <div class='ocr_carea' id='block_1_92' title="bbox 2301 3240 3854 3314">
    <p class='ocr_par' dir='ltr' id='par_1_92' title="bbox 2301 3240 3854 3314">
     <span class='ocr_line' id='line_1_92' title="bbox 2301 3240 3854 3314; baseline 0.001 -20"><span class='ocrx_word' id='word_1_773' title='bbox 2301 3240 2559 3307; x_wconf 78' lang='lat' dir='ltr'><strong>affectus;</strong></span> <span class='ocrx_word' id='word_1_774' title='bbox 2588 3240 2677 3311; x_wconf 89' lang='lat' dir='ltr'><strong>qui</strong></span> <span class='ocrx_word' id='word_1_775' title='bbox 2705 3241 2830 3295; x_wconf 87' lang='lat' dir='ltr'><strong>velit</strong></span> <span class='ocrx_word' id='word_1_776' title='bbox 2856 3243 3114 3296; x_wconf 89' lang='lat' dir='ltr'><strong>irascatur</strong></span> <span class='ocrx_word' id='word_1_777' title='bbox 3141 3258 3154 3294; x_wconf 90' lang='lat'>:</span> <span class='ocrx_word' id='word_1_778' title='bbox 3183 3256 3305 3297; x_wconf 89' lang='lat' dir='ltr'><strong>eum</strong></span> <span class='ocrx_word' id='word_1_779' title='bbox 3344 3242 3505 3313; x_wconf 88' lang='lat' dir='ltr'><strong>longo</strong></span> <span class='ocrx_word' id='word_1_780' title='bbox 3539 3251 3767 3314; x_wconf 90' lang='lat' dir='ltr'><strong>tempore</strong></span> <span class='ocrx_word' id='word_1_781' title='bbox 3786 3259 3854 3295; x_wconf 84' lang='lat' dir='ltr'><strong>ar-</strong></span> 
     </span>
    </p>
   </div>
   <div class='ocr_carea' id='block_1_93' title="bbox 2300 3316 3848 3406">
    <p class='ocr_par' dir='ltr' id='par_1_93' title="bbox 2300 3316 3848 3406">
     <span class='ocr_line' id='line_1_93' title="bbox 2300 3316 3848 3406; baseline -0.001 -18"><span class='ocrx_word' id='word_1_782' title='bbox 2300 3316 2541 3388; x_wconf 85' lang='lat' dir='ltr'><strong>cebimus</strong></span> <span class='ocrx_word' id='word_1_783' title='bbox 2570 3332 2637 3388; x_wconf 89' lang='lat' dir='ltr'><strong>ab</strong></span> <span class='ocrx_word' id='word_1_784' title='bbox 2666 3332 2914 3400; x_wconf 85' lang='lat' dir='ltr'><strong>ecclesia,</strong></span> <span class='ocrx_word' id='word_1_785' title='bbox 2953 3341 3220 3403; x_wconf 87' lang='lat' dir='ltr'><strong>tamquam</strong></span> <span class='ocrx_word' id='word_1_786' title='bbox 3264 3334 3603 3391; x_wconf 90' lang='lat' dir='ltr'><strong>idololatram</strong></span> <span class='ocrx_word' id='word_1_787' title='bbox 3648 3334 3848 3406; x_wconf 73' lang='lat'><strong>(601.5.</strong></span> 
     </span>
    </p>
   </div>
   <div class='ocr_carea' id='block_1_94' title="bbox 2304 3422 3851 3493">
    <p class='ocr_par' dir='ltr' id='par_1_94' title="bbox 2304 3422 3851 3493">
     <span class='ocr_line' id='line_1_94' title="bbox 2304 3422 3851 3493; baseline 0.001 -17"><span class='ocrx_word' id='word_1_788' title='bbox 2304 3422 2395 3493; x_wconf 79' lang='grc'><strong>5).</strong></span> <span class='ocrx_word' id='word_1_789' title='bbox 2426 3422 2557 3477; x_wconf 87' lang='lat' dir='ltr'><strong>Nam</strong></span> <span class='ocrx_word' id='word_1_790' title='bbox 2587 3424 2631 3477; x_wconf 88' lang='lat' dir='ltr'><strong>si</strong></span> <span class='ocrx_word' id='word_1_791' title='bbox 2662 3422 2858 3477; x_wconf 86' lang='lat' dir='ltr'><strong>Paulus</strong></span> <span class='ocrx_word' id='word_1_792' title='bbox 2879 3438 3097 3478; x_wconf 88' lang='lat' dir='ltr'><strong>avarum</strong></span> <span class='ocrx_word' id='word_1_793' title='bbox 3128 3435 3283 3479; x_wconf 83' lang='lat' dir='ltr'><strong>vocat</strong></span> <span class='ocrx_word' id='word_1_794' title='bbox 3308 3424 3646 3482; x_wconf 89' lang='lat' dir='ltr'><strong>idololatram</strong></span> <span class='ocrx_word' id='word_1_795' title='bbox 3671 3444 3683 3481; x_wconf 91' lang='lat'>:</span> <span class='ocrx_word' id='word_1_796' title='bbox 3713 3426 3851 3481; x_wconf 89' lang='lat' dir='ltr'><strong>multo</strong></span> 
     </span>
    </p>
   </div>
   <div class='ocr_carea' id='block_1_95' title="bbox 2300 3513 3851 3589">
    <p class='ocr_par' dir='ltr' id='par_1_95' title="bbox 2300 3513 3851 3589">
     <span class='ocr_line' id='line_1_95' title="bbox 2300 3513 3851 3589; baseline 0.002 -22"><span class='ocrx_word' id='word_1_797' title='bbox 2300 3514 2471 3583; x_wconf 90' lang='lat' dir='ltr'><strong>magis</strong></span> <span class='ocrx_word' id='word_1_798' title='bbox 2494 3529 2616 3568; x_wconf 90' lang='lat' dir='ltr'><strong>eum</strong></span> <span class='ocrx_word' id='word_1_799' title='bbox 2664 3513 2755 3583; x_wconf 90' lang='lat' dir='ltr'><strong>qui</strong></span> <span class='ocrx_word' id='word_1_800' title='bbox 2782 3529 2943 3585; x_wconf 90' lang='lat' dir='ltr'><strong>super</strong></span> <span class='ocrx_word' id='word_1_801' title='bbox 2968 3514 3179 3571; x_wconf 84' lang='lat' dir='ltr'><strong>fidelem</strong></span> <span class='ocrx_word' id='word_1_802' title='bbox 3206 3531 3270 3571; x_wconf 86' lang='lat' dir='ltr'><strong>ea</strong></span> <span class='ocrx_word' id='word_1_803' title='bbox 3296 3517 3588 3573; x_wconf 90' lang='lat' dir='ltr'><strong>introducit</strong></span> <span class='ocrx_word' id='word_1_804' title='bbox 3613 3535 3725 3589; x_wconf 70' lang='lat' dir='ltr'><strong>qua:</strong></span> <span class='ocrx_word' id='word_1_805' title='bbox 3751 3527 3851 3571; x_wconf 87' lang='lat' dir='ltr'><strong>sunt</strong></span> 
     </span>
    </p>
   </div>
   <div class='ocr_carea' id='block_1_96' title="bbox 2301 3604 3848 3681">
    <p class='ocr_par' dir='ltr' id='par_1_96' title="bbox 2301 3604 3848 3681">
     <span class='ocr_line' id='line_1_96' title="bbox 2301 3604 3848 3681; baseline 0.001 -22"><span class='ocrx_word' id='word_1_806' title='bbox 2301 3604 2722 3660; x_wconf 84' lang='lat' dir='ltr'><strong>idololatrarum.</strong></span> <span class='ocrx_word' id='word_1_807' title='bbox 2754 3606 2993 3673; x_wconf 84' lang='lat' dir='ltr'><strong>Quanam</strong></span> <span class='ocrx_word' id='word_1_808' title='bbox 3019 3607 3162 3663; x_wconf 90' lang='lat' dir='ltr'><strong>enim</strong></span> <span class='ocrx_word' id='word_1_809' title='bbox 3193 3609 3261 3664; x_wconf 90' lang='lat' dir='ltr'><strong>de</strong></span> <span class='ocrx_word' id='word_1_810' title='bbox 3300 3624 3456 3665; x_wconf 85' lang='lat' dir='ltr'><strong>causa</strong></span> <span class='ocrx_word' id='word_1_811' title='bbox 3482 3650 3497 3677; x_wconf 98' lang='lat'><strong>,</strong></span> <span class='ocrx_word' id='word_1_812' title='bbox 3555 3609 3638 3665; x_wconf 91' lang='lat' dir='ltr'><strong>dic</strong></span> <span class='ocrx_word' id='word_1_813' title='bbox 3664 3624 3848 3681; x_wconf 66' lang='lat' dir='ltr'><strong>quarso,</strong></span> 
     </span>
    </p>
   </div>
   <div class='ocr_carea' id='block_1_97' title="bbox 2300 3696 3848 3770">
    <p class='ocr_par' dir='ltr' id='par_1_97' title="bbox 2300 3696 3848 3770">
     <span class='ocr_line' id='line_1_97' title="bbox 2300 3696 3848 3770; baseline 0 -19"><span class='ocrx_word' id='word_1_814' title='bbox 2300 3711 2462 3751; x_wconf 90' lang='lat' dir='ltr'><strong>vocas</strong></span> <span class='ocrx_word' id='word_1_815' title='bbox 2503 3696 2847 3769; x_wconf 88' lang='lat' dir='ltr'><strong>presbyteros</strong></span> <span class='ocrx_word' id='word_1_816' title='bbox 2895 3708 2949 3753; x_wconf 86' lang='lat' dir='ltr'><strong>et</strong></span> <span class='ocrx_word' id='word_1_817' title='bbox 2984 3713 3078 3753; x_wconf 92' lang='lat' dir='ltr'><strong>eos</strong></span> <span class='ocrx_word' id='word_1_818' title='bbox 3121 3700 3211 3770; x_wconf 91' lang='lat' dir='ltr'><strong>qui</strong></span> <span class='ocrx_word' id='word_1_819' title='bbox 3241 3700 3515 3769; x_wconf 86' lang='lat' dir='ltr'><strong>psallunt?</strong></span> <span class='ocrx_word' id='word_1_820' title='bbox 3539 3719 3643 3758; x_wconf 90' lang='lat' dir='ltr'><strong>non</strong></span> <span class='ocrx_word' id='word_1_821' title='bbox 3668 3703 3848 3756; x_wconf 83' lang='lat' dir='ltr'><strong>utcon-</strong></span> 
     </span>
    </p>
   </div>
   <div class='ocr_carea' id='block_1_98' title="bbox 2298 3789 3849 3864">
    <p class='ocr_par' dir='ltr' id='par_1_98' title="bbox 2298 3789 3849 3864">
     <span class='ocr_line' id='line_1_98' title="bbox 2298 3789 3849 3864; baseline 0.002 -19"><span class='ocrx_word' id='word_1_822' title='bbox 2298 3789 2531 3859; x_wconf 80' lang='lat' dir='ltr'><strong>scieris?</strong></span> <span class='ocrx_word' id='word_1_823' title='bbox 2561 3805 2665 3844; x_wconf 90' lang='lat' dir='ltr'><strong>non</strong></span> <span class='ocrx_word' id='word_1_824' title='bbox 2696 3801 2751 3845; x_wconf 95' lang='lat' dir='ltr'><strong>ut</strong></span> <span class='ocrx_word' id='word_1_825' title='bbox 2791 3807 2913 3845; x_wconf 87' lang='lat' dir='ltr'><strong>eum</strong></span> <span class='ocrx_word' id='word_1_826' title='bbox 2941 3790 3173 3847; x_wconf 87' lang='lat' dir='ltr'><strong>honores</strong></span> <span class='ocrx_word' id='word_1_827' title='bbox 3197 3794 3286 3864; x_wconf 89' lang='lat' dir='ltr'><strong>qui</strong></span> <span class='ocrx_word' id='word_1_828' title='bbox 3316 3796 3590 3850; x_wconf 80' lang='lat' dir='ltr'><strong>excessit?</strong></span> <span class='ocrx_word' id='word_1_829' title='bbox 3613 3795 3716 3850; x_wconf 89' lang='lat' dir='ltr'><strong>Cur</strong></span> <span class='ocrx_word' id='word_1_830' title='bbox 3744 3811 3849 3864; x_wconf 82' lang='lat' dir='ltr'><strong>ergo</strong></span> 
     </span>
    </p>
   </div>
   <div class='ocr_carea' id='block_1_99' title="bbox 2297 3886 3849 3945">
    <p class='ocr_par' dir='ltr' id='par_1_99' title="bbox 2297 3886 3849 3945">
     <span class='ocr_line' id='line_1_99' title="bbox 2297 3886 3849 3945; baseline -0.001 -4"><span class='ocrx_word' id='word_1_831' title='bbox 2297 3901 2420 3941; x_wconf 91' lang='lat' dir='ltr'><strong>eum</strong></span> <span class='ocrx_word' id='word_1_832' title='bbox 2449 3886 2768 3941; x_wconf 90' lang='lat' dir='ltr'><strong>contumelia</strong></span> <span class='ocrx_word' id='word_1_833' title='bbox 2789 3886 2990 3941; x_wconf 83' lang='lat' dir='ltr'><strong>afficis?</strong></span> <span class='ocrx_word' id='word_1_834' title='bbox 3015 3902 3110 3941; x_wconf 89' lang='lat' dir='ltr'><strong>cur</strong></span> <span class='ocrx_word' id='word_1_835' title='bbox 3136 3887 3405 3943; x_wconf 79' lang='lat' dir='ltr'><strong>traducis?</strong></span> <span class='ocrx_word' id='word_1_836' title='bbox 3425 3905 3521 3945; x_wconf 91' lang='lat' dir='ltr'><strong>cur</strong></span> <span class='ocrx_word' id='word_1_837' title='bbox 3548 3900 3717 3945; x_wconf 91' lang='lat' dir='ltr'><strong>autem</strong></span> <span class='ocrx_word' id='word_1_838' title='bbox 3737 3889 3849 3944; x_wconf 84' lang='lat' dir='ltr'><strong>ludis</strong></span> 
     </span>
    </p>
   </div>
   <div class='ocr_carea' id='block_1_100' title="bbox 2300 3978 3849 4049">
    <p class='ocr_par' dir='ltr' id='par_1_100' title="bbox 2300 3978 3849 4049">
     <span class='ocr_line' id='line_1_100' title="bbox 2300 3978 3849 4049; baseline 0.001 -15"><span class='ocrx_word' id='word_1_839' title='bbox 2300 3987 2568 4049; x_wconf 74' lang='lat' dir='ltr'><strong>tamquam</strong></span> <span class='ocrx_word' id='word_1_840' title='bbox 2613 3979 2665 4032; x_wconf 94' lang='lat' dir='ltr'><strong>in</strong></span> <span class='ocrx_word' id='word_1_841' title='bbox 2714 3979 2917 4033; x_wconf 86' lang='lat' dir='ltr'><strong>scena?</strong></span> <span class='ocrx_word' id='word_1_842' title='bbox 2966 3978 3076 4034; x_wconf 89' lang='lat' dir='ltr'><strong>Nos</strong></span> <span class='ocrx_word' id='word_1_843' title='bbox 3126 3980 3369 4036; x_wconf 84' lang='lat' dir='ltr'><strong>venimus</strong></span> <span class='ocrx_word' id='word_1_844' title='bbox 3395 3982 3461 4036; x_wconf 92' lang='lat' dir='ltr'><strong>de</strong></span> <span class='ocrx_word' id='word_1_845' title='bbox 3490 3983 3849 4038; x_wconf 84' lang='lat' dir='ltr'><strong>resurrectione</strong></span> 
     </span>
    </p>
   </div>
   <div class='ocr_carea' id='block_1_101' title="bbox 2298 4071 3850 4145">
    <p class='ocr_par' dir='ltr' id='par_1_101' title="bbox 2298 4071 3850 4145">
     <span class='ocr_line' id='line_1_101' title="bbox 2298 4071 3850 4145; baseline 0.001 -21"><span class='ocrx_word' id='word_1_846' title='bbox 2298 4071 2757 4140; x_wconf 86' lang='lat' dir='ltr'><strong>philosophantes,</strong></span> <span class='ocrx_word' id='word_1_847' title='bbox 2786 4085 2974 4126; x_wconf 86' lang='lat' dir='ltr'><strong>omnes</strong></span> <span class='ocrx_word' id='word_1_848' title='bbox 2989 4071 3312 4133; x_wconf 87' lang='lat' dir='ltr'><strong>erudientes.</strong></span> <span class='ocrx_word' id='word_1_849' title='bbox 3328 4074 3488 4128; x_wconf 90' lang='lat' dir='ltr'><strong>etiam</strong></span> <span class='ocrx_word' id='word_1_850' title='bbox 3512 4090 3608 4129; x_wconf 87' lang='lat' dir='ltr'><strong>eos</strong></span> <span class='ocrx_word' id='word_1_851' title='bbox 3633 4074 3715 4145; x_wconf 90' lang='lat' dir='ltr'><strong>qui</strong></span> <span class='ocrx_word' id='word_1_852' title='bbox 3743 4089 3850 4126; x_wconf 86' lang='lat' dir='ltr'><strong>nun-</strong></span> 
     </span>
    </p>
   </div>
   <div class='ocr_carea' id='block_1_102' title="bbox 2296 4162 3849 4234">
    <p class='ocr_par' dir='ltr' id='par_1_102' title="bbox 2296 4162 3849 4234">
     <span class='ocr_line' id='line_1_102' title="bbox 2296 4162 3849 4234; baseline -0.001 -18"><span class='ocrx_word' id='word_1_853' title='bbox 2296 4163 2422 4216; x_wconf 91' lang='lat' dir='ltr'><strong>dum</strong></span> <span class='ocrx_word' id='word_1_854' title='bbox 2463 4172 2588 4217; x_wconf 89' lang='lat' dir='ltr'><strong>sunt</strong></span> <span class='ocrx_word' id='word_1_855' title='bbox 2638 4163 2763 4231; x_wconf 90' lang='lat' dir='ltr'><strong>icti,</strong></span> <span class='ocrx_word' id='word_1_856' title='bbox 2814 4177 2909 4232; x_wconf 91' lang='lat' dir='ltr'><strong>per</strong></span> <span class='ocrx_word' id='word_1_857' title='bbox 2954 4162 3217 4218; x_wconf 88' lang='lat' dir='ltr'><strong>honorem</strong></span> <span class='ocrx_word' id='word_1_858' title='bbox 3274 4165 3361 4234; x_wconf 89' lang='lat' dir='ltr'><strong>qui</strong></span> <span class='ocrx_word' id='word_1_859' title='bbox 3403 4166 3476 4219; x_wconf 91' lang='lat' dir='ltr'><strong>illi</strong></span> <span class='ocrx_word' id='word_1_860' title='bbox 3531 4166 3849 4228; x_wconf 81' lang='lat' dir='ltr'><strong>habetur,ut</strong></span> 
     </span>
    </p>
   </div>
   <div class='ocr_carea' id='block_1_103' title="bbox 2296 4254 3846 4326">
    <p class='ocr_par' dir='ltr' id='par_1_103' title="bbox 2296 4254 3846 4326">
     <span class='ocr_line' id='line_1_103' title="bbox 2296 4254 3846 4326; baseline -0.002 -17"><span class='ocrx_word' id='word_1_861' title='bbox 2296 4258 2338 4309; x_wconf 91' lang='lat' dir='ltr'><strong>si</strong></span> <span class='ocrx_word' id='word_1_862' title='bbox 2370 4255 2496 4325; x_wconf 87' lang='lat' dir='ltr'><strong>quid</strong></span> <span class='ocrx_word' id='word_1_863' title='bbox 2524 4254 2786 4325; x_wconf 86' lang='lat' dir='ltr'><strong>ejusmodi</strong></span> <span class='ocrx_word' id='word_1_864' title='bbox 2815 4254 3117 4326; x_wconf 89' lang='lat' dir='ltr'><strong>contigerit,</strong></span> <span class='ocrx_word' id='word_1_865' title='bbox 3144 4255 3353 4311; x_wconf 88' lang='lat' dir='ltr'><strong>fortiter</strong></span> <span class='ocrx_word' id='word_1_866' title='bbox 3378 4257 3591 4312; x_wconf 85' lang='lat' dir='ltr'><strong>ferant:</strong></span> <span class='ocrx_word' id='word_1_867' title='bbox 3626 4268 3677 4313; x_wconf 91' lang='lat' dir='ltr'><strong>tu</strong></span> <span class='ocrx_word' id='word_1_868' title='bbox 3697 4266 3846 4310; x_wconf 84' lang='lat' dir='ltr'><strong>autem</strong></span> 
     </span>
    </p>
   </div>
   <div class='ocr_carea' id='block_1_104' title="bbox 2295 4346 3848 4420">
    <p class='ocr_par' dir='ltr' id='par_1_104' title="bbox 2295 4346 3848 4420">
     <span class='ocr_line' id='line_1_104' title="bbox 2295 4346 3848 4420; baseline -0.001 -18"><span class='ocrx_word' id='word_1_869' title='bbox 2295 4364 2390 4402; x_wconf 85' lang='lat' dir='ltr'><strong>eos</strong></span> <span class='ocrx_word' id='word_1_870' title='bbox 2445 4346 2707 4414; x_wconf 90' lang='lat' dir='ltr'><strong>adducis,</strong></span> <span class='ocrx_word' id='word_1_871' title='bbox 2751 4348 2878 4419; x_wconf 93' lang='lat' dir='ltr'><strong>qui,</strong></span> <span class='ocrx_word' id='word_1_872' title='bbox 2917 4347 3058 4419; x_wconf 91' lang='lat' dir='ltr'><strong>quod</strong></span> <span class='ocrx_word' id='word_1_873' title='bbox 3102 4347 3169 4403; x_wconf 90' lang='lat' dir='ltr'><strong>ad</strong></span> <span class='ocrx_word' id='word_1_874' title='bbox 3215 4348 3363 4419; x_wconf 92' lang='lat' dir='ltr'><strong>ipsos</strong></span> <span class='ocrx_word' id='word_1_875' title='bbox 3412 4358 3654 4420; x_wconf 85' lang='lat' dir='ltr'><strong>spectat,</strong></span> <span class='ocrx_word' id='word_1_876' title='bbox 3696 4355 3848 4403; x_wconf 82' lang='lat' dir='ltr'><strong>nostra</strong></span> 
     </span>
    </p>
   </div>
   <div class='ocr_carea' id='block_1_105' title="bbox 2295 4440 2607 4496">
    <p class='ocr_par' dir='ltr' id='par_1_105' title="bbox 2295 4440 2607 4496">
     <span class='ocr_line' id='line_1_105' title="bbox 2295 4440 2607 4496; baseline 0.003 -2"><span class='ocrx_word' id='word_1_877' title='bbox 2295 4440 2607 4496; x_wconf 87' lang='lat' dir='ltr'><strong>destruunt?</strong></span> 
     </span>
    </p>
   </div>
   <div class='ocr_carea' id='block_1_106' title="bbox 2361 4648 3846 4724">
    <p class='ocr_par' dir='ltr' id='par_1_106' title="bbox 2361 4648 3846 4724">
     <span class='ocr_line' id='line_1_106' title="bbox 2361 4648 3846 4724; baseline 0 -19"><span class='ocrx_word' id='word_1_878' title='bbox 2361 4651 2415 4706; x_wconf 85' lang='lat'><strong>6.</strong></span> <span class='ocrx_word' id='word_1_879' title='bbox 2448 4648 2586 4718; x_wconf 87' lang='lat' dir='ltr'><strong>Quid</strong></span> <span class='ocrx_word' id='word_1_880' title='bbox 2627 4649 2731 4707; x_wconf 91' lang='lat' dir='ltr'><strong>hoc</strong></span> <span class='ocrx_word' id='word_1_881' title='bbox 2770 4650 2880 4705; x_wconf 90' lang='lat' dir='ltr'><strong>risu</strong></span> <span class='ocrx_word' id='word_1_882' title='bbox 2907 4660 2964 4708; x_wconf 90' lang='lat' dir='ltr'><strong>et</strong></span> <span class='ocrx_word' id='word_1_883' title='bbox 3008 4652 3109 4707; x_wconf 90' lang='lat' dir='ltr'><strong>hac</strong></span> <span class='ocrx_word' id='word_1_884' title='bbox 3155 4652 3518 4709; x_wconf 84' lang='lat' dir='ltr'><strong>luditicatioue</strong></span> <span class='ocrx_word' id='word_1_885' title='bbox 3555 4663 3641 4709; x_wconf 88' lang='lat' dir='ltr'><strong>est</strong></span> <span class='ocrx_word' id='word_1_886' title='bbox 3684 4652 3846 4724; x_wconf 76' lang='lat' dir='ltr'><strong>pejus?</strong></span> 
     </span>
    </p>
   </div>
   <div class='ocr_carea' id='block_1_107' title="bbox 2291 4742 3845 4815">
    <p class='ocr_par' dir='ltr' id='par_1_107' title="bbox 2291 4742 3845 4815">
     <span class='ocr_line' id='line_1_107' title="bbox 2291 4742 3845 4815; baseline 0 -19"><span class='ocrx_word' id='word_1_887' title='bbox 2291 4742 2417 4814; x_wconf 90' lang='lat' dir='ltr'><strong>quid</strong></span> <span class='ocrx_word' id='word_1_888' title='bbox 2440 4751 2523 4797; x_wconf 87' lang='lat' dir='ltr'><strong>est</strong></span> <span class='ocrx_word' id='word_1_889' title='bbox 2539 4744 2759 4813; x_wconf 89' lang='lat' dir='ltr'><strong>gravius</strong></span> <span class='ocrx_word' id='word_1_890' title='bbox 2773 4742 3275 4815; x_wconf 71' lang='lat' dir='ltr'><strong>hacinmqualitate?</strong></span> <span class='ocrx_word' id='word_1_891' title='bbox 3292 4745 3605 4801; x_wconf 83' lang='lat' dir='ltr'><strong>Erubescite</strong></span> <span class='ocrx_word' id='word_1_892' title='bbox 3632 4754 3685 4801; x_wconf 90' lang='lat' dir='ltr'><strong>ct</strong></span> <span class='ocrx_word' id='word_1_893' title='bbox 3709 4742 3845 4814; x_wconf 88' lang='lat' dir='ltr'><strong>pudo-</strong></span> 
     </span>
    </p>
   </div>
   <div class='ocr_carea' id='block_1_108' title="bbox 2292 4833 3841 4906">
    <p class='ocr_par' dir='ltr' id='par_1_108' title="bbox 2292 4833 3841 4906">
     <span class='ocr_line' id='line_1_108' title="bbox 2292 4833 3841 4906; baseline -0.001 -18"><span class='ocrx_word' id='word_1_894' title='bbox 2292 4850 2349 4889; x_wconf 91' lang='lat' dir='ltr'><strong>re</strong></span> <span class='ocrx_word' id='word_1_895' title='bbox 2376 4833 2744 4889; x_wconf 77' lang='lat' dir='ltr'><strong>sulfutiditnini</strong></span> <span class='ocrx_word' id='word_1_896' title='bbox 2776 4850 2791 4892; x_wconf 84' lang='lat'><strong>:</strong></span> <span class='ocrx_word' id='word_1_897' title='bbox 2824 4834 2870 4889; x_wconf 92' lang='lat' dir='ltr'><strong>si</strong></span> <span class='ocrx_word' id='word_1_898' title='bbox 2893 4850 2999 4890; x_wconf 93' lang='lat' dir='ltr'><strong>non</strong></span> <span class='ocrx_word' id='word_1_899' title='bbox 3030 4837 3213 4901; x_wconf 89' lang='lat' dir='ltr'><strong>vultis,</strong></span> <span class='ocrx_word' id='word_1_900' title='bbox 3235 4851 3331 4891; x_wconf 91' lang='lat' dir='ltr'><strong>nos</strong></span> <span class='ocrx_word' id='word_1_901' title='bbox 3360 4837 3691 4906; x_wconf 87' lang='lat' dir='ltr'><strong>perniciosos</strong></span> <span class='ocrx_word' id='word_1_902' title='bbox 3717 4834 3841 4904; x_wconf 80' lang='lat' dir='ltr'><strong>ejus-</strong></span> 
     </span>
    </p>
   </div>
   <div class='ocr_carea' id='block_1_109' title="bbox 2289 4926 3842 4984">
    <p class='ocr_par' dir='ltr' id='par_1_109' title="bbox 2289 4926 3842 4984">
     <span class='ocr_line' id='line_1_109' title="bbox 2289 4926 3842 4984; baseline 0 -4"><span class='ocrx_word' id='word_1_903' title='bbox 2289 4927 2432 4981; x_wconf 91' lang='lat' dir='ltr'><strong>modi</strong></span> <span class='ocrx_word' id='word_1_904' title='bbox 2455 4939 2634 4981; x_wconf 88' lang='lat' dir='ltr'><strong>mores</strong></span> <span class='ocrx_word' id='word_1_905' title='bbox 2661 4942 2766 4981; x_wconf 91' lang='lat' dir='ltr'><strong>non</strong></span> <span class='ocrx_word' id='word_1_906' title='bbox 2788 4927 3015 4982; x_wconf 89' lang='lat' dir='ltr'><strong>sinimus</strong></span> <span class='ocrx_word' id='word_1_907' title='bbox 3028 4926 3083 4982; x_wconf 91' lang='lat' dir='ltr'><strong>in</strong></span> <span class='ocrx_word' id='word_1_908' title='bbox 3098 4928 3390 4984; x_wconf 75' lang='lat' dir='ltr'><strong>Ecclesium</strong></span> <span class='ocrx_word' id='word_1_909' title='bbox 3407 4928 3659 4984; x_wconf 89' lang='lat' dir='ltr'><strong>inducere</strong></span> <span class='ocrx_word' id='word_1_910' title='bbox 3690 4945 3703 4982; x_wconf 88' lang='lat'><strong>:</strong></span> <span class='ocrx_word' id='word_1_911' title='bbox 3731 4926 3842 4980; x_wconf 78' lang='lat' dir='ltr'><strong>Pec-</strong></span> 
     </span>
    </p>
   </div>
   <div class='ocr_carea' id='block_1_110' title="bbox 2286 5016 3834 5089">
    <p class='ocr_par' dir='ltr' id='par_1_110' title="bbox 2286 5016 3834 5089">
     <span class='ocr_line' id='line_1_110' title="bbox 2286 5016 3834 5089; baseline -0.001 -17"><span class='ocrx_word' id='word_1_912' title='bbox 2286 5027 2454 5072; x_wconf 86' lang='lat' dir='ltr'><strong>cantes</strong></span> <span class='ocrx_word' id='word_1_913' title='bbox 2474 5016 2640 5084; x_wconf 91' lang='lat' dir='ltr'><strong>enim,</strong></span> <span class='ocrx_word' id='word_1_914' title='bbox 2670 5018 2860 5088; x_wconf 89' lang='lat' dir='ltr'><strong>inquit,</strong></span> <span class='ocrx_word' id='word_1_915' title='bbox 2885 5034 3060 5073; x_wconf 80' lang='lat' dir='ltr'><strong>carent</strong></span> <span class='ocrx_word' id='word_1_916' title='bbox 3085 5019 3318 5074; x_wconf 84' lang='lat' dir='ltr'><strong>omnibus</strong></span> <span class='ocrx_word' id='word_1_917' title='bbox 3346 5035 3505 5089; x_wconf 81' lang='lat' dir='ltr'><strong>argue</strong></span> <span class='ocrx_word' id='word_1_918' title='bbox 3527 5022 3603 5088; x_wconf 80' lang='grc'><strong>(1.</strong></span> <span class='ocrx_word' id='word_1_919' title='bbox 3637 5019 3763 5073; x_wconf 86' lang='lat' dir='ltr'><strong>Tim.</strong></span> <span class='ocrx_word' id='word_1_920' title='bbox 3788 5018 3834 5073; x_wconf 86' lang='lat'><strong>5.</strong></span> 
     </span>
    </p>
   </div>
   <div class='ocr_carea' id='block_1_111' title="bbox 2284 5108 3840 5181">
    <p class='ocr_par' dir='ltr' id='par_1_111' title="bbox 2284 5108 3840 5181">
     <span class='ocr_line' id='line_1_111' title="bbox 2284 5108 3840 5181; baseline 0 -20"><span class='ocrx_word' id='word_1_921' title='bbox 2284 5108 2400 5179; x_wconf 79' lang='lat'><strong>28).</strong></span> <span class='ocrx_word' id='word_1_922' title='bbox 2426 5108 2539 5163; x_wconf 89' lang='lat' dir='ltr'><strong>Illis</strong></span> <span class='ocrx_word' id='word_1_923' title='bbox 2562 5118 2743 5164; x_wconf 88' lang='lat' dir='ltr'><strong>autem</strong></span> <span class='ocrx_word' id='word_1_924' title='bbox 2773 5108 3080 5166; x_wconf 82' lang='lat' dir='ltr'><strong>infelicibus</strong></span> <span class='ocrx_word' id='word_1_925' title='bbox 3106 5120 3162 5166; x_wconf 90' lang='lat' dir='ltr'><strong>et</strong></span> <span class='ocrx_word' id='word_1_926' title='bbox 3191 5111 3402 5166; x_wconf 88' lang='lat' dir='ltr'><strong>miseris</strong></span> <span class='ocrx_word' id='word_1_927' title='bbox 3429 5112 3734 5166; x_wconf 88' lang='lat' dir='ltr'><strong>mulieribus</strong></span> <span class='ocrx_word' id='word_1_928' title='bbox 3759 5123 3840 5181; x_wconf 85' lang='lat' dir='ltr'><strong>per</strong></span> 
     </span>
    </p>
   </div>
   <div class='ocr_carea' id='block_1_112' title="bbox 2283 5202 3837 5275">
    <p class='ocr_par' dir='ltr' id='par_1_112' title="bbox 2283 5202 3837 5275">
     <span class='ocr_line' id='line_1_112' title="bbox 2283 5202 3837 5275; baseline -0.001 -19"><span class='ocrx_word' id='word_1_929' title='bbox 2283 5218 2380 5257; x_wconf 85' lang='lat' dir='ltr'><strong>vos</strong></span> <span class='ocrx_word' id='word_1_930' title='bbox 2408 5202 2774 5271; x_wconf 86' lang='lat' dir='ltr'><strong>prohibemus,</strong></span> <span class='ocrx_word' id='word_1_931' title='bbox 2791 5218 2860 5258; x_wconf 91' lang='lat' dir='ltr'><strong>ne</strong></span> <span class='ocrx_word' id='word_1_932' title='bbox 2876 5219 3125 5275; x_wconf 87' lang='lat' dir='ltr'><strong>umquam</strong></span> <span class='ocrx_word' id='word_1_933' title='bbox 3158 5204 3525 5275; x_wconf 89' lang='lat' dir='ltr'><strong>ingrediantur</strong></span> <span class='ocrx_word' id='word_1_934' title='bbox 3545 5205 3595 5259; x_wconf 93' lang='lat' dir='ltr'><strong>in</strong></span> <span class='ocrx_word' id='word_1_935' title='bbox 3628 5204 3837 5260; x_wconf 82' lang='lat' dir='ltr'><strong>fidelium</strong></span> 
     </span>
    </p>
   </div>
   <div class='ocr_carea' id='block_1_113' title="bbox 2283 5294 3837 5367">
    <p class='ocr_par' dir='ltr' id='par_1_113' title="bbox 2283 5294 3837 5367">
     <span class='ocr_line' id='line_1_113' title="bbox 2283 5294 3837 5367; baseline -0.002 -20"><span class='ocrx_word' id='word_1_936' title='bbox 2283 5294 2469 5348; x_wconf 85' lang='lat' dir='ltr'><strong>funera</strong></span> <span class='ocrx_word' id='word_1_937' title='bbox 2498 5310 2617 5365; x_wconf 78' lang='lat' dir='ltr'><strong>quae</strong></span> <span class='ocrx_word' id='word_1_938' title='bbox 2665 5294 2981 5357; x_wconf 79' lang='lat' dir='ltr'><strong>efferuntur,</strong></span> <span class='ocrx_word' id='word_1_939' title='bbox 3012 5310 3079 5350; x_wconf 92' lang='lat' dir='ltr'><strong>ne</strong></span> <span class='ocrx_word' id='word_1_940' title='bbox 3105 5311 3290 5352; x_wconf 88' lang='lat' dir='ltr'><strong>revera</strong></span> <span class='ocrx_word' id='word_1_941' title='bbox 3322 5296 3465 5366; x_wconf 85' lang='lat' dir='ltr'><strong>ipsas</strong></span> <span class='ocrx_word' id='word_1_942' title='bbox 3490 5312 3737 5367; x_wconf 87' lang='lat' dir='ltr'><strong>cogamus</strong></span> <span class='ocrx_word' id='word_1_943' title='bbox 3757 5310 3837 5348; x_wconf 86' lang='lat' dir='ltr'><strong>sua</strong></span> 
     </span>
    </p>
   </div>
   <div class='ocr_carea' id='block_1_114' title="bbox 2282 5387 3837 5454">
    <p class='ocr_par' dir='ltr' id='par_1_114' title="bbox 2282 5387 3837 5454">
     <span class='ocr_line' id='line_1_114' title="bbox 2282 5387 3837 5454; baseline -0.001 -14"><span class='ocrx_word' id='word_1_944' title='bbox 2282 5389 2419 5441; x_wconf 88' lang='lat' dir='ltr'><strong>mala</strong></span> <span class='ocrx_word' id='word_1_945' title='bbox 2443 5387 2663 5454; x_wconf 82' lang='lat' dir='ltr'><strong>deﬂere,</strong></span> <span class='ocrx_word' id='word_1_946' title='bbox 2716 5398 2772 5444; x_wconf 91' lang='lat' dir='ltr'><strong>et</strong></span> <span class='ocrx_word' id='word_1_947' title='bbox 2810 5388 3121 5444; x_wconf 91' lang='lat' dir='ltr'><strong>erudiamus</strong></span> <span class='ocrx_word' id='word_1_948' title='bbox 3168 5404 3261 5445; x_wconf 90' lang='lat' dir='ltr'><strong>eas</strong></span> <span class='ocrx_word' id='word_1_949' title='bbox 3299 5406 3406 5445; x_wconf 86' lang='lat' dir='ltr'><strong>non</strong></span> <span class='ocrx_word' id='word_1_950' title='bbox 3452 5392 3504 5445; x_wconf 93' lang='lat' dir='ltr'><strong>iu</strong></span> <span class='ocrx_word' id='word_1_951' title='bbox 3544 5391 3726 5445; x_wconf 87' lang='lat' dir='ltr'><strong>alienis</strong></span> <span class='ocrx_word' id='word_1_952' title='bbox 3753 5392 3837 5441; x_wconf 88' lang='lat' dir='ltr'><strong>hoc</strong></span> 
     </span>
    </p>
   </div>
   <div class='ocr_carea' id='block_1_115' title="bbox 2283 5478 3833 5555">
    <p class='ocr_par' dir='ltr' id='par_1_115' title="bbox 2283 5478 3833 5555">
     <span class='ocr_line' id='line_1_115' title="bbox 2283 5478 3833 5555; baseline -0.003 -21"><span class='ocrx_word' id='word_1_953' title='bbox 2283 5478 2478 5555; x_wconf 66' lang='lat' dir='ltr'><strong>facere,</strong></span> <span class='ocrx_word' id='word_1_954' title='bbox 2501 5480 2594 5535; x_wconf 90' lang='lat' dir='ltr'><strong>sed</strong></span> <span class='ocrx_word' id='word_1_955' title='bbox 2614 5495 2736 5535; x_wconf 89' lang='lat' dir='ltr'><strong>snas</strong></span> <span class='ocrx_word' id='word_1_956' title='bbox 2756 5481 2934 5549; x_wconf 91' lang='lat' dir='ltr'><strong>potius</strong></span> <span class='ocrx_word' id='word_1_957' title='bbox 2962 5480 3249 5551; x_wconf 90' lang='lat' dir='ltr'><strong>deplorare</strong></span> <span class='ocrx_word' id='word_1_958' title='bbox 3268 5480 3617 5536; x_wconf 84' lang='lat' dir='ltr'><strong>calamitates.</strong></span> <span class='ocrx_word' id='word_1_959' title='bbox 3646 5480 3833 5535; x_wconf 81' lang='lat' dir='ltr'><strong>Etenim</strong></span> 
     </span>
    </p>
   </div>
   <div class='ocr_carea' id='block_1_116' title="bbox 2280 5572 3833 5645">
    <p class='ocr_par' dir='ltr' id='par_1_116' title="bbox 2280 5572 3833 5645">
     <span class='ocr_line' id='line_1_116' title="bbox 2280 5572 3833 5645; baseline -0.001 -23"><span class='ocrx_word' id='word_1_960' title='bbox 2280 5582 2431 5641; x_wconf 85' lang='lat' dir='ltr'><strong>pater</strong></span> <span class='ocrx_word' id='word_1_961' title='bbox 2457 5588 2670 5643; x_wconf 90' lang='lat' dir='ltr'><strong>quoque</strong></span> <span class='ocrx_word' id='word_1_962' title='bbox 2697 5573 3011 5641; x_wconf 85' lang='lat' dir='ltr'><strong>benevolus,</strong></span> <span class='ocrx_word' id='word_1_963' title='bbox 3033 5572 3247 5645; x_wconf 90' lang='lat' dir='ltr'><strong>quando</strong></span> <span class='ocrx_word' id='word_1_964' title='bbox 3275 5573 3437 5629; x_wconf 85' lang='lat' dir='ltr'><strong>habet</strong></span> <span class='ocrx_word' id='word_1_965' title='bbox 3463 5573 3766 5629; x_wconf 88' lang='lat' dir='ltr'><strong>insolentem</strong></span> <span class='ocrx_word' id='word_1_966' title='bbox 3790 5577 3833 5622; x_wconf 83' lang='lat' dir='ltr'><strong>et</strong></span> 
     </span>
    </p>
   </div>
   <div class='ocr_carea' id='block_1_117' title="bbox 2281 5665 3829 5733">
    <p class='ocr_par' dir='ltr' id='par_1_117' title="bbox 2281 5665 3829 5733">
     <span class='ocr_line' id='line_1_117' title="bbox 2281 5665 3829 5733; baseline -0.003 -14"><span class='ocrx_word' id='word_1_967' title='bbox 2281 5665 2661 5721; x_wconf 88' lang='lat' dir='ltr'><strong>immodestum</strong></span> <span class='ocrx_word' id='word_1_968' title='bbox 2694 5667 2878 5733; x_wconf 81' lang='lat' dir='ltr'><strong>filium,</strong></span> <span class='ocrx_word' id='word_1_969' title='bbox 2913 5683 3018 5723; x_wconf 88' lang='lat' dir='ltr'><strong>non</strong></span> <span class='ocrx_word' id='word_1_970' title='bbox 3067 5668 3139 5722; x_wconf 93' lang='lat' dir='ltr'><strong>illi</strong></span> <span class='ocrx_word' id='word_1_971' title='bbox 3168 5667 3267 5723; x_wconf 90' lang='lat' dir='ltr'><strong>soli</strong></span> <span class='ocrx_word' id='word_1_972' title='bbox 3308 5667 3497 5724; x_wconf 89' lang='lat' dir='ltr'><strong>suadet</strong></span> <span class='ocrx_word' id='word_1_973' title='bbox 3534 5684 3599 5723; x_wconf 89' lang='lat' dir='ltr'><strong>ne</strong></span> <span class='ocrx_word' id='word_1_974' title='bbox 3626 5678 3829 5721; x_wconf 82' lang='lat' dir='ltr'><strong>consue-</strong></span> 
     </span>
    </p>
   </div>
   <div class='ocr_carea' id='block_1_118' title="bbox 2279 5759 3824 5835">
    <p class='ocr_par' dir='ltr' id='par_1_118' title="bbox 2279 5759 3824 5835">
     <span class='ocr_line' id='line_1_118' title="bbox 2279 5759 3824 5835; baseline -0.002 -22"><span class='ocrx_word' id='word_1_975' title='bbox 2279 5759 2515 5816; x_wconf 89' lang='lat' dir='ltr'><strong>tudinem</strong></span> <span class='ocrx_word' id='word_1_976' title='bbox 2541 5759 2733 5817; x_wconf 86' lang='lat' dir='ltr'><strong>habeat</strong></span> <span class='ocrx_word' id='word_1_977' title='bbox 2763 5776 2883 5817; x_wconf 90' lang='lat' dir='ltr'><strong>cum</strong></span> <span class='ocrx_word' id='word_1_978' title='bbox 2918 5761 3207 5834; x_wconf 83' lang='lat' dir='ltr'><strong>improbis,</strong></span> <span class='ocrx_word' id='word_1_979' title='bbox 3241 5760 3333 5819; x_wconf 89' lang='lat' dir='ltr'><strong>scd</strong></span> <span class='ocrx_word' id='word_1_980' title='bbox 3374 5761 3475 5819; x_wconf 88' lang='lat' dir='ltr'><strong>hos</strong></span> <span class='ocrx_word' id='word_1_981' title='bbox 3504 5774 3706 5835; x_wconf 86' lang='lat' dir='ltr'><strong>quoque</strong></span> <span class='ocrx_word' id='word_1_982' title='bbox 3733 5764 3824 5812; x_wconf 85' lang='lat' dir='ltr'><strong>ter-</strong></span> 
     </span>
    </p>
   </div>
  </div>
