4064 6592
244 356 319 412 ιδ
1172 352 1243 410 ΙΝ
1280 353 1497 413 EPIST.
1534 349 1626 408 AD
1661 349 1814 409 HEBI

1921 350 2033 409 los.
2069 351 2223 410 CAP.
2258 354 2326 410 ιι.
2370 352 2601 412 noun.
2634 355 2728 414 ιγ.
3437 364 3510 420 ιι
3530 376 3545 421 ο,
3584 442 3590 447 Α

225 470 405 524 ταῦτα
432 471 796 527 πιστεύεσθαι
827 472 1022 544 ύμεῖς,
1071 472 1374 545 μαχόμενοι
1398 470 1489 526 διά
1514 469 1623 525 τῶν
1647 470 1827 541 ἔργων

226 556 414 620 αὕτοῖς
437 571 455 586 ⁸
513 556 699 612 καίτοι
750 559 923 614 πολλά
966 561 1407 631 ἐπιτειχίσαντας
1449 557 1545 613 τοῦ
1571 557 1707 612 Θεοῦ
1736 558 1824 626 γί-

224 643 413 697 νεσθαι
464 646 609 717 πρὸς
653 647 844 713 τοῦτο,
899 646 990 703 ῖνα
1025 649 1194 720 ἀνέλῃ
1222 648 1323 718 τὴν
1352 648 1600 719 πονηράν
1621 647 1827 717 ταύτην

228 731 549 802 συνήθειαν.
604 735 744 791 Εἰπὲ
772 736 885 807 γάρ
917 753 1028 806 μοι,
1058 736 1113 789 τί
1145 737 1429 807 βούλονται
1457 737 1515 791 αί
1543 735 1828 807 λαμπάδες

224 821 286 871 αῖ
318 821 582 891 φαιδραίς
632 823 733 893 οὐχ
777 823 855 889 ὡς
880 822 1124 894 ἀθλητάς
1158 824 1357 888 αὐτοὺς
1385 823 1822 896 προπέμπομεν;

221 905 281 957 τί
308 906 367 959 δέ
399 908 452 959 οί
483 906 690 978 ῦμνοι;
739 908 861 978 οὐχὶ
889 908 982 963 τὸν
1014 909 1148 963 Θεὸν
1176 909 1494 980 δοξάζομεν,
1535 910 1630 963 καὶ
1658 910 1824 978 εὐχα-

224 991 530 1062 ριστοῦμεν
561 993 645 1047 δτι
674 994 862 1047 λοιπὸν
889 995 1239 1065 ἐστεφάνωσε
1269 996 1365 1049 τὸν
1388 995 1715 1064 ἀπελθόντα,
1744 996 1825 1049 ὅτι

222 1078 339 1132 τῶν
372 1080 560 1133 πόνων
592 1081 925 1153 ἀπήλλαξεν,
958 1084 1041 1137 ὅτι
1071 1083 1172 1154 τῆς
1202 1082 1405 1147 δειλίας
1436 1082 1684 1137 ἐκϐαλὼν
1710 1082 1823 1154 ἔχει

222 1168 365 1237 παρ’
386 1166 600 1237 Ean-:69;
635 1169 698 1221 οὐ
733 1169 823 1223 διά
845 1169 1005 1223 τοῦτο
1029 1168 1218 1240 ῦμνοις
1253 1171 1314 1224 ού
1340 1168 1430 1223 διά
1455 1170 1612 1225 τοῦτο
1635 1169 1822 1241 ψαλμ-

223 1254 419 1323 ῳδίαις
466 1256 660 1309 Ταῦτα
678 1257 857 1313 πάντα
880 1258 1181 1329 χαιρόντων
1202 1258 1370 1313 ἐστίν’
1397 1258 1666 1328 Εὐθυμεῖ
1689 1257 1821 1331 γὰρ,

224 1342 387 1411 φησι,
422 1342 549 1409 τίς;
598 1342 903 1412 ψαλλέτω.
948 1344 1087 1398 Ἀλλ’
1111 1344 1174 1398 ού
1218 1344 1430 1409 τούτοις
1466 1346 1824 1416 προσέχουσιν

227 1428 522 1501 Ἕλληνες.
573 1429 667 1501 Μὴ
693 1432 801 1502 γάρ
830 1449 942 1503 μοι,
986 1432 1182 1503 φησὶν,
1232 1434 1391 1506 εἴπῃς
1423 1432 1515 1486 τὸν
1543 1433 1703 1497 ἐκτὸς
1728 1432 1823 1486 τοῦ

228 1518 447 1582 πάθους
500 1517 902 1587 φιλοσοφοῦντα
926 1560 941 1581 .
997 1520 1159 1574 τοῦτο
1191 1520 1300 1591 γὰρ
1334 1520 1486 1573 οὐδὲν
1517 1520 1658 1591 μέγα
1700 1520 1827 1575 οὐδὲ.

228 1606 553 1677 θαυμαστὸν
577 1644 595 1671 ,
649 1606 789 1661 ἀλλά
835 1607 1004 1672 δεῖξόν
1031 1625 1124 1680 μοι
1165 1608 1256 1662 τὸν
1288 1609 1349 1661 ἐν
1379 1607 1528 1678 αύτῷ
1557 1607 1636 1679 τῷ
1661 1608 1823 1662 πάθει

230 1696 651 1766 φιλοσοφοῦντα,
684 1696 778 1752 καὶ
801 1697 923 1750 τότε
950 1696 1231 1752 πιστεύσω
1261 1700 1327 1768 τῇ
1354 1697 1671 1754 ἀναστάσει.
1709 1698 1821 1752 Καὶ

230 1784 292 1835 τὸ
324 1782 429 1851 μὲν
476 1782 741 1853 βιωτικάς
770 1784 1035 1852 γυναῖκας
1066 1783 1228 1837 τοῦτο
1253 1786 1429 1839 ποιεῖν
1452 1824 1469 1848 ,
1504 1784 1821 1855 θαυμαστὸν

232 1870 403 1923 οὐδέν·
439 1870 623 1924 καίτοι
649 1886 710 1939 γε
746 1872 840 1923 καὶ
867 1871 999 1923 αὐτὸ
1026 1870 1201 1925 δεινόν
1220 1887 1235 1902 ⁸
1274 1872 1370 1926 καὶ
1396 1870 1506 1940 γὰρ
1538 1872 1634 1925 καὶ
1661 1863 1822 1928 αὗται

233 1958 328 2028 τὴν
352 1958 531 2028 αὐτὴν
571 1957 932 2013 ἀπαιτοῦνται
959 1957 1279 2027 φιλοσοφίαν
1304 1974 1320 1990 ο
1372 1956 1455 2011 διὸ
1487 1958 1581 2011 καὶ
1611 1957 1822 2023 Παῦλός

234 2061 363 2113 φησι
391 2060 406 2072 ⁸
463 2042 608 2111 Περὶ
646 2043 718 2097 δὲ
762 2043 882 2097 τῶν
918 2043 1364 2114 κεκοιμημένων
1389 2045 1463 2100 οὐ
1492 2043 1643 2100 θέλω
1667 2043 1823 2114 ὑμᾶς

233 2129 475 2199 ἀγνοεῖν
496 2169 513 2193 .
570 2132 674 2187 ἵνα
709 2124 809 2201 μὴ’
826 2129 1141 2199 λυπῆσθε,
1188 2131 1386 2198 καθὼς
1414 2131 1513 2185 καὶ
1541 2133 1595 2187 οι
1619 2132 1821 2192 λοιποί

232 2220 287 2272 οι
328 2217 419 2287 μὴ
470 2218 724 2286 ἔχοντες
768 2218 1007 2273 ἐλπίδα.
1060 2218 1197 2290 Οὐχὶ
1245 2219 1571 2291 μονάζουσιν
1611 2219 1822 2291 ἔγραφε

232 2303 403 2359 ταῦτα
429 2305 556 2358 ούδέ
585 2304 997 2377 ἀειπαρθένοις,
1040 2304 1178 2360 ἀλλά
1207 2307 1306 2360 καὶ
1335 2308 1627 2377 κοσμικαῖς
1655 2307 1822 2379 γάμῳ

232 2392 633 2463 δμιλησάσαις,
688 2393 786 2448 καὶ
833 2393 1131 2463 βιωτικοῖς.
1188 2392 1336 2465 Πλὴν
1384 2394 1501 2448 ἀλλ’
1535 2396 1636 2466 οὐχ
1678 2393 1822 2449 οὓτω

234 2479 404 2534 δεινὶν
426 2479 592 2534 τοῦτο
612 2496 630 2513 ο
672 2481 803 2535 ὅταν
826 2480 885 2534 δέ
914 2497 1020 2546 τις,
1048 2481 1084 2550 ἢ
1116 2480 1277 2552 γυνὴ,
1311 2480 1345 2553 ἢ
1370 2481 1511 2553 ἀνὴρ
1541 2483 1821 2554 ἐσταυρῶ-

237 2568 356 2621 σθαι
391 2565 510 2639 [47]
537 2567 617 2638 τῷ
643 2567 837 2639 κόσμῳ
860 2567 1059 2637 λέγων,
1091 2568 1122 2621 ό
1147 2568 1248 2640 μὲν
1275 2570 1471 2640 τρίχας
1494 2569 1671 2644 τίλλῃ,
1706 2571 1820 2643 ηδέ

234 2656 419 2727 κωκύῃ
449 2656 704 2726 μεγάλα,
738 2656 793 2709 τί
822 2655 1015 2709 τούτου
1047 2656 1551 2727 ἀσχημονέστερονς
1590 2659 1820 2713 Πιστεύ-

236 2743 359 2797 σατέ
386 2760 479 2815 μοι
507 2744 763 2812 λέγοντι*
798 2744 915 2813 εῖγε
945 2744 1021 2809 ὡς
1045 2745 1213 2816 ἐχρῆν
1239 2743 1479 2814 ἐγίνετο,
1515 2747 1687 2801 πολὺν
1710 2747 1819 2803 ἔδει

235 2833 416 2905 χρόνον
453 2834 589 2896 τοὺς
622 2832 898 2896 τοιούτους
930 2832 1211 2905 είργεσθαι
1241 2831 1351 2886 τῶν
1378 2833 1551 2889 οὑδῶν
1580 2834 1691 2890 τῶν
1718 2836 1819 2908 τῆς

233 2920 546 2991 ἐκκλησίας.
591 2922 655 2974 Οί
686 2919 793 2989 γάρ
822 2920 993 2985 ὅντως
1022 2921 1162 2986 ἄξιοι
1194 2922 1448 2988 πένθους,
1481 2916 1628 2977 οὗτοί
1656 2925 1814 2991 εἰσιν,

233 3007 278 3060 al
317 3007 408 3061 τὸν
450 3006 686 3060 θάνατον
716 3006 1016 3073 δεδοικότες
1064 3008 1145 3062 ἔτι
1173 3009 1269 3063 κα)⁸
1300 3010 1635 3081 φρίττοντες,
1668 3012 1719 3065 οί
1748 3013 1814 3082 τῇ

233 3094 521 3148 ἀναστάσει
546 3093 976 3158 διαπιστοῦντες.
1012 3094 1153 3149 Ἀλλ’
1186 3096 1248 3149 οὐ
1280 3100 1347 3168 τῇ
1391 3097 1686 3152 ἀναστάσει
1736 3098 1816 3152 δι-

232 3182 457 3247 απιστῶ,
493 3182 697 3253 φησιν,
734 3182 871 3236 ἀλλά
899 3182 996 3255 τὴν
1027 3185 1320 3255 συνήθειαν
1351 3185 1615 3256 ἐπιζητῶ.
1639 3184 1739 3238 Διά
1761 3185 1816 3239 τί

233 3265 335 3332 οὖν,
361 3270 489 3323 είπὲ
516 3287 635 3340 μοι,
661 3270 793 3326 ὅταν
815 3270 1091 3344 ἀποδημῇ,
1118 3272 1213 3327 καὶ
1234 3272 1548 3345 ἀποδημίαν
1573 3272 1813 3344 μακρὰν,

234 3359 286 3409 οὗ
318 3358 379 3411 τὰ
408 3358 559 3413 αύτά
588 3358 803 3425 ποιεῖς;
837 3356 1000 3413 Ἀλλά
1030 3360 1202 3415 κλαίω
1230 3360 1327 3414 καὶ
1350 3361 1494 3429 τότε,
1525 3360 1682 3432 φησὶ,
1719 3361 1813 3417 καὶ

244 3445 402 3516 θρηνῶ
428 3443 803 3514 ἐπιζητοῦσα.
841 3444 978 3500 Ἀλλ’
1001 3446 1179 3501 ἐκεῖνο
1206 3447 1304 3518 μὲν
1326 3445 1497 3511 ὅντως
1523 3448 1813 3520 συνήθειαν

242 3532 595 3604 ἐπιζητούσης
640 3534 794 3600 ἐστὶ,
847 3533 1003 3587 τοῦτο
1028 3534 1087 3587 δὲ
1118 3535 1503 3605 ἀπεγνωκυίας
1524 3534 1624 3607 τὴν
1647 3537 1814 3591 ἐπάν·

235 3621 356 3675 οδον.
386 3621 684 3692 Ἐννόησον
712 3620 765 3674 τί
797 3620 1021 3692 ψάλλεις
1047 3622 1190 3675 κατά
1218 3622 1310 3675 τὸν
1339 3624 1533 3695 καιρὸν
1561 3624 1771 3679 ἐκεῖνον
1793 3641 1808 3657 ⁸

246 3708 669 3776 Ἐπίστροφον,
696 3706 868 3777 ψυχή
887 3726 1026 3778 μου,
1053 3711 1140 3776 εις
1161 3709 1278 3779 τὴν
1297 3710 1648 3767 ἀνάπαυσιν
1671 3728 1809 3778 σου,

230 3795 315 3849 ὅτι
337 3798 556 3865 Κύριος
581 3795 951 3867 εὐηργέτησέ
973 3814 1068 3852 σε’
1105 3799 1197 3853 καὶ
1225 3798 1411 3866 πάλιν,
1444 3802 1528 3855 Οὐ
1553 3800 1813 3870 φοϐηθή-

227 3900 404 3953 σομαι
436 3883 619 3948 κακὰ,
654 3884 746 3937 ὅτι
778 3883 862 3938 σὺ
897 3884 1027 3955 μετ’
1050 3885 1198 3955 ἐμοῦ
1225 3882 1284 3942 aI
1305 3901 1319 3916 °
1376 3888 1472 3942 καὶ
1507 3889 1690 3961 πάλιν,
1726 3890 1809 3945 Σύ

224 3988 337 4039 μου
382 3967 439 4026 εί
493 3969 813 4042 καταφυγὴ
862 3972 980 4026 ἀπὸ
1028 3974 1292 4042 θλίψεως
1339 3974 1451 4044 τῆς
1501 3977 1811 4045 περιεχού-

227 4078 340 4130 σης
381 4081 481 4133 με.
523 4064 811 4133 Ἐννόησον
861 4064 913 4117 τί
957 4062 1239 4135 βούλονται
1289 4061 1435 4121 οῦτοι
1487 4068 1538 4121 οί
1579 4068 1807 4141 ψαλμοί.

240 4151 376 4205 Ἀλλ’
406 4153 470 4207 ού
502 4153 826 4224 προσέχεις,
876 4151 1012 4207 ἀλλά
1045 4153 1267 4224 μεθύεις
1300 4155 1405 4208 ὑπὸ
1430 4154 1523 4209 τοῦ
1552 4157 1805 4224 πένθους.

231 4241 344 4293 Κᾶν
369 4243 428 4294 ἐν
452 4244 564 4306 τοῖς
596 4240 801 4313 ἐτέρων
824 4241 1130 4313 κηδεύμασι
1170 4244 1509 4316 κατανόησον
1535 4245 1803 4319 ἀκριϐῶς,

232 4328 316 4381 ἵνα
363 4328 493 4401 ἔχῃς
538 4329 832 4401 φάρμακον
882 4331 941 4386 ἐν
989 4333 1105 4395 τοῖς
1160 4334 1296 4395 σοῖς.
1364 4333 1806 4407 Ἐπίστρεψον,

233 4417 393 4487 ψυχή
443 4437 596 4488 μου,
648 4421 739 4486 είς
784 4418 899 4488 τὴν
923 4419 1275 4476 ἀνάπαυσίν
1300 4434 1438 4488 σου,
1471 4422 1560 4480 ὅτι
1589 4426 1809 4494 Κύριος

235 4505 590 4574 εὐηργέτησέ
620 4522 717 4573 σε,
766 4505 966 4574 λέγεις,
1016 4509 1112 4562 καὶ
1138 4507 1429 4579 δακρύεις;
1478 4510 1601 4583 οὐχὶ
1632 4513 1807 4586 σκηνὴ

232 4592 395 4646 ταῦτά
446 4596 635 4661 ἐστιν,
690 4594 791 4666 οὐχ
838 4595 1157 4666 ὑπόκρισις;
1221 4597 1284 4650 Εί
1335 4596 1436 4668 μὲν
1478 4597 1588 4671 γὰρ
1638 4600 1807 4667 ὅντως

235 4680 493 4744 πιστεύεις
521 4676 606 4745 οἷς
632 4681 835 4752 λέγεις,
860 4682 1131 4753 περιττῶς
1154 4683 1393 4750 πενθεῖς·
1426 4686 1473 4741 εἰ
1499 4686 1557 4741 δὲ
1584 4687 1806 4755 παίζεις

234 4768 320 4818 καὶ
369 4768 635 4842 ὑποκρίνῃ
686 4770 781 4823 καὶ
814 4769 1020 4840 μύθους
1070 4770 1213 4825 αὐτά
1245 4765 1393 4827 εἶναι
1418 4771 1697 4842 νομίζεις,
1750 4786 1813 4843 τί

234 4856 322 4907 καὶ
364 4858 617 4925 ψάλλειςς
678 4857 730 4911 τί
784 4857 880 4910 καὶ
928 4857 1099 4929 ἀνέχῃ
1148 4858 1259 4915 τῶν
1307 4863 1807 4933 παραγινομένωνς

233 4940 313 4996 διὰ
352 4946 401 4998 τί
455 4945 530 5017 μὴ
577 4942 906 5008 ἀπελαύνεις
937 4946 1066 5009 τοὺς
1096 4944 1433 5015 Mum“;
1473 4947 1638 5003 Ἀλλά
1674 4966 1803 5019 μαι-

234 5032 458 5103 νομένων
481 5033 665 5101 τοῦτο,
699 5032 857 5104 φησί.
906 5032 1146 5088 Κάκεῖνο
1173 5034 1357 5106 πολλῷ
1386 5035 1612 5105 μᾶλλον.
1647 5038 1799 5103 Τέως

235 5121 327 5190 μὲν
362 5119 452 5176 οῦν
488 5122 744 5194 παραινῶ
767 5137 783 5154 ο
834 5123 929 5178 τοῦ
957 5123 1152 5194 χρόνου
1176 5122 1234 5176 δὲ
1264 5124 1548 5195 προϊόντος
1573 5125 1801 5199 σφοδρό-

230 5222 375 5278 τερον
423 5208 501 5280 τῷ
549 5209 841 5280 πράγματι
892 5210 1209 5281 χρήσομαι⁸
1264 5210 1505 5282 καὶγὰρ
1533 5212 1800 5281 μειζόνως

231 5295 445 5365 δέδοικα,
483 5298 559 5369 μὴ
583 5296 762 5368 τούτῳ
790 5296 869 5367 τῷ
889 5298 1076 5367 τρόπῳ
1105 5297 1320 5368 χαλεπή
1346 5315 1431 5362 τις
1457 5300 1613 5362 νόσος
1643 5302 1702 5353 ἐν
1725 5303 1794 5372 τῇ

244 5383 523 5458 Ἐκκλησία
556 5385 871 5460 ύπεισέλθῃ.
930 5385 1132 5439 Τοῦτον
1169 5385 1269 5455 μὲν
1304 5382 1397 5439 οῦν
1434 5387 1531 5440 τὸν
1564 5390 1795 5442 κοπετὸν

232 5470 437 5547 ὕστερον
494 5473 1049 5545 ἐπανορθωσώμεθαο
1115 5473 1252 5537 τέως
1306 5473 1364 5527 δὲ
1422 5476 1793 5545 παραγγέλλω

233 5564 313 5617 καὶ
359 5565 809 5637 διαμαρτύρομαι
867 5565 962 5622 καὶ
1007 5563 1281 5630 πλουσίοις
1315 5564 1412 5619 καὶ
1438 5565 1659 5637 πένησι,
1697 5567 1793 5621 καὶ

231 5656 421 5724 γυναιξὶ
450 5656 549 5714 καὶ
576 5655 835 5728 ἀνδράσι.

1934 468 2175 535 ἐξελθεῖν
2201 509 2217 534 ,
2269 472 2365 525 καὶ
2411 473 2554 527 κατά
2582 473 2747 544 νόμον
2778 473 2870 529 τὸν
2894 476 3241 548 προσήκοντα
3268 477 3512 550 πατέρας

1934 557 2041 610 ύπδ
2085 557 2196 611 τῶν
2242 559 2378 612 υἱῶν
2406 564 2789 632 γεγηρακότας
2818 562 3240 635 προπέμψεσθαι
3282 564 3379 618 καὶ
3407 581 3515 635 μη-

1932 645 2098 715 τέρας
2124 645 2231 699 ὑπὸ
2258 645 2571 718 θυγατέρων
2623 650 2717 703 καὶ
2751 651 2993 719 ἐγγόνων
3040 652 3135 707 καὶ
3169 652 3513 723 μετεγγόνων

1932 733 1991 786 ἐν
2015 732 2233 804 λιπαρῷ
2255 734 2335 807 τῷ
2354 737 2522 808 γήρᾳ,
2548 737 2647 791 καὶ
2670 739 2926 809 μηδαμοῦ
2947 740 3200 810 γενέσθαι
3221 740 3404 811 άωρον
3422 741 3516 796 θά-

1933 835 2112 876 νατον.
2171 821 2388 875 Γένοιτο
2435 822 2538 894 μὲν
2561 820 2656 879 οῦν
2700 824 2858 879 τοῦτο
2879 866 2894 892 ,
2943 828 3040 881 καὶ
3066 828 3226 882 τοῦτο
3253 827 3509 900 εὔχομαι,

1933 906 2028 960 καὶ
2067 907 2193 971 τοὺς
2221 907 2519 979 προέδρους
2548 909 2605 963 δὲ
2635 912 2731 964 καὶ
2760 912 2971 978 πάντας
2994 913 3140 985 ὑμᾶς
3169 914 3313 987 ὑπὲρ
3337 915 3510 986 ἀλλή-

1931 993 2039 1046 λων
2064 993 2365 1064 παρακαλῶ
2389 995 2650 1068 δεηθῆναι
2678 997 2774 1051 τοῦ
2804 999 2987 1066 Θεοῦη,
3048 1002 3144 1056 καὶ
3178 1001 3293 1075 [48]
3325 1003 3510 1073 κοινὴν

1933 1082 2262 1152 ποιήσασθαι
2291 1084 2495 1157 ταύτην
2524 1085 2691 1158 εὐχήν
2715 1103 2729 1117 ⁸
2765 1088 2815 1141 εί
2845 1088 2923 1152 δὲ,
2957 1090 3098 1161 ὅπερ
3149 1091 3329 1163 ἀπείη
3374 1092 3510 1164 μηδέ

1932 1168 2177 1242 συμϐαίη
2203 1214 2218 1237 ,
2274 1171 2472 1243 πικρός
2514 1190 2601 1237 τις
2654 1174 2877 1249 γένηται
2925 1176 3154 1244 θάνατος
3193 1179 3215 1246 (
3228 1181 3423 1251 πικρὸς
3450 1182 3509 1235 δὲ

1929 1254 2095 1325 λέγω,
2125 1259 2188 1312 ού
2215 1261 2282 1330 τῇ
2308 1258 2492 1330 φύσειο
2520 1261 2640 1316 οὐδὲ
2662 1263 2771 1334 γάρ
2797 1264 2914 1317 ἐστι
2940 1264 3127 1321 λοιπὸν
3148 1269 3346 1340 πικρὸς
3363 1270 3393 1322 ό
3413 1269 3508 1322 θά-

1930 1359 2110 1407 νατος’
2143 1343 2314 1400 ὕπνου
2338 1346 2450 1420 γάρ
2472 1348 2625 1407 οὐδὲν
2653 1349 2958 1424 διενήνοχεν
2974 1369 2987 1383 ⁸
3034 1353 3175 1408 ἀλλά
3199 1356 3397 1427 πικρὸς
3417 1356 3506 1409 λέ-

1928 1446 2040 1497 γω,
2097 1433 2234 1501 πρὸς
2287 1435 2387 1507 τὴν
2432 1438 2710 1511 ἡμετέραν
2763 1440 3057 1513 διάθεσιν)⁸
3108 1443 3168 1497 εί
3206 1439 3298 1499 οῦν
3349 1437 3507 1510 οὗτος

1932 1518 2221 1593 συμϐαίη,
2281 1523 2375 1577 καί
2425 1542 2572 1589 τινες
2612 1525 2710 1589 τὰς
2736 1526 3041 1600 θρηνούσας
3067 1532 3271 1596 ταύτας
3299 1532 3506 1604 μισθώ-

1931 1624 2136 1675 σαιντο,
2174 1609 2500 1665 πιστεύσατὲ
2530 1629 2621 1683 μοι
2652 1610 2886 1684 λέγοντι,
2914 1615 3012 1669 οὐκ
3036 1615 3212 1681 άλλως
3235 1618 3345 1692 γάρ
3371 1619 3503 1691 ἐρῶ,

1931 1695 2046 1750 ἀλλ’
2074 1697 2149 1759 ὡς
2176 1697 2285 1769 ἔχω
2306 1715 2321 1730 ο
2358 1698 2388 1752 ό
2418 1698 2743 1781 βουλόμενος
2770 1703 3073 1774 όργιζέσθω
3092 1720 3105 1734 ⁸
3145 1705 3314 1760 πολὺν
3344 1707 3507 1761 αὑτὸν

1929 1783 2119 1854 χρόνον
2148 1786 2245 1855 τῆς
2272 1785 2564 1858 ἐκκλησίας
2597 1788 2846 1861 ἀπείρξω
2871 1790 2948 1855 ὡς
2969 1791 3063 1848 τὸν
3087 1792 3504 1866 είδωλολάτρην.

1929 1872 1992 1929 Εί
2019 1872 2125 1945 γὰρ
2150 1874 2242 1928 τὸν
2266 1874 2596 1946 πλεονέκτην
2623 1877 3015 1951 είδωλολάτρην
3040 1880 3195 1936 καλεῖ
3219 1883 3247 1936 ό
3270 1881 3503 1950 Παῦλος,

1929 1960 2108 2031 πολλῷ
2139 1961 2340 2032 μᾶλλον
2379 1962 2472 2017 τὸν
2516 1965 2611 2017 ἐπὶ
2638 1963 2830 2018 πιστοῦ
2871 1967 2941 2021 τά
2973 1965 3078 2021 τῶν
3101 1967 3505 2040 είδωλολατρῶν

1929 2048 2342 2121 ἐπεισφέροντα.
2375 2049 2534 2115 Τίνος
2558 2049 2667 2123 γάρ
2690 2051 2898 2121 ἕνεκεν,
2924 2055 3046 2107 είπέ
3070 2071 3183 2125 μοι,
3205 2057 3507 2129 πρεσϐυτέο

1930 2152 2055 2207 ρους
2086 2135 2275 2200 καλεῖς
2297 2174 2315 2201 ,
2367 2137 2462 2192 καὶ
2498 2138 2627 2202 τοὺς
2656 2137 2988 2209 ψάλλοντας;
3024 2143 3121 2212 οὐχ
3151 2141 3293 2198 ὥστε
3321 2162 3502 2217 παρα-

1930 2225 2276 2297 μυθήσασθαι
2301 2269 2317 2294 ,
2373 2226 2471 2298 οὐχ
2519 2226 2661 2283 ὥστε
2686 2228 2920 2300 τιμῆσαι
2951 2229 3043 2285 τὸν
3071 2231 3400 2298 ἀπελθόντας
3436 2235 3503 2287 Τί

1927 2314 2105 2368 τοίνυν
2130 2314 2295 2369 αὑτὸν
2323 2315 2599 2387 ὑϐρίζειςς
2627 2316 2760 2371 τίδὲ
2788 2320 3339 2391 παραδειγματίζεις;
3367 2323 3421 2376 τί
3441 2324 3498 2377 δὲ

1927 2399 2144 2467 παίζεις
2163 2442 2180 2467 ,
2211 2400 2404 2475 ῶσπερ
2432 2404 2490 2458 ἐν
2518 2407 2725 2475 σκηνῇ;
2759 2404 2950 2477 Ἡμεῖς
2979 2408 3252 2478 ἐρχόμεθα
3277 2411 3346 2466 τά
3370 2412 3500 2482 περὶ

1927 2491 2276 2557 ἀναστάσεως
2330 2492 2747 2564 φιλοσοφοῦντες
2768 2536 2786 2561 ,
2849 2496 3059 2561 πάντας
3110 2498 3455 2564 παιδεύοντες
3480 2540 3497 2561 ,

1928 2580 2021 2635 καὶ
2051 2582 2179 2646 τοὺς
2210 2580 2434 2652 μηδέπω
2465 2582 2909 2655 πεπληγμένους,
2941 2584 3031 2639 διὰ
3056 2586 3157 2656 τῆς
3184 2588 3266 2651 είς
3290 2587 3517 2642 ἐκεῖνον.

1924 2673 2112 2745 τιμῆς,
2139 2670 2195 2724 εῖ
2213 2688 2343 2725 ποτε
2372 2671 2613 2744 συμϐαίη
2640 2691 2695 2727 τι
2719 2673 2982 2741 τοιοῦτον,
3007 2675 3197 2745 φέρειν
3216 2676 3498 2745 γενναίως·

1926 2759 1991 2814 σὺ
2036 2759 2095 2814 δὲ
2142 2757 2299 2827 ἀγεις
2341 2759 2468 2824 τοὺς
2510 2758 2586 2818 τά
2620 2760 2863 2834 ἡμέτερα
2897 2760 3318 2834 καθαιροῦντας,
3349 2764 3413 2818 τό
3435 2780 3519 2834 γε.

1924 2844 2102 2901 αὐτῶν
2134 2847 2328 2920 μέρος;

1996 3022 2068 3090 ς’.
2093 3022 2159 3075 Τί
2177 3021 2366 3076 τούτου
2384 3020 2478 3075 τοῦ
2495 3021 2729 3094 γέλωτος
2746 3023 2840 3078 καὶ
2859 3023 2960 3095 τῆς
2983 3023 3269 3097 χλευασίας
3285 3027 3467 3098 χεῖρον
3483 3042 3499 3091 ;

1921 3111 1974 3163 τί
2002 3110 2207 3181 ταύτης
2247 3111 2346 3180 τῆς
2390 3110 2709 3182 ἀνωμαλίας
2763 3110 3101 3185 βαρύτερον;
3160 3113 3497 3186 Αίσχύνθητε

1923 3199 2018 3251 καὶ
2048 3197 2354 3271 ἐντράπητε
2388 3214 2401 3227 ⁸
2438 3199 2488 3250 εί
2520 3196 2577 3251 δὲ
2616 3198 2689 3270 μὴ
2731 3197 3007 3265 βούλεσθε,
3038 3202 3201 3272 ἡμεῖς
3243 3202 3345 3256 οὐκ
3400 3204 3496 3257 ἀνο

1922 3286 2161 3355 εχόμεθα
2194 3285 2293 3356 ἔθη
2310 3284 2534 3339 τοιαῦτα
2562 3284 2782 3357 ὀλέθρια
2809 3288 2877 3358 τῇ
2910 3286 3177 3360 ἐκκλησίᾳ
3202 3289 3496 3360 ἐπεισαγα-

1921 3376 2072 3443 γείν⁸
2114 3372 2259 3439 Τοὺς
2318 3370 2428 3442 γὰρ
2484 3371 2955 3441 ἁμαρτάνοντας,
2999 3375 3185 3445 φησὶν,
3238 3376 3497 3433 ἐνώπιον

1921 3462 2161 3515 πάντων
2181 3459 2415 3528 ἔλεγχε.
2456 3458 2754 3523 Κάκείναις
2775 3459 2833 3514 δὲ
2852 3462 2973 3525 ταῖς
2998 3461 3367 3535 ταλαιπώροις
3403 3468 3497 3520 καὶ

1918 3548 2133 3611 ἀθλίαις
2161 3547 2230 3600 δι’
2269 3545 2426 3617 ὑμῶν
2458 3545 2898 3618 ἀπαγορεύομεν,
2922 3549 3192 3619 μηδέποτε
3225 3552 3347 3617 ταῖς
3383 3552 3496 3607 τῶν

1921 3635 2128 3691 πιστῶν
2157 3635 2419 3706 ἐκφοραῖς
2438 3634 2758 3697 ἐπεισιέναι,
2789 3635 2877 3690 tu
2904 3636 2979 3708 μὴ
3030 3637 3201 3703 ὅντως
3221 3639 3290 3695 τά
3315 3643 3495 3698 οίκεῖα

1918 3724 2089 3788 αὑτάς
2118 3723 2519 3795 ἀναγκάσωμεν
2549 3721 2765 3795 θρηνεῖν
2792 3726 2959 3791 κακὰ,
2984 3726 3078 3781 καὶ
3109 3728 3493 3801 παιδεύσωμεν

1921 3816 1996 3886 μὴ
2031 3815 2089 3867 ἐν
2144 3811 2445 3883 ἀλλοτρίοις
2486 3810 2663 3866 ταῦτα
2712 3814 2916 3879 ποιεῖν,
2958 3814 3096 3869 ἀλλά
3134 3816 3235 3882 τάς
3281 3820 3494 3886 οἰκείας

1922 3903 2206 3973 συμφοράς
2253 3898 2452 3970 μᾶλλον
2496 3898 2782 3968 ὀδύρεσθαι
2817 3916 2831 3930 ⁸
2862 3901 2958 3955 καὶ
2999 3901 3110 3974 γάρ
3166 3904 3259 3958 καὶ
3306 3909 3492 3982 πατὴρ

1919 3988 2309 4059 φιλόστοργος,
2361 3987 2488 4040 ὅταν
2533 3986 2648 4040 υίὸν
2692 3986 2926 4041 ἄτακτον
2986 3988 3105 4063 ἔχῃ,
3153 3990 3255 4045 οὐκ
3297 3993 3491 4063 ἐκείνῳ

1920 4079 2081 4148 μόνον
2119 4078 2378 4147 παραινεῖ
2414 4074 2499 4147 μὴ
2520 4074 2845 4146 πλησιάζειν
2878 4080 2991 4140 τοῖς
3029 4080 3310 4150 πονηροῖς,
3351 4082 3489 4138 ἀλλά

1915 4166 2012 4221 καὶ
2037 4164 2278 4229 ἐκείνους
2295 4164 2450 4235 φοϐεῖ
2475 4177 2524 4220 α.
2570 4164 2707 4222 Ἰδοὺ,
2726 4163 2905 4218 τοίνυν
2927 4165 3020 4220 καὶ
3049 4166 3180 4237 ὑμῖν
3205 4169 3490 4236 κάκείναις

1916 4254 1983 4308 δι’
2036 4254 2191 4325 ὑμῶν
2247 4251 2519 4324 παραινῶ,
2569 4251 2711 4307 ὥστε
2772 4253 2911 4325 μήτε
2966 4254 3110 4325 ὑμᾶς
3162 4255 3345 4312 καλεῖν
3388 4260 3491 4324 τὰς

1913 4343 2189 4408 τοιαύτας,
2226 4342 2364 4414 μήτε
2387 4340 2603 4407 ἐκείνας
2636 4342 3060 4413 παραγίνεσθαι.
3128 4344 3239 4399 Καὶ
3278 4347 3490 4415 γένοιτο

1918 4432 2020 4502 μὲν
2046 4430 2139 4484 τδν
2171 4428 2327 4499 λόγον
2360 4447 2413 4485 τι
2445 4428 2783 4502 ἐργάσασθαι
2808 4428 2969 4484 πλέον
2995 4430 3089 4484 καὶ
3133 4430 3233 4504 τὴν
3260 4432 3488 4508 ἀπειλὴν

1918 4520 2134 4593 ἰσχῦσαι
2158 4535 2174 4551 ⁸
2205 4521 2256 4575 εί
2276 4519 2355 4585 δὲ,
2389 4520 2528 4591 ὅπερ
2555 4518 2747 4589 ἀπείη,
2775 4519 3300 4592 καταφρονηθῶμεν,
3330 4524 3491 4596 άναγ.

1914 4606 2309 4680 κασθησόμεθα
2345 4607 2535 4663 λοιπὸν
2567 4609 2647 4672 είς
2671 4606 2835 4678 ἔργον
2859 4608 3089 4677 ἀγαγεῖν
3111 4607 3211 4681 τὴν
3233 4610 3485 4684 ἀπειλὴν,

1914 4698 2060 4767 ὑμᾶς
2095 4697 2194 4768 μὲν
2214 4698 2327 4761 τοῖς
2357 4697 2543 4767 νόμοις
2582 4696 2931 4760 παιδεύοντες
2960 4698 3071 4761 τοῖς
3097 4698 3477 4770 ἐκκλησιαστι-

1912 4787 2050 4848 κοῖς,
2082 4784 2295 4848 ἐκείνας
2320 4785 2379 4839 δὲ
2401 4785 2478 4848 ὠς
2510 4782 2748 4847 ἐκείναις
2786 4783 3066 4853 προσῆκόν
3101 4785 3271 4839 ἐστιν.
3331 4788 3395 4841 Et
3427 4788 3486 4844 δέ

1911 4890 1997 4936 τις
2025 4872 2568 4942 ἀπαυθαδιαξόμενος
2594 4871 2947 4942 καταφρονεῖ,
2984 4868 3099 4943 [49]
3123 4871 3368 4927 ἀκουέτω
3388 4876 3484 4930 τοῦ
3506 4861 3513 4867 ’

1910 4957 2147 5028 Χριστοῦ
2205 4958 2455 5027 λέγοντος
2497 4958 2592 5013 καὶ
2648 4956 2747 5010 νῦν
2777 4971 2791 4985 ⁸
2841 4955 2977 5011 Ἐὰν
3003 4960 3037 5013 ό
3062 4958 3327 5029 ἀδελφός
3365 4978 3484 5019 σου

1909 5045 2220 5115 ἁμαρτήσῃ
2250 5047 2339 5111 εἰς
2366 5045 2463 5108 σε,
2510 5045 2721 5113 ὕπαγε,
2752 5043 3005 5115 ἔλεγξον
3035 5047 3225 5101 αὐτὸν
3252 5051 3483 5120 μεταξὺ

1908 5132 2026 5187 σοῦ
2054 5133 2153 5188 καί
2192 5132 2382 5188 αὐτοῦ
2408 5133 2602 5201 μόνου
2620 5149 2635 5164 ⁸
2684 5134 2739 5186 ει
2769 5131 2838 5185 δὲ
2862 5134 2951 5202 μὴ
2985 5135 3267 5199 πείθοιτο,
3289 5139 3483 5208 παρά-

1904 5221 2052 5275 λαόε
2082 5220 2234 5288 μετὰ
2269 5217 2532 5272 σεαυτοῦ
2574 5218 2684 5271 ἕνα
2714 5218 2755 5288 ἢ
2792 5218 2903 5273 δύο
2935 5235 2950 5251 ⁸
2979 5222 3034 5275 εί
3052 5219 3121 5275 δὲ
3154 5223 3255 5277 καί
3286 5226 3482 5295 οὕτως

1904 5307 2233 5377 ἀντιλέγοι,
2280 5308 2409 5360 εἰπὲ
2440 5305 2512 5373 τῇ
2575 5305 2942 5375 Ἐκκλησία·
2993 5310 3048 5363 ει
3100 5308 3170 5363 δὲ
3212 5310 3313 5365 καὶ
3368 5314 3483 5383 τῆς

1916 5396 2272 5464 Ἐκκλησίας
2314 5398 2788 5464 παρακούσειεν.
2839 5396 2997 5451 ἔστω
3026 5412 3125 5452 σοι
3154 5398 3231 5462 ὡς
3257 5401 3291 5454 ό
3317 5399 3476 5456 ἐθνι-

1959 5594 1987 5623 ⁸¹
2010 5593 2198 5645 Caatera
2220 5606 2377 5656 usque
2400 5592 2459 5642 ad
2482 5593 2631 5656 ﬁnem
2641 5594 2856 5656 humilia
2873 5594 3170 5646 deﬁciuntin
3191 5596 3477 5649 Colbcrtino

1896 5654 2619 5721 pqd!ce_,_et_seqpénshomui_a
2669 5654 2840 5721 quinta
2869 5656 3065 5708 omissis
3099 5658 3388 5721 quibusdam
3412 5659 3478 5709 ab

1895 5715 2039 5791 Ιιῄιξο
2058 5717 2223 5791 Ιξιιείσ,
2254 5715 2439 5780 incipit
2471 5716 2532 5768 ab
2554 5715 2815 5769 hisvérbis
2842 5733 2854 5769 :
2884 5720 2949 5782 μὴ
2969 5721 3057 5785 γὰρ
3080 5715 3241 5777 ἁπλῶς
3260 5726 3479 5791 προσχῇς

286 5768 486 5825 Γένοιτο
514 5770 617 5841 μὲν
644 5762 742 5824 οὗν
774 5766 980 5832 πάντας
1015 5766 1157 5838 ὑμᾶς
1187 5767 1523 5842 ἀπενθήτους
1556 5769 1649 5825 τὸν
1675 5771 1788 5843 βίον
1893 5762 2218 5843 τὶῖἷλεχθὲντῖξ
