4060 6440
274 258 345 315 ‘5

280 379 361 423 ret
390 369 490 443 (α).
518 370 657 428 Ecce
684 388 815 446 ergo
843 390 944 432 nos
984 392 1200 449 quoque
1218 389 1274 436 et
1301 395 1398 437 vos
1421 391 1477 439 et
1502 381 1623 440 illas
1646 400 1744 456 per
1762 400 1860 442 vos

279 457 576 530 hortamur,
599 473 659 520 ut
683 480 783 522 nec
807 480 906 524 vos
957 468 1075 525 illas
1103 472 1327 539 vocetis,
1359 489 1532 545 neque
1569 476 1675 532 illa:
1705 493 1860 534 acce—

285 557 440 609 dant.
472 556 540 613 Et
568 558 700 615 faxit
728 564 944 633 quidem
974 567 1116 623 Deus
1142 579 1200 626 ut
1223 584 1405 629 sermo
1434 575 1634 648 aliquid
1663 578 1863 633 efﬁciat

275 648 531 717 amplius,
572 660 626 708 et
650 655 865 713 valeant
890 659 1051 715 mina:
1082 678 1095 714 :
1127 662 1210 718 sin
1260 673 1463 733 autem,
1513 669 1655 737 quod
1697 667 1867 738 absit,

273 745 606 813 contemptui
639 746 808 805 simus
838 748 1027 819 habiti,
1045 769 1269 812 necesse
1295 756 1555 814 habemus
1567 750 1636 815 de
1660 770 1860 815 caetero

273 832 451 890 minas
480 834 748 895 deducere
768 841 835 896 ad
872 844 1143 914 eﬂ'ectum,
1183 862 1281 905 vos
1304 850 1521 921 quidem
1546 851 1856 908 erudientes

272 924 486 997 legibus
511 930 924 1001 ecclesiasticis,
970 936 1090 993 illas
1138 947 1315 993 autem
1347 950 1406 995 ιιι
1447 941 1553 996 illis
1583 943 1855 998 convenit.

266 1016 327 1073 Si
358 1020 480 1090 quis
501 1030 677 1079 autem
705 1037 1020 1096 arroganter
1043 1038 1098 1085 et
1134 1030 1430 1087 insolenter
1456 1048 1516 1090 se
1540 1049 1734 1105 gerens
1754 1034 1853 1089 de-

264 1112 453 1179 spicit,
483 1114 664 1170 audiat
708 1116 981 1175 Christum
1017 1138 1159 1178 nunc
1207 1140 1422 1196 quoque
1450 1125 1715 1184 dicentem
1748 1146 1763 1184 :
1792 1128 1857 1185 Si

266 1205 550 1268 peccauerit
575 1206 626 1259 in
654 1216 702 1261 te
725 1208 884 1278 frater
910 1220 1045 1280 tuus,
1073 1214 1217 1282 vade,
1242 1232 1402 1287 argue
1427 1235 1540 1272 eum
1573 1220 1704 1274 inter
1728 1229 1776 1275 te
1808 1229 1854 1276 et

259 1292 440 1359 ipsum
463 1295 625 1350 solum
653 1312 674 1352 :
702 1299 749 1353 si
771 1310 937 1355 autent
956 1319 1056 1357 non
1086 1314 1279 1375 pareat,
1309 1308 1482 1379 accipe
1503 1317 1666 1364 tecum
1693 1326 1853 1366 unum

257 1396 356 1438 aut
379 1386 509 1440 duos
530 1404 549 1443 :
570 1390 614 1443 si
634 1399 802 1446 autem
825 1393 976 1448 etiam
1002 1396 1077 1449 sic
1104 1392 1436 1467 contradicat,
1465 1401 1547 1455 dic
1566 1401 1809 1459 Ecclesiae
1834 1417 1854 1458 :

257 1477 309 1529 si
335 1488 507 1531 autent
540 1478 821 1537 Ecclesium
849 1501 1044 1557 quoque
1071 1505 1172 1542 non
1206 1491 1420 1558 audiat,
1474 1493 1538 1547 sit
1594 1494 1686 1549 tibi
1723 1504 1854 1549 tam-

256 1583 419 1636 quam
452 1571 681 1627 ethnicus
710 1582 755 1627 et
783 1574 1083 1646 publicanus
1109 1578 1129 1650 (
1151 1578 1341 1635 Matth.
1372 1582 1459 1639 18.
1490 1584 1563 1639 15
1584 1615 1612 1626 -
1641 1586 1759 1654 17).
1791 1585 1847 1643 Si

256 1668 443 1715 autem
472 1677 596 1717 eum
624 1664 714 1733 qui
747 1666 797 1719 in
830 1682 915 1722 me
948 1680 1152 1737 peccat,
1180 1686 1301 1727 cum
1325 1689 1429 1728 non
1476 1676 1737 1745 paruerit,
1770 1677 1849 1734 sic

251 1751 410 1821 jubet
436 1754 673 1810 aversari
705 1773 719 1811 :
748 1757 801 1812 in
832 1773 978 1825 eum,
1000 1762 1089 1831 qui
1117 1762 1168 1817 in
1193 1778 1252 1819 se
1273 1773 1461 1834 peccat
1486 1774 1539 1822 et
1561 1766 1614 1821 in
1654 1767 1845 1835 Deum,

255 1843 536 1912 quomodo
562 1860 648 1901 me
674 1862 863 1917 gerere
898 1849 1123 1907 debeam
1154 1868 1249 1909 vos
1270 1853 1510 1925 judicate
1535 1876 1546 1911 :
1571 1873 1666 1913 vos
1701 1861 1845 1916 enim

259 1951 360 1989 nos
386 1936 783 2005 condemnatis,
829 1942 918 2010 qui
951 1958 1056 1999 non
1084 1946 1321 2004 molliter
1350 1957 1405 2005 et
1430 1949 1626 2007 leniter
1669 1952 1847 2009 vobis-

257 2044 383 2082 cum
434 2029 663 2099 agimus.
712 2031 770 2087 Si
813 2033 933 2103 quis
975 2046 1156 2092 autem
1207 2042 1507 2096 contemnit
1555 2058 1674 2111 quae
1720 2055 1840 2100 sunt

261 2121 404 2189 apud
426 2136 525 2175 nos
550 2121 783 2187 vincula,
815 2140 939 2181 eum
989 2142 1174 2185 rursus
1197 2129 1449 2187 Christus
1479 2133 1732 2201 erudiat,
1763 2135 1849 2190 di-

265 2228 440 2266 cens:
473 2212 815 2286 Quaecumque
841 2216 1120 2287 ligaveritis
1152 2236 1309 2292 supra
1334 2231 1541 2291 terram,
1580 2236 1725 2279 erant
1776 2226 1842 2281 ti-

259 2313 383 2373 gata
401 2314 447 2359 et
470 2305 523 2358 in
552 2306 679 2360 calo
708 2321 728 2361 :
755 2316 802 2362 et
824 2324 1155 2382 quascumque
1172 2313 1423 2369 solveritis
1450 2332 1608 2387 supra
1630 2327 1841 2384 terram,

255 2404 405 2449 erunt
428 2397 599 2452 soluta
615 2409 663 2452 et
687 2399 742 2453 in
775 2400 900 2455 cwlo
926 2400 1143 2470 (Matth.
1175 2405 1264 2460 16.
1304 2405 1416 2475 19).
1450 2406 1584 2465 Nam
1630 2409 1842 2466 etiamsi

248 2502 352 2541 nos
376 2488 545 2542 simus
575 2489 755 2544 miseri
786 2499 845 2547 et
868 2491 1044 2561 nihili,
1068 2502 1123 2549 et
1165 2495 1311 2566 digni
1340 2498 1431 2568 qui
1460 2498 1839 2570 deSpiciamur,

245 2581 393 2635 sicut
418 2596 605 2637 revera
632 2582 776 2653 digni
807 2598 1015 2652 sumus,
1040 2602 1143 2642 non
1169 2597 1347 2646 tamen
1377 2605 1475 2646 nos
1502 2593 1836 2664 ulciscimur,

241 2688 428 2743 neque
464 2674 600 2728 iram
622 2675 928 2746 referimus,
958 2678 1051 2733 sed
1073 2679 1261 2737 salutis
1291 2692 1487 2739 vestra:
1525 2700 1707 2741 curam
1742 2704 1839 2759 ge-

238 2766 436 2819 rimus.
492 2765 824 2830 Eruhescite,
873 2784 1078 2839 quaeso,
1119 2781 1173 2827 et
1198 2774 1403 2844 pudore
1452 2776 1836 2836 sufi‘undimini.

236 2854 378 2911 Nam
404 2857 448 2910 si
472 2858 592 2926 quis
618 2857 719 2912 fert
737 2860 966 2915 amicum
993 2863 1081 2932 qui
1110 2864 1489 2923 vehementius
1527 2884 1687 2939 quam
1740 2887 1837 2941 par

234 2949 311 3001 sit
344 2947 640 3014 invehitur,
681 2950 996 3007 examinans
1021 2954 1140 3023 ejus
1166 2970 1389 3026 scopum
1422 2968 1477 3014 et
1507 2959 1832 3030 institutum,

233 3049 294 3093 et
318 3039 463 3109 quod
488 3039 591 3095 hoc
620 3041 801 3097 animo
822 3042 952 3099 facit
977 3046 1260 3114 benevolo,
1291 3065 1399 3106 non
1447 3067 1543 3121 per
1572 3068 1835 3126 arrogan-

235 3130 373 3182 tiam
406 3147 421 3183 :
454 3130 624 3185 multo
654 3133 823 3203 magis
852 3133 995 3192 ferre
1042 3136 1253 3193 debetis
1282 3141 1599 3210 magistrum
1653 3144 1830 3201 incre-

239 3233 490 3291 pantem,
518 3234 570 3279 et
598 3226 906 3295 magistrum
934 3229 1023 3298 qui
1050 3246 1153 3286 nec
1177 3233 1293 3302 ipse
1342 3233 1458 3289 hinc
1481 3235 1611 3290 dicit
1649 3253 1714 3293 ex
1745 3253 1831 3292 au-

232 3316 514 3379 ctoritate,
534 3331 706 3387 neque
733 3318 900 3373 instar
923 3321 1203 3391 principis,
1223 3324 1319 3380 sed
1354 3325 1526 3381 instar
1545 3328 1826 3385 curatoris.

230 3405 426 3474 Neque
454 3406 600 3460 enim
629 3408 743 3485 haec
767 3408 997 3466 dicimus
1019 3413 1262 3470 volentes
1284 3424 1558 3474 ostentare
1592 3428 1827 3487 potesta-

236 3507 354 3555 tem
378 3520 391 3553 :
420 3499 700 3569 Quomodo
724 3502 892 3570 enim,
937 3504 1026 3574 qui
1056 3515 1303 3575 optamus
1333 3517 1394 3563 ut
1423 3524 1523 3565 nec
1547 3511 1613 3565 ad
1644 3527 1830 3567 eorum

232 3592 470 3646 veniatis
543 3596 978 3664 experientiam?
1029 3597 1124 3652 sed
1169 3598 1238 3654 de
1290 3600 1446 3656 vobis
1493 3602 1741 3659 dolentes
1778 3615 1832 3660 et

227 3684 578 3755 plangentes.
634 3686 935 3755 Ignoscite,
977 3697 1032 3742 et
1063 3704 1225 3745 nemo
1254 3692 1465 3747 vincula
1520 3706 1832 3752 contemnat

227 3776 603 3832 ecclesiastica
636 3791 650 3830 ε
675 3791 782 3831 non
809 3787 893 3832 est
917 3779 1060 3834 enim
1084 3780 1245 3835 homo
1263 3781 1351 3853 qui
1370 3782 1519 3854 ligat.
1544 3786 1636 3840 sed
1667 3784 1827 3841 Chri-

162 3930 191 3957 κ
226 3878 376 3932 stus,
407 3868 496 3937 qui
518 3867 672 3923 nobis
698 3868 846 3924 dedit
874 3868 1014 3927 hanc
1043 3871 1239 3942 ligandi
1269 3883 1611 3944 potestatem,
1630 3890 1682 3934 et
1712 3879 1829 3935 effi-

223 3959 392 4013 ciens
422 3966 481 4012 ut
510 3958 754 4015 homines
786 3960 839 4015 in
889 3974 985 4016 sua
1034 3972 1300 4032 potestate
1347 3966 1580 4023 habeant
1620 3979 1822 4025 tantum

228 4052 524 4107 honorem.
548 4052 680 4107 Nam
709 4068 809 4109 nos
830 4054 1048 4126 quidem
1080 4057 1160 4112 uti
1188 4059 1437 4116 volumus
1463 4072 1728 4132 potestate
1755 4065 1822 4120 ad

288 4248 293 4249 “
341 4252 414 4313 (τι)
447 4251 555 4302 Huc
572 4251 752 4300 desinit
773 4250 978 4301 Homilia
999 4257 1169 4314 quarta
1190 4252 1238 4301 in
1256 4251 1537 4304 Colbertino
1558 4256 1749 4306 Codice.

1154 263 1222 320 IN
1262 262 1478 320 EPIST.
1523 262 1612 319 AD
1651 260 2015 321 llEBREOS.
2055 262 2211 319 CAP.
2270 260 2336 321 ll.
2381 262 2613 322 ﬂOIIL.
2652 263 2723 320 ν.

3496 262 3564 332 t6

1972 370 2288 427 solvendum
2317 387 2333 427 :
2363 372 2475 429 imo
2503 387 2631 429 vero
2655 371 2917 431 vellemus
2943 390 3013 431 ne
3040 372 3145 432 hoc
3161 375 3379 448 quidem
3403 379 3560 436 nobis

1972 476 2096 520 esse
2137 476 2359 519 necesse
2390 481 2407 518 :
2443 462 2648 520 nullum
2673 465 2820 522 enim
2849 466 3094 522 volumus
3117 482 3237 524 esse
3265 468 3407 540 apud
3456 484 3559 526 nos

1968 555 2244 622 vinctum;
2269 570 2376 612 non
2401 556 2538 612 adeo
2575 572 2761 633 sumus
2781 559 3025 616 infelices
3050 568 3106 617 et
3123 561 3327 628 miseri,
3346 562 3557 618 etiamsi

1966 652 2135 707 simus
2159 651 2317 722 plane
2337 651 2513 707 nihili.
2536 651 2706 708 Sedsi
2736 669 2959 711 necesse
2986 654 3361 724 habuerimus,
3397 657 3556 728 igno-

1964 745 2142 800 scite:
2173 760 2278 800 non
2317 745 2462 801 enim
2497 744 2744 802 labentes
2790 762 2891 803 nec
2942 749 3207 816 volentes,
3237 749 3333 806 sed
3380 751 3553 822 magis

1962 852 2122 907 quam
2154 850 2251 891 vos
2283 837 2446 892 vincti
2467 836 2735 903 dolentes,
2768 838 2981 894 vincula
3012 840 3308 912 injicimus.
3342 841 3397 898 Si
3426 841 3550 913 quis

1960 940 2141 985 autem
2174 945 2237 985 ea
2266 939 2621 996 contemnat,
2652 930 2902 985 adveniet
2954 939 3168 1001 tempus
3192 933 3377 1003 judicii
3405 934 3550 1005 quod

1961 1028 2135 1096 ipsum
2161 1024 2371 1080 doceat.
2400 1022 2552 1091 Quod
2579 1031 2745 1078 restat
2795 1024 2922 1079 nolo
2962 1022 3167 1091 dicere,
3198 1039 3265 1080 ne
3310 1036 3548 1082 vestram

1958 1126 2191 1174 mentem
2223 1117 2432 1173 feriam.
2460 1116 2594 1172 Nam
2623 1131 2720 1172 nos
2748 1116 2964 1187 quidem
2996 1116 3228 1186 primum
3259 1132 3544 1187 precamur

1955 1221 2015 1267 ut
2062 1225 2169 1267 non
2216 1225 2441 1267 necesse
2482 1209 2831 1265 habeamus:
2865 1209 2958 1266 sed
3006 1210 3051 1265 si
3104 1225 3329 1265 necesse
3360 1211 3540 1279 fuerit,

1954 1313 2199 1359 nostrum
2218 1316 2414 1358 munus
2433 1302 2738 1371 implemus,
2773 1302 2987 1356 vincula
3015 1301 3306 1372 injicimus.
3340 1303 3397 1359 Si
3423 1305 3544 1375 quis

1952 1406 2132 1452 autem
2163 1409 2226 1452 ea
2273 1395 2612 1466 perfregerit,
2645 1410 2748 1466 ego
2800 1395 2945 1465 quod
2976 1411 3157 1451 meum
3186 1406 3268 1452 est
3315 1394 3453 1465 feci,
3490 1407 3545 1453 et

1951 1502 2071 1542 sum
2100 1486 2169 1543 de
2198 1496 2395 1542 caetero
2438 1486 2568 1541 nulli
2596 1487 2771 1557 culpae
2800 1486 2983 1543 afiinis
3009 1505 3023 1543 :
3047 1487 3114 1542 de
3137 1503 3203 1542 eo
3233 1497 3410 1543 autem
3439 1489 3545 1544 erit

1954 1577 2048 1633 tibi
2078 1578 2484 1650 disceptandum
2510 1594 2631 1633 cum
2654 1594 2720 1635 eo
2745 1580 2833 1652 qui
2859 1595 2944 1636 me
2961 1580 3123 1652 jussit
3143 1581 3327 1653 ligare.
3358 1581 3543 1651 Neque

1952 1665 2095 1719 enim
2129 1666 2174 1719 si
2204 1681 2330 1736 rege
2374 1668 2736 1736 prmsidente,
2769 1685 2832 1725 ex
2867 1672 3171 1726 astantibus
3215 1670 3539 1727 satellitibus

1946 1754 2129 1826 jussus
2158 1758 2228 1812 sit
2252 1759 2515 1828 quiSpiam
2537 1760 2741 1816 vincire
2767 1761 2998 1833 aliquem
3032 1777 3097 1817 ex
3127 1764 3372 1826 cohorte,
3408 1772 3463 1817 et
3485 1762 3537 1816 ei

1953 1848 2161 1903 vincula
2188 1849 2427 1920 injicere,
2455 1850 2545 1905 ille
2575 1859 2751 1906 autem
2777 1868 2883 1908 non
2901 1853 3077 1907 solum
3103 1868 3226 1908 eum
3255 1853 3535 1923 repulerit,

1949 1939 2043 1994 sed
2072 1940 2233 1994 etiam
2258 1941 2469 1996 vincula
2499 1944 2835 2011 contriverit,
2865 1953 2947 1999 est
2967 1945 3184 2001 satelles
3208 1945 3293 2015 qui
3316 1945 3538 2000 affectus

1950 2041 2033 2087 est
2076 2032 2425 2097 contumelia,
2455 2033 2551 2089 sed
2581 2035 2750 2090 multo
2797 2036 2967 2107 magis
2999 2051 3093 2090 rex
3125 2036 3213 2105 qui
3259 2035 3436 2107 jussit.
3482 2037 3538 2090 Si

1950 2126 2097 2183 enim
2125 2141 2245 2197 quae
2273 2126 2406 2182 fiunt
2432 2128 2484 2183 in
2531 2128 2738 2195 ﬁdeles,
2794 2129 2909 2199 ipse
2960 2130 3061 2185 sibi
3113 2129 3248 2185 facta
3278 2138 3533 2199 reputat:

1954 2219 2171 2287 quando
2216 2218 2541 2274 contumelia
2570 2219 2789 2275 afiicitis
2830 2236 2947 2286 eos,
2996 2221 3193 2290 quibus
3228 2220 3536 2292 impositum
3584 2214 3585 2217 “

1951 2309 2054 2365 fuit
2078 2325 2273 2365 munus
2301 2309 2551 2374 docendi,
2576 2310 2748 2366 multo
2774 2311 2944 2381 magis
2973 2310 3239 2367 afﬁcietur
3269 2322 3536 2382 tamquam

1958 2404 2070 2472 ipse
2099 2402 2477 2457 contumeliam
2498 2402 2788 2472 acceperit.
2817 2400 2924 2458 Sed
2953 2403 3137 2470 absit,
3173 2412 3231 2458 ut
3268 2404 3534 2474 quiSpiam

1949 2509 2016 2549 ex
2059 2494 2126 2548 iis
2146 2493 2236 2561 qui
2266 2502 2392 2548 sunt
2413 2493 2466 2548 in
2493 2492 2594 2547 hac
2623 2493 2870 2557 ecclesia,
2900 2492 2968 2549 ad
2996 2494 3133 2549 hanc
3149 2495 3328 2549 veniat
3351 2510 3538 2551 neces-

1949 2588 2163 2643 sitatem
2198 2585 2520 2656 suscipiendi
2554 2585 2786 2641 vincula.
2832 2585 2965 2641 Nam
2995 2593 3053 2639 ut
3076 2586 3275 2641 bonum
3307 2595 3389 2642 est
3426 2602 3534 2641 non

1945 2693 2186 2750 peccare,
2215 2678 2285 2733 ita
2312 2687 2394 2733 est
2421 2678 2550 2733 utile
2581 2676 2720 2732 ferre
2746 2675 3242 2747 reprehensionem.
3273 2677 3533 2733 Feramus

1948 2787 2078 2843 ergo
2099 2770 2517 2841 increpationem
2537 2811 2552 2835 ,
2581 2778 2636 2825 et
2661 2767 2976 2824 studeamus
3004 2782 3111 2822 non
3144 2783 3396 2839 peccare;
3428 2769 3522 2825 sed

1942 2863 1985 2918 si
2017 2862 2436 2932 peccaverimus,
2454 2859 2688 2915 feramus
2700 2857 3354 2929 reprehensionem.Sicut
3379 2861 3519 2915 enim

1948 2956 2144 3009 bonum
2177 2953 2391 3023 quidem
2423 2962 2505 3007 est
2532 2967 2638 3008 non
2682 2950 2869 3016 feriri;
2902 2950 2999 3006 sed
3026 2951 3070 3005 si
3102 2950 3208 3006 hoc
3253 2951 3529 3019 acciderit,

1942 3045 2322 3118 imponendum
2347 3046 2516 3115 plagze
2542 3043 2991 3100 medicamentum
3014 3062 3027 3097 :
3048 3043 3118 3098 ita
3150 3053 3204 3099 et
3225 3042 3312 3099 hic
3339 3043 3533 3101 faclen-

1939 3140 2088 3195 dum.
2124 3137 2318 3192 Verum
2350 3135 2509 3200 absit,
2544 3143 2604 3189 ut
2651 3136 2771 3205 quis
2803 3135 2998 3189 talibus
3029 3149 3166 3205 opus
3198 3135 3389 3190 habeat
3418 3152 3532 3191 meo

1939 3230 2257 3286 dielmentis
2280 3245 2293 3281 :
2318 3226 2633 3296 Conﬁdimus
2657 3225 2802 3280 enim
2825 3224 2888 3278 de
2913 3224 3050 3278 vobis
3076 3226 3313 3290 meliora,
3337 3236 3384 3280 et
3405 3244 3531 3281 con-

1938 3331 2179 3376 sentanea
2223 3319 2419 3378 saluti,
2464 3317 2665 3370 etiamsi
2707 3316 2780 3368 sic
2826 3315 3083 3386 loquimur
3131 3315 3318 3387 (Hebr.
3362 3316 3414 3371 ϐ.
3449 3318 3527 3389 9).

1938 3413 2131 3470 Acrius
2150 3421 2328 3465 autem
2358 3417 2413 3463 et
2440 3407 2820 3462 vehementius
2847 3421 3034 3461 sumus
3060 3407 3267 3478 loquuti
3295 3423 3391 3477 pro
3419 3426 3531 3463 Ina-

1934 3504 2041 3574 jori
2073 3503 2338 3558 cautione.
2366 3492 2553 3555 Melius
2582 3507 2665 3552 est
2689 3500 2833 3553 enim
2857 3506 2915 3553 ut
2943 3512 3041 3553 vos
3066 3514 3153 3554 me
3178 3499 3528 3570 suSpicetnini

1937 3593 2217 3658 audacem,
2244 3607 2443 3647 stevum
2467 3600 2525 3649 et
2540 3602 2899 3663 arrogantem,
2929 3610 3087 3664 quam
3133 3604 3189 3649 ut
3217 3610 3313 3649 vos
3342 3596 3519 3651 tacia-

1936 3684 2008 3739 tis
2045 3697 2109 3738 ea
2132 3696 2251 3754 quae
2280 3682 2389 3738 Deo
2419 3697 2522 3736 non
2556 3683 2784 3752 placent.
2820 3684 2927 3738 Deo
2960 3694 3139 3740 autem
3166 3686 3514 3755 confidimus,

1938 3777 2074 3832 hanc
2117 3776 2593 3846 reprehensionem
2634 3791 2740 3832 non
2788 3776 3014 3833 futuram
3062 3780 3213 3834 vobis
3241 3780 3509 3849 inutilem,

1936 3872 2026 3924 sed
2055 3884 2150 3924 vos
2189 3870 2260 3923 ita
2288 3868 2592 3932 mutandos,
2613 3878 2670 3923 ut
2710 3870 2763 3923 hi
2793 3884 3069 3925 sermones
3094 3872 3145 3925 in
3172 3875 3365 3927 vestris
3387 3889 3517 3927 con-

1928 3964 2209 4010 sumantur
2240 3954 2501 4011 eneomiis
2545 3963 2599 4009 et
2651 3954 2915 4010 laudibus.
2959 3955 3172 4012 Utinam
3226 3971 3513 4015 antcmse-

1921 4046 2156 4100 cundum
2184 4045 2283 4100 Dei
2330 4045 2585 4115 placitum
2629 4046 2895 4114 vivamus,
2930 4055 2990 4101 ut
3035 4062 3225 4103 omnes
3251 4048 3390 4104 bona
3420 4051 3507 4105 illa

1918 4153 2336 4209 consequamur,
2367 4153 2485 4208 qua:
2507 4137 2754 4206 promisit
2782 4137 2925 4194 Deus
2965 4138 3315 4210 diligentibus
3341 4156 3423 4210 so,
3456 4142 3508 4197 in

1922 4229 2137 4284 Christo
2163 4228 2287 4283 Jesn
2318 4227 2543 4281 Domino
2588 4236 2793 4282 nostro.

1634 4440 1964 4505 HCMILIA
2018 4448 2090 4508 V.

229 4556 356 4610 CAP
414 4556 468 4608 2.
525 4572 575 4609 v.
611 4557 696 4611 16.
738 4556 1010 4628 Nusquam
1046 4562 1182 4613 enim
1217 4560 1428 4632 angelos
1462 4541 1830 4633 apprehendit,

313 4651 403 4701 sed
429 4666 595 4702 semen
625 4650 843 4704 Abralue
865 4651 1217 4720 apprehendit.
1252 4653 1341 4706 17.
1374 4652 1523 4709 Unde
1546 4654 1717 4711 debuit
1739 4674 1832 4728 per
1870 4674 1871 4677 ‘

315 4742 485 4793 omnia
514 4741 758 4810 fratribus
787 4742 1024 4796 similari.

316 4835 366 4887 1.
410 4831 505 4886 Dei
533 4849 652 4903 erga
676 4850 834 4906 genus
854 4834 1130 4889 humanum
1154 4847 1348 4907 quanta
1377 4840 1830 4909 muniﬁcentia.—

231 4923 442 4980 Valens
478 4923 678 4980 Paulus
724 4926 1014 4981 ostendere
1058 4928 1278 4982 multam
1320 4929 1412 4984 Dei
1441 4930 1823 5002 benignitatem

224 5027 287 5070 et
316 5015 594 5071 caritatem
622 5031 781 5086 quam
815 5016 1004 5072 habuit
1044 5019 1097 5073 in
1120 5034 1292 5089 genus
1332 5019 1648 5090 humanum,
1678 5033 1826 5093 post-

222 5122 394 5178 quam
419 5107 574 5175 dixit,
611 5108 745 5177 Quia
765 5126 886 5181 ergo
912 5112 1059 5181 pueri
1088 5114 1584 5182 communicaverunt
1607 5119 1753 5170 carni
1776 5129 1824 5172 et

221 5201 507 5273 sanguini,
557 5212 607 5257 et
647 5203 756 5273 ipse
798 5204 1031 5260 similiter
1056 5207 1378 5277 participauit
1406 5209 1591 5265 eisdem
1632 5212 1818 5288 (Hebr.

218 5293 286 5347 2.
314 5293 428 5362 14),
458 5292 605 5350 hunc
631 5295 806 5351 locum
836 5298 1068 5368 implicat
1112 5309 1165 5355 ct
1195 5305 1555 5372 persequitur,
1588 5304 1775 5362 dicens
1803 5327 1817 5362 :

223 5385 504 5456 Nusquam
538 5388 672 5443 enim
692 5391 901 5461 angelos
942 5394 1299 5463 apprehendit.
1330 5396 1409 5454 Ne
1453 5400 1596 5455 enim
1630 5401 1819 5459 leviter
1851 5438 1855 5441 τ

219 5478 473 5534 attendas
498 5480 549 5537 ei
580 5482 721 5551 quod
751 5483 952 5538 dictum
1004 5498 1107 5549 est,
1141 5502 1317 5558 neque
1352 5505 1467 5546 rem
1498 5491 1670 5549 levem
1695 5510 1817 5551 esse

219 5569 524 5637 existimes,
546 5572 693 5643 quod
721 5574 835 5643 ipse
857 5590 1071 5631 carnem
1092 5588 1328 5634 nostram
1347 5585 1683 5655 susceperit:
1707 5603 1814 5643 non

222 5663 370 5716 cutim
405 5662 507 5717 hoc
532 5664 753 5720 donavit
782 5669 1007 5738 angelis.
1037 5668 1159 5724 Ideo
1186 5673 1278 5730 ait.
1308 5672 1428 5728 Non
1459 5677 1589 5729 enim
1607 5681 1815 5748 angelos

220 5754 580 5825 apprehendit,
609 5758 698 5812 sed
725 5776 890 5842 tanien
924 5761 1158 5817 Abiu/ne.
1193 5764 1330 5833 Quid
1362 5773 1439 5821 est
1470 5768 1613 5839 quod
1649 5770 1813 5830 dicit?

1930 4568 2046 4625 Non
2075 4571 2271 4641 angeli,
2304 4572 2878 4643 inquit,apprehendit
2904 4585 3173 4643 naturam,
3206 4579 3303 4637 sed
3337 4582 3515 4637 homi-

1930 4659 2177 4730 nis.Qnid
2195 4671 2280 4719 est
2298 4674 2497 4731 autem,
2520 4664 2908 4735 Apprehendit?
2921 4667 3038 4721 Non
3055 4669 3197 4723 enim
3212 4672 3518 4739 apprehen—

1927 4754 2025 4820 dit,
2059 4755 2249 4826 inquit,
2281 4756 2428 4811 illam
2470 4759 2784 4829 angelorum
2816 4767 3083 4822 naturam.
3107 4762 3200 4816 sed
3250 4773 3511 4817 nostram.

1925 4844 2036 4900 Cur
2062 4855 2239 4901 autem
2270 4863 2378 4902 non
2409 4848 2564 4911 dixit,
2602 4847 2871 4919 Suscepit,
2900 4851 2994 4905 sed
3027 4866 3155 4906 usus
3184 4863 3270 4909 est
3297 4854 3397 4910 hac
3426 4856 3512 4912 di-

1925 4936 2123 5000 ctione,
2161 4939 2546 5009 Apprehendit?
2565 4941 2609 4994 Α
2644 4941 2959 5011 metaphora
2985 4958 3174 4998 eorum
3204 4945 3294 5016 qui
3328 4962 3513 5016 persc~

1924 5038 2161 5096 quuntur
2186 5044 2425 5095 aversos,
2465 5042 2519 5085 et
2541 5032 2724 5088 omnia
2751 5032 2954 5089 faciunt
2981 5044 3039 5089 ut
3065 5037 3332 5107 fugientes
3356 5055 3509 5094 coma

1925 5119 2281 5187 prehendam,
2296 5131 2351 5177 et
2366 5122 2671 5180 resilientes
2686 5126 3113 5196 apprehendant.
3133 5129 3215 5183 Ab
3237 5130 3351 5200 ipso
3365 5134 3508 5187 enim

1924 5208 2214 5281 fugientem
2244 5214 2530 5271 humanam
2584 5226 2830 5275 naturam
2872 5228 2927 5274 et
2977 5223 3160 5290 procul
3220 5223 3508 5293 fugientem

1922 5301 2070 5370 (nam
2118 5304 2340 5361 Erantus
2383 5324 2417 5361 a
2462 5305 2599 5375 Deo,
2644 5309 2817 5379 inquit
2862 5312 3113 5377 alienati,
3166 5324 3214 5367 et
3253 5316 3361 5369 sine
3396 5314 3509 5371 Deo

1919 5393 1972 5448 in
2017 5395 2206 5450 mundo
2248 5396 2485 5469 (Ephes.
2524 5398 2580 5454 2.
2626 5399 2760 5472 12),
2807 5401 2921 5472 ipse
2961 5416 3332 5474 persequutus,
3356 5422 3508 5462 com-

1919 5487 2223 5556 prehendit.
2278 5489 2525 5546 Ostendit
2592 5507 2714 5547 eum
2774 5493 2824 5549 id
2883 5495 3073 5552 iecisse
3136 5498 3249 5552 sola
3301 5508 3504 5557 motum

1902 5582 2258 5654 benignitate,
2282 5586 2527 5653 caritate,
2574 5597 2628 5644 et
2666 5606 2828 5660 quam
2859 5594 3030 5648 nostri
3060 5596 3198 5666 gerit
3235 5613 3384 5654 cura.
3420 5600 3487 5655 Ut

1899 5690 2048 5745 ergo,
2084 5676 2299 5745 quando
2329 5679 2478 5743 dicit,
2508 5677 2695 5735 Nonne
2716 5688 2896 5738 omnes
2913 5696 3032 5739 sunt
3062 5687 3485 5744 administratorii

1900 5768 2107 5838 spiritus
2133 5770 2184 5823 in
2225 5769 2557 5824 ministerium
2589 5772 2728 5827 missi
2754 5784 2959 5845 praptcr
2987 5793 3068 5831 cos
3097 5778 3183 5847 qui
3224 5779 3481 5852 ltercditn;
