4060 6440
572 268 649 325 47
1284 272 1342 330 S.
1383 273 1662 330 JOANNIS
1694 267 2171 327 CIIRYSOSTOMI
2208 266 2528 327 ARCIIIEP.
2564 268 3104 328 CONSTANTINOP.
3769 289 3827 345 ω

587 380 685 425 tem
713 370 923 442 capiunt
945 371 1127 429 salutis
1159 372 1345 447 (Hebr.
1382 377 1439 433 1.
1465 378 1557 449 14)
1578 378 1602 432 ?
1627 380 1863 436 ostendit
1888 382 1938 438 ei
1961 398 2167 453 magna:

587 480 708 519 esse
734 478 884 520 cura:
910 464 1196 521 humanam
1223 474 1491 533 naturam,
1518 478 1578 524 et
1603 470 1770 526 Deum
1797 472 1915 541 ejus
1944 473 2165 529 multam

587 555 789 612 habere
834 558 1138 613 rationem:
1178 558 1248 612 ita
1285 558 1446 614 etiam
1486 558 1575 615 hic
1617 562 1852 617 ostendit
1897 562 2040 634 quod
2084 573 2170 620 est

591 650 760 703 multo
784 648 955 719 majus
981 648 1449 718 acomparatione.
1480 649 1604 706 Non
1636 652 1792 719 enim,
1817 654 2009 725 inquit,
2054 673 2155 726 ap-

580 740 844 807 prehendit
868 740 1099 810 angelos.
1127 739 1226 795 Est
1249 741 1391 797 enim
1417 757 1604 799 revera
1624 760 1898 816 magnum,
1928 747 2164 806 admira-

586 828 693 883 bile
719 838 775 883 et
801 829 1015 898 plenum
1042 841 1280 901 stupore,
1309 833 1451 901 quod
1478 850 1599 906 quas
1623 845 1707 892 est
1735 852 1803 892 ex
1850 838 2007 894 nobis
2035 854 2164 897 caro

578 920 763 974 sedeat
806 920 947 989 apud
995 936 1246 992 superos,
1279 933 1333 979 et
1374 924 1630 982 adoretur
1667 926 1738 982 ab
1771 929 1976 1000 angelis
1996 939 2049 985 et
2075 945 2167 986 ar-

574 1010 849 1081 ehangelis
874 1020 930 1067 et
948 1011 1229 1084 Seraphim
1252 1023 1307 1070 ct
1335 1015 1645 1073 Cherubim.
1673 1017 1789 1073 Hoc
1815 1034 1959 1090 saepe
1983 1030 2163 1078 mente

577 1118 818 1170 versans,
849 1112 1040 1173 stupeo
1070 1114 1124 1161 et
1148 1114 1325 1163 mente
1353 1107 1584 1175 excedo,
1630 1118 1687 1165 et
1728 1125 1920 1181 magna
1949 1113 2018 1169 de
2061 1128 2160 1184 ge-

575 1210 706 1250 nere
738 1193 974 1250 humano
997 1196 1297 1267 imaginor:
1326 1199 1482 1256 video
1512 1200 1656 1257 enim
1704 1217 1893 1273 magna
1934 1212 1989 1259 et
2020 1220 2159 1274 prae-

574 1287 717 1340 clara
747 1287 987 1356 pra-mia,
1021 1296 1074 1343 et
1106 1297 1343 1343 nostram
1383 1298 1628 1345 naturam
1661 1292 1772 1347 Deo
1813 1308 1934 1349 esse
1963 1309 2159 1366 magno

573 1374 772 1431 studio.
807 1377 873 1431 Et
926 1394 1030 1431 non
1060 1378 1194 1433 dixit
1241 1381 1436 1445 solum,
1485 1382 1740 1439 Homines
1766 1386 2156 1455 apprehendit;

573 1469 670 1525 sed
698 1470 884 1525 volens
909 1469 1055 1540 ipsos
1080 1471 1357 1538 extollere,
1399 1480 1453 1527 et
1488 1474 1772 1531 ostendere
1795 1477 2033 1547 ipsorum
2062 1495 2158 1550 εθ-

574 1575 675 1614 nus
695 1574 817 1616 esse
842 1576 1092 1631 magnum
1123 1570 1178 1618 et
1226 1561 1620 1630 honorandum,
1648 1566 1778 1621 dicit
1808 1584 1821 1621 :
1855 1568 1963 1623 Sed
1986 1586 2157 1626 semen

571 1654 792 1708 Abraha:
833 1654 1188 1723 apprehendit.
1223 1654 1369 1710 Unde
1397 1656 1565 1710 debuit
1595 1674 1683 1726 per
1711 1660 1883 1714 omnia
1911 1662 2157 1730 fratribus

571 1745 807 1802 similari.
836 1745 974 1813 Quid
1016 1755 1119 1814 est,
1175 1745 1280 1801 Per
1325 1750 1531 1802 omnia?
1568 1748 1713 1817 Fuit,
1764 1752 1955 1822 inquit,
2002 1766 2157 1825 partu

570 1835 770 1903 editus,
792 1846 848 1891 et
871 1838 1123 1901 nutritus,
1143 1847 1196 1892 et
1220 1840 1408 1905 crevit,
1438 1850 1491 1895 et
1517 1855 1705 1911 passus
1733 1852 1816 1899 est
1836 1846 2013 1900 omnia
2036 1863 2156 1917 quae

569 1930 824 1999 oportuit,
852 1939 907 1983 et
930 1929 1141 1984 tandem
1165 1940 1249 1984 est
1276 1940 1517 1987 mortuus
1550 1950 1565 1989 :
1600 1932 1702 1989 hoc
1731 1945 1836 2003 est,
1861 1936 1965 1991 Per
1980 1940 2151 1994 omnia

567 2018 904 2072 assimilatum
925 2036 1031 2073 esse
1051 2022 1314 2091 fratribus.
1336 2022 1469 2077 Nam
1487 2027 1737 2094 quoniam
1762 2030 1927 2083 multa
1942 2029 2074 2086 dixit
2087 2031 2155 2087 de

580 2109 697 2179 ejus
727 2110 1005 2178 majestate
1032 2120 1085 2165 et
1102 2125 1329 2181 superna
1351 2114 1540 2183 gloria,
1564 2116 1631 2170 de
1659 2127 1856 2173 caetero
1882 2119 2042 2175 verba
2070 2121 2149 2176 la-

482 2238 491 2245 ~
567 2203 645 2257 cit
673 2202 741 2257 de
790 2194 1212 2274 dispensatione;
1246 2205 1379 2260 Vide
1404 2216 1583 2263 autem
1626 2224 1749 2264 cum
1790 2221 1985 2281 quanta
2016 2227 2146 2283 pru-

566 2294 747 2349 dentia
776 2303 831 2349 ct
858 2294 932 2359 vi,
979 2294 1247 2366 quomodo
1290 2297 1459 2367 ipsum
1486 2300 1734 2356 ostendat
1774 2316 2023 2371 magnum
2053 2303 2151 2358 ad-

588 2394 773 2449 hibere
804 2393 1040 2449 studium
1088 2404 1143 2448 ut
1183 2394 1335 2451 nobis
1374 2396 1733 2451 assimiletur:
1757 2394 1899 2465 quod
1945 2394 2161 2464 quidem

584 2493 703 2540 erat
729 2500 932 2556 magna:
958 2501 1102 2541 cura:
1128 2494 1183 2541 et
1210 2486 1577 2556 providentiae.
1607 2486 1741 2541 Nam
1777 2501 1901 2541 cum
1928 2486 2163 2541 dixisset

585 2577 852 2646 superius,
874 2578 1006 2645 Quia
1025 2579 1170 2649 pueri
1184 2579 1673 2634 communicaverunt
1688 2580 1831 2633 carni
1842 2588 1887 2634 et
1906 2579 2165 2650 sanguini,

586 2678 635 2720 et
664 2668 774 2737 ipse
796 2670 1029 2723 similiter
1058 2670 1381 2741 participavit
1409 2670 1635 2735 eisdem;
1658 2670 1745 2725 hic
1770 2685 1982 2741 quoque
2010 2670 2161 2735 dicit,

589 2760 689 2814 Per
718 2763 890 2816 omnia
914 2763 1196 2817 similatum
1223 2780 1331 2818 esse
1358 2764 1621 2835 fratribus,
1670 2764 2058 2834 propemodum
2083 2762 2164 2817 di-

581 2869 711 2909 cens
736 2872 750 2909 :
774 2854 874 2924 Qui
899 2864 982 2911 est
1012 2855 1148 2912 adeo
1176 2870 1421 2927 magnus,
1451 2856 1540 2927 qui
1568 2864 1650 2911 est
1669 2854 1922 2926 splendor
1950 2854 2160 2925 gloriae,

580 2946 671 3014 qui
701 2955 786 3000 est
827 2947 1111 3004 character
1150 2949 1486 3012 substantiae,
1527 2948 1615 3015 qui
1666 2946 1788 3001 fecit
1822 2948 2038 3011 saecula,
2071 2945 2162 3015 q‘ui

582 3036 731 3090 sedet
752 3037 819 3091 ad
842 3037 1113 3093 dexteram
1148 3039 1343 3102 Patris,
1381 3040 1427 3095 is
1450 3040 1615 3093 voluit
1644 3050 1697 3095 et
1719 3039 1951 3093 studium
1985 3040 2161 3108 posuit

581 3137 635 3179 ut
677 3125 842 3182 frater
874 3138 1059 3184 noster
1092 3130 1246 3185 lieret
1291 3131 1341 3184 in
1381 3130 1659 3196 omnibus;
1701 3140 1756 3186 et
1797 3130 1920 3186 ideo
1957 3130 2162 3186 dimisit

577 3219 799 3287 angelus
826 3231 879 3274 et
909 3235 1172 3289 supernas
1196 3231 1511 3292 potestates,
1545 3230 1600 3277 et
1623 3221 1691 3276 ad
1733 3236 1833 3277 nos
1856 3220 2160 3289 descendit,

576 3319 631 3363 et
683 3326 780 3365 nos
826 3312 1201 3381 apprehendit.
1246 3314 1526 3383 Perpende
1566 3322 1744 3369 autem
1785 3332 1801 3370 :
1845 3314 1983 3369 bona
2029 3313 2161 3370 fecit

573 3401 1005 3474 innumerabilia,
1054 3416 1280 3461 mortem
1320 3407 1505 3479 fregit,
1560 3422 1591 3462 a
1633 3406 1829 3463 diaboli
1877 3407 2157 3480 tyrannide

574 3508 672 3547 nos
711 3497 928 3564 eripuit,
974 3510 1004 3551 a
1054 3498 1314 3553 servitute
1363 3514 1461 3552 nos
1510 3496 1935 3553 liberavitznon
1981 3499 2156 3553 solum

575 3584 909 3642 fraternitate
936 3588 1237 3650 honoravit.
1267 3589 1361 3644 sed
1392 3592 1554 3645 etiam
1581 3590 1700 3645 aliis
1746 3590 2155 3645 innumerabili-

572 3674 695 3731 bus.
724 3674 905 3732 Voluit
944 3670 1065 3734 esse
1095 3689 1279 3734 noster
1308 3680 1545 3750 pontifex
1578 3681 1718 3751 apud
1747 3682 1993 3747 Patrem;
2022 3682 2152 3745 sub.

567 3766 738 3837 jungit
763 3771 905 3824 enim
937 3791 951 3827 :
986 3770 1053 3826 Ut
1081 3772 1365 3831 misericors
1395 3773 1599 3841 ﬁeretct
1622 3773 1789 3841 ﬁdelis
1817 3772 2060 3845 Pontifex
2084 3774 2153 3827 ad

571 3857 757 3913 Deum.
796 3859 1108 3930 Propterea,
1155 3863 1343 3933 inquit,
1379 3878 1596 3917 carnem
1628 3872 1863 3918 nostram
1892 3865 2149 3934 suscepit,

570 3962 785 4022 propter
811 3953 1189 4024 benignitatem
1218 3955 1388 4009 solum
1417 3964 1472 4009 et
1504 3955 1867 4021 clementiam,
1897 3966 1954 4011 ut
1977 3957 2149 4012 nostri

571 4042 936 4098 misereretur.
964 4043 1082 4098 Non
1123 4054 1206 4099 est
1233 4045 1375 4098 enim
1404 4045 1507 4099 alia
1539 4044 1958 4114 dispensationis
1986 4062 2149 4104 causa

564 4148 723 4201 quam
758 4134 871 4189 haec
897 4135 1013 4189 sola
1041 4154 1055 4190 :
1093 4136 1227 4191 vidit
1252 4138 1448 4207 quippe
1468 4154 1566 4192 nos
1595 4136 1740 4192 humi
1763 4139 2024 4209 abjectos,
2049 4155 2147 4210 pe—

564 4236 804 4289 reuntes,
833 4234 887 4281 et
909 4241 937 4280 a
971 4227 1159 4283 mortis
1186 4243 1474 4298 oppressos
1493 4230 1794 4301 tyrannide,
1817 4240 1871 4287 et
1893 4232 2149 4289 misertus

566 4326 668 4372 cst.
700 4317 767 4371 Ut
792 4320 1168 4390 reprOpitiaret,
1198 4322 1389 4392 inquit,
1422 4323 1608 4376 delicta
1636 4325 1831 4394 papuli.
1862 4324 2147 4381 Utmiseri.

564 4420 678 4461 cors
697 4409 839 4477 ﬁeret
861 4420 907 4465 et
931 4411 1099 4479 ﬁdelis
1120 4413 1368 4483 pontifex.
1392 4412 1529 4480 Quid
1555 4423 1659 4481 est,
1692 4413 1887 4469 Fidelis
1902 4416 1928 4469 .7
1949 4415 2141 4483 Verus,

563 4512 755 4569 potens
779 4518 792 4555 :
823 4503 1058 4571 pontifex
1083 4505 1224 4559 enim
1254 4504 1400 4560 solus
1424 4503 1597 4560 fidelis
1625 4515 1708 4561 est
1729 4504 1915 4571 Filius,
1937 4508 2026 4577 qui
2051 4524 2145 4577 po-

564 4601 670 4645 test
696 4591 927 4647 liberare
951 4609 979 4647 a
1008 4595 1239 4663 peccatis
1267 4609 1384 4661 eos,
1422 4610 1649 4665 quorum
1676 4606 1761 4652 est
1786 4596 2020 4666 pontifex
2039 4599 2141 4668 (a).

566 4682 629 4737 Ut
650 4697 781 4754 ergo
802 4682 995 4739 offerat
1021 4685 1254 4740 hostiam
1287 4701 1409 4755 quae
1450 4686 1621 4757 possit
1650 4702 1748 4741 nos
1796 4687 2057 4743 mundare
2088 4698 2145 4744 et

560 4772 798 4841 expiare,
828 4784 1112 4843 propterea
1140 4777 1310 4832 factus
1329 4786 1415 4831 est
1440 4774 1624 4831 homo.
1677 4776 1965 4847 Subjunxit
1989 4794 2140 4850 ergo,

560 4863 641 4915 Ad
668 4863 847 4930 Deum,
880 4866 991 4922 sive
1013 4882 1140 4938 erga
1161 4868 1348 4928 Deum.
1382 4867 1635 4933 Eramus,
1677 4869 1867 4940 inquit,
1896 4870 1993 4925 Dei
2043 4872 2145 4926 ini-

561 4955 707 5018 mici.
730 4956 1093 5023 condemnati,
1124 4959 1327 5029 probro
1351 4968 1408 5017 et
1422 4960 1713 5032 ignominia
1740 4960 1918 5018 atl‘ecti
1940 4978 1957 5016 :
1980 4978 2142 5019 nemo

560 5055 677 5101 erat
699 5047 791 5117 qui
825 5062 921 5117 pro
942 5049 1099 5104 nobis
1127 5050 1408 5106 oblaturus
1451 5060 1597 5108 esset
1617 5052 1939 5109 sacrificium
1966 5070 1984 5106 :
2010 5054 2145 5111 vidit

559 5154 660 5195 nos
686 5140 739 5195 in
766 5140 869 5195 hoc
896 5148 1195 5209 essestatu,
1220 5151 1277 5197 et
1297 5150 1382 5197 est
1402 5143 1676 5209 misertus,
1701 5160 1805 5202 non
1833 5146 1989 5202 nobis
2006 5162 2141 5204 con-

570 5224 799 5279 stituens
821 5223 1153 5293 pontiﬁcem,
1199 5225 1296 5283 sed
1334 5226 1450 5297 ipse
1478 5229 1649 5289 factus
1674 5237 1913 5304 pontifex
1955 5238 2151 5299 ﬁdelis.

574 5315 778 5371 Deinde
825 5316 1120 5373 ostendens
1165 5319 1437 5388 quomodo
1492 5322 1698 5390 ﬁdelis,
1730 5329 2007 5397 subjunxit
2036 5352 2050 5388 :
2083 5334 2152 5391 Ut

569 5407 922 5477 repropitiaret
955 5408 1139 5462 delicta
1166 5412 1364 5480 populi.
1412 5413 1501 5469 18.
1548 5413 1617 5470 In
1666 5433 1725 5472 eo
1768 5421 1922 5488 enim,
1960 5424 2013 5477 in
2050 5442 2150 5494 quo

567 5514 748 5565 passus
776 5506 871 5563 est,
904 5499 1011 5568 ipse
1039 5509 1277 5568 tentatus,
1311 5513 1491 5574 potens
1510 5516 1585 5563 est
1613 5516 1661 5563 et
1680 5508 1751 5563 eis
1777 5513 1863 5581 qui
1892 5521 2149 5572 tentantur

568 5590 830 5645 auxiliari.

634 5695 707 5761 (α)
743 5696 831 5749 llic
854 5698 1032 5759 ingens
1054 5704 1131 5751 est
1147 5698 1307 5751 hiatus
1322 5700 1372 5751 in
1394 5698 1673 5752 Colbertino
1691 5701 1887 5755 Codice.

2306 377 2361 431 2.
2376 377 2489 434 Hoc
2502 386 2586 433 est
2598 376 2750 433 valde
2762 375 2963 433 humile
2972 384 3028 433 et
3039 376 3328 447 abiectum,
3346 387 3401 434 et
3416 379 3527 435 Deo
3542 379 3813 452 indignum.

2260 467 2326 523 In
2350 486 2449 539 quo
2470 471 2603 525 enim
2628 485 2810 541 passus
2826 478 2919 536 est,
2939 468 3129 540 inquit,
3145 468 3273 540 ipse.
3293 468 3390 524 Hic
3415 469 3548 526 dicit
3574 472 3639 528 de
3659 473 3815 530 incsr.

2261 568 2409 613 nato.
2430 560 2498 615 Et
2524 560 2661 616 forte
2675 559 2875 615 dictum
2894 569 2978 616 est
2994 558 3059 615 ad
3074 560 3333 615 certiores
3366 560 3666 618 reddendos
3684 566 3818 622 audi-

2259 657 2428 717 tores,
2459 658 2514 706 et
2542 659 2759 721 propter
2782 665 2972 705 eorum
2995 649 3393 706 imbecillatem.
3420 651 3533 707 lloc
3559 661 3662 719 est,
3688 657 3818 712 venit

2266 757 2362 812 per
2389 741 2559 812 ipsam
2627 740 3011 813 experientiam
3037 756 3225 798 eorum
3261 758 3381 813 quae
3422 744 3566 815 passi
3604 760 3812 804 sumus:

2260 848 2401 888 nunc
2426 848 2533 888 non
2552 831 2760 903 ignorat
2777 841 2988 888 nostras
3008 834 3413 904 perpessiones:
3432 850 3538 891 non
3554 836 3720 893 solum
3731 840 3821 894 scit

2259 931 2315 978 ut
2339 923 2499 992 Deus,
2523 924 2615 981 sed
2630 924 2789 981 etiam
2811 925 3063 996 cognovit
3083 934 3140 980 ut
3154 924 3314 980 homo
3331 941 3424 996 per
3445 941 3564 983 eam
3584 943 3683 999 qua
3703 946 3811 999 pas-

2257 1029 2349 1069 sus
2370 1022 2452 1069 est
2477 1014 2862 1085 experientiam
2893 1033 2906 1069 :
2939 1015 3103 1069 multa
3133 1030 3325 1087 passus
3352 1025 3455 1083 est,
3484 1018 3587 1072 scit
3607 1023 3820 1089 compati

2258 1114 2313 1161 et
2334 1105 2597 1162 misereri.
2624 1105 2957 1176 Quamquam
2982 1105 3124 1161 Deus
3149 1116 3233 1163 est
3257 1107 3604 1178 impatibilis:
3633 1110 3721 1166 sed
3744 1112 3819 1169 hic

2258 1208 2441 1253 narrat
2482 1213 2603 1269 qua:
2630 1206 2757 1253 sunt
2793 1197 3213 1266 incarnationis;
3257 1201 3407 1271 quasi
3445 1200 3686 1258 diceret:
3717 1204 3820 1275 Ipsa

2258 1304 2467 1361 quoque
2496 1306 2621 1345 caro
2664 1288 2863 1344 Christi
2912 1290 3076 1345 multa
3108 1306 3263 1361 passa
3304 1302 3387 1347 est
3428 1294 3634 1363 gravia.
3683 1295 3819 1353 Novit

2257 1381 2386 1452 quid
2415 1381 2485 1436 sit
2527 1379 2769 1448 afﬂictio,
2800 1382 2948 1436 novit
2994 1381 3126 1452 quid
3158 1383 3227 1438 sit
3258 1384 3505 1452 tentatio,
3539 1400 3709 1457 neque
3734 1389 3819 1441 mi-

2258 1489 2357 1529 nus
2397 1489 2554 1544 quam
2586 1488 2685 1527 nos
2711 1473 2799 1542 qui
2845 1473 2986 1543 passi
3028 1489 3252 1540 sumus;
3298 1489 3421 1529 nam
3466 1476 3584 1546 ipse
3628 1492 3820 1549 quoque

2256 1575 2340 1622 est
2369 1580 2577 1634 passus.
2608 1564 2747 1632 Quid
2776 1580 2905 1635 ergo
2930 1574 3030 1630 est,
3070 1563 3256 1620 Potens
3273 1576 3345 1621 est
3375 1576 3419 1621 et
3449 1567 3513 1621 iis
3534 1569 3617 1637 qui
3639 1578 3818 1623 tentan-

2256 1668 2339 1711 tur
2362 1657 2644 1712 auxiliari?
2671 1655 2834 1723 Quasi
2861 1655 3068 1711 dixeris
3101 1674 3115 1711 :
3158 1656 3343 1727 Magna
3372 1658 3538 1712 animi
3567 1658 3820 1716 alacritate

2257 1763 2472 1802 manum
2523 1746 2795 1817 porriget,
2860 1746 3345 1802 commiserabitur.
3411 1747 3547 1803 Nam
3591 1752 3819 1819 quoniam

2257 1855 2507 1910 magnum
2535 1837 2806 1902 volebant,
2833 1846 2887 1891 et
2912 1837 3141 1907 amplius
3167 1837 3292 1908 quid
3324 1838 3526 1894 habere
3554 1856 3706 1909 quam
3742 1844 3818 1911 qui

2256 1942 2503 1988 erantex
2533 1933 2800 2004 gentibus,
2851 1930 3083 1985 ostendit
3123 1946 3218 1986 eos
3249 1931 3300 1985 in
3341 1933 3443 1988 hoc
3485 1933 3680 1989 habere
3722 1952 3818 1991 am-

2259 2025 2414 2095 plius,
2449 2025 2499 2078 in
2525 2038 2630 2093 quo
2658 2022 2789 2077 nihil
2817 2022 2954 2078 laesit
2975 2037 3069 2079 eos
3094 2023 3182 2093 qui
3206 2034 3449 2079 erantex
3483 2026 3743 2095 gentibus.
3772 2028 3820 2084 In

2260 2119 2531 2189 quonam?
2561 2116 2713 2185 Quod
2743 2132 2809 2171 ex
2842 2116 2969 2188 ipsis
2992 2127 3073 2171 est
3097 2116 3263 2182 salus,
3286 2118 3425 2188 quod
3456 2118 3575 2173 illos
3615 2120 3818 2189 primum

2258 2209 2633 2282 apprehendit,
2660 2208 2800 2280 quod
2823 2225 2888 2264 ex
2932 2208 3033 2263 illis
3051 2224 3267 2265 carnem
3295 2211 3553 2280 suscepit.
3574 2210 3687 2265 Non
3704 2218 3820 2268 enim

2259 2300 3145 2373 angelos,inquit,appreltendit,sed
3158 2302 3550 2356 semendbraluz
3561 2305 3819 2373 apprehen—

2260 2398 2353 2451 dit.
2365 2396 2469 2451 l’cr
2484 2395 2585 2450 hoc
2599 2396 2824 2449 honorat
2836 2393 2993 2448 etiam
3009 2393 3449 2464 patriarcbam,et
3465 2396 3698 2450 ostendit
3713 2398 3819 2465 quid

2260 2491 2350 2557 sit,
2375 2489 2558 2545 Semen
2586 2487 2821 2542 Abralue.
2843 2486 2935 2541 Eis
2958 2500 3188 2557 namque
3213 2498 3429 2542 revocat
3448 2488 3508 2542 in
3534 2492 3818 2544 memoriam

2262 2579 2675 2652 promissionem
2702 2592 2821 2647 qua:
2854 2578 2983 2647 ipsis
3012 2576 3150 2633 facta
3175 2586 3280 2644 est,
3304 2578 3583 2634 dicentem
3616 2598 3629 2635 :
3661 2580 3761 2634 Tibi
3781 2595 3819 2634 et

2261 2671 2440 2729 semini
2470 2680 2555 2725 tuo
2594 2669 2724 2723 dabo
2753 2678 2937 2723 terram
2962 2669 3092 2724 hanc
3126 2667 3281 2738 (Gen.
3326 2671 3417 2725 15.
3454 2670 3570 2741 15).
3597 2672 3693 2726 Per
3734 2672 3819 2727 hoc

2263 2778 2440 2823 autem
2472 2763 2751 2819 minimum
2798 2760 3031 2815 ostendit
3058 2760 3545 2830 prepinquitatem,
3595 2764 3725 2833 quod
3765 2780 3816 2817 ex

2274 2870 2381 2909 uno
2406 2855 2512 2909 sint
2530 2867 2735 2908 omnes.
2756 2849 2860 2908 Sed
2888 2850 3011 2921 quia
3038 2866 3142 2905 non
3168 2864 3357 2921 magna
3382 2859 3503 2905 erat
3530 2850 3615 2903 illa
3639 2847 3827 2917 propino

2272 2945 2467 3014 quitas,
2497 2958 2685 2998 rursus
2710 2941 2854 2996 venit
2879 2940 2945 2995 ad
2970 2955 3110 3004 eam,
3140 2947 3194 2994 et
3222 2938 3289 2993 de
3313 2947 3518 2994 cattero
3547 2938 3829 2991 immoratur

2272 3041 2325 3091 lu
2349 3035 2748 3106 dispensatione
2773 3049 2892 3105 quae
2916 3042 2997 3088 est
3021 3031 3313 3087 secundum
3331 3045 3575 3096 carnem,
3600 3040 3648 3084 et
3678 3028 3787 3083 dicit
3814 3046 3826 3083 :

2275 3126 2342 3182 Ut
2370 3126 2723 3197 reprOpitiaret
2745 3126 2930 3179 delicta
2974 3123 3169 3194 populi.
3200 3123 3328 3177 Erat
3356 3122 3502 3176 cnim
3534 3135 3726 3191 magna:
3749 3135 3827 3175 cu-

2270 3236 2344 3275 ra:
2371 3230 2427 3275 et
2454 3218 2695 3275 caritatis
2720 3217 2861 3289 quod
2890 3216 3118 3273 voluerit
3143 3215 3254 3270 ﬁeri
3281 3214 3475 3278 homo;
3512 3229 3649 3268 nunc
3676 3222 3825 3267 autem

2275 3327 2378 3366 non
2407 3310 2509 3365 hoc
2534 3320 2617 3367 est
2643 3310 2838 3377 solum,
2864 3309 2959 3365 sed
2998 3309 3157 3364 etiam
3185 3318 3309 3362 sunt
3343 3309 3478 3361 bona
3515 3305 3824 3367 immortalia,

2268 3420 2385 3473 qua:
2410 3418 2507 3475 per
2547 3401 2720 3472 ipsum
2752 3400 2905 3456 nobis
2930 3409 3054 3455 sunt
3075 3398 3331 3454 exhibita.
3364 3396 3431 3453 Ut
3468 3398 3821 3467 rcpropitiaret,

2265 3497 2453 3567 inquit,
2488 3493 2671 3549 delicta
2719 3492 2917 3566 populi.
2965 3492 3073 3546 Cur
3114 3507 3220 3547 non
3270 3491 3425 3556 dixit,
3470 3490 3631 3545 Orbis
3669 3498 3819 3551 terrae,

2262 3590 2376 3655 scd,
2430 3586 2658 3658 Populi?
2700 3602 2821 3643 nam
2866 3587 3103 3641 omnium
3146 3584 3373 3654 portavit
3415 3596 3655 3653 peccata.
3698 3582 3819 3647 Quo-

2262 3682 2406 3736 niam
2435 3691 2559 3735 tunc
2585 3681 2654 3735 ab
2679 3695 2744 3735 eo
2770 3678 2836 3735 de
2858 3678 2987 3748 ipsis
3017 3678 3253 3732 llebrzeis
3278 3677 3439 3730 verba
3467 3675 3681 3729 tiebant.
3709 3672 3817 3727 Nam

2258 3774 2479 3844 angelus
2508 3786 2721 3843 quoque
2749 3770 2962 3825 dicebat
2991 3768 3227 3838 Josepho
3252 3786 3264 3823 :
3299 3766 3515 3822 Vocubis
3540 3783 3711 3821 nomen
3729 3765 3818 3835 eius

2256 3867 2433 3922 Iesum
2454 3884 2469 3925 :
2486 3868 2593 3937 ipse
2612 3862 2949 3920 enimsalvum
2971 3864 3121 3933 faciet
3140 3860 3384 3930 populum
3402 3860 3755 3930 suum(Matth.
3772 3857 3814 3909 l.

2258 3956 2369 4031 Ἦ).
2399 3958 2512 4013 Hoc
2540 3957 2681 4013 enim
2714 3955 2994 4024 oportebat
3025 3954 3251 4023 primum
3292 3951 3440 4018 ﬁeri;
3473 3961 3531 4007 ct
3562 3958 3819 4020 prepterca

2255 4052 2403 4106 venit
2432 4059 2487 4105 ut
2516 4048 2616 4103 hos
2643 4048 2823 4102 salvos
2865 4045 3102 4109 faceret,
3150 4054 3204 4097 et
3246 4053 3371 4098 tunc
3418 4058 3514 4113 per
3561 4043 3655 4097 hos
3692 4041 3815 4103 illos,

2254 4142 2462 4198 etiamsi
2480 4141 2807 4197 contrarium
2825 4138 3083 4196 evenerit.
3106 4136 3217 4191 Hoc
3230 4136 3456 4205 apostoli
3474 4148 3682 4205 quoque
3698 4132 3816 4185 dicc-

2252 4236 2381 4292 bant
2395 4236 2463 4291 ab
2484 4235 2633 4290 initio
2653 4252 2666 4289 :
2686 4234 2831 4289 Vobis
2852 4233 3102 4289 suscitans
3147 4230 3341 4283 Filium
3383 4245 3555 4293 suum,
3575 4227 3702 4282 misit
3717 4239 3813 4278 cum

2250 4329 2621 4385 benedicentem
2642 4327 2779 4382 vobis
2803 4325 2937 4398 (Act.
2972 4326 3024 4382 3.
3063 4322 3158 4390 ΞΟ)
3182 4339 3196 4388 ;
3222 4330 3278 4376 et
3306 4335 3514 4385 rursus,
3548 4317 3689 4372 Vobis
3720 4315 3812 4367 mis-

2248 4438 2360 4476 sum
2381 4430 2454 4475 est
2484 4419 2686 4475 verbum
2710 4418 2890 4473 salutis
2930 4416 3067 4488 (Act.
3098 4415 3185 4469 15.
3215 4411 3329 4484 26).
3368 4410 3708 4465 Nobilitatem
3735 4406 3808 4459 hic

2248 4510 2483 4567 ostendit
2505 4510 2800 4577 Iudaicam,
2830 4508 3015 4564 dicens
3037 4548 3052 4571 ,
3095 4506 3176 4560 Ad
3218 4503 3474 4572 expianda
3508 4511 3708 4571 peccata
3731 4515 3809 4569 po.

2249 4605 2358 4674 puli
2386 4602 2577 4673 (Marc.
2604 4603 2660 4657 2.
2693 4602 2773 4674 5).
2820 4600 3037 4657 Interim
3075 4599 3154 4654 sie
3178 4597 3307 4653 dicit
3336 4613 3351 4651 :
3390 4610 3512 4650 nam
3539 4595 3676 4665 quod
3712 4593 3812 4661 ipse

2247 4700 2320 4753 sit
2348 4698 2438 4768 qui
2468 4698 2706 4751 omnium
2736 4704 2957 4766 peccata
2987 4693 3211 4758 dimisit,
3251 4690 3489 4745 ostendit
3508 4698 3563 4744 et
3591 4688 3640 4741 in
3669 4698 3805 4755 para-

2245 4791 2429 4863 lytico,
2461 4791 2645 4845 dicens
2678 4806 2693 4846 :
2732 4788 3073 4842 Dimittuntur
3103 4784 3191 4839 tibi
3221 4792 3459 4855 peccata;
3485 4791 3541 4837 et
3583 4780 3632 4834 in
3659 4775 3807 4846 bapti-

2246 4894 2420 4938 smate
2459 4881 2762 4951 discipulis,
2796 4879 2985 4934 Euntes
3010 4879 3186 4932 docete
3220 4889 3393 4929 omnes
3420 4882 3619 4943 gentes,
3663 4866 3807 4936 bapti-

2244 4983 2417 5029 zanles
2444 4990 2527 5029 eos
2564 4973 2619 5027 in
2647 4972 2851 5027 nomine
2880 4968 3055 5023 Patris
3089 4977 3137 5023 et
3163 4966 3291 5020 Filii
3318 4975 3364 5019 et
3405 4964 3630 5034 Spiritus
3665 4955 3806 5014 sancti

2246 5064 2457 5133 (Matth.
2482 5064 2538 5121 9.
2568 5064 2622 5120 5.
2659 5072 2706 5118 et
2732 5062 2825 5118 28.
2860 5059 2972 5132 19).
3001 5060 3135 5116 Cum
3165 5068 3344 5111 autem
3383 5068 3599 5109 carnem
3629 5062 3804 5119 appre-

2244 5157 2493 5213 henderit
2534 5156 2754 5221 Paulus,
2796 5153 2976 5208 omnia
3005 5150 3201 5208 deinde
3251 5147 3487 5216 loquitur
3524 5144 3720 5213 abiecta
3755 5145 3803 5194 et

2248 5248 2491 5314 humilia,
2536 5247 2669 5303 nihil
2697 5247 2898 5303 veritus
2927 5263 2943 5302 :
2976 5245 3099 5302 vide
3127 5244 3271 5301 enim
3314 5242 3449 5314 quid
3492 5243 3605 5313 jam
3645 5241 3811 5295 dicat:

2248 5344 2402 5417 (Cap.
2445 5344 2503 5417 3)
2544 5344 2594 5399 1.
2631 5341 2815 5408 Unde-,
2854 5343 3036 5412 fratres
3080 5347 3274 5402 sancti,
3319 5337 3594 5390 vocationis
3626 5329 3813 5388 etrlestis

2248 5437 2540 5509 participes,
2573 5434 2890 5489 considerate
2927 5432 3217 5501 apostolum
3245 5439 3292 5485 et
3329 5424 3809 5498 pontiﬁcemconfes-

2245 5528 2406 5582 sionis
2425 5536 2615 5582 nostra:
2637 5524 2813 5579 Iesum
2839 5538 2857 5577 :
2883 5522 2937 5576 2.
2963 5521 3050 5588 qui
3076 5520 3243 5589 fidelis
3262 5529 3335 5573 est
3354 5519 3400 5573 ei
3414 5520 3501 5588 qui
3524 5517 3636 5586 fecit
3660 5515 3804 5576 illum,

2246 5619 2375 5673 sicut
2410 5630 2461 5672 et
2496 5615 2701 5687 Moyses
2728 5614 2783 5669 in
2810 5615 2950 5669 onmi
2975 5613 3126 5667 domo
3153 5616 3285 5680 ejus.
3318 5610 3454 5665 Eum
3482 5607 3642 5678 Moysi
3682 5617 3803 5674 prx-

2249 5710 2518 5782 pOsiturus
2560 5723 2656 5778 per
2707 5703 3189 5777 comparationem,
3239 5700 3305 5758 ad
3339 5701 3509 5773 legem
3546 5690 3804 5756 sacerdotii
