4060 6440
249 409 311 463 4⁸3
1090 395 1153 450 ΙΝ
1196 392 1405 450 EPIST.
1448 391 1539 445 AD
1579 383 1829 443 ΗΕΒΠᾹΞ

1928 422 1938 437 .
1982 387 2133 443 CAP.
2162 390 2252 452 111.
2279 392 2507 449 HOMIL.
2544 392 2605 450 V.
3418 405 3516 459 ’50

256 497 477 552 deduxit
501 498 800 553 orationem
825 514 838 553 :
873 510 978 552 non
1000 497 1146 553 enim
1173 498 1243 553 de
1269 498 1451 569 Moyse
1483 513 1699 569 parvam
1746 500 1843 555 ha.

258 588 456 644 hebant
479 603 670 644 omnes
690 588 1021 659 Opinionem.
1056 588 1122 643 Et
1139 588 1249 659 jam
1283 590 1512 659 primum
1547 591 1729 661 dejicit
1759 606 1834 646 se-

253 682 398 735 mina
438 681 769 736 excellentia:
819 688 1027 750 :atque
1068 681 1253 751 incipit
1303 681 1517 752 quidem
1563 698 1593 737 a
1643 697 1840 749 carne;

249 772 495 829 ascendit
515 784 693 828 autem
724 771 789 826 ad
816 770 1172 839 divinitatem,
1205 772 1293 827 ubi
1326 788 1432 827 non
1460 784 1579 828 erat
1604 775 1837 845 amplius

249 865 603 936 comparatio.
641 863 845 934 lncepit
871 863 1086 929 interim
1114 878 1143 917 a
1168 879 1333 920 carne
1381 880 1583 935 ponere
1621 867 1840 935 aequali-

248 969 436 1025 tatem,
461 967 515 1015 et
539 958 670 1014 dicit
695 973 709 1014 :
750 956 900 1012 Sicut
918 965 965 1011 et
987 955 1190 1027 Moyses
1209 956 1262 1010 in
1292 957 1429 1010 omni
1452 956 1601 1011 domo
1621 958 1748 1029 ejus.
1776 958 1841 1012 Et

246 1068 356 1108 non
385 1052 453 1108 ab
475 1050 627 1106 initio
648 1047 884 1104 ostendit
905 1048 1305 1115 excellentiam,
1336 1064 1403 1104 ne
1432 1049 1664 1104 resiliret
1689 1050 1841 1105 audi-

246 1154 356 1211 tor,
379 1151 435 1200 et
459 1157 619 1198 aures
646 1140 891 1211 protinus
920 1139 1227 1196 Obstrueret
1259 1158 1273 1194 :
1308 1155 1433 1195 nam
1462 1139 1561 1195 etsi
1595 1150 1749 1196 erant
1772 1142 1837 1195 ll-

242 1236 418 1300 deles,
448 1236 503 1289 in
531 1249 717 1290 eorum
758 1241 935 1288 tamen
958 1232 1291 1287 conscientia
1321 1231 1496 1288 adhuc
1520 1232 1676 1288 valde
1704 1234 1838 1288 resi-

240 1328 407 1384 debat
423 1326 658 1398 Moyses.
686 1326 790 1393 Qui
809 1334 903 1393 est,
933 1325 1122 1395 inquit,
1162 1324 1332 1394 ﬁdelis
1358 1324 1405 1379 ei
1425 1325 1509 1395 qui
1550 1326 1833 1394 fecit‘eum.

238 1418 509 1487 Quidnam
538 1417 781 1473 fecerat?
808 1416 1123 1486 Apostolum
1149 1423 1205 1471 et
1228 1414 1553 1485 pontiﬁcem.
1584 1415 1724 1471 Nihil
1746 1412 1837 1473 hic

236 1514 374 1569 dicit
400 1514 467 1567 de
491 1511 744 1575 essentia,
771 1524 945 1580 neque
972 1508 1040 1564 de
1078 1508 1375 1575 divinitate,
1404 1508 1497 1563 sed
1520 1508 1734 1564 interim
1765 1508 1833 1565 de

238 1605 496 1660 humanis
520 1604 649 1659 dicit
677 1601 1046 1674 dignitatibus.
1090 1601 1240 1657 Sicut
1269 1611 1315 1655 et
1346 1600 1555 1672 Moyses
1598 1602 1653 1655 in
1695 1610 1837 1656 omni

237 1700 394 1754 domo
419 1699 530 1768 ejus
568 1712 588 1750 :
634 1695 739 1751 hoc
788 1704 890 1757 est,
938 1694 989 1749 in
1034 1695 1251 1765 populo,
1280 1703 1374 1748 aut
1404 1695 1455 1748 in
1484 1694 1704 1765 templo.
1736 1694 1834 1750 llic

234 1800 417 1845 autem
447 1789 599 1852 dicit,
635 1787 703 1842 In
728 1787 882 1841 domo
904 1788 1014 1855 ejus
1042 1801 1060 1841 :
1088 1785 1312 1857 perinde
1339 1800 1402 1841 ac
1428 1786 1471 1839 si
1501 1786 1723 1851 dixeris,
1756 1786 1832 1843 De

236 1882 305 1936 iis
330 1880 422 1946 qui
455 1877 653 1934 suntin
689 1877 872 1933 domo.
900 1877 1194 1947 Tamquam
1225 1887 1540 1947 procurator
1563 1878 1828 1949 quispiam

234 1983 293 2028 et
319 1973 665 2041 dispensator
689 1969 913 2035 domus,
945 1970 1022 2025 sic
1048 1979 1164 2024 erat
1193 1969 1404 2041 Moyses
1448 1964 1665 2039 populo.
1698 1970 1830 2026 Nam

235 2062 381 2133 quod
431 2060 687 2132 populum
733 2061 818 2116 hic
847 2060 991 2115 dicat
1032 2059 1273 2126 domum,
1324 2059 1639 2128 subjunxit,
1677 2061 1832 2133 Cujus

237 2157 421 2210 domus
464 2170 638 2208 smnus
666 2170 758 2207 nos
786 2169 804 2207 :
834 2152 936 2208 hoc
955 2160 1058 2217 est,
1112 2151 1309 2207 Sumus
1361 2152 1413 2206 in
1464 2151 1581 2221 ejus
1620 2167 1833 2222 posscs-

240 2248 415 2301 sione.
448 2243 650 2300 Deinde
674 2243 989 2299 excellentia
1020 2242 1191 2312 major
1223 2259 1237 2296 :
1276 2242 1328 2297 5.
1354 2269 1358 2277 -
1384 2242 1661 2312 Amplioris
1694 2243 1829 2296 enim

241 2337 419 2407 gloria
453 2338 544 2391 iste
581 2353 687 2407 pne
715 2339 891 2409 Moyse
933 2337 1115 2408 dignus
1159 2350 1231 2392 est
1262 2337 1484 2391 habitus.
1515 2337 1719 2392 Rursus
1758 2337 1826 2391 de

235 2442 443 2483 carne:
479 2427 682 2495 Quanto
716 2429 1011 2499 ampliorem
1057 2430 1297 2484 honorem
1345 2429 1494 2485 habet
1525 2430 1704 2484 domus
1733 2429 1821 2501 qui

232 2518 503 2588 fabricavit
532 2520 695 2575 illam.

312 2611 367 2665 3.
400 2611 469 2667 Et
502 2613 615 2683 ipse
635 2622 770 2679 erat,
803 2613 996 2683 inquit,
1023 2613 1090 2668 de
1105 2613 1284 2668 domo.
1306 2613 1373 2667 Et
1405 2628 1513 2668 non
1538 2611 1702 2670 dixit:
1722 2612 1822 2667 Iste

228 2703 379 2756 enim
425 2716 541 2759 erat
568 2705 783 2774 quidem
822 2719 1033 2771 servus,
1087 2705 1174 2760 ille
1219 2719 1350 2760 vero
1388 2704 1678 2771 Dominus;
1727 2704 1819 2758 sed

235 2794 344 2849 hoc
376 2795 610 2852 latenter
656 2796 934 2853 indicavit.
966 2798 1023 2852 Si
1062 2797 1289 2869 populus
1317 2806 1432 2852 erat
1456 2796 1673 2863 domus,
1710 2797 1824 2867 ipse

231 2898 422 2944 autem
447 2899 563 2944 erat
590 2905 656 2945 ex
700 2890 943 2962 populo:
990 2900 1044 2946 et
1071 2891 1187 2960 ipse
1226 2906 1355 2963 ergo
1383 2896 1500 2946 erat
1522 2889 1591 2945 de
1636 2891 1818 2944 domo.

232 2978 367 3033 Nam
399 2981 555 3035 nobis
580 2996 792 3053 quoque
819 2997 937 3038 mos
958 2990 1041 3039 est
1068 2984 1147 3038 sic
1171 2981 1373 3047 dicere,
1397 2980 1493 3035 Hic
1522 2987 1606 3035 est
1631 2994 1697 3035 ex
1720 2978 1820 3033 do-

233 3087 327 3127 mo
372 3073 539 3128 illius.
575 3073 674 3129 llic
701 3083 880 3130 autem
908 3072 1039 3130 dicit
1082 3074 1323 3140 domum,
1375 3086 1481 3127 non
1510 3072 1766 3141 templum
1804 3086 1819 3125 :

235 3180 343 3219 non
390 3164 538 3219 enim
589 3164 728 3221 Deus
755 3166 872 3236 ipse
901 3166 1234 3229 construxit,
1280 3163 1375 3220 sed
1407 3163 1671 3218 homines.
1721 3159 1820 3228 Qui

236 3271 367 3310 vero
412 3256 540 3311 fecit
571 3257 764 3327 ipsum,
797 3258 937 3312 Deus
959 3266 1043 3327 est
1074 3275 1087 3311 :
1119 3256 1249 3311 dicit
1270 3256 1526 3325 Moysem.
1546 3252 1691 3308 'Vide
1728 3266 1824 3305 au-

239 3360 342 3405 tem
394 3350 668 3421 quomodo
719 3351 952 3406 latenter
979 3350 1239 3420 majorem
1272 3347 1504 3403 ostendit
1550 3345 1821 3401 excellen—

238 3443 387 3496 tiam.
424 3441 644 3509 Fidelis,
668 3442 860 3513 inquit,
890 3452 997 3499 erat
1025 3443 1075 3497 in
1105 3450 1207 3497 tota
1223 3442 1372 3495 domo
1396 3441 1526 3510 ejus,
1557 3454 1678 3495 cum
1709 3438 1822 3507 ipse

236 3541 381 3589 esset
405 3532 475 3588 de
503 3532 687 3599 domo,
722 3533 824 3589 hoc
848 3542 931 3589 est
974 3532 1042 3588 de
1085 3531 1305 3603 populo.
1355 3529 1609 3601 Majorem
1662 3528 1825 3582 habet

240 3624 502 3678 honorem
553 3623 743 3679 artifex
770 3666 786 3691 ,
815 3639 974 3693 quam
1019 3639 1179 3694 opera
1205 3665 1220 3688 ,
1267 3620 1360 3679 sed
1396 3630 1449 3676 et
1490 3620 1577 3690 qui
1604 3618 1821 3674 domum

233 3713 563 3780 construxit,
586 3729 745 3784 quam
772 3713 983 3769 domus.
1012 3714 1067 3769 4.
1100 3713 1199 3781 Qui
1220 3722 1386 3765 autent
1409 3712 1575 3766 omnia
1595 3720 1825 3765 constru-

235 3806 332 3872 xit,
355 3804 500 3860 Deus
539 3814 628 3861 est.
662 3806 824 3862 Vides
866 3807 1007 3877 quod
1039 3822 1143 3862 non
1174 3806 1319 3861 dicat
1358 3805 1424 3862 de
1471 3806 1689 3875 templo,
1727 3802 1822 3859 Sed

234 3904 349 3952 toto
376 3898 616 3970 populo?
639 3900 693 3955 5.
724 3897 793 3952 Et
830 3899 1035 3969 Moyses
1073 3900 1275 3971 quidem
1300 3899 1466 3968 ﬁdelis
1510 3908 1619 3953 erat
1646 3898 1698 3952 in
1721 3906 1824 3952 tota

233 3986 390 4043 domo
427 3991 555 4059 ejus,
607 3999 863 4060 tamquam
905 3990 1148 4061 famulus,
1199 3990 1252 4044 in
1282 3991 1618 4045 testimonium
1650 4006 1824 4045 eorum

232 4081 584 4152 qucdicenda
613 4090 778 4136 erant.
811 4082 950 4138 Ecce
979 4083 1081 4137 alia
1120 4096 1332 4153 quoque
1374 4080 1673 4137 diﬁerentia
1703 4097 1823 4151 qua:

231 4179 322 4226 est
373 4187 401 4225 a
459 4170 601 4227 Filio
629 4181 686 4228 et
741 4174 933 4228 servis.
961 4171 1125 4227 Vides
1163 4171 1304 4242 quod
1355 4172 1513 4227 tacite
1561 4170 1824 4240 signiﬁcat

237 4264 625 4333 proprietatem
663 4280 761 4335 per
803 4266 1213 4336 appellationem
1274 4266 1434 4320 Filii?
1484 4264 1537 4320 6.
1596 4264 1825 4321 Christus

233 4373 356 4411 vero
408 4365 661 4428 tamquam
691 4356 742 4411 F
744 4356 864 4412 ilius
904 4356 959 4413 in
991 4358 1143 4411 domo
1186 4374 1298 4411 sua.
1325 4356 1517 4413 Vidisti
1557 4357 1825 4427 quomodo

236 4447 535 4520 diatinguat
580 4464 645 4504 ac
688 4460 904 4520 separet
934 4463 1096 4519 opera
1138 4457 1191 4503 et
1218 4447 1501 4519 Opiﬁcem,
1556 4446 1825 4518 quomodo

233 4557 456 4597 servum
487 4552 541 4597 et
570 4543 802 4598 Filium?
826 4552 881 4598 et
909 4542 997 4597 ille
1029 4540 1245 4612 quidem
1269 4541 1319 4595 iu
1352 4555 1439 4595 res
1460 4549 1711 4611 paternas
1739 4540 1824 4594 in-

234 4635 481 4705 greditur
507 4635 776 4703 utFilius,
823 4634 910 4690 hic
956 4650 1084 4688 vero
1126 4642 1182 4687 ut
1208 4648 1416 4688 servus.
1445 4632 1601 4702 Cujus
1646 4632 1826 4686 domus

231 4743 414 4781 sumus
451 4743 559 4790 nos,
583 4727 630 4780 si
652 4727 895 4797 ﬁduciam
943 4735 988 4780 et
1026 4724 1241 4797 gloriam
1267 4724 1374 4795 spei
1398 4739 1555 4793 usque
1581 4722 1649 4775 ad
1673 4723 1827 4789 ﬁnem

234 4820 444 4887 ﬁrmant
470 4821 791 4875 retineamus.
828 4819 925 4874 llic
952 4834 1138 4874 rursus
1163 4833 1258 4873 eos
1288 4818 1531 4873 hortatur
1571 4825 1628 4871 ut
1667 4816 1845 4887 forti-1

240 4922 330 4964 ter
366 4910 657 4978 resistant,
689 4921 743 4966 et
773 4926 879 4965 non
921 4910 1137 4965 cadant.
1175 4910 1372 4963 Domus
1412 4909 1588 4973 enim,
1634 4908 1823 4978 inquit,

239 5002 451 5057 erimus
496 5003 623 5068 Dei,
653 5003 792 5058 sicut
820 5013 938 5058 erat
988 5003 1220 5075 Moyses,
1264 5002 1308 5057 si
1340 5001 1586 5056 fiduciam
1618 5010 1674 5056 et
1710 5000 1826 5071 spei

231 5092 614 5162 gloriationem
663 5109 833 5164 usque
888 5094 954 5148 ad
1009 5093 1171 5148 ﬁuem
1222 5091 1430 5147 ﬁrmam
1479 5091 1824 5147 retineamus.

237 5185 346 5251 Qui
380 5185 568 5241 dolore
594 5186 831 5258 quidem,
866 5188 1052 5258 inquit,
1084 5185 1316 5241 afﬁcitur
1345 5186 1394 5241 in
1420 5184 1822 5250 tentationibus,

228 5284 288 5332 et
309 5277 493 5331 animo
518 5278 770 5340 concidit,
805 5294 910 5331 non
940 5278 1198 5346 gloriatur
1228 5295 1244 5330 :
1268 5278 1357 5347 qui
1383 5277 1584 5346 pudore
1610 5275 1817 5333 suﬁ‘un-

232 5369 409 5427 dttur,
463 5375 517 5421 et
546 5382 605 5423 se
650 5366 962 5435 abscomlit,
1014 5382 1122 5423 non
1166 5368 1328 5424 habet
1373 5368 1618 5424 fiduciam
1681 5389 1695 5424 :
1743 5372 1831 5440 qui

234 5468 325 5514 est
376 5459 573 5523 tristis,
622 5474 730 5513 non
770 5459 1048 5530 gloriatur.
1106 5458 1308 5516 Deinde
1334 5474 1430 5515 eos
1480 5476 1694 5531 quoque
1718 5461 1834 5515 lau-

232 5552 365 5615 ὼι,
414 5549 641 5606 dicens:
672 5551 734 5606 Si
781 5551 1022 5622 ﬁduciam
1050 5559 1097 5605 et
1133 5550 1483 5622 gloriationem
1529 5552 1639 5621 spei
1681 5568 1837 5621 usque

232 5642 306 5695 ad
350 5642 505 5709 ﬁnent
567 5642 767 5709 ﬁrmam
820 5643 1163 5707 retineamus;
1207 5642 1496 5697 ostendens
1550 5643 1661 5713 jam
1716 5644 1838 5698 illos

231 5731 494 5801 coepisse.
526 5728 662 5785 Fine
688 5741 866 5786 autem
895 5742 978 5788 est
1013 5748 1168 5805 opus,
1201 5744 1253 5788 et
1284 5750 1391 5788 non
1420 5716 1595 5789 solum
1625 5744 1837 5805 oportet

231 5835 410 5891 stare,
446 5823 542 5878 sed
576 5824 736 5878 etiam
770 5824 975 5879 firmam
1007 5836 1062 5880 et
1091 5824 1335 5881 stabilem
1366 5822 1564 5880 habere
1602 5841 1747 5895 spem
1780 5822 1845 5879 in

1928 494 2246 550 certitudine
2267 496 2407 560 ﬁdet,
2437 498 2657 554 minime
2683 498 3029 556 labefactatos
3047 515 3077 556 a
3104 504 3514 560 tentationibus.

1927 586 2005 641 Ac
2033 602 2099 640 ne
2124 587 2357 653 mireris,
2386 589 2429 645 si
2455 588 2737 645 humanius
2759 591 2911 659 illud,
2937 590 3059 664 Ipse
3084 603 3300 649 tentatus
3323 595 3511 666 (Hebr.

1926 676 1981 730 2.
2017 676 2129 748 18),
2158 677 2386 733 dicatur.
2417 677 2473 735 Si
2503 681 2645 734 enim
2690 680 2758 735 de
2807 682 2965 738 Patre
3003 685 3092 754 qui
3137 699 3355 741 carnem
3405 701 3514 742 non

1928 771 2167 838 suscepit
2206 770 2336 825 dicit
2372 769 2670 840 Scriptura,
2705 772 2784 827 De
2808 775 2931 829 caelo
2956 778 3214 846 prospacit
3241 775 3512 847 Dominus,

1927 868 1975 914 et
2003 861 2125 913 vidit
2153 876 2322 915 omnes
2350 861 2484 930 ﬁlios
2514 862 2775 916 hominum
2806 864 2979 933 (Psal.
3008 867 3096 922 15.
3127 867 3220 939 2);
3261 869 3363 926 hoc
3408 880 3510 937 est,

1927 953 2107 1006 omnia
2136 962 2323 1008 exacte
2351 962 2404 1009 et
2430 965 2677 1009 accurate
2704 954 2927 1023 didicit;
2956 967 3010 1012 et
3035 974 3220 1016 rursus
3238 1000 3256 1029 ,
3288 961 3515 1019 Descen-

1928 1044 2049 1098 dens
2074 1044 2268 1112 uidebo,
2298 1062 2365 1099 an
2391 1048 2669 1101 secundum
2710 1050 2983 1104 clamarent
3006 1067 3177 1107 eorum
3223 1054 3314 1123 ﬁat
3360 1054 3511 1126 (Gen.

1929 1135 2016 1191 18.
2045 1136 2178 1203 21);
2211 1146 2266 1193 et
2301 1153 2521 1207 rursus,
2567 1138 2687 1194 Non
2733 1150 2893 1212 potest
2922 1141 3061 1197 Deus
3099 1147 3234 1214 ferre
3258 1147 3379 1199 vitia
3420 1146 3514 1200 Ito-

1929 1229 2123 1283 minunt
2168 1244 2186 1284 :
2242 1229 2539 1302 Scriptura,
2573 1232 2812 1302 inquam,
2858 1233 3039 1289 divina
3088 1235 3181 1291 ira:
3226 1236 3517 1293 ostendens

1928 1322 2348 1391 magnitudinem
2382 1349 2397 1378 ι
2431 1327 2599 1380 multo
2646 1326 2816 1397 magis
2862 1326 2931 1382 de
2976 1326 3193 1383 Christo
3217 1329 3308 1399 qui
3347 1340 3430 1384 est
3461 1331 3516 1385 in

1928 1425 2094 1467 carne
2160 1428 2350 1484 passus
2405 1414 2522 1469 haac
2559 1414 2829 1471 dicuntur.
2876 1414 3010 1471 Nam
3052 1418 3305 1488 quoniam
3363 1421 3517 1475 multi

1929 1503 2176 1561 homines
2197 1506 2505 1562 existimant
2532 1508 2920 1579 experientiam
2942 1524 3066 1566 esse
3104 1512 3354 1568 omnibus
3382 1512 3516 1569 ﬁde-

1929 1597 2118 1653 liorem
2151 1599 2218 1654 ad
2259 1601 2645 1670 cognitionem,
2675 1602 2787 1657 vult
2812 1602 3100 1659 ostendere
3128 1619 3274 1671 eum,
3317 1608 3404 1675 qui
3435 1616 3519 1662 est

1928 1702 2141 1758 passus,
2195 1706 2357 1747 nosse
2396 1693 2523 1763 quid
2569 1693 2801 1764 patiatur
2843 1694 3075 1751 humana
3107 1706 3316 1754 natura.
3371 1698 3519 1754 Unde

1929 1784 2110 1853 fratres
2155 1784 2335 1839 sancti.
2386 1785 2565 1853 Unde,
2612 1785 2665 1841 id
2706 1797 2822 1856 est,
2870 1797 3174 1858 prOpterea.
3232 1788 3518 1846 Vocationis

1929 1874 2140 1928 ctelestis
2167 1876 2457 1945 participes.
2491 1875 2630 1931 Nihil
2662 1876 2749 1933 hic
2778 1879 3065 1949 quaeratis,
3096 1880 3142 1935 si
3186 1880 3516 1937 illucvocati

1929 1965 2096 2019 estis:
2131 1966 2237 2020 illic
2279 1980 2363 2021 est
2392 1981 2634 2036 merces,
2666 1968 2775 2024 illic
2800 1970 3182 2024 remuneratio.
3212 1971 3349 2038 Quid
3387 1982 3517 2024 vero

1929 2055 2044 2110 est?
2061 2054 2384 2111 Considerate
2404 2059 2745 2127 apostoluntet
2762 2056 3053 2129 pontiﬁcem
3078 2062 3408 2132 confessionis
3422 2079 3517 2116 ηυ-⁴

1928 2154 2049 2199 strte
2066 2144 2239 2200 Jesum
2271 2145 2528 2201 Christum
2559 2164 2578 2202 :
2603 2148 2693 2219 qui
2720 2148 2887 2218 ﬁdelis
2914 2158 2985 2204 est
3022 2150 3069 2203 ei
3093 2150 3179 2220 qui
3204 2152 3319 2222 fecit
3348 2152 3518 2218 illum,

1930 2239 2061 2293 sicut
2090 2248 2136 2293 et
2169 2238 2371 2311 Moyses
2398 2240 2449 2294 in
2481 2240 2617 2295 omni
2660 2241 2811 2295 domo
2835 2242 2966 2312 ejus.
2999 2240 3137 2308 Quid
3167 2250 3270 2307 est,
3320 2243 3419 2309 Qui
3447 2254 3519 2298 est

1932 2330 2100 2400 ﬁdelis
2120 2334 2164 2387 ei
2183 2333 2270 2403 qui
2291 2333 2409 2404 fecit
2427 2333 2617 2389 illum?
2641 2333 2741 2401 Qui
2770 2332 3035 2403 providet,
3057 2333 3145 2404 qui
3167 2335 3279 2389 suis
3304 2345 3519 2403 przeest,

1931 2431 1986 2478 et
2015 2438 2120 2479 non
2150 2424 2279 2479 sinit
2307 2432 2363 2479 ut
2394 2434 2598 2481 temere
2627 2424 2870 2479 ferantur
2901 2434 2956 2480 et
2996 2434 3241 2495 agantur.
3291 2426 3437 2482 Sicut
3473 2438 3521 2481 et

1932 2514 2136 2586 Moyses
2163 2515 2215 2569 in
2259 2516 2398 2569 omni
2427 2516 2576 2570 domo
2606 2517 2738 2583 ejus.
2769 2513 2882 2570 Hoc
2914 2524 3032 2581 est,
3059 2514 3377 2586 Cognoscile
3400 2517 3523 2587 quis

1933 2618 1988 2665 ct
2017 2609 2318 2680 cujusmodi
2345 2609 2414 2665 sit
2439 2608 2698 2679 pontifex,
2727 2614 2784 2663 et
2820 2622 2928 2664 non
2962 2623 3097 2679 opus
3126 2608 3393 2664 habebitis
3417 2609 3519 2664 alia

1932 2701 2320 2767 consolatione,
2370 2716 2471 2757 nec
2523 2699 2922 2756 adhortatione.
2974 2699 3291 2770 Apostolum
3341 2709 3521 2756 autem

1933 2805 2089 2851 vocat
2116 2810 2182 2850 eo
2207 2794 2349 2865 quod
2395 2799 2469 2849 sit
2496 2794 2725 2859 missus;
2755 2801 2811 2848 et
2836 2791 3144 2863 pontiﬁcem
3169 2792 3522 2848 confessionis

1934 2895 2155 2949 nostrae,
2186 2884 2288 2940 hoc
2330 2894 2447 2951 est,
2494 2884 2636 2939 ﬁdei.
2666 2883 2835 2939 Recte
2887 2881 3042 2948 dixit,
3091 2881 3238 2937 Sicut
3277 2882 3523 2953 Moyses:

1933 2985 2056 3025 nam
2082 2980 2134 3025 et
2162 2970 2287 3025 huic
2313 2971 2450 3024 sicut
2472 2970 2542 3024 illi
2578 2969 2677 3028 fuit
2704 2972 2991 3028 commissa
3026 2973 3203 3043 pepuli
3231 2974 3519 3043 prmfectu-

1931 3085 1988 3123 ra
2013 3076 2069 3124 et
2092 3067 2485 3125 administratio
2510 3054 2647 3136 ,ised
2681 3069 2872 3140 major,
2904 3078 2961 3124 et
3011 3069 3062 3124 in
3090 3069 3251 3124 rebus
3299 3070 3521 3139 majori-

1931 3159 2046 3214 bus.
2077 3158 2288 3231 Moyses
2317 3162 2460 3216 enim
2490 3169 2548 3216 ut
2587 3161 2815 3217 famulus
2838 3170 2950 3217 erat
2976 3177 2992 3227 ;
3053 3160 3298 3216 Christus
3340 3173 3396 3217 ut
3428 3162 3519 3223 Fi-_

1930 3250 2033 3307 lius
2065 3268 2080 3308 :
2114 3250 2203 3306 ille
2230 3251 2467 3316 alienos,
2501 3252 2590 3307 hic
2634 3268 2761 3307 suos
2810 3252 3051 3307 curabat.
3086 3250 3152 3305 In
3182 3254 3521 3308 testimonium

1929 3358 2100 3395 eorum
2153 3359 2266 3413 qua:
2309 3343 2524 3398 dicenda
2551 3353 2715 3398 erant.
2767 3343 2903 3412 Quid
2933 3343 3103 3399 dicis?
3156 3345 3520 3402 testimonium

1929 3435 2207 3491 hominum
2256 3437 2397 3493 Deus
2443 3437 2674 3508 accipit?
2719 3437 2969 3492 Maxime.
3028 3436 3085 3493 Si
3131 3437 3275 3492 enim
3328 3438 3521 3495 caelum

1928 3536 2156 3583 testatur
2184 3538 2239 3584 et
2264 3538 2461 3585 terram
2489 3540 2545 3585 et
2589 3530 2789 3596 colles,
2822 3528 3008 3584 dicens
3037 3544 3137 3600 per
3174 3529 3517 3601 prophetam,

1925 3618 2058 3674 Audi
2111 3620 2314 3689 culum,
2359 3629 2406 3675 et
2434 3622 2665 3677 ausculta
2691 3631 2846 3687 terra,
2872 3622 3112 3693 quoniam
3150 3621 3403 3679 Dominus
3443 3629 3521 3678 lo-

1926 3720 2111 3779 quutus
2139 3720 2251 3777 est;
2303 3721 2379 3780 et,
2411 3698 2592 3768 Audite
2619 3712 2798 3779 valles,
2832 3714 3162 3785 fundamenta
3191 3726 3338 3769 teme
3364 3715 3517 3787 (lsai.

1925 3802 1979 3857 1.
2009 3801 2066 3856 2.
2121 3801 2285 3857 Miclt.
2315 3802 2369 3860 6.
2401 3803 2482 3874 2),
2511 3819 2763 3874 quoniam
2788 3803 3053 3874 judicium
3082 3814 3166 3860 est
3194 3805 3421 3861 Domino
3450 3806 3521 3862 ad

1932 3895 2186 3966 populum
2216 3912 2372 3953 suum
2406 3914 2421 3953 :
2451 3899 2621 3953 multo
2650 3899 2817 3969 magis
2846 3897 3110 3955 homines.
3143 3899 3279 3967 Quid
3307 3909 3419 3967 est,
3449 3901 3519 3957 In

1926 3990 2316 4045 testimonium?
2346 3992 2456 4047 lloc
2487 4001 2590 4060 est,
2622 4001 2681 4048 ut
2725 3993 2834 4047 sint
2860 4002 3026 4049 testes
3045 4034 3061 4061 ,
3090 3994 3303 4064 quando
3330 3994 3428 4066 ipsi
3458 4011 3522 4051 se

1927 4080 2264 4151 impudenter
2296 4085 2562 4155 gesserint
2597 4101 2610 4138 :
2660 4083 2910 4140 Christus
2937 4099 3067 4140 vero
3115 4095 3383 4157 tamquam
3429 4088 3517 4142 Fi-

1927 4172 2052 4228 lius.
2082 4173 2215 4229 Nam
2264 4175 2354 4231 ille
2383 4176 2598 4247 quidem
2637 4186 2790 4232 curat
2818 4176 3060 4242 alienos,
3098 4175 3184 4232 hic
3210 4192 3338 4233 vero
3366 4194 3515 4233 suos.

1928 4265 1995 4320 Et
2038 4267 2389 4339 gloriationem
2417 4269 2543 4339 spei.
2595 4268 2759 4325 Recte
2804 4267 2961 4335 dixit,
3007 4268 3152 4340 Spei,
3179 4270 3429 4340 quoniam
3464 4271 3518 4325 iu

1925 4373 2020 4429 spe
2051 4359 2229 4413 omnia
2275 4369 2430 4415 erant
2458 4359 2622 4415 bona.
2653 4360 2744 4416 Sic
2773 4372 2954 4415 autem
2984 4374 3104 4416 eam
3132 4368 3347 4427 oportet
3384 4362 3515 4415 reti-

1929 4467 2078 4515 nere,
2129 4462 2187 4507 ut
2226 4452 2335 4522 jam
2367 4452 2662 4524 gloriemur
2689 4461 2961 4523 tamquam
3006 4452 3076 4507 ob
3121 4467 3180 4506 ea
3218 4466 3338 4521 qua:
3382 4452 3517 4506 facta

1926 4555 2071 4600 sunt.
2104 4545 2394 4615 Propterea
2423 4545 2587 4610 dicit,
2619 4543 2963 4600 Glorationem
2987 4546 3115 4616 spei,
3143 4554 3199 4601 et
3224 4545 3514 4616 subjungit,

1926 4636 2005 4688 Ad
2027 4636 2178 4705 ﬁnem
2209 4638 2409 4705 ﬁrmant
2438 4637 2743 4691 retineamus
2774 4652 2793 4691 :
2821 4650 2943 4690 nam
2968 4649 3065 4705 spe
3094 4634 3228 4690 salvi
3266 4634 3391 4691 facti
3420 4651 3514 4691 su-

1929 4744 2066 4785 mus.
2101 4728 2157 4784 Si
2187 4743 2317 4798 ergo
2340 4743 2437 4798 spe
2470 4728 2600 4784 salvi
2634 4726 2757 4783 facti
2802 4742 3010 4795 sumus,
3042 4734 3097 4781 et
3136 4742 3235 4797 per
3281 4726 3516 4783 toleran-

1928 4821 2054 4876 tiam
2081 4830 2482 4891 exspectamus,
2517 4835 2584 4875 ne
2614 4830 2836 4891 propter
2864 4828 3150 4889 praesentia
3181 4832 3416 4877 mmrore
3443 4821 3521 4876 af-

1926 4913 2188 4976 ﬁciamur,
2240 4926 2413 4982 neque
2463 4911 2573 4981 jam
2623 4925 2928 4982 quzeramus
2977 4926 3098 4981 quae
3147 4920 3331 4983 postea
3394 4927 3520 4970 sunt

1928 5006 2205 5077 promissa.
2240 5004 2371 5076 Spes
2411 5004 2563 5071 enim,
2598 5004 2785 5075 inquit,
2809 5020 2922 5075 qua:
2945 5004 3156 5072 videtur,
3181 5023 3285 5061 non
3310 5018 3382 5062 est
3408 5026 3521 5079 spes

1928 5098 2106 5168 (Rom.
2140 5100 2193 5152 8.
2224 5097 2341 5167 24).
2392 5096 2523 5151 Nam
2548 5099 2800 5168 quoniam
2832 5096 2973 5153 bona
3010 5108 3138 5154 sunt
3180 5114 3394 5171 magna,
3433 5101 3522 5157 hic

1926 5203 1990 5244 ea
2040 5204 2147 5242 non
2179 5203 2462 5258 possumus
2488 5189 2735 5260 accipere
2778 5188 2830 5244 in
2860 5190 2966 5245 vita
2992 5189 3156 5259 ﬂuxa,
3183 5200 3239 5249 et
3268 5193 3321 5248 in
3360 5209 3519 5264 quant

1926 5280 2071 5337 cadit
2093 5282 2359 5337 interitus.
2397 5280 2638 5349 Quanam
2661 5296 2790 5352 ergo
2815 5280 2883 5337 de
2913 5296 3073 5337 causa
3096 5298 3156 5338 ea
3194 5284 3349 5339 nobis
3377 5299 3518 5355 pra--

1927 5373 2083 5441 dixit,
2109 5388 2229 5427 cum
2278 5374 2363 5428 hic
2390 5388 2452 5428 ea
2482 5388 2587 5427 non
2618 5374 2688 5427 sit
2729 5372 2999 5429 daturus?
3040 5372 3110 5430 Ut
3161 5375 3520 5446 promissione

1929 5475 2138 5521 recreet
2164 5465 2402 5531 animos,
2432 5476 2489 5521 ut
2539 5465 2704 5521 animi
2752 5466 3082 5522 alacritatem
3134 5468 3417 5522 continuet
3456 5483 3520 5522 ae

1929 5559 2244 5613 corroboret
2273 5558 2683 5626 pollicitatione,
2713 5566 2772 5613 ut
2803 5567 3037 5614 mentem
3076 5568 3315 5614 nostram
3346 5560 3522 5631 erigat

1929 5660 1984 5706 ct
2010 5652 2227 5707 excitet.
2267 5650 2557 5718 Propterea
2590 5652 2732 5705 enim
2765 5651 2878 5707 hazc
2908 5653 3086 5706 omnia
3116 5651 3253 5707 facta
3298 5662 3442 5707 sunt.

2003 5746 2056 5799 4.
2088 5743 2111 5797 1
2120 5742 2315 5812 mprobi
2343 5741 2616 5813 aliquando
2644 5757 2883 5812 prospere
2909 5750 3066 5812 agunt
3091 5743 3143 5796 in
3174 5741 3268 5797 hac
3293 5743 3416 5797 vita.
3444 5772 3514 5784 —

1932 5836 2008 5894 Ne
2038 5853 2165 5909 erg)
2209 5837 2530 5892 turbemur:
2573 5851 2729 5890 nemo
2779 5834 2963 5890 videns
3007 5834 3177 5890 malos
3223 5836 3360 5890 bene
3403 5849 3516 5889 rem
