4060 6440
599 324 662 381 51
1338 323 1393 379 S.
1433 322 1711 379 JO.\NNIS
1747 311 2214 379 Cl'litYSOSTOMI
2255 321 2570 380 ARCiilEP.
2611 324 3142 407 CONSTANTINOP.
3790 335 3846 393 52

617 423 768 463 suam
814 424 1005 481 gerere
1047 412 1416 470 conturbetur.
1464 416 1579 473 Non
1618 418 1704 476 hic
1742 432 2025 497 estneque
2055 428 2201 495 vitii,

618 516 793 571 neque
819 502 1032 558 virtutis
1069 509 1430 563 remuneratio
1460 527 1473 562 :
1503 510 1549 565 si
1581 515 1795 583 quando
1822 526 2001 574 autem
2032 519 2122 575 tiat
2148 530 2204 576 et

619 592 729 646 vitii
756 602 812 648 et
838 595 1046 649 virtutis
1077 599 1470 665 remuneratio,
1506 617 1611 658 non
1652 613 1830 662 tamen
1862 607 1920 663 iit
1958 624 2056 679 pro
2085 626 2189 668 me-

616 684 753 749 ritis,
783 686 875 740 sed
906 687 1243 745 solummodo
1274 700 1542 764 tamquam
1582 709 1768 767 gustus
1791 700 1997 770 judicii,
2029 714 2086 759 ut
2111 706 2201 775 qui

616 778 995 833 resurrectioni
1024 781 1200 836 minus
1226 784 1474 852 credunt,
1506 787 1593 843 hic
1618 806 1828 861 quoque
1856 796 2199 866 castigentur.

614 867 836 933 Quando
854 884 983 939 ergo
1011 870 1301 930 viderimus
1323 877 1640 934 sceleratum
1664 880 1905 951 divitem,
1932 902 1997 941 ne
2021 886 2202 943 animo

612 962 995 1030 concidamus;
1024 968 1238 1037 quando
1267 970 1557 1027 viderimus
1584 973 1781 1032 bonum
1813 977 1951 1033 male
1990 980 2201 1049 patien-

614 1065 721 1110 tem
744 1098 757 1119 ,
791 1074 858 1112 ne
884 1060 1272 1117 conturbemur
1301 1080 1315 1118 :
1345 1080 1466 1119 nam
1511 1066 1621 1121 illic
1660 1080 1785 1124 sunt
1812 1086 2026 1127 corona:
2045 1114 2062 1140 ,
2094 1074 2200 1131 illic

610 1150 895 1219 supplicia.
924 1154 1171 1224 Alioquin
1201 1167 1379 1212 autem
1408 1160 1521 1214 fieri
1551 1178 1656 1216 non
1686 1173 1892 1233 potest,
1919 1176 1975 1221 ut
2007 1177 2062 1224 et
2090 1185 2201 1223 ma-

613 1238 697 1293 lus
724 1240 793 1294 sit
819 1244 962 1296 omni
992 1259 1058 1298 ex
1091 1256 1239 1315 parte
1279 1249 1479 1318 malus,
1516 1252 1609 1307 sed
1642 1264 1816 1323 potest
1845 1255 1959 1325 ipse
1990 1274 2203 1330 quoque

615 1332 812 1389 habere
858 1336 999 1390 bona
1040 1337 1255 1408 aliqua;
1305 1357 1476 1413 neque
1518 1353 1575 1398 ut
1617 1347 1789 1403 bonus
1832 1349 1901 1404 sit
1947 1352 2091 1407 omni
2136 1369 2201 1407 ex

613 1437 766 1496 parte
793 1428 983 1495 bonus,
1014 1431 1105 1484 scd
1137 1440 1311 1501 potest
1339 1434 1497 1490 etiam
1525 1437 1639 1507 ipse
1665 1438 1861 1496 habere
1882 1441 2055 1509 aliqua
2082 1460 2204 1511 pec-

612 1529 752 1574 cata.
786 1522 1009 1588 Quando
1038 1538 1165 1593 ergo
1196 1539 1305 1579 rem
1340 1542 1489 1581 suam
1521 1528 1659 1584 bene
1695 1532 1830 1601 gerit
1872 1534 2164 1588 sceleratus
2185 1576 2199 1599 ,

613 1610 749 1665 scito
792 1612 893 1666 huc
940 1614 1155 1668 evenire
1202 1616 1253 1670 in
1300 1618 1496 1673 malum
1541 1620 1657 1691 ejus
1700 1623 1891 1692 capitis
1922 1645 1934 1680 :
1964 1635 2018 1679 ut
2059 1626 2197 1681 enim

612 1718 901 1773 paucormn
944 1705 1151 1760 illarum
1193 1706 1280 1763 hic
1322 1721 1537 1779 accepta
1587 1715 2049 1779 remuneratione,
2095 1716 2202 1770 illic

613 1796 806 1852 deinde
834 1798 1070 1868 perfecte
1108 1803 1375 1870 puniatur,
1405 1820 1466 1859 ea
1496 1806 1561 1860 de
1589 1822 1749 1861 causa
1780 1807 1867 1863 hic
1891 1808 2103 1880 accipit.
2135 1809 2202 1863 Et

613 1890 703 1945 ille
730 1901 815 1946 est
853 1893 1086 1948 maxime
1126 1894 1327 1949 beatus
1350 1899 1438 1966 qui
1486 1897 1572 1952 hic
1602 1899 1838 1968 punitur,
1870 1910 1928 1954 ut
1956 1901 2200 1956 omnibus

611 1981 870 2051 depositis
901 1985 1131 2053 peccatis
1152 2029 1165 2049 ,
1202 1988 1456 2055 probatus
1486 1990 1610 2046 hinc
1648 1992 1836 2057 abeat,
1864 2002 1917 2047 et
1956 2009 2122 2062 purus
2151 2004 2203 2048 ct

613 2068 739 2121 nulli
766 2069 936 2138 culpa:
964 2070 1161 2125 affinis.
1189 2072 1251 2125 Et
1280 2072 1382 2128 hoc
1409 2089 1505 2128 nos
1527 2074 1723 2130 Paulus
1750 2093 1959 2147 quoque
1980 2076 2198 2145 docens,

610 2158 737 2213 dicit
758 2176 773 2214 :
792 2159 1071 2229 Propterea
1097 2164 1148 2216 in
1178 2162 1311 2218 vobis
1336 2166 1482 2219 multi
1508 2169 1685 2237 (egroti
1707 2177 1752 2221 et
1774 2168 1985 2238 inﬁrmi,
2010 2180 2056 2223 et
2078 2169 2201 2223 dor-

612 2251 771 2303 miunt
794 2253 1066 2319 permulti;
1088 2265 1140 2307 et
1169 2270 1373 2318 rursus,
1399 2254 1610 2311 Tradite
1636 2259 1929 2328 hujusmodi
1948 2260 2200 2315 hominem

611 2351 827 2405 satana',
855 2342 907 2395 in
935 2343 1193 2397 interitum
1218 2347 1407 2408 carnis,
1441 2358 1496 2401 ut
1524 2350 1734 2418 spiritus
1760 2350 1929 2405 salvus
1951 2351 2015 2406 sit
2044 2353 2095 2405 in
2123 2353 2204 2406 die

612 2431 704 2484 illo
733 2432 813 2501 (1.
836 2432 953 2487 Cor.
984 2433 1074 2487 21.
1106 2436 1194 2489 50.
1224 2446 1269 2490 et
1300 2437 1352 2493 5.
1380 2438 1462 2507 5).
1491 2438 1560 2493 Et
1590 2441 1843 2510 propheta
1871 2440 2021 2509 dicit,
2044 2441 2202 2499 Acce-

614 2525 693 2593 pit
715 2540 742 2576 e
758 2540 917 2576 manu
936 2526 1142 2580 Domini
1163 2527 1387 2597 duplicia
1401 2537 1612 2593 peccata
1628 2528 1783 2594 (Isai.
1800 2529 1889 2584 40.
1907 2529 1985 2601 2);
2006 2539 2060 2585 et
2078 2547 2200 2586 rur-

617 2630 714 2669 sus
740 2613 937 2679 David,
972 2614 1100 2668 Vide
1126 2616 1367 2669 inimicos
1399 2633 1541 2671 meos
1570 2620 1695 2689 quia
1717 2622 2199 2690 multiplicatisunt

615 2724 773 2776 super
790 2709 1014 2777 capillos
1035 2708 1226 2775 capitis
1247 2710 1430 2774 mei;et
1452 2710 1570 2763 odio
1593 2713 1770 2781 iniquo
1789 2714 2012 2769 oderunt
2036 2723 2199 2780 me;et

617 2800 828 2853 dimitte
839 2804 1238 2870 omniapeccata
1261 2801 1663 2873 mea(Psal.2L
1690 2806 1771 2861 19.
1794 2807 1879 2877 18)
1896 2825 1910 2875 ;
1925 2816 1978 2863 et
2004 2823 2198 2866 rursus

616 2896 775 2956 alius,
806 2892 1016 2947 Domine
1046 2892 1177 2946 Deus
1208 2905 1398 2960 noster,
1430 2914 1601 2954 narem
1631 2899 1697 2951 da
1726 2900 1868 2955 nobis
1903 2916 1920 2955 :
1946 2917 2062 2955 nam
2089 2918 2203 2953 om-

623 2992 710 3047 nia
747 2991 1007 3047 reddidisti
1050 2991 1193 3045 nobis
1218 2991 1236 3060 (
1258 2988 1385 3044 Isai.
1422 2988 1509 3045 26.
1546 2989 1673 3059 12).
1704 2990 1807 3045 Sed
1842 2992 1953 3045 haec
1987 2989 2200 3061 quidem

624 3094 748 3141 sunt
771 3084 1101 3139 ostendentis
1133 3083 1300 3136 bonos
1324 3081 1410 3136 hic
1430 3095 1616 3151 poenas
1639 3082 1783 3137 luere
1812 3095 1909 3151 pro
1930 3080 2161 3152 peccatis
2185 3098 2199 3136 :

623 3176 765 3249 quod
790 3187 968 3232 autem
1009 3175 1135 3231 mali
1175 3173 1385 3245 plurimi
1427 3172 1514 3228 hic
1559 3173 2058 3243 accipientes'bona
2098 3172 2204 3227 illic

625 3269 859 3340 perfecte
891 3268 1194 3337 puniantur,
1227 3265 1351 3320 audi
1395 3264 1662 3319 Abraham
1703 3264 1968 3319 dicentem
1995 3262 2150 3318 diviti
2185 3278 2201 3317 :

625 3362 875 3432 Recepisti
903 3361 1030 3415 bona
1057 3370 1142 3413 tua
1168 3360 1220 3412 in
1245 3361 1345 3411 vita
1370 3368 1476 3423 tua,
1499 3366 1545 3411 et
1568 3355 1792 3409 Lazarus
1817 3356 2046 3409 similiter
2066 3354 2204 3408 mala

620 3455 637 3523 (
677 3454 802 3507 Luc.
837 3453 925 3508 16.
958 3451 1028 3507 25
1058 3452 1095 3521 ).
1131 3450 1387 3519 Quainam
1442 3448 1616 3502 bona?
1648 3447 1839 3501 Dicens
1908 3446 2202 3508 hic,Rece-

570 3605 573 3607 Α
629 3548 765 3614 pisti,
798 3562 904 3601 non
936 3554 1132 3608 autem,
1160 3541 1448 3610 Accepisti,
1472 3540 1703 3594 ostendit
1729 3548 2013 3608 utrumque
2041 3537 2205 3593 fuisse

623 3638 873 3693 alieetum
897 3651 991 3707 pro
1011 3634 1211 3701 debito,
1236 3643 1289 3688 et
1311 3633 1458 3688 illum
1484 3630 1569 3686 cui
1590 3629 1806 3686 fuerunt
1827 3646 1911 3686 res
1934 3629 2201 3695 secundm,

626 3740 679 3784 et
712 3731 850 3784 hunc
882 3729 966 3783 cui
996 3728 1269 3790 adversm;
1300 3734 1354 3781 et
1380 3725 1510 3780 dicit
1540 3742 1554 3780 :
1587 3724 1873 3794 Propterea
1906 3723 2005 3777 Hic
2029 3739 2207 3777 conso-

626 3815 862 3876 l'ationem
893 3820 974 3873 hic
998 3820 1179 3889 accipit
1208 3834 1227 3873 :
1251 3817 1401 3872 vides
1428 3817 1569 3871 enim
1597 3830 1717 3871 eum
1748 3830 1868 3870 esse
1896 3815 2149 3869 mundum
2175 3829 2206 3868 a

626 3912 887 3984 peccatis;
916 3921 969 3965 tu
991 3928 1104 3965 vero
1132 3910 1393 3964 cruciaris.
1417 3908 1492 3963 Ne
1515 3924 1643 3979 ergo
1669 3907 1846 3962 tristes
1873 3906 2061 3971 simus,
2084 3921 2205 3961 cum

627 4007 917 4061 viderimus
943 4013 1251 4073 peccatores
1280 4001 1367 4056 hic
1387 4001 1542 4056 bonis
1561 4000 1703 4054 afﬁci
1725 4017 1739 4063 ;
1763 3999 1855 4054 sed
1877 3999 2086 4070 quando
2111 4013 2206 4054 nos

627 4097 728 4166 ipsi
758 4097 894 4151 male
924 4095 1174 4164 patimur,
1205 4093 1447 4147 laetemur
1474 4109 1487 4145 :
1521 4108 1581 4147 ea
1610 4091 1751 4146 enim
1782 4107 1867 4145 res
1894 4101 1977 4146 est
2017 4106 2205 4157 pecca-

602 4201 801 4242 atorum
851 4184 1133 4241 exsolutio.
1183 4183 1258 4239 Ne
1301 4198 1601 4256 quaeramus
1665 4182 1895 4253 quietem
1926 4181 2207 4237 :Christus

626 4283 768 4336 enim
797 4280 1139 4334 afﬂictiouem
1178 4277 1419 4347 promisit
1447 4276 1559 4331 suis
1588 4275 1864 4345 discipulis
1894 4293 1906 4329 :
1934 4286 1987 4331 et
2016 4274 2208 4329 Paulus

626 4373 777 4434 dicit,
808 4371 994 4425 Omnes
1016 4371 1100 4438 qui
1128 4371 1207 4439 pie
1234 4369 1404 4423 volunt
1428 4368 1592 4421 vivere
1618 4369 1671 4421 in
1701 4367 1900 4421 Christo
1923 4366 2069 4431 Jesu,
2095 4383 2208 4436 per-

628 4465 967 4535 sequutiouem
999 4462 1254 4532 patientur
1288 4459 1373 4531 (2.
1407 4458 1542 4513 Tim.
1583 4459 1635 4513 '5.
1671 4460 1792 4529 12).
1836 4459 2017 4513 Nullus
2056 4457 2209 4513 fortis

627 4559 825 4613 athleta
857 4558 908 4611 in
939 4555 1233 4611 certamine
1262 4552 1453 4623 qumrit
1484 4554 1690 4609 lavacra
1712 4595 1728 4619 ,
1758 4563 1811 4608 ct
1846 4568 2083 4607 mensam
2115 4567 2205 4607 re-

630 4653 822 4722 pletam
854 4649 986 4705 cibis
1011 4658 1064 4702 et
1100 4647 1225 4702 vino
1256 4664 1270 4700 :
1305 4644 1407 4700 hoc
1434 4660 1540 4700 non
1582 4655 1663 4700 est
1692 4644 1908 4699 athleta:
1928 4687 1943 4710 ,
1986 4644 2078 4699 sed
2106 4644 2208 4700 viri

628 4746 801 4800 mullis
827 4753 879 4798 et
904 4741 1193 4797 ell'eminati
1222 4758 1234 4794 :
1271 4755 1391 4794 nam
1419 4738 1618 4793 athleta
1650 4746 1848 4807 pugnat
1876 4751 1996 4792 cum
2027 4736 2210 4806 pulve-

626 4854 706 4899 re,
735 4837 878 4899 olco,
910 4834 1086 4889 calore
1112 4831 1267 4894 radii.
1300 4846 1422 4885 cum
1457 4830 1623 4884 multo
1650 4829 1865 4896 sudore,
1895 4827 2204 4894 afﬂictione,

628 4940 681 4985 et
722 4928 957 5000 angustia
997 4926 1323 4981 certaminis.
1372 4924 1483 4979 lloc
1525 4932 1606 4978 est
1652 4932 1861 4993 tempus
1901 4918 2207 4991 pugnandi;

629 5037 757 5094 ergo
784 5032 837 5076 et
864 5021 1082 5074 vulnera
1111 5020 1426 5085 accipiendi,
1457 5028 1511 5073 et
1538 5019 1849 5088 sanguinem
1880 5015 2209 5082 eti‘uudendi,

630 5128 681 5170 et
708 5112 942 5169 dolendi.
972 5111 1107 5165 Audi
1129 5111 1252 5180 quid
1272 5110 1415 5164 dicat
1443 5112 1628 5166 beatus
1650 5111 1842 5165 Paulus
1867 5128 1879 5163 :
1906 5109 1995 5165 Sic
2017 5127 2208 5180 pugno,

631 5224 729 5260 non
762 5216 1015 5273 tamquam
1045 5219 1210 5256 aerem
1237 5203 1497 5256 verberans
1528 5203 1600 5272 (1.
1632 5200 1747 5257 Cor.
1777 5202 1828 5256 9.
1861 5202 1973 5269 26).
2018 5200 2216 5256 Existi-

633 5313 839 5353 mcmns
886 5304 1050 5350 totam
1084 5293 1244 5349 vitam
1285 5310 1404 5349 esse
1433 5295 1499 5349 ad
1528 5307 1797 5349 certamen
1832 5295 2204 5360 c0ustitutam,

624 5390 678 5434 et
708 5395 994 5451 numquam
1025 5396 1326 5451 quaeremus
1357 5381 1621 5452 requiem,
1652 5397 1962 5455 numquam,
1993 5387 2041 5441 si
2069 5386 2207 5441 affli-

623 5486 831 5539 gamnr,
861 5472 1059 5541 aliquid
1090 5473 1211 5528 novi
1238 5480 1295 5528 et
1322 5472 1481 5528 alieni
1513 5474 1667 5528 nobis
1693 5474 1952 5531 accidisse
1991 5478 2201 5546 putabi-

626 5580 740 5619 mus
767 5582 779 5619 :
805 5564 1067 5634 siquidem
1096 5581 1268 5635 neque
1297 5565 1439 5636 pugil
1466 5566 1662 5636 aliquid
1694 5568 1813 5621 nmi
1839 5578 1892 5621 ct
1921 5568 2079 5625 alieni
2103 5569 2204 5624 sibi

624 5666 773 5726 putat
814 5655 1071 5711 accidisse
1092 5698 1106 5724 ,
1136 5658 1350 5727 quando
1376 5668 1457 5713 est
1499 5656 1567 5712 in,
1583 5659 1892 5714 certamine.
1939 5659 2095 5714 Aliud
2125 5670 2205 5715 est

626 5758 833 5819 tempus
860 5748 1053 5821 quietis
1085 5769 1095 5803 :
1127 5766 1222 5822 per
1247 5750 1589 5808 afﬂictianem
1623 5768 1718 5807 nos
1759 5762 1968 5824 oportet
1998 5752 2201 5824 perfici.

2288 434 2509 491 Etiamsi
2542 450 2648 489 non
2676 434 2747 490 sit
2771 433 3137 511 persequutio,
3158 446 3258 489 nec
3281 431 3524 499 afllictio,
3541 442 3660 490 sunt
3682 442 3830 492 tamen

2287 526 2405 579 alia:
2428 525 2767 592 aiﬂictiunes,
2795 541 2913 595 qua:
2937 524 3091 579 nobis
3115 524 3352 596 quotidie
3373 524 3624 579 accidunt
3644 542 3658 583 :
3680 526 3722 582 si
3739 526 3833 584 lia‘c

2287 631 2464 674 autem
2494 635 2597 674 non
2627 619 2868 679 ferimus.
2900 620 2987 675 vix
3027 620 3145 674 illas
3175 618 3474 675 tulerimus.
3505 618 3742 686 Tentatio,
3765 622 3833 676 in-

2287 711 2432 780 quit,
2466 727 2552 765 vos
2578 727 2679 765 non
2707 712 3089 781 apprehendat,
3129 710 3227 764 nisi
3266 710 3490 764 humana
3518 710 3601 780 (1.
3629 710 3739 766 Cor.
3762 714 3833 770 10.

2293 803 2405 871 15).
2431 802 2597 857 Deum
2625 818 2754 871 ergo
2779 818 3016 867 oremus,
3041 818 3107 857 ne
3128 802 3387 857 intremus
3410 804 3463 857 in
3487 804 3834 861 tentationein:

2289 892 2371 946 sin
2414 900 2589 946 autem
2634 890 3008 948 intraverimus
3033 934 3049 959 ,
3083 892 3204 946 forti
3241 892 3419 947 animo
3454 892 3699 949 feramus.
3729 894 3836 953 Nam

2292 983 2419 1039 illud
2451 984 2663 1054 quidem
2691 996 2774 1039 est
2802 985 3037 1039 virorum
3065 984 3364 1054 sapientum
3395 994 3451 1039 et
3476 986 3837 1043 moderatur-um

2292 1090 2351 1129 se
2382 1076 2432 1128 in
2466 1074 2698 1144 pericula
2729 1090 2835 1128 non
2866 1085 3069 1130 temere
3108 1073 3365 1143 injicere;
3403 1074 3509 1129 hoc
3546 1084 3714 1130 autem
3750 1077 3839 1131 for-

2295 1168 2425 1221 tium
2453 1176 2508 1221 et
2537 1166 2998 1236 philosophorum,
3033 1164 3259 1220 ﬁrmiter
3290 1176 3456 1229 stare,
3486 1167 3529 1219 si
3562 1167 3839 1225 incidamus.

2295 1258 2476 1327 Neque
2505 1252 2631 1328 ergo
2658 1272 2756 1312 nos
2784 1266 2985 1312 temere
3010 1256 3391 1328 projiciamus;
3422 1267 3508 1310 est
3536 1256 3674 1312 enim
3705 1260 3842 1313 auda-

2295 1353 2392 1408 cia:
2418 1361 2471 1408 ct
2498 1350 2816 1407 temeritatis
2848 1369 2861 1407 :
2894 1366 3067 1423 neque
3092 1351 3138 1405 si
3167 1351 3446 1414 ducamur,
3476 1365 3575 1406 nos
3600 1354 3746 1407 rebus
3771 1369 3844 1408 vo~

2296 1446 2541 1501 cantibus
2567 1446 2817 1500 cedamus
2842 1460 2857 1511 ;
2889 1455 2972 1501 est
2996 1446 3137 1499 enim
3167 1444 3500 1510 timiditatis;
3531 1444 3623 1499 sed
3650 1446 3691 1499 si
3721 1458 3844 1501 vocet

2298 1537 2511 1608 quidem
2559 1536 2863 1606 prmdicatio
2883 1576 2898 1600 ,
2937 1552 3043 1591 non
3074 1551 3416 1600 recusemus;
3448 1535 3495 1590 si
3522 1550 3646 1590 vero
3676 1552 3768 1590 non
3790 1538 3845 1590 sit

2299 1647 2482 1696 causa,
2507 1645 2604 1685 nec
2625 1646 2754 1685 usus
2782 1630 3035 1700 postulet,
3064 1645 3162 1686 nec
3188 1630 3483 1684 necessitas
3504 1629 3845 1684 convenienter

2301 1723 2484 1793 pietati
2508 1738 2606 1777 nos
2627 1732 2800 1785 Vncet,
2834 1740 2939 1777 non
2974 1734 3175 1778 temere
3206 1738 3585 1793 procurramus
3609 1738 3623 1787 ;
3649 1738 3705 1777 ea
3730 1726 3844 1777 enim

2303 1828 2389 1868 res
2414 1820 2498 1868 est
2522 1814 2808 1868 ostentatio
2827 1854 2843 1881 ,
2875 1822 2928 1868 et
2955 1814 3128 1868 inanis
3152 1829 3214 1868 ac
3239 1826 3638 1884 superVaeanea
3664 1812 3848 1867 honoris

2302 1905 2578 1975 appetitio.
2606 1906 2714 1961 ~Sin
2761 1914 2937 1961 autem
2985 1905 3256 1976 quidpiam
3298 1906 3499 1962 factum
3544 1904 3696 1962 fuerit
3732 1909 3846 1976 quod

2306 1998 2461 2053 lzedat
2483 2000 2752 2069 pietatem,
2783 1998 2991 2054 etiamsi
3012 2007 3257 2068 oporteat
3284 1998 3432 2053 mille
3458 2006 3656 2054 mortes
3677 1998 3848 2062 subire,

2308 2092 2440 2147 nihil
2472 2108 2800 2148 recusemus.
2827 2093 2903 2149 Ne
2932 2108 3189 2163 provoces
3220 2094 3573 2157 tentationes,
3601 2092 3643 2147 si
3669 2108 3725 2147 ex
3750 2103 3848 2147 vota

2309 2184 2402 2238 tibi
2432 2184 2683 2253 procedat
2716 2185 2884 2254 pietas
2915 2205 2927 2240 :
2951 2200 3048 2239 cur
3072 2199 3471 2254 supervacanea
3500 2183 3715 2241 attrahis
3741 2186 3850 2255 peri-

2312 2278 2452 2344 cula,
2480 2293 2598 2345 qua:
2626 2278 2759 2332 lucri
2790 2276 2918 2331 nihil
2944 2276 3212 2332 afferunt?
3546 2337 3551 2345 ,

2374 2364 2430 2421 5.
2464 2360 2567 2416 Pro
2592 2362 2776 2430 pietate
2804 2355 2972 2432 omnia
3002 2353 3340 2421 suscipienda.
3367 2379 3439 2389 ——
3466 2349 3591 2405 Haec
3614 2346 3725 2402 dico
3743 2386 3756 2409 ,
3779 2359 3848 2398 vo-

2304 2457 2421 2511 lens
2463 2466 2560 2508 vos
2601 2464 2817 2506 servare
2864 2447 3007 2516 leges
3048 2442 3281 2506 Christi,
3313 2441 3405 2511 qui
3444 2440 3595 2509 jubet
3629 2451 3764 2492 orare
3796 2450 3847 2489 ne

2304 2546 2515 2602 intretis
2544 2545 2598 2599 in
2628 2541 2975 2597 tentationcm
3001 2578 3016 2604 ,
3058 2545 3111 2589 et
3149 2534 3299 2604 jubet
3332 2541 3551 2602 accepta
3582 2544 3727 2585 cruce
3752 2543 3846 2581 cunt

2306 2639 2476 2711 sequi.
2500 2637 2627 2693 Hmc
2646 2635 2843 2704 quippe
2866 2646 2971 2685 non
3001 2637 3123 2683 sunt
3148 2623 3437 2691 contraria,
3470 2622 3564 2679 sed
3589 2620 3729 2676 valde
3747 2635 3850 2675 con-

2306 2739 2501 2801 gruunt
2523 2743 2585 2781 ac
2605 2725 2945 2781 conveniunt.
2976 2721 3106 2776 Nam
3132 2730 3184 2774 tu
3213 2718 3457 2789 quidem,
3481 2731 3598 2771 cum
3622 2724 3846 2782 tamquam

2307 2822 2463 2878 miles
2490 2818 2644 2874 fortis
2669 2826 2721 2872 te
2755 2814 2959 2887 pararis
2984 2823 3039 2868 et
3065 2810 3413 2873 instruxeris,
3447 2817 3566 2862 esto
3595 2804 3784 2860 assidue
3806 2802 3845 2857 in

2307 2915 2493 2978 armis,
2521 2910 2754 2975 sobrius,
2785 2907 3030 2977 vigilans,
3063 2904 3268 2958 hostem
3300 2915 3515 2969 semper
3542 2906 3846 2967 exspectans;

2307 3004 2448 3061 bella
2473 3012 2653 3057 autem
2682 3015 2748 3055 ne
2779 3011 3027 3069 procrees
3061 3013 3073 3049 :
3107 2993 3211 3048 huc
3247 2993 3388 3048 enim
3423 3007 3531 3045 non
3563 2998 3640 3044 est
3666 2986 3845 3047 militis,

2308 3097 2401 3154 sed
2429 3095 2690 3151 seditiosi.
2716 3093 2809 3148 Sin
2836 3100 3013 3145 autem
3042 3097 3093 3144 te
3114 3086 3318 3141 vocarit
3339 3086 3465 3140 tuba
3495 3082 3711 3154 pietatis,
3736 3080 3846 3134 illico

2307 3187 2565 3259 egredere
2588 3227 2603 3252 ,
2632 3194 2685 3240 et
2722 3184 2953 3237 animam
2984 3179 3200 3249 despice
3219 3220 3234 3245 ,
3262 3186 3318 3233 et
3343 3191 3471 3229 eum
3512 3188 3689 3243 magna
3716 3168 3845 3259 animi

2304 3258 2578 3334 alacritate
2608 3273 2899 3331 certamina
2933 3270 3222 3341 aggredere
3241 3309 3254 3332 ,
3299 3264 3568 3337 perfringe
3596 3262 3745 3316 aciem
3769 3258 3845 3313 ad-

2304 3370 2705 3434 versariorum,
2754 3365 2951 3421 diaboli
3005 3358 3207 3417 vultum
3258 3358 3589 3424 conscinde,
3633 3366 3844 3425 tmpequ

2306 3464 2473 3534 erige.
2518 3461 2612 3516 Sin
2656 3471 2832 3513 autem
2879 3455 3009 3510 nihil
3053 3454 3274 3508 laedatur
3309 3452 3515 3521 pietas,
3544 3462 3705 3518 neque
3728 3443 3843 3534 quis-

2305 3532 2465 3627 quam
2496 3561 2678 3607 nostra
2706 3546 2991 3602 iabcfactet
3016 3544 3281 3617 dogmata,
3312 3540 3479 3611 quod,
3510 3541 3727 3609 inquam,
3752 3532 3847 3587 atti-

2307 3655 2400 3702 net
2431 3643 2500 3700 ad
2542 3643 2805 3706 animam,
2848 3652 3021 3707 neque
3046 3636 3333 3706 quidquam
3374 3631 3586 3702 cogaris
3624 3628 3775 3682 facere
3796 3639 3843 3675 ex

2305 3736 2374 3794 iis
2399 3751 2517 3805 qua:
2545 3734 2653 3787 Deo
2679 3748 2783 3785 non
2807 3730 3037 3801 placent,
3071 3741 3140 3780 ne
3167 3736 3595 3794 supervacaneus
3632 3718 3691 3773 sit
3730 3714 3846 3770 labor

2307 3839 2450 3885 tuus.
2477 3825 2701 3897 Oportet
2725 3820 3017 3879 Christiani
3046 3820 3204 3874 vitam
3232 3832 3352 3872 esse
3380 3816 3590 3886 plenam
3613 3809 3843 3881 sanguine,

2305 3923 2585 3994 sanguine,
2615 3922 2853 3990 inquam,
2884 3931 2988 3969 non
3015 3915 3065 3968 in
3096 3910 3366 3967 lutulendo
3395 3910 3589 3971 alieno,
3619 3905 3701 3960 sed
3730 3904 3771 3955 in
3796 3914 3846 3953 eo

2305 4016 2446 4087 quod
2491 4015 2564 4068 sis
2610 4021 2827 4083 paratus
2871 4018 3016 4062 tuum
3057 4004 3353 4061 effundere.
3398 4000 3533 4055 Cum
3582 4006 3712 4053 tanta
3747 4008 3845 4062 ergo

2305 4106 2471 4162 animi
2524 4104 2796 4159 alacritate
2843 4099 3115 4171 proprium
3163 4093 3476 4163 sanguinem
3526 4088 3843 4144 clinndamus,

2305 4196 2520 4269 quando
2551 4195 2653 4247 huc
2679 4193 2837 4246 fuerit
2866 4204 2959 4260 pro
2988 4186 3221 4249 Christo,
3249 4199 3370 4238 cum
3392 4190 3587 4253 quanta
3613 4179 3843 4249 quisquam

2304 4268 2497 4359 aquam
2524 4283 2776 4340 ell‘nderit
2802 4280 3022 4351 (ctenim
3058 4292 3192 4346 aqua
3222 4286 3305 4329 est
3336 4272 3551 4342 sanguis
3580 4268 3662 4339 qui
3690 4277 3845 4332 corpus

2306 4376 2674 4447 circumﬂuit),
2702 4386 2756 4431 et
2780 4390 2900 4429 cum
2926 4383 3066 4426 tanta
3096 4368 3346 4423 facilitate
3372 4380 3586 4419 carnem
3610 4370 3844 4415 cxuanuts,

2306 4488 2428 4527 eum
2468 4479 2663 4541 quanta
2708 4476 2930 4523 vestem.
2980 4464 3091 4517 lloc
3132 4471 3309 4514 autem
3340 4458 3443 4512 erit
3465 4498 3480 4521 ,
3512 4456 3553 4508 si
3587 4467 3684 4506 nun
3714 4449 3847 4503 simus

2306 4564 2503 4635 alligati
2538 4561 2796 4632 pecuniis,
2826 4557 2871 4611 si
2904 4571 3008 4611 non
3036 4554 3371 4609 detineantur
3396 4547 3465 4602 ab
3495 4546 3705 4607 aedibus,
3729 4558 3753 4635 ει
3777 4552 3847 4589 \‘0-

2307 4632 2545 4729 lupiatc,
2584 4671 2614 4711 a
2656 4652 3007 4724 praesentibus
3047 4647 3316 4703 omnibus.
3356 4643 3411 4698 Si
3450 4641 3591 4697 enim
3625 4636 3705 4707 qui
3739 4632 3847 4686 hanc

2309 4751 2472 4803 vitam
2500 4748 2701 4818 degunt
2726 4743 3037 4806 militarem,
3068 4738 3319 4793 omnibus
3349 4733 3671 4795 renuntiant,
3698 4734 3846 4820 etquo

2310 4843 2507 4898 bellum
2534 4838 2807 4894 vocaverit
2837 4835 2946 4889 illic
2970 4832 3165 4891 adsunt
3192 4839 3245 4883 et
3280 4830 3381 4882 iter
3408 4827 3617 4884 ineunt,
3640 4831 3688 4875 et
3714 4818 3844 4868 alam

2306 4937 2485 4990 animo
2513 4931 2689 4987 omnia
2722 4930 2949 4983 tolerant
2980 4944 2992 4977 τ
3022 4923 3188 4977 multo
3217 4920 3385 4990 magis
3414 4933 3510 4971 nos
3534 4958 3549 4982 ,
3579 4914 3659 4984 qui
3697 4918 3845 4963 sumus

2306 5026 2502 5084 Christi
2534 5024 2749 5081 milites,
2782 5022 2849 5074 ita
2881 5027 3092 5088 paratas
3121 5024 3175 5070 et
3202 5015 3488 5067 instructos
3513 5023 3626 5063 esse
3650 5004 3842 5071 oporlcl.

2306 5128 2359 5175 et
2386 5120 2553 5173 aciem
2585 5124 2792 5169 struere
2830 5111 3087 5165 adversus
3125 5106 3319 5159 bellum
3358 5102 3622 5157 vitiorum.
3662 5094 3759 5147 Non
3782 5094 3845 5140 est

2307 5226 2445 5265 nunc
2488 5203 2862 5278 ρυιυςιηιιιιείο,
2906 5211 2959 5255 ct
2989 5199 3128 5252 absit
3163 5205 3221 5250 ut
3259 5196 3329 5249 sit
3372 5203 3646 5262 umquam;
3676 5181 3843 5278 εθξίξδί

2307 5301 2448 5356 aliud
2474 5272 2690 5363 bellum,
2714 5292 3016 5364 cupiditatis
3042 5287 3405 5359 pecuniarum,
3431 5283 3625 5338 bellum
3651 5272 3840 5330 invidi-1'.

2306 5394 2505 5449 bellum
2555 5392 2776 5444 aliarum
2823 5383 2985 5438 animi
3031 5380 3506 5450 perturbationum.
3546 5374 3650 5426 Hoc
3682 5365 3838 5419 bellum

2308 5494 2533 5534 narrans
2560 5476 2688 5530 dicit
2713 5472 2908 5528 Paulus
2933 5487 2945 5522 :
2975 5466 3091 5521 Non
3124 5476 3193 5519 est
3225 5463 3369 5517 nobis
3392 5456 3668 5516 colluctatio
3696 5461 3840 5502 auter-

2306 5589 2390 5626 sus
2417 5584 2617 5623 carnem
2644 5575 2689 5619 et
2721 5561 3015 5632 sanguinem
3045 5555 3258 5629 (Ephes.
3290 5554 3342 5608 6.
3381 5552 3466 5607 1Ξ.
3498 5548 3604 5615 ii).
3631 5543 3727 5597 Hoc
3751 5534 3839 5591 bt‘l-

2311 5662 2418 5716 lum
2450 5672 2663 5728 semper
2706 5655 2887 5709 instat.
2933 5651 3221 5719 Propterea
3251 5645 3362 5697 vult
3394 5658 3489 5697 nos
3516 5651 3649 5694 stare
3674 5638 3841 5728 εςιιιιιει

2313 5723 2586 5811 armatos;
2622 5750 2764 5807 State
2804 5761 2951 5817 ergo,
2982 5740 3188 5812 inquit,
3220 5735 3462 5794 succincti
3492 5749 3507 5788 :
3534 5726 3664 5802 quod
3705 5723 3845 5791 ίρδυω
