4064 6580
261 412 320 473 Μ
1117 412 1186 471 IN
1223 412 1441 470 EPiST.
1473 413 1564 468 AD
1599 410 1966 469 "EBREOS.
2005 411 2157 468 CAP.
2198 412 2283 470 Ill.
2319 413 2554 473 1105111..
2585 413 2653 474 ν.

260 523 609 591 πλουτοῦντα,
631 524 712 599 μὴ
737 528 1177 601 καταπίπτωμεν
1197 550 1210 565 ⁸
1232 535 1362 589 ὅταν
1394 535 1595 607 ῐδωμεν
1625 535 1831 603 ἀγαθὸν

259 610 434 674 κακῶς
462 613 769 682 πάσχοντα,
798 613 875 685 μὴ
915 614 1276 686 θορυϐὠμεθα
1295 635 1311 651 ⁸
1346 621 1465 672 ἐκεῖ
1488 621 1598 690 γάρ
1631 621 1681 672 οἰ
1710 619 1835 673 στέ-

258 709 427 759 φανοι,
456 696 577 747 ἐκεῖ
600 696 698 748 καὶ
726 696 784 749 αἰ
814 696 1086 760 κολάσεις.
1112 701 1223 753 Καὶ
1249 700 1425 764 ἄλλως
1456 701 1514 754 δὲ
1545 701 1647 755 οὐκ
1683 699 1833 754 ἐστιν

258 774 369 828 οὐτε
412 778 512 830 τὸν
562 778 757 846 κακὸν,
789 779 967 851 πάντῃ
999 776 1143 834 εἶναι
1184 785 1359 837 κακον
1404 784 1522 838 ἀλλ’
1548 784 1667 838 ἔστι
1706 783 1833 838 τινά

254 859 389 929 ἔχειν
413 863 585 916 αὐτὸν
613 863 708 917 καὶ
735 863 917 931 ἀγαθά
937 880 952 895 ⁸
985 862 1109 918 οὐτε
1140 866 1234 920 τὸν
1261 869 1465 936 ἀγαθὸν
1491 869 1669 943 πάντῃ
1690 863 1830 922 εἶναι

255 943 470 1023 ἀγαθὸν,
524 944 642 1000 ἀλλ’
682 945 834 1017 ἔχειν
890 948 1014 1001 τινὰ
1063 949 1159 1003 καὶ
1222 951 1620 1023 ἁμαρτήματα.
1659 951 1830 1004 Ὅταν

253 1022 339 1080 οὖν
369 1028 628 1100 εὐπραγῇ
663 1029 691 1081 ὀ
718 1030 977 1100 πονηρὸς,
1005 1030 1116 1084 ῐσθι
1156 1033 1239 1085 ὅτι
1261 1022 1354 1086 ἐπ).
1387 1022 1547 1105 κακῷ
1575 1034 1674 1104 τῆς
1698 1034 1825 1086 tau-

253 1109 340 1163 τοῦ
377 1110 662 1182 κεφαλῆς⁸
696 1112 783 1165 ἵνα
816 1114 930 1185 γὰρ
953 1114 1182 1168 ἐκείνων
1207 1115 1315 1170 τῶν
1356 1116 1554 1185 ὀλίγων
1604 1116 1829 1184 ἀγαθῶν

253 1192 343 1263 τὴν
371 1193 651 1248 ἀντίδοσιν
700 1195 941 1250 ἐνταῦθα
982 1195 1188 1265 λαϐὼν,
1238 1199 1360 1252 ἐκεῖ
1402 1199 1595 1253 λοιπὸν
1642 1198 1828 1253 τέλεον

254 1274 561 1344 κολάζηται,
595 1277 786 1330 τούτου
819 1279 982 1349 χάριν
1017 1278 1256 1334 ἐνταῦθα
1282 1282 1683 1352 ἀπολαμϐάνει.
1720 1282 1828 1335 Καὶ

256 1359 517 1428 μακάριος
547 1362 760 1424 ἐκεῖνος
784 1362 1023 1431 μάλιστά
1061 1364 1212 1415 ἐστιν
1253 1366 1282 1417 6
1334 1365 1573 1419 ἐνταῦθα
1602 1364 1827 1431 κολαζό-

257 1456 425 1508 μενος,
458 1442 546 1494 ἵνα
577 1443 758 1495 πάντα
786 1445 1126 1515 ἀποθέμενος
1156 1446 1224 1500 τά
1253 1448 1651 1520 ἁμαρτήματα,
1684 1449 1828 1503 εὐδό·

256 1540 404 1591 κιμος
436 1525 535 1576 καὶ
575 1525 819 1594 καθαρὸς
838 1528 996 1601 ἀπίῃ.
1029 1530 1125 1582 καὶ
1160 1528 1474 1593 ἀνεύθυνος.
1526 1532 1634 1584 Καὶ
1667 1530 1826 1584 τοῦτο

253 1604 510 1659 διδάσκων
537 1609 689 1677 ἡμᾶς
723 1610 752 1661 6
782 1609 1014 1673 Παῦλος,
1041 1611 1175 1682 φησί
1196 1627 1209 1641 ⁸
1234 1611 1339 1665 Διά
1382 1613 1560 1667 τοῦτο
1588 1614 1660 1668 ἐν
1682 1614 1827 1684 ὑμῖν

254 1690 459 1742 πολλοὶ
513 1691 799 1757 ἀσθενεῖς
838 1692 940 1747 καί
987 1693 1312 1762 ἄρρωστοι,
1353 1697 1452 1751 καί
1502 1696 1823 1767 κοιμῶνται

256 1773 440 1824 ἱκανοί
463 1787 481 1803 ⁸
523 1775 619 1827 καὶ
664 1774 851 1839 πάλιν,
905 1775 1212 1844 Παράδοτε
1268 1777 1379 1831 τὸν
1431 1781 1704 1835 τοιοῦτον
1741 1779 1824 1847 τῷ

256 1853 479 1921 Σατανᾷ
512 1859 603 1923 εις
640 1859 894 1926 ὄλεθρον
915 1858 1025 1932 τῆς
1052 1862 1302 1929 σαρκὸς,
1341 1864 1444 1917 ἵνα
1481 1865 1546 1918 τό
1585 1864 1825 1933 πνεῦμα

259 1935 408 2004 σωθῇ
436 1937 513 1989 ὲν
545 1937 620 2005 τῇ
650 1937 842 2007 ἡμέρᾳ
869 1938 1094 2007 ἐκείνῃ.
1122 1942 1234 2001 Καὶ
1262 1944 1290 1994 6
1321 1944 1610 2013 προφήτης
1634 1946 1821 2014 φησὶν,

257 2020 326 2072 ὅτι
374 2020 656 2085 Ἐδέξατο
672 2023 739 2074 ἐκ
763 2022 963 2091 χειρὸς
995 2027 1217 2092 Κυρίου
1256 2025 1444 2080 διπλᾶ
1465 2027 1538 2079 τὰ
1566 2027 1825 2097 ἁμαρτή-

254 2121 393 2172 ματα
413 2119 426 2133 ⁸
464 2105 563 2157 καὶ
595 2104 759 2160 πάλιν
790 2106 820 2159 6
844 2105 1030 2172 Δαυῒδ,
1062 2107 1187 2162 Ἴδε
1218 2109 1359 2175 τοὺς
1386 2109 1641 2179 ἐχθρούς
1667 2129 1821 2181 μου,

259 2186 333 2240 ότι
352 2188 830 2257 ἐπληθύνθησαν
849 2188 1002 2258 ὑπὲρ
1033 2190 1137 2257 τὰς
1164 2192 1373 2261 τρίχας
1399 2192 1511 2261 τῆς
1548 2194 1826 2263 κεφαλῆς

253 2290 375 2341 μου,
410 2275 512 2327 καὶ
556 2274 744 2344 μῖσος
789 2275 1005 2330 ἄδικον
1061 2276 1371 2346 ἐμίσησάν
1408 2296 1505 2348 με,
1538 2280 1640 2334 καί
1673 2280 1823 2349 ἄφες

256 2357 441 2424 πάσας
469 2358 580 2423 τὰς
600 2360 894 2429 ἁμαρτίας
923 2378 1045 2430 μου
1066 2377 1080 2391 ⁸
1104 2364 1200 2417 καὶ
1226 2362 1391 2417 πάλιν
1413 2364 1621 2435 ἕτερος,
1645 2365 1824 2433 Κύριε

256 2442 285 2493 δ
314 2442 449 2509 Θεὸς
471 2442 669 2511 ἡμῶν,
698 2444 952 2512 εἰρήνην
974 2444 1081 2511 δὸς
1112 2447 1287 2515 ἡμῖν·
1343 2445 1543 2501 πάντα
1575 2448 1687 2518 γὰρ
1711 2450 1825 2503 (L1-

258 2520 463 2591 ἔδωκας
492 2525 611 2598 [58]
642 2526 810 2596 ἡμῖν.
830 2526 1011 2580 κἈλλά
1036 2527 1210 2582 ταῦτα
1250 2529 1350 2600 μὲν
1367 2529 1673 2595 δεικνύντος
1703 2531 1823 2586 ἐστὶ

256 2610 367 2669 τοῦς
417 2610 626 2673 καλοὺς
680 2610 779 2674 τάς
841 2611 986 2684 ὑπὲρ
1025 2613 1135 2665 τῶν
1189 2614 1612 2685 ἁμαρτημάτων
1666 2616 1822 2682 δίκας

253 2691 469 2745 ἐνταῦθα
492 2694 981 2764 ἀπολαμϐάνοντας
1006 2712 1020 2726 ⁸
1050 2696 1152 2750 ποῦ
1181 2696 1239 2751 δὲ
1266 2697 1337 2751 τά
1371 2697 1555 2771 ἀγαθά
1577 2700 1626 2753 οἱ
1655 2716 1824 2771 πονη-

258 2779 333 2848 ροὶ
368 2778 853 2848 ἀπολαμϐάνοντες
881 2778 1138 2845 ἐνταῦθα,
1190 2782 1311 2835 ἐκεῖ
1336 2770 1521 2837 τέλεον
1564 2770 1822 2848 κολάζον-

251 2878 365 2928 ται;
396 2863 600 2933 Ἀκουε
619 2862 717 2915 τοῦ
752 2862 1008 2934 Ἀϐραὰμ
1038 2863 1295 2933 λέγοντος
1336 2866 1476 2937 πρὸς
1525 2866 1618 2921 τὸν
1658 2868 1824 2923 πλού-

254 2961 384 2997 σιον·
445 2946 779 3013 Ἀπέλαϐες
830 2947 904 3002 τὰ
946 2947 1139 3018 ἀγαθά
1179 2963 1298 3004 σου
1343 2949 1414 3003 ἐν
1436 2947 1511 3019 τῇ
1536 2951 1651 3021 ζωῇ
1679 2969 1819 3020 σου,

252 3030 338 3082 καί
364 3028 631 3098 Λάζαρος
682 3030 899 3099 ὁμοίως
948 3031 1019 3085 τὰ
1069 3030 1242 3086 κακά.
1302 3031 1461 3104 [Ποῖα
1512 3036 1694 3104 ἀγαθά
1725 3049 1750 3079 α
1776 3037 1818 3111 ;]

261 3113 519 3168 Ἐνταῦθα
544 3114 659 3185 γάρ
712 3113 795 3178 16,
855 3114 1205 3184 Ἀπέλασες,
1254 3115 1390 3171 ἀλλὰ
1457 3118 1550 3191 μὴ,
1606 3120 1819 3189 ἔλαϐες,

254 3198 431 3262 εἰπὼν,
463 3198 714 3251 δείκνυσι
746 3197 895 3251 κατά
939 3199 1163 3271 ὀφειλὴν
1207 3200 1502 3273 ἑκατέρους
1528 3203 1818 3271 παθόντας,

255 3283 443 3335 καὶτὸν
478 3283 583 3354 μὲν
615 3282 673 3334 ἐν
705 3282 1004 3355 εὐπραγίᾳ,
1024 3284 1116 3337 τὸν
1147 3285 1203 3338 δὲ
1238 3286 1295 3339 ἐν
1325 3286 1638 3360 δυσπραγίᾳ
1664 3289 1821 3359 γενόο

258 3382 430 3434 μενον·
463 3367 560 3420 καί
584 3383 738 3437 φησι,
768 3366 857 3421 διὰ
873 3367 1032 3421 τοῦτο
1055 3363 1247 3436 Οὗτος
1268 3370 1529 3424 ἐνταῦθα
1556 3386 1823 3441 παρακα-

261 3450 467 3505 hitur
527 3452 667 3522 ὁρᾷς
697 3451 809 3523 γὰρ
857 3452 1027 3506 αὐτὸν
1064 3452 1307 3527 καθαρὸν
1358 3454 1779 3527 ἁμαρτημάτων
1804 3474 1820 3490 ⁸

260 3535 342 3585 καί
361 3535 443 3588 σὺ
485 3532 810 3588 ὀδυνᾶσαι.
866 3535 960 3606 Μὴ
1000 3534 1182 3590 τοίνυν
1227 3534 1507 3608 ἀλύωμεν,
1550 3539 1680 3593 ὅταν
1729 3540 1823 3593 εὐ·-

260 3618 546 3682 πιιθοῦντας
576 3617 797 3689 ὁρῶμεν
826 3618 1064 3674 ἐνταῦθα
1096 3620 1224 3684 τούς
1261 3621 1652 3693 ἁμαρτωλοὺς,
1702 3623 1822 3677 ἀλλ’

256 3699 370 3753 ὅταν
392 3701 578 3766 κακῶς
611 3702 916 3773 πάσχωμεν
940 3702 1115 3768 αὐτοὶ,
1168 3704 1485 3775 χαίρωμεν⁸
1535 3706 1822 3778 ἁμαρτιῶν

257 3786 353 3855 γάρ
382 3787 496 3839 ἐστι
530 3786 595 3839 16
629 3787 871 3856 πρᾶγμα
905 3784 1116 3851 ἐκτισις
1141 3803 1156 3819 ⁸
1190 3786 1271 3858 μὴ
1318 3788 1576 3860 ζητῶμεν
1599 3790 1819 3846 ἀνεσιν⁸

260 3867 423 3940 θλίψιν
454 3871 563 3943 γάρ
586 3869 959 3938 ἐπηγγείλατο
988 3872 1102 3934 τοῖς
1128 3870 1295 3924 αὐτοῦ
1320 3873 1595 3944 μαθηταῖς
1629 3878 1657 3929 6
1688 3876 1826 3946 Χρι-

262 3954 403 4016 στός·
428 3954 519 4007 καί
548 3971 716 4024 φησιν
748 3956 776 4007 6
806 3953 1037 4016 Παῦλος⁸
1071 3952 1303 4022 Πάντες
1323 3958 1377 4009 οί
1401 3956 1684 4025 θέλοντες
1717 3957 1826 4027 ζῇν

260 4038 504 4104 εὐσεϐῶς
526 4039 596 4093 ἐν
618 4037 851 4107 Χριστῷ
886 4037 1105 4107 Ἰησοῦ,
1137 4037 1604 4109 διωχθήσονται.
1635 4042 1825 4109 Οὐδεὶς

262 4128 487 4190 γενναῖος
520 4122 765 4193 ἀθλητὴς
797 4123 857 4174 ἐν
893 4122 968 4193 τῷ
1003 4123 1291 4193 σκάμματι
1320 4123 1524 4195 λουτρά
1550 4125 1822 4199 ἐπιζητεῖ,

259 4207 348 4259 καὶ
374 4209 648 4278 τράπεζαν
678 4205 997 4279 πλήθουσαν,
1018 4207 1212 4271 σιτίοις
1235 4207 1329 4260 καὶ
1353 4209 1480 4280 οῖνῳ
1506 4226 1518 4238 ⁸
1547 4210 1707 4265 τοῦτο
1724 4213 1826 4267 οὐκ

258 4290 395 4344 ἔστιν
409 4289 666 4361 ἀθλητοῦ,
697 4289 834 4343 ἀλλά
857 4289 1052 4358 βλακός
1072 4307 1085 4320 ⁸
1115 4292 1144 4343 6
1173 4289 1283 4361 γὰρ
1317 4289 1555 4363 ἀθλητὴς
1590 4295 1824 4367 μάχεται

256 4375 413 4438 κόνει,
428 4376 611 4446 ἐλαίῳ,
628 4376 849 4436 ἀκτῖνος
868 4373 925 4425 θε
932 4393 962 4445 ρ
970 4374 1183 4444 μότητι,
1208 4374 1390 4445 ἱδρῶτι
1404 4377 1606 4448 πολλῷ,
1626 4379 1823 4451 θλίψει,

255 4462 343 4513 καὶ
367 4458 697 4529 στενοχωρίᾳ
722 4458 953 4525 ἀγῶνος.
973 4450 1141 4521 Οὗτός
1160 4459 1277 4510 ἐστι
1296 4459 1391 4513 καὶ
1412 4460 1507 4512 τοῦ
1530 4450 1825 4523 πυκτεύειν

252 4542 281 4594 6
306 4544 522 4613 καιρός⁸
548 4541 750 4596 οὐκοῦν
786 4541 883 4594 καὶ
934 4540 1029 4594 τοῦ
1069 4541 1364 4613 τραύματα
1393 4541 1695 4613 λαμϐάνειν
1730 4547 1826 4601 καὶ

252 4626 604 4695 αἰμάττεσθαι
657 4626 753 4679 καὶ
786 4625 993 4693 ἀλγεῖν.
1032 4626 1305 4680 ’Δκουσον
1335 4626 1389 4680 τί
1446 4646 1613 4698 φησιν
1669 4630 1697 4684 6
1722 4650 1827 4703 μα-

250 4710 439 4779 κάριος
460 4708 673 4772 Παῦλος
695 4725 710 4739 ⁸
724 4709 891 4762 Οὕτω
911 4709 1188 4763 πυκτεύω
1207 4708 1287 4776 ὡς
1313 4710 1425 4764 οὐκ
1447 4710 1593 4777 ἀέρα
1615 4711 1822 4781 δέρων.

250 4792 430 4847 Πάντα
458 4793 549 4846 τὸν
581 4792 697 4863 βίον
729 4790 1024 4859 ἐναγώνιον
1072 4790 1213 4844 εἶναι
1240 4791 1580 4863 νομίσωμεν,
1610 4797 1706 4848 καὶ
1734 4798 1825 4851 οὐ-

248 4874 435 4928 δέποτε
463 4876 773 4928 ἀνάπαυσιν
831 4874 1167 4945 ζητήσομεν,
1223 4871 1479 4928 οὐδέποτε
1514 4875 1825 4947 θλιϐόμενοι

252 4955 721 5029 ξεκπαθὴσομεψ
756 4957 918 5028 εῐπερ
964 4957 1098 5028 μηδέ
1159 4956 1394 5028 πύκτης,
1426 4959 1515 5012 ὅτε
1564 4961 1624 5014 ἐν
1656 4962 1826 5030 ἀγῶνί

252 5040 387 5101 ἐστι,
407 5042 709 5109 ξενοπαθεῖ.
744 5041 974 5115 Ἕτερός
992 5042 1139 5094 ἐστιν
1165 5041 1194 5093 6
1218 5040 1316 5109 τῆς
1336 5041 1577 5106 ἀνέσεως
1600 5046 1789 5116 καιρός
1806 5062 1822 5078 ⁸

252 5122 337 5177 διὰ
367 5126 597 5195 θλίψεως
626 5126 776 5196 ἡμᾶς
804 5124 1158 5196 τελειωθῆναι
1202 5125 1304 5180 δεῖ.
1357 5124 1417 5179 Εἰ
1466 5127 1561 5180 καὶ
1592 5128 1667 5200 μὴ
1699 5130 1824 5183 διω-

252 5211 391 5279 γμός
418 5214 528 5266 ἐστι
550 5211 687 5283 μηδὲ
722 5211 921 5279 θλῖψις,
974 5208 1090 5263 ἀλλ’
1122 5210 1258 5263 εἰσὶν
1284 5208 1470 5281 ἕτεραι
1504 5211 1731 5283 θλίψεις,
1767 5216 1823 5268 αί

255 5294 377 5345 καθ’
410 5295 644 5365 ἑκάστην
692 5296 912 5366 ἡμέραν
964 5295 1098 5364 ἡμῖν
1160 5294 1610 5363 συμπίπτουσαν
1664 5297 1714 5350 εί
1768 5298 1825 5353 δὲ

254 5376 449 5438 ταύτας
493 5380 556 5432 οὐ
592 5379 857 5450 φέρομεν,
913 5377 1076 5448 σχολῇ
1132 5392 1197 5446 γε
1240 5377 1459 5443 ἐκείνας
1504 5379 1823 5453 ἐνέγκοιμεν

256 5458 341 5536 ἀν.
382 5462 712 5531 Πειρασμὸς
748 5460 908 5530 ὑμᾶς
961 5462 1071 5515 οὐκ
1121 5461 1357 5536 εῖληφεν
1422 5464 1611 5535 φησὶν.
1644 5468 1697 5520 ει
1737 5466 1825 5536 μὴ

259 5535 636 5606 ἀνθρώπινος.
680 5539 983 5609 Εὐχώμεθα
1024 5541 1122 5609 μέν
1158 5535 1252 5594 οὖν
1279 5541 1356 5612 τῷ
1388 5540 1508 5613 Θεῷ
1539 5544 1613 5614 μὴ
1656 5535 1829 5599 εἰσελ-

264 5617 372 5671 θεῖν
395 5624 468 5686 εἰς
514 5624 823 5693 πειρασμόν
848 5639 863 5654 ⁸
904 5625 1248 5686 εἰσελθόντες
1286 5625 1367 5693 δὲ,
1412 5625 1670 5697 φέρωμεν
1702 5646 1826 5698 γεν-

266 5702 441 5769 ναίως.
492 5706 696 5762 Ἐκεῖνο
754 5707 853 5775 μὲν
886 5708 995 5780 γὰρ
1046 5709 1343 5779 σωφρόνων
1387 5711 1619 5783 ἀνδρῶν,
1654 5713 1714 5768 16
1751 5713 1826 5787 μὴ

328 5871 356 5899 ⁸
388 5871 532 5925 Verba
558 5878 673 5925 ποῖα
706 5876 779 5938 ἀγ.
800 5890 815 5938 ;
843 5889 939 5926 non
959 5875 1105 5927 habet
1133 5877 1278 5929 Savil.

3445 415 3513 472 52

1938 534 2206 599 κινδύνοις
2248 535 2605 607 ἐπιῤῥίπτειν
2635 532 2894 599 ἑαυτούς’
2929 533 3088 589 τοῦτο
3137 534 3195 589 δέ
3246 536 3511 602 γενναίων

1929 618 2030 672 καὶ
2065 618 2403 689 φιλοσόφων,
2430 618 2493 673 16
2521 619 2773 674 ἵστασθαι
2820 619 3182 689 ἐμπεσόντας.
3232 618 3387 689 Μήτε
3414 613 3511 672 οὖν

1931 700 2354 773 ἐπιῤῥίπτωμεν
2412 702 2647 765 ἑαυτοὺς
2700 701 2919 766 ἁπλῶς⁸
2976 701 3318 773 θρασύτητος
3355 701 3509 772 γάρ’

1934 784 2075 855 μήτε
2132 786 2416 857 ἀγόμενοι,
2476 784 2573 840 καὶ
2617 785 2726 840 τῶν
2789 785 3134 858 πραγμάτων
3176 784 3504 848 καλούντων,

1931 866 2225 939 ἐνδιδῶμεν
2251 883 2268 899 ⁸
2298 868 2504 931 δειλίας
2532 868 2643 939 γάρ
2670 883 2685 899 ⁸
2716 867 2831 921 ἀλλ’
2854 868 2949 921 ἐὰν
2995 869 3094 939 μὲν
3138 867 3201 920 16
3243 869 3507 938 κήρυγμα

1930 950 2094 1021 καλῇ,
2130 951 2204 1020 μὴ
2228 950 2633 1022 παραιτώμεθα
2651 966 2666 981 ⁸
2703 950 2891 1013 ἁπλῶς
2911 950 2988 1013 δὲ,
3019 952 3198 1015 αἰτίας
3221 951 3293 1022 μὴ
3314 951 3503 1022 οὐσης,

1932 1034 2071 1104 μήτε
2096 1032 2210 1105 [59]
2240 1035 2451 1105 χρείας,
2480 1034 2619 1105 μήτε
2646 1034 2891 1103 ἀνάγκης
2905 1033 3006 1102 τῆς
3027 1034 3169 1087 κατά
3193 1034 3505 1087 θεοσέϐειαν

1928 1115 2225 1187 καλούσης,
2268 1119 2342 1188 μὴ
2376 1118 2796 1188 ἐπιτρέχωμεν·
2842 1116 3101 1181 ἐπίδειξις
3132 1117 3238 1188 γάρ
3277 1119 3393 1170 ἐστι
3435 1118 3499 1170 16

1928 1200 2189 1269 πρᾶγμα,
2220 1200 2316 1253 καί⁵
2346 1199 2629 1271 φιλοτιμία
2664 1201 2916 1271 περιττή.
2958 1198 3085 1253 Ἐάν
3114 1198 3171 1251 δέ
3202 1217 3253 1251 τι
3273 1199 3380 1253 τῶν
3401 1200 3500 1270 τὴν

1927 1281 2216 1337 εὐσέϐειαν
2264 1283 2774 1355 παραϐλαπτόντων
2822 1283 3063 1353 γίνηται,
3111 1280 3217 1335 κᾶν
3276 1281 3500 1351 μυρίους

1929 1364 2234 1434 ὑποστῆναι
2261 1366 2358 1439 δέῃ
2400 1367 2688 1431 θανάτους,
2744 1366 2909 1437 μηδὲν
2958 1364 3373 1436 παραιτώμεθα.
3408 1365 3500 1435 Μὴ

1927 1449 2241 1519 προσκαλοῦ
2272 1452 2399 1514 τοὺς
2425 1451 2790 1522 πειρασμούς,
2820 1451 2949 1504 ὃταν
2983 1467 3064 1503 σοι
3094 1450 3161 1502 τὰ
3211 1448 3353 1501 κατά
3400 1448 3500 1518 τὴν

1926 1531 2209 1586 εὐσέϐειαν
2240 1536 2501 1604 προχωρῇ
2534 1532 2869 1597 ώςςποθεῖς⁸
2922 1534 2974 1587 τί
3037 1533 3332 1603 περιττοὺς
3378 1532 3500 1584 ἐπι-

1925 1617 2132 1670 σπᾶσαι
2165 1616 2446 1680 κινδύνους
2477 1617 2630 1672 οὐδὲν
2660 1617 2851 1688 κέρδος
2891 1616 3148 1687 ἐχοντας;

1995 1774 2056 1832 ε’.
2078 1776 2263 1832 Ταῦτα
2278 1777 2424 1846 λέγω
2444 1777 2768 1849 βουλόμενος
2790 1779 2934 1849 ὐμᾶς
2952 1777 3242 1846 φυλάττειν
3259 1778 3385 1841 τούς
3414 1777 3502 1830 νό-

1928 1876 2063 1930 μους
2086 1859 2180 1913 τοῦ
2215 1860 2455 1931 Χριστοῦ
2492 1860 2810 1925 κελεύοντος
2842 1860 3099 1931 εὐχεσθαι
3136 1861 3209 1931 μὴ
3238 1860 3501 1914 εἰσελθεῖν

1924 1944 2005 2005 εἰς
2034 1942 2359 2013 πειρασμὸν,
2403 1944 2500 1996 καὶ
2543 1944 2862 2007 κελεύοντος
2914 1944 3079 1998 πάλιν
3128 1944 3223 1997 τὸν
3264 1944 3499 2014 σταυρὸν

1924 2027 2188 2091 λαϐόντας
2210 2026 2528 2082 ἀκολουθεῖν
2550 2028 2719 2099 αὐτῷ.
2748 2026 2935 2081 Ταῦτα
2962 2027 3061 2095 μὲν
3084 2025 3195 2097 γὰρ
3220 2027 3320 2080 οὐκ
3349 2026 3498 2079 ἐστιν

1924 2114 2165 2179 ἐναντία,
2191 2110 2327 2167 άλλά
2369 2113 2465 2167 καλ⁵
2515 2114 2720 2183 σφόδρα
2765 2112 3081 2183 συνᾴδοντα.
3140 2110 3214 2163 Σὺ
3262 2112 3360 2180 μὲν
3402 2106 3499 2164 οὖν

1920 2194 2067 2249 οὕτω
2090 2197 2475 2267 παρεσκεύασο
2506 2196 2581 2260 ώς
2613 2193 2957 2266 στρατιώτης
2993 2196 3261 2262 γενναῖος,
3294 2195 3352 2247 ἐν
3384 2195 3499 2257 τοῖς

1922 2279 2112 2344 ὅπλοις
2150 2280 2243 2334 ἔσο
2288 2280 2570 2352 διηνεκῶς,
2614 2280 2823 2349 νήφων,
2880 2276 3225 2348 ἐγρηγορὼς,
3273 2278 3363 2331 ἀεὶ
3405 2277 3498 2330 τὸν

1923 2363 2186 2434 πολέμιον
2226 2363 2581 2435 προσδοκῶν·
2624 2362 2896 2431 πολέμους
2947 2361 3132 2429 μέντοι
3199 2360 3273 2430 μὴ
3306 2359 3494 2412 τίκτε⁸

1921 2447 2080 2501 τοῦτο
2098 2448 2207 2518 γὰρ
2231 2448 2330 2501 οὐκ
2350 2447 2465 2500 ἐστι
2478 2444 2831 2519 στρατιώτου,
2850 2443 2986 2497 ἀλλά
3006 2443 3353 2496 στασιαστοῦ.
3372 2442 3499 2497 Ἐὰν

1920 2531 1977 2585 δὲ
2001 2533 2034 2602 ὴ
2064 2532 2165 2603 τῆς
2197 2530 2480 2595 εὐσεϐείας
2508 2527 2747 2598 σάλπιγξ
2770 2527 2935 2600 καλῇ.
2964 2526 3168 2590 εὐθέως
3200 2526 3358 2593 ἔξιθι,
3402 2526 3500 2580 καὶ⁵

1921 2614 2339 2685 καταφρόνησον
2368 2614 2467 2683 τῆς
2489 2612 2688 2683 ψυχῆς,
2726 2611 2824 2666 καὶ
2871 2608 3072 2681 ἔμϐηθι
3103 2610 3245 2681 μετά
3294 2610 3500 2682 πολλῆς

1919 2699 2020 2769 τῆς
2042 2697 2357 2769 προθυμίας
2381 2698 2461 2761 εἰς
2489 2698 2615 2761 τοὺς
2643 2695 2885 2765 ἀγῶνας,
2915 2694 3078 2766 ῥῆξον
3110 2694 3209 2765 τὴν
3241 2694 3498 2764 φάλαγγα

1919 2783 2029 2837 τῶν
2054 2781 2333 2844 ἐναντίων,
2368 2781 2644 2852 σύγκοψον
2668 2781 2728 2834 16
2750 2780 3042 2850 πρόσωπον
3085 2780 3180 2833 τοῦ
3222 2779 3497 2844 διαϐόλου,

1923 2866 2121 2935 στῆσον
2150 2865 2213 2919 16
2237 2865 2498 2937 τρόπαιον
2518 2882 2529 2894 ⁸
2565 2864 2660 2918 ἐὰν
2689 2863 2746 2918 δὲ
2773 2863 2939 2934 μηδὲν
2969 2863 3278 2934 ὴεύσέϐεια
3313 2880 3500 2934 παρα-

1921 2947 2255 3018 ϐλάπτηται,
2292 2948 2428 3018 μηδέ
2454 2947 2631 3018 πορθῇ
2684 2964 2766 3011 τις
2814 2946 2882 3000 τά
2935 2946 3181 3017 ἡμέτερα
3226 2945 3496 3017 δόγματα.

1919 3032 1987 3084 τὰ
2019 3031 2162 3085 κατὰ
2192 3032 2293 3102 τὴν
2323 3032 2502 3103 ψυχὴν
2525 3031 2689 3100 λέγω.
2729 3030 2865 3101 μηδέ
2892 3030 3179 3100 ἀναγκάζῃ
3229 3046 3281 3083 τι
3320 3032 3498 3083 ποιεῖν

1919 3113 2027 3168 τῶν
2060 3114 2136 3185 μὴ
2166 3114 2466 3167 δοκούντων
2495 3114 2575 3185 τῷ
2604 3112 2746 3183 Θεῷ,
2782 3112 2860 3183 μὴ
2897 3112 3151 3180 περιττὸς
3173 3111 3286 3167 ἔσο.
3318 3112 3500 3184 Αἰμά·

1919 3214 2028 3251 των
2064 3197 2145 3251 δεῖ
2172 3197 2364 3269 γέμειν
2408 3196 2502 3251 τὸν
2543 3194 2635 3249 τοῦ
2672 3193 3006 3266 Χριστιανοῦ
3040 3194 3177 3265 βίον,
3223 3196 3495 3265 αἱμάτων,

1921 3281 2025 3335 οὐκ
2046 3281 2105 3334 ἐν
2126 3282 2206 3351 τῷ
2244 3279 2313 3333 τὰ
2336 3279 2595 3350 ἀλλότρια
2639 3280 2847 3347 ἐκχεῖν,
2904 3277 3018 3330 ἀλλ’
3070 3278 3130 3330 ἐν
3163 3277 3240 3348 τῷ
3273 3278 3495 3349 ἕτοιμον

1922 3359 2062 3416 εἶναι
2085 3362 2145 3416 16
2176 3362 2371 3417 ἑαυτοῦ
2405 3364 2605 3433 ἐκχεῖν.
2622 3361 2777 3415 Μετά
2803 3360 3073 3430 τοσαύτης
3095 3360 3273 3414 τοίνυν
3299 3362 3497 3432 προθυ-

1926 3447 2055 3519 μίας
2084 3446 2145 3500 τὺ
2167 3447 2296 3501 ἴδιον
2324 3442 2462 3517 αἷμα
2513 3445 2817 3516 ἐκχέωμεν,
2855 3444 2984 3498 ὅταν
3041 3445 3181 3517 ὐπέρ
3233 3443 3329 3499 τοῦ
3361 3447 3500 3517 Χρι-

1926 3531 2053 3585 στοῦ
2080 3531 2236 3585 τοῦτο
2287 3525 2344 3602 ᾖ,
2389 3530 2508 3601 μεθ’
2547 3530 2680 3599 ὀσης
2728 3528 2794 3582 ἂν
2835 3528 2979 3600 ὕδωρ
3029 3546 3115 3592 τις
3168 3529 3348 3601 ἐκχέοι
3382 3531 3501 3598 (καὶ

1923 3616 2033 3689 γὰρ
2057 3614 2202 3686 ὕδωρ
2218 3615 2334 3667 ἐστὶ
2350 3615 2412 3668 16
2440 3611 2581 3684 αἷμα
2599 3612 2888 3684 περιρρέον
2916 3612 2977 3664 16
2998 3610 3180 3684 σῶμα)
3204 3629 3217 3642 ⁸
3237 3615 3332 3666 καὶ
3360 3614 3502 3682 μετά

1923 3698 2195 3770 τοσαύτης
2218 3699 2470 3763 εὐκολίας
2496 3698 2596 3767 τὴν
2617 3699 2796 3768 σάρκα
2821 3694 3202 3767 ἀποδυώμεθα,
3230 3697 3349 3768 μεθ’
3365 3700 3499 3769 ὅσης

1923 3786 1991 3841 ἂν
2014 3785 2108 3839 καὶ
2132 3784 2192 3838 16
2232 3784 2469 3856 ἱμάτιον.
2491 3782 2663 3836 Τοῦτο
2687 3780 2744 3833 δὲ
2772 3780 2954 3845 ἐσται,
2983 3781 3078 3835 ἐάν
3116 3780 3190 3852 μὴ
3220 3784 3499 3854 χρήμασιν

1924 3864 2076 3941 ὦμεν
2106 3866 2545 3939 προσδεδεμένοι,
2592 3866 2658 3919 ἂν
2693 3863 2768 3936 μὴ
2808 3864 3030 3928 οἰκίαις,
3083 3864 3149 3917 ἂν
3207 3866 3284 3936 μὴ
3330 3882 3500 3935 προσ-
3606 3878 3609 3879 ⁷

1926 3951 2127 4023 παθείᾳ
2144 3950 2252 4002 τῶν
2282 3950 2567 4020 παρόντων
2587 3942 2736 4018 ὦμεν
2752 3947 2780 3987 ι)
2801 3948 3203 4018 ἀπηρτημένοι.
3237 3947 3295 3999 El
3320 3948 3428 4017 γάρ
3447 3949 3498 4001 οἱ

1924 4036 2014 4089 τὸν
2041 4033 2431 4105 στρατιωτικὸν
2463 4032 2654 4085 τοῦτον
2679 4030 2792 4100 βίον
2825 4029 3029 4094 ζῶντες
3064 4032 3231 4084 πᾶσιν
3254 4031 3499 4086 ἀποτάσ-

1926 4135 2133 4178 σονται,
2168 4117 2262 4169 καὶ
2301 4116 2430 4170 ἔνθα
2462 4116 2575 4168 δινό
2615 4113 2849 4183 πόλεμος
2892 4112 3052 4185 καλῇ,
3090 4115 3210 4167 ἐκεῖ
3248 4115 3493 4185 παραγί-

1925 4217 2106 4253 νονται
2137 4200 2233 4253 καὶ
2270 4197 2636 4267 ὁδοιποροῦσι,
2673 4198 2765 4250 καὶ
2797 4196 2977 4249 πάντα
3018 4196 3157 4266 μετὰ
3188 4198 3500 4268 προθυμίας

1927 4282 2261 4352 ὑπομένουσι
2287 4298 2302 4312 ⁸
2334 4280 2517 4351 πολλῷ
2555 4279 2754 4351 μᾶλλον
2785 4281 2935 4350 ἡμᾶς
2966 4280 3090 4343 τούς
3118 4279 3213 4332 τοῦ
3260 4281 3500 4352 Χριστοῦ

1927 4364 2265 4437 στρατιώτας
2289 4363 2432 4418 οὕτω
2467 4363 2987 4433 παρασκευάζεσθαι
3023 4362 3150 4435 χρὴ,
3190 4365 3286 4417 καὶ
3317 4382 3501 4435 παραυ

1924 4450 2221 4504 τάττεσθαι
2249 4448 2386 4521 πρὸς
2417 4447 2509 4500 16v
2548 4446 2784 4516 πόλεμον
2819 4446 2930 4500 τῶν
2964 4446 3176 4500 παθῶν.
3229 4448 3343 4500 Οὐκ
3385 4447 3501 4503 ἐστι

1924 4534 2165 4605 διωγμὸς
2187 4532 2302 4599 νῦν,
2333 4531 2467 4604 μηδὲ
2496 4529 2704 4600 γένοιτο
2725 4528 2976 4599 γενέσθαι
2997 4531 3150 4583 ποτέ·
3171 4530 3284 4584 ἀλλ’
3312 4533 3399 4585 έτε
3410 4548 3502 4604 ρος

1925 4616 2164 4686 πόλεμός
2187 4617 2357 4678 ἐστιν,
2383 4616 2411 4668 ὁ
2436 4614 2537 4685 τῆς
2556 4612 2667 4667 τῶν
2689 4614 2987 4685 Χρημάτων
3003 4614 3321 4686 ἐπιθυμίαςν
3352 4616 3380 4668 ὁ
3400 4617 3503 4685 τῆς

1927 4698 2043 4773 [60]
2097 4698 2418 4770 βασκανίας,
2456 4700 2484 4751 6
2524 4696 2634 4750 τῶν
2683 4697 2859 4751 ἄλλων
2903 4696 3113 4752 παθῶν.
3158 4698 3358 4752 Τοῦτον
3408 4699 3501 4751 τὸν

1926 4785 2159 4855 πόλεμον
2206 4783 2564 4854 διηγούμενος
2618 4784 2647 4836 6
2688 4780 2895 4845 Παῦλός
2938 4798 3135 4853 φησιν·
3170 4785 3292 4836 Οὐκ
3331 4785 3503 4838 ἐστιν

1925 4867 2073 4937 ἡμῖν
2098 4868 2135 4936 ή
2171 4866 2335 4934 πάλη
2370 4864 2520 4935 πρὸς
2559 4860 2703 4935 αἷμα
2748 4864 2846 4918 καί
2890 4864 3107 4932 σάρκα.
3152 4865 3261 4919 Ἀεὶ
3284 4859 3435 4932 οὗτος
3473 4870 3503 4921 6

1928 4951 2166 5022 πόλεμος
2199 4952 2482 5020 ἐνέστηκε.
2517 4949 2615 5001 Διά
2638 4947 2796 5000 τοῦτο
2825 4948 2912 5000 ἀεὶ
2950 4947 3331 5019 ὡπλισμένους
3354 4952 3502 5023 ἡμᾶς

1927 5035 2151 5090 ἑστάναι
2188 5032 2456 5104 βούλεται.
2490 5030 2675 5098 Στῆτε
2723 5027 2857 5094 οὖν,
2898 5031 3054 5102 φησὶ,
3101 5032 3499 5102 περιζωσάμε-

1926 5134 2021 5173 voc
2049 5133 2063 5150 ⁸
2114 5118 2253 5188 ὅπερ
2307 5115 2401 5169 καὶ
2435 5114 2568 5168 αὐτὸ
2613 5114 2909 5177 ἐνεστῶτός
2966 5115 3083 5166 ἐστι
3122 5114 3315 5185 καιροῦ
3346 5131 3360 5144 ⁸
3408 5118 3502 5170 καὶ

1927 5201 2208 5272 ἐνέφηνεν,
2233 5201 2316 5252 ὅτι
2356 5198 2445 5252 ἀεὶ
2488 5197 2570 5250 δεῖ
2603 5196 2943 5263 ὁπλίζεσθαι.
2996 5196 3169 5261 Πολὺς
3200 5199 3308 5271 γὰρ
3345 5201 3372 5252 6
3402 5200 3502 5254 πό-

1926 5286 2092 5357 λεμος
2120 5284 2208 5338 διὰ
2232 5281 2507 5353 γλώσσης,
2530 5281 2696 5345 πολὺς
2724 5281 2791 5334 δι’
2815 5282 3111 5352 ὀφθαλμῶν
3139 5299 3153 5313 ⁸
3183 5283 3373 5337 τοῦτον
3398 5287 3503 5339 τοί-

1927 5387 2025 5424 νυν
2047 5369 2367 5440 κατέχωμεν
2395 5384 2411 5398 ⁸
2449 5367 2617 5430 πολύς
2645 5367 2673 5419 6
2703 5367 2810 5421 τῶν
2856 5366 3180 5435 ἐπιθυμιῶν.
3216 5368 3313 5420 Διὰ
3344 5368 3503 5422 τοῦτο

1926 5453 2137 5510 ἐκεῖθεν
2196 5452 2424 5524 ἄρχεται
2473 5450 2827 5515 καθοπλίζειν
2878 5451 2970 5504 τὸν
3017 5448 3359 5522 στρατιώτην
3406 5452 3502 5505 τοῦ

1926 5537 2187 5614 Χριστοῦ.
2245 5534 2434 5605 Στῆτε
2488 5536 2620 5606 γὰρ,
2677 5535 2831 5606 φησὶ,
2882 5533 3341 5604 περιζωσάμενοι
3391 5534 3506 5609 τὴν

1928 5622 2131 5694 ὀσφὺν
2165 5619 2335 5691 ὑμῶν
2362 5637 2377 5652 ⁸
2429 5621 2524 5674 καὶ
2562 5622 2864 5691 ἐπήγαγεν,
2930 5622 3033 5675 Ἐν
3081 5619 3352 5688 ἀληθείᾳ.
3404 5620 3505 5674 Διά

1988 5820 2018 5862 ι)
2052 5817 2234 5879 Βεεεη
2275 5815 2516 5867 Commel.
2546 5810 2598 5869 ét
2632 5832 2784 5881 marg.
2815 5817 2988 5879 Savil.,
3011 5818 3067 5865 ἂν
3092 5817 3155 5878 μή
3189 5814 3500 5879 προσπαθεια,

1932 5883 1988 5930 ἃν
2023 5882 2086 5942 μὴ
2112 5881 2299 5928 πάντων
2322 5881 2463 5941 ὦμεν.
