4060 6440
265 279 341 331 55

1082 282 1151 344 IN
1186 285 1401 344 EPIST.
1440 288 1533 345 AD
1569 286 1924 347 HEBRJEUS.
1964 288 2121 350 CAP.
2162 289 2249 347 Ill.
2291 290 2522 348 IIOMIL.
2564 290 2656 347 Vl.
3465 288 3531 348 δι

252 395 470 451 quoque
519 391 603 438 est
652 386 932 453 praesentis
972 392 1233 458 temporis
1277 408 1288 444 :
1329 401 1384 447 et
1426 401 1661 452 ostendit
1703 401 1847 468 quod
1952 395 2255 450 membrum
2275 395 2413 453 hanc
2438 399 2544 454 vim
2561 399 2899 458 sustinuerit.
2930 402 3123 463 Dicunt
3152 413 3535 470 etiammedici

250 480 500 538 oporteat
517 486 729 543 semper
752 476 967 530 armari.
987 476 1237 548 Magnum
1255 481 1397 537 enim
1416 493 1500 538 est
1522 484 1723 542 bellum
1747 504 1846 559 per

250 560 516 629 linguam,
547 578 795 634 magnum
821 580 917 636 per
941 569 1129 625 oculos
1151 587 1164 623 :
1184 570 1284 625 hoc
1307 588 1435 643 ergo
1458 576 1841 638 cohibeamus:

245 667 500 719 magnum
526 662 608 705 est
629 654 824 709 bellum
852 658 1221 726 cupiditatum.
1240 662 1529 731 Propterea
1544 667 1686 723 illinc
1705 670 1833 726 inci-

240 743 321 808 pit
348 758 560 798 armare
584 747 807 805 militem
836 748 1036 806 Christi
1072 771 1084 806 :
1120 753 1266 809 State
1286 757 1451 823 enim,
1474 759 1644 828 inquit
1668 804 1683 827 ,
1715 782 1832 818 suc-

233 834 395 885 cincti
419 835 616 889 lumbos
640 848 934 905 vestros;et
960 843 1254 911 subjunxit,
1279 845 1341 901 lu
1376 850 1599 906 veritate.
1629 853 1829 924 Quare,

238 920 307 973 lu
339 926 584 979 veritate?
613 926 710 981 Est
729 930 870 983 enim
898 932 1161 1001 cupiditas
1177 935 1354 990 illusio
1379 948 1433 993 et
1467 920 1827 1013 menda—cium,

235 1024 297 1066 ut
316 1016 447 1069 dicit
473 1018 665 1072 alicubi
695 1019 859 1075 David
883 1040 895 1074 :
922 1021 1101 1078 Lumbi
1129 1027 1225 1079 mei
1263 1028 1458 1098 impleti
1485 1043 1602 1086 sunt
1628 1034 1830 1090 iliusio-

236 1105 576 1177 nibus(l’sal.
598 1109 693 1165 57.
718 1110 794 1182 8).
815 1111 930 1168 Non
945 1125 1027 1169 est
1053 1131 1115 1169 ea
1135 1132 1222 1173 res
1246 1118 1507 1189 voluptas,
1532 1123 1624 1178 sed
1644 1127 1831 1183 umbra

236 1198 552 1266 voluptatis.
574 1201 719 1267 Ideo,
737 1202 1016 1270 Succincti,
1034 1206 1224 1276 inquit,
1244 1210 1442 1266 lumbos
1468 1222 1659 1269 vestros
1683 1215 1734 1270 in
1752 1233 1827 1272 oe-

198 1324 203 1329 ηη
228 1289 390 1361 ritate
406 1307 427 1344 :
440 1290 545 1345 hoc
569 1300 672 1359 est,
704 1294 757 1349 in
774 1310 901 1350 vera
914 1296 1206 1367 voluptate,
1226 1301 1507 1372 modestia,
1524 1304 1823 1366 honestate.

303 1379 402 1433 Ira
442 1396 514 1436 est
541 1384 650 1451 {era
692 1386 926 1454 quautam
952 1388 1254 1444 cohibenda.
1277 1422 1350 1432 —
1378 1393 1669 1465 Propterea
1701 1399 1817 1457 haec

226 1476 448 1538 suadet,
470 1475 658 1531 videns
689 1479 891 1547 peccati
919 1480 1332 1552 absint-ditatem,
1352 1496 1407 1543 et
1430 1488 1616 1544 volens
1644 1493 1823 1548 omnia

224 1567 478 1621 membra
528 1578 711 1623 nostra
757 1583 882 1625 esse
938 1571 1357 1647 circumquaque
1418 1581 1619 1637 munita
1664 1600 1679 1637 :
1731 1583 1824 1639 Ira

221 1661 378 1712 eiiim
404 1701 421 1726 ,
456 1660 629 1730 inquit
652 1703 667 1726 ,
696 1662 887 1731 iniusta
914 1679 1017 1718 non
1066 1668 1160 1719 erit
1184 1668 1359 1724 insons
1387 1670 1574 1741 (Ecdi.
1603 1675 1656 1730 1.
1682 1674 1774 1745 22)
1802 1696 1819 1733 :

218 1760 283 1803 et
318 1749 427 1804 vult
455 1766 552 1805 nos
583 1751 731 1806 indui
756 1752 922 1809 lorica
947 1764 1002 1809 et
1030 1766 1204 1812 scuto.
1234 1760 1315 1816 Ira
1338 1763 1481 1817 enim
1501 1775 1585 1820 est
1605 1765 1714 1822 l'era
1738 1767 1819 1823 fa-

218 1843 332 1897 cile
381 1843 623 1899 insiliens
657 1861 671 1898 :
704 1854 760 1899 et
802 1845 951 1901 mille
986 1848 1140 1904 nobis
1188 1852 1339 1907 vallis
1366 1865 1423 1910 et
1465 1858 1633 1929 septis
1682 1874 1818 1930 opus

215 1934 330 1986 erit
349 1932 420 1986 ad
448 1949 566 1987 eam
595 1937 951 2003 superandam
978 1946 1032 1992 et
1050 1939 1513 2001 cohibendam.Et
1536 1957 1817 2020 pr0pterea

221 2024 462 2080 maxime
514 2024 653 2080 hanc
711 2030 917 2097 partem
979 2029 1266 2088 aediﬁcavit
1308 2032 1486 2093 nobis
1550 2029 1695 2096 Deus
1742 2057 1813 2098 ex

220 2117 463 2183 ossibus,
500 2127 772 2189 tamquam
796 2135 865 2175 ex
893 2121 1215 2192 quibusdam
1246 2127 1533 2199 lapidibus,
1567 2132 1735 2189 fulcro
1761 2145 1814 2193 et

226 2208 561 2264 mtmimento
596 2210 645 2265 ei
669 2209 1081 2283 circumposito,
1113 2231 1181 2271 ne
1210 2216 1296 2273 his
1340 2220 1631 2290 aliquando
1668 2224 1816 2280 diru-

225 2298 335 2368 ptis
369 2307 423 2355 et
460 2300 743 2370 dissectis,
776 2310 946 2360 totum
978 2306 1268 2376 perimeret
1305 2311 1524 2367 animal.
1558 2314 1697 2385 Ignis
1727 2326 1811 2374 est

215 2393 405 2458 enim,
436 2394 647 2465 inquit,
694 2406 750 2452 et
794 2412 987 2469 magna
1030 2408 1365 2472 tempestas,
1406 2413 1462 2460 et
1512 2422 1622 2463 non
1667 2406 1833 2475 aliud,

1949 501 2014 541 ea
2059 485 2129 542 de
2169 501 2331 545 causa
2359 489 2513 544 cordi
2550 492 2882 549 substratum
2926 510 3049 552 esse
3095 500 3405 568 pulmonem
3428 546 3443 569 ,
3476 516 3567 573 ut,

1950 578 2127 648 ipsum
2155 593 2251 633 cor
2271 620 2286 641 ,
2313 594 2436 634 cum
2479 581 2554 634 sit
2584 582 2636 636 in
2667 584 2814 639 molli
2841 626 2857 651 ,
2885 594 3156 657 tamquam
3192 574 3252 645 in
3298 586 3569 663 aliqnan

1946 667 2189 723 insiliens
2215 669 2494 739 spongiam
2520 711 2536 735 ,
2564 674 2899 743 requiescat;
2949 692 3056 733 non
3103 688 3281 736 autem
3310 684 3361 738 in
3391 688 3531 739 resi-

1943 768 2095 815 stens
2121 768 2180 816 et
2214 759 2407 817 durum
2434 770 2620 831 pectus
2638 804 2658 829 ,
2688 779 2757 819 ne
2785 766 3010 822 laedatur
3035 768 3239 840 impetu
3268 773 3523 828 saltuum.

1940 853 2088 923 Opus
2112 863 2195 911 est
2218 868 2347 924 ergo
2378 852 2535 911 nobis
2554 856 2934 926 lorica‘valida,
2965 868 3023 914 ut
3051 862 3189 917 banc
3216 865 3381 921 ieram
3400 882 3529 936 per-

1941 952 2102 1013 petuo
2142 954 2426 1003 conservet
2473 948 2525 1002 in
2574 949 2797 1017 quiete:
2830 963 2967 1019 opus
3016 961 3104 1006 est
3135 962 3315 1009 autem
3363 958 3520 1011 nobis

1948 1041 2108 1107 etiam
2152 1039 2328 1111 galea.
2355 1040 2488 1098 Nam
2529 1043 2783 1112 quoniam
2813 1044 2925 1101 illic
2946 1054 3034 1103 est
3060 1045 3289 1105 facultas
3314 1053 3528 1108 ratioci-

1940 1130 2137 1198 nandi,
2167 1142 2225 1188 et
2264 1148 2332 1189 ex
2362 1133 2465 1190 hoc
2508 1144 2690 1204 potest
2731 1134 2818 1193 vel
2860 1139 3096 1204 servari.
3143 1142 3358 1211 quando
3391 1143 3527 1198 ﬁunt

1938 1238 2059 1291 qua:
2102 1232 2349 1293 oportet;
2381 1226 2465 1282 vel
2514 1227 2693 1298 perire
2714 1268 2731 1296 ,
2753 1229 2968 1299 quando
2994 1246 3154 1288 secus
3186 1251 3201 1289 :
3240 1247 3523 1304 propterea

1939 1312 2130 1383 inquit,
2166 1313 2231 1368 Et
2258 1316 2459 1386 galeam
2479 1318 2685 1374 salutis.
2711 1318 2845 1375 Nam
2872 1322 3158 1379 cerebrum
3178 1324 3397 1394 quidem
3429 1341 3525 1381 na-

1938 1413 2055 1460 tura
2085 1416 2169 1462 est
2198 1408 2395 1473 molle;
2425 1419 2481 1466 et
2506 1409 2628 1466 ideo
2657 1411 2886 1481 quadam
2918 1414 3080 1470 veluti
3114 1424 3247 1471 testa
3283 1432 3518 1489 superne

1937 1498 2137 1569 tegitur
2158 1500 2418 1557 calvaria.
2452 1503 2551 1559 Est
2576 1513 2756 1561 autem
2781 1504 2939 1562 nobis
2967 1522 3129 1563 causa
3156 1510 3395 1565 omnium
3426 1512 3524 1566 bo.

1935 1605 2126 1648 norum
2156 1602 2212 1650 et
2238 1594 2501 1650 malorum
2524 1635 2539 1662 ,
2573 1597 2716 1666 quod
2759 1608 3050 1669 cognoscat
3092 1609 3146 1656 et
3190 1616 3310 1670 quae
3330 1602 3522 1671 juvant

1932 1694 1984 1739 ft
2035 1700 2153 1754 quae
2187 1696 2384 1741 nocere
2420 1696 2666 1754 possunt.
2688 1689 2805 1744 Jam
2848 1705 2978 1746 vero
3021 1691 3186 1761 pedes
3223 1708 3435 1763 tutoque
3464 1705 3520 1747 et

1929 1789 2121 1832 manus
2146 1780 2301 1835 nobis
2328 1781 2494 1836 armis
2525 1782 2764 1855 indigent
2794 1802 2808 1839 :
2838 1801 2946 1842 non
2975 1785 3062 1843 iste
3110 1804 3300 1846 manus
3343 1808 3517 1863 neque

1929 1864 1983 1919 bi
2015 1866 2180 1937 pedes
2203 1909 2219 1933 ,
2251 1870 2347 1926 sed
2395 1886 2584 1928 rursus
2612 1874 2776 1944 pedes
2826 1886 2884 1933 et
2929 1893 3123 1935 manus
3159 1881 3354 1937 anima:
3382 1900 3396 1937 :
3430 1884 3517 1938 hae

1931 1957 2146 2026 quidem
2176 1976 2295 2031 quae
2322 1972 2539 2031 oportet
2568 1964 2923 2034 meditantes,
2951 1968 3026 2024 illi
3070 1980 3250 2026 autem
3282 1983 3340 2027 ut
3382 1984 3508 2028 cant

1930 2063 2038 2118 quo
2062 2050 2239 2107 decet.
2265 2051 2358 2109 Sic
2378 2068 2508 2125 ergo
2536 2070 2635 2111 nos
2657 2071 2953 2126 armemus,
2984 2069 3040 2116 et
3066 2061 3361 2131 poterimus
3383 2063 3457 2118 ho
3483 2093 3509 2105 -

1926 2148 2038 2197 stes
2051 2156 2329 2213 superare,
2352 2155 2407 2202 et
2427 2160 2627 2203 corona
2650 2149 2889 2204 victoria:
2914 2150 3179 2218 redimiri,
3213 2153 3267 2209 in
3295 2154 3510 2211 Christo

1922 2229 2049 2286 .lesu
2074 2233 2301 2291 Domino
2330 2245 2540 2303 nostro,
2569 2252 2692 2293 cum
2717 2254 2825 2309 quo
2847 2240 3013 2306 Patri,
3033 2243 3300 2315 simulque
3320 2257 3510 2302 sancto

1921 2320 2144 2392 Spiritui
2169 2326 2374 2396 gloria,
2405 2336 2665 2397 potestas,
2693 2330 2869 2386 honor
2886 2371 2903 2399 ,
2930 2348 3075 2390 nunc
3091 2343 3147 2390 et
3173 2350 3387 2405 semper
3406 2378 3420 2399 ,
3451 2348 3506 2391 et

1921 2411 1975 2467 in
1997 2415 2190 2470 stecula
2217 2419 2560 2478 saeculorum.
2592 2423 2788 2479 Amen.

1607 2594 1956 2661 HOMILIA
1995 2600 2102 2662 VI.

206 2730 343 2785 Cn».
370 2730 426 2787 3.
460 2748 512 2787 ν.
545 2729 599 2786 7.
635 2732 976 2802 Quaprapter,
1005 2731 1135 2787 sicut
1177 2732 1302 2787 dicit
1324 2732 1555 2804 Spiritus
1579 2746 1807 2805 sanctus,

288 2823 464 2879 IIodie
478 2825 523 2879 si
542 2842 710 2879 vocent
736 2814 845 2896 ejus
870 2825 1157 2891 audieritis,
1174 2824 1232 2881 8.
1261 2824 1416 2880 noiite
1428 2826 1679 2882 obdurare
1694 2845 1810 2884 cor-

281 2918 353 2970 da
398 2928 560 2973 vestra
582 2959 597 2981 ,
631 2917 759 2972 sicut
800 2919 855 2971 in
904 2917 1319 2986 exacerbatione,
1362 2919 1639 2974 secundum
1670 2921 1808 2976 diem

286 3008 583 3063 imitationis
609 3009 661 3062 in
684 3009 913 3073 deserto,
936 3008 1022 3061 ubi
1061 3017 1380 3063 tentaverstnt
1421 3025 1502 3064 me
1527 3019 1697 3080 patres
1718 3028 1807 3067 oe-

278 3101 415 3162 stri;
446 3100 783 3170 probaverunt
808 3116 903 3165 me,
931 3110 978 3153 et
998 3098 1233 3154 uiderunt
1261 3115 1416 3171 opera
1437 3117 1547 3155 mea
1569 3102 1803 3173 quadra-

286 3195 431 3264 ginta
458 3193 629 3247 annis.
655 3191 743 3247 10.
782 3189 1002 3262 Propter
1042 3193 1179 3263 quod
1207 3190 1433 3259 oﬁ'eusus
1470 3193 1547 3262 [ui
1588 3209 1805 3265 genera-

278 3287 407 3339 tieni
433 3286 573 3354 huic,
601 3296 647 3338 et
675 3285 783 3339 dixi
818 3300 838 3338 :
868 3284 1085 3355 Semper
1101 3295 1275 3338 errant
1295 3286 1447 3338 corde
1471 3300 1492 3339 :
1515 3285 1614 3355 ipsi
1632 3294 1803 3340 autem

280 3396 384 3433 non
412 3386 757 3449 cognoverunt
782 3376 888 3432 vias
909 3393 1066 3432 meas.
1093 3377 1179 3431 ll.
1203 3375 1273 3431 Ut
1289 3376 1465 3447 iuravi
1492 3376 1544 3431 in
1565 3373 1644 3431 ira
1664 3394 1798 3446 mea,

280 3470 343 3526 Si
387 3468 669 3524 introibant
697 3469 751 3522 in
776 3470 996 3541 requiem
1021 3484 1207 3523 meam.

278 3563 330 3616 l.
352 3561 493 3616 Cum
516 3560 582 3615 de
610 3575 705 3631 spe
729 3559 1069 3616 disseruisset
1088 3558 1306 3625 Paulus,
1336 3567 1391 3615 et
1414 3558 1639 3617 dixisset
1655 3561 1799 3632 quod

209 3654 404 3708 Domus
428 3654 537 3725 ejus
562 3670 753 3718 sumus,
783 3654 826 3706 si
858 3653 1101 3722 fiduciam
1129 3662 1176 3708 et
1204 3653 1559 3724 gloriationem
1584 3655 1695 3724 spei
1728 3656 1798 3709 ad

204 3750 359 3816 ﬁnem
382 3748 586 3816 ﬁrmam
608 3747 914 3801 retineamus
941 3762 960 3801 :
980 3743 1087 3817 iam
1115 3746 1353 3802 ostendit
1377 3745 1518 3818 quod
1546 3756 1794 3817 oporteat

201 3848 432 3903 ﬁrmiter
488 3856 833 3918 exspectare,
892 3846 1051 3917 idque
1106 3847 1296 3915 probat
1357 3862 1423 3901 ex
1480 3845 1791 3915 Scripturis.

200 3940 479 3995 Attcndite
531 3948 710 3994 autem
741 3956 755 3993 :
785 3938 1055 3995 difﬁcilius
1098 3941 1239 3995 enim
1280 3938 1409 3994 illud
1438 3940 1577 3995 dixit
1614 3948 1669 3995 ct
1726 3939 1792 3997 ad

196 4031 765 4103 comprehendendum
795 4030 1096 4089 obscurius.
1141 4029 1503 4099 Quamobrem
1555 4040 1792 4099 Oportet,

195 4139 325 4178 cum
376 4139 498 4194 qua:
549 4131 732 4178 nostra
788 4125 915 4177 'sunt
960 4120 1279 4187 dixerimus,
1338 4129 1393 4176 ct
1414 4129 1582 4176 totum
1635 4136 1793 4192 argu-

199 4225 444 4284 mentum
468 4228 562 4269 vos
593 4214 824 4269 breviter
851 4212 1218 4277 docuerimus,
1251 4212 1321 4266 ita
1372 4210 1642 4268 deducere
1671 4226 1793 4266 ora-

200 4309 405 4361 tionem
451 4306 518 4360 ad
559 4321 620 4359 ea
652 4320 775 4376 quae
824 4304 1023 4375 scripta
1077 4313 1205 4358 sunt
1243 4318 1258 4356 :
1313 4302 1466 4357 nobis
1504 4303 1649 4358 enim
1681 4317 1789 4359 non

198 4400 437 4470 amplius
464 4398 714 4469 egebitis,
747 4395 797 4452 si
827 4411 1047 4466 scopum
1079 4405 1134 4449 et
1165 4394 1465 4451 institutum
1495 4394 1793 4451 didiceritis

197 4490 577 4561 apostolicum.
610 4489 691 4543 Ab
716 4502 782 4543 eo
820 4487 887 4541 de
912 4500 1008 4556 spe
1042 4484 1334 4555 agebatur,
1364 4495 1419 4539 et
1444 4485 1585 4555 quod
1618 4483 1791 4539 futura

202 4596 429 4653 sperare
476 4589 757 4650 oporteat,
810 4586 864 4633 et
893 4574 1035 4647 quod
1068 4576 1134 4632 iis
1178 4576 1268 4647 qui
1303 4575 1387 4631 hic
1431 4576 1793 4631 laboraverint

201 4674 313 4729 erit
340 4687 552 4727 merces
593 4672 775 4742 aliqua
805 4678 861 4726 et
905 4666 1115 4724 fructus
1154 4678 1213 4724 et
1238 4668 1469 4738 requies.
1495 4667 1610 4723 lloc
1654 4683 1786 4739 ergo

202 4765 445 4820 ostendit
488 4778 554 4820 ex
598 4763 857 4834 pmpheta
893 4772 993 4817 :et
1030 4761 1160 4832 quid
1202 4760 1377 4815 dicit?
1423 4759 1789 4831 Quapmptcr,

200 4860 335 4913 sicut
358 4858 481 4911 dicit
512 4855 738 4925 Spiritus
761 4866 984 4921 sanctus,
1016 4854 1203 4923 Hodie,
1231 4855 1277 4908 si
1306 4870 1473 4908 vocem
1496 4855 1607 4924 ejus
1619 4855 1792 4908 audire

202 4947 318 5001 ritis
337 4989 353 5012 ,
385 4944 539 5000 nolite
566 4946 815 5002 obdurare
837 4947 998 5000 corda
1024 4955 1189 5000 uestra
1208 4987 1225 5011 ,
1254 4946 1383 5001 sicut
1428 4948 1478 5000 in
1508 4948 1784 5002 exacerba-

201 5041 359 5101 tione,
390 5038 665 5091 secundum
695 5036 829 5091 diem
852 5037 1139 5091 tentationis
1168 5037 1222 5090 iu
1260 5038 1479 5103 deserto,
1507 5039 1592 5092 ubi
1619 5048 1784 5092 tenta-

199 5138 380 5184 vermtt
423 5144 501 5182 me
535 5137 703 5198 patres
743 5126 928 5192 vestri,
969 5128 1301 5193 probaverunt
1341 5144 1438 5197 me,
1468 5138 1514 5182 et
1555 5129 1785 5183 viderunt

198 5197 357 5287 opera
407 5239 516 5275 mea
538 5197 541 5198 ν
563 5220 904 5289 quadraginta
929 5219 1095 5271 annis.
1131 5217 1353 5290 Propter
1379 5221 1518 5290 quod
1559 5218 1782 5287 o/fensus

200 5317 276 5383 {ui
309 5312 625 5384 generationi
667 5310 784 5363 huic
809 5351 824 5376 ,
875 5318 923 5363 et
960 5310 1069 5363 dixi
1097 5325 1115 5363 :
1141 5309 1355 5376 Semper
1381 5322 1553 5366 errant
1586 5316 1737 5366 corde
1765 5329 1783 5366 :

199 5407 304 5476 ipsi
331 5415 498 5457 autem
534 5420 636 5456 non
671 5411 1006 5472 cognoverunt
1055 5402 1160 5456 vias
1205 5419 1359 5456 meas.
1387 5402 1578 5470 Quibus
1607 5405 1782 5472 juravi

198 5500 251 5553 in
274 5498 352 5550 ira
380 5513 524 5558 mea,
552 5493 615 5548 Si
644 5493 919 5546 introibant
936 5492 990 5545 in
1014 5492 1233 5564 requiem
1262 5509 1425 5546 meam
1490 5492 1661 5561 (Psal.
1686 5493 1775 5550 94.

226 5592 282 5647 -1
302 5590 370 5661 l).
396 5588 570 5645 'Dicit
600 5596 710 5641 tres
734 5601 856 5640 esse
876 5584 1083 5657 quietes
1114 5602 1127 5639 :
1162 5600 1322 5641 unam
1342 5585 1570 5655 sabbati,
1598 5586 1650 5641 in
1673 5600 1777 5658 qua

215 5775 218 5779 .
267 5729 281 5757 ¹
312 5726 402 5774 ilic
425 5720 563 5773 Cu“).
588 5715 832 5781 boniiliam
855 5716 1042 5779 incipit.

510 5838 779 5901 Parnm.
827 5842 921 5902 (in
998 5844 1216 5905 LXIII.

1925 2741 2065 2797 Deus
2081 2742 2281 2813 quievit
2296 2730 2367 2796 ab
2380 2742 2631 2812 operibus
2643 2744 2755 2799 suis
2778 2762 2793 2800 :
2812 2745 3099 2802 secundam
3117 2746 3434 2815 Palmstinze,
3445 2751 3499 2803 in

1920 2849 2079 2904 quam
2111 2831 2928 2904 ingressiiudtcierantquieturi
2953 2852 2985 2892 a
3011 2837 3177 2892 multa
3205 2838 3501 2895 afﬂictione

1918 2935 1976 2981 et
1992 2924 2265 2981 laboribus
2283 2943 2295 2979 ε
2315 2926 2527 2982 tertiam
2547 2967 2563 2992 ,
2594 2941 2713 2997 qute
2740 2941 2870 2984 vere
2896 2937 2979 2982 est
3005 2929 3176 2998 quies,
3199 2946 3391 3001 nempe
3419 2946 3503 2986 re—

1918 3031 2081 3087 gnum
2092 3016 2532 3086 cailorum,quam
2547 3018 2820 3095 assequuti
2835 3034 2960 3074 vere
2969 3021 3249 3092 quiescunt
3260 3036 3288 3076 a
3305 3022 3504 3077 labori-

1921 3108 2019 3164 bus
2045 3118 2099 3165 et
2124 3108 2521 3165 al‘ﬂictionibus.
2535 3110 2717 3165 Trium
2734 3122 2860 3183 ergo
2885 3111 2971 3167 hic
2989 3115 3249 3169 meminit.
3270 3115 3335 3170 Et
3372 3132 3503 3188 qua-

1921 3216 2044 3255 nam
2065 3200 2133 3256 de
2146 3216 2308 3256 causa
2321 3200 2388 3256 de
2409 3215 2512 3256 una
2538 3202 2758 3272 loquens
2784 3203 2941 3257 trium
2957 3206 3502 3263 meminit?UtoSIen-

1918 3294 2069 3349 deret
2088 3294 2489 3366 prophetam’de
2518 3293 2617 3349 hac
2640 3295 2804 3365 loqui.
2833 3296 2963 3350 Nam
2995 3295 3062 3351 de
3084 3299 3275 3366 prima,
3309 3300 3497 3370 inquit,

1921 3401 2024 3440 non
2043 3384 2178 3441 dixit
2197 3384 2493 3455 :quomodo
2511 3384 2651 3439 enim
2673 3384 2741 3439 de
2769 3400 2829 3440 ea
2851 3402 2967 3456 quae
2982 3386 3080 3441 fuit
3103 3388 3265 3443 olim?
3281 3390 3372 3443 sed
3402 3406 3500 3446 nec

1918 3479 1986 3534 de
2010 3478 2244 3535 secunda
2268 3493 2387 3549 quae
2433 3477 2531 3531 fuit
2558 3476 2610 3532 in
2642 3477 2924 3532 Palmstina
2955 3480 3265 3550 :quomodo
3306 3481 3497 3536 enim?

1918 3570 2030 3639 ipsa
2061 3569 2203 3625 enim
2235 3568 2301 3623 ad
2332 3566 2532 3623 exitum
2559 3566 2809 3636 perducta
2847 3576 2949 3623 est.
2982 3568 3170 3624 Restat
3199 3579 3255 3624 ut
3291 3572 3402 3641 jam
3429 3573 3498 3627 sit

1922 3661 2036 3714 lucc
2090 3660 2265 3714 tertia.
2322 3657 2553 3713 Necesse
2610 3665 2789 3711 autem
2831 3666 2914 3713 cst
2964 3657 3239 3714 historiam
3287 3678 3499 3735 quoque

1918 3751 2229 3822 explicare,
2284 3759 2345 3804 ut
2398 3747 2766 3803 dilucidiorem
2826 3747 3108 3805 reddamus
3175 3753 3494 3808 orationem.

1915 3841 2048 3897 Nam
2114 3845 2392 3911 postquam
2465 3854 2531 3894 ex
2597 3837 2836 3910 Egypto
2886 3840 3124 3910 egressi,
3176 3842 3346 3898 multa
3412 3845 3494 3899 via

1916 3935 2196 4000 confecta,
2244 3941 2299 3989 et
2352 3931 2446 3987 Dei
2492 3933 2705 3987 virtutis
2735 3932 3213 3988 innumerabilibus
3262 3938 3498 4005 acceptis

1916 4026 2124 4082 indiciis
2145 4033 2201 4080 et
2227 4024 2279 4078 in
2303 4022 2536 4094 Egypto
2562 4032 2619 4077 et
2647 4023 2700 4087 in
2732 4024 2864 4079 mari
2886 4020 3074 4079 Rubro
3086 4032 3148 4079 "et
3176 4026 3228 4080 in
3258 4025 3495 4093 deserto,

1920 4117 2211 4171 voluerunt
2240 4115 2455 4169 mittere
2482 4114 2875 4185 Speculatores,
2910 4126 3153 4172 naturam
3187 4127 3345 4172 teme
3376 4135 3499 4186 spe-

1906 4194 2180 4251 culaturos
2218 4219 2231 4249 :
2265 4197 2341 4251 illi
2384 4207 2567 4252 autem
2610 4202 2813 4268 egressi
2866 4200 3175 4269 redierunt,
3215 4204 3489 4273 regionem

1904 4285 2118 4355 quidem
2149 4286 2480 4344 admirantes
2501 4330 2516 4355 ,
2549 4297 2603 4343 et
2628 4291 2994 4359 praestantium
3042 4292 3312 4350 fructuum
3342 4298 3485 4351 lera-

1901 4393 2020 4433 cem
2046 4391 2166 4434 esse
2191 4378 2454 4445 dicentes,
2500 4378 2594 4435 sed
2630 4382 3119 4453 lncxpuguabilium
3165 4389 3401 4443 virorum
3429 4401 3485 4444 et

1902 4466 2177 4523 lortiorum
2195 4484 2314 4524 esse
2340 4471 2611 4540 regionem
2644 4488 2658 4526 :
2692 4474 2879 4543 ingrati
2906 4484 3084 4530 autem
3113 4488 3166 4532 et
3193 4480 3336 4533 nullo
3357 4496 3489 4535 scn-

1900 4574 1965 4614 su
1996 4559 2202 4630 praediti
2233 4559 2403 4615 1υάεεί
2430 4601 2446 4627 ,
2475 4577 2596 4617 cum
2637 4574 2911 4633 oporteret
2955 4581 3050 4622 eos
3078 4569 3316 4638 priorum
3368 4587 3478 4627 me-

1901 4650 2125 4705 minisse
2145 4651 2236 4706 Dei
2256 4651 2664 4719 beneficiorum,
2685 4665 2740 4710 et
2755 4658 3022 4726 quomodo
3039 4675 3133 4717 eos
3157 4663 3486 4732 interceptos

1901 4741 1954 4795 in
1984 4740 2162 4796 medio
2193 4750 2465 4798 tantorum
2512 4744 2952 4817 Egyptiacorum
3002 4752 3333 4807 exercituum
3373 4756 3487 4809 eri»

1902 4832 2013 4901 puit
2064 4847 2092 4885 a
2123 4835 2409 4901 periculis,
2437 4844 2493 4890 et
2540 4851 2729 4892 eorum
2761 4839 2939 4894 ell'ecit
2968 4842 3123 4911 potiri
3170 4845 3387 4921 spoliis;
3421 4863 3486 4902 ac

1899 4924 2168 4992 quomodo
2193 4940 2379 4981 rursus
2407 4928 2457 4981 in
2490 4927 2707 4982 deserto
2731 4939 2934 4998 petram
2952 4934 3109 5003 rupit,
3144 4946 3195 4990 et
3225 4951 3485 5007 aquarum

1900 5014 2120 5069 donavit
2149 5016 2534 5072 abundantiam
2558 5028 2611 5073 et
2642 5034 2835 5075 manna
2861 5026 3107 5092 praebuit,
3141 5037 3195 5082 et
3227 5028 3329 5083 alia
3353 5029 3485 5085 et'l'e-
3524 5040 3527 5043 λ

1900 5109 1972 5162 cit
1998 5108 2288 5174 mirabilia,
2317 5119 2376 5163 ut
2416 5110 2524 5164 Deo
2552 5111 2836 5169 crederent
2859 5115 3080 5172 :horum
3110 5120 3326 5189 quidem
3355 5122 3485 5178 nihil

1899 5198 1978 5253 eis
2002 5199 2147 5254 venit
2190 5199 2242 5253 in
2269 5208 2502 5255 mentem
2526 5242 2542 5267 ,
2574 5213 2841 5273 tamquam
2874 5206 3006 5261 nihil
3033 5211 3254 5264 omnino
3287 5213 3482 5268 factum

1900 5299 2080 5354 esset,
2106 5289 2201 5345 sed
2231 5293 2441 5347 attoniti
2480 5302 2535 5348 et
2566 5295 2880 5365 stupefacti,
2926 5300 3175 5356 volebant
3207 5306 3403 5359 reverti
3434 5307 3485 5360 in

1899 5380 2207 5453 Egyptum,
2236 5382 2519 5441 dicentes:
2541 5385 2737 5441 Eduxit
2767 5403 2866 5443 nos
2897 5389 2998 5444 huc
3021 5391 3182 5459 Deus,
3215 5403 3270 5449 ut
3298 5411 3395 5450 nos
3418 5398 3485 5452 de

1902 5473 2079 5529 medio
2109 5475 2320 5529 tolleret
2346 5491 2468 5530 cum
2501 5477 2627 5532 [iliis
2654 5487 2708 5533 et
2735 5481 3013 5537 uxoribus.
3045 5484 3187 5540 Deus
3213 5501 3343 5557 ergo
3388 5489 3485 5543 ira-

1899 5577 2077 5625 scens,
2108 5564 2251 5634 quod
2279 5581 2466 5622 eorum
2494 5583 2612 5638 quae
2636 5568 2769 5624 facta
2800 5571 3013 5629 fuerant
3058 5585 3162 5631 tam
3210 5580 3320 5634 cito
3343 5582 3481 5635 ami-

1899 5654 2097 5710 sissent
2121 5658 2436 5729 memoriam
2458 5701 2473 5724 ,
2498 5661 2703 5729 juravit
2743 5668 3142 5733 generationem
3186 5670 3333 5726 illam
3361 5690 3481 5742 (plu:

1902 5747 2016 5823 haec
2043 5748 2271 5819 dixerat,
2304 5767 2407 5808 non
2438 5752 2801 5826 ingressuram
2832 5756 2884 5812 in
2916 5761 3193 5831 requiem;
3220 5772 3273 5818 et
3292 5779 3482 5822 omnes

3104 5861 3143 5922 ἢ
