4060 6440
562 222 629 279 55
1229 232 1288 289 S.
1329 234 1606 291 JOANNIS
1642 234 2119 297 CHRYSOSTOMI
2158 241 2474 303 ARCIIIEP.
2516 246 3047 307 CONSTANTINOP.
3748 256 3805 309 56

552 342 827 413 perierunt
850 340 902 398 in
928 340 1167 398 deserto.
1194 340 1323 395 Nam
1348 340 1513 396 David
1532 350 1737 411 postea,
1762 352 1884 414 post
1913 345 2127 401 illorum

550 436 953 506 generationem
981 435 1204 505 loquens
1223 474 1240 499 ,
1269 433 1480 488 dicebat
1503 474 1519 499 ,
1554 432 1721 489 Hodie
1745 437 1792 490 si
1823 453 1989 491 vocem
2019 440 2129 510 ejus

552 527 817 581 audieritis
841 567 857 592 ,
884 526 1082 595 inquit,
1113 523 1270 578 nolite
1298 524 1549 579 obdurare
1594 526 1752 580 corda
1779 537 1972 594 vestra,
2003 531 2134 584 sicut

561 616 616 670 in
663 615 1048 670 exacerbatione
1074 629 1097 678 ,'
1124 614 1333 684 quare?
1364 629 1430 669 ne
1475 616 1661 672 eadem
1690 618 1962 687 patiamini
2007 636 2127 690 quae

557 706 789 777 majores
840 706 999 760 vestri
1024 745 1039 770 ,
1091 695 1146 760 ei
1188 706 1467 776 privemini
1525 709 1709 778 requie
1764 727 1777 763 :
1826 718 1973 766 certe
2031 710 2133 765 hoc

572 797 700 851 dicit
724 810 792 851 eo
817 794 960 866 quod
999 795 1069 852 sit
1091 810 1218 851 vere
1242 796 1473 867 requies.
1520 797 1651 853 Nam
1689 800 1735 854 si
1780 801 2136 871 accepissent,

554 890 753 960 inquit,
775 889 1019 959 requiem
1042 930 1059 955 ,
1089 904 1320 959 quanam
1349 888 1422 944 de
1448 903 1607 946 causa
1634 892 1713 946 eis
1737 907 1926 947 rursus
1953 893 2081 947 dicit
2115 911 2129 946 :

571 990 742 1047 Hodie
768 990 845 1061 (a)
906 989 950 1044 si
1001 1004 1172 1043 vocem
1217 989 1329 1058 ejus
1372 988 1654 1056 audieritis,
1692 989 1848 1043 nolite
1895 986 2145 1042 obdurare

572 1082 730 1139 corda
748 1090 932 1148 vestra,
961 1081 1091 1136 sicut
1115 1082 1169 1135 in
1192 1080 1569 1136 exacerbatione
1591 1082 1617 1135 .9

648 1174 929 1231 Sabbatum
949 1182 1023 1227 est
1042 1173 1186 1244 regni
1213 1173 1451 1228 caelorum
1480 1182 1655 1243 typus.
1681 1202 1753 1214 -—
1780 1172 2034 1241 Quasnam
2064 1178 2151 1225 est

574 1283 705 1338 ergo
733 1268 836 1321 alia
858 1266 1070 1336 requies
1096 1281 1254 1336 quam
1283 1280 1505 1335 regnum
1532 1266 1811 1332 caelorum,
1841 1264 1992 1334 cuiuis
2019 1265 2151 1318 ima-

572 1375 642 1431 go
672 1369 727 1414 et
756 1368 917 1429 typus
939 1367 1017 1412 est
1044 1356 1368 1411 sabbatum?
1397 1355 1597 1410 Deinde
1622 1396 1638 1422 ,
1679 1371 1800 1411 cum
1834 1354 2145 1409 universum

573 1453 845 1524 posuisset
869 1450 1236 1507 testimonium
1264 1450 1283 1518 (
1310 1449 1411 1504 hoc
1432 1457 1609 1503 autem
1639 1457 1762 1514 est,
1796 1446 1966 1501 Hodie
1989 1446 2031 1500 si
2060 1460 2149 1499 vo-

572 1563 681 1601 oein
710 1546 819 1615 ejus
840 1543 1126 1607 audieritis,
1148 1542 1303 1595 nolite
1327 1541 1577 1595 obdurare
1604 1540 1759 1594 corda
1787 1549 1949 1593 vestra
1973 1579 1988 1603 ,
2016 1538 2145 1593 sicut

572 1641 628 1692 in
643 1636 1022 1692 exacerbatione
1041 1676 1057 1696 .
1084 1634 1358 1689 secundant
1379 1634 1511 1686 diem
1538 1631 1827 1686 tentationis
1847 1631 1902 1685 in
1921 1630 2139 1692 deserto,

572 1731 657 1785 ubi
678 1737 996 1783 tentaveruut
1018 1743 1096 1780 me
1121 1736 1291 1797 patres
1314 1727 1503 1791 vestri;
1529 1726 1861 1795 probaverunt
1890 1738 1970 1776 me
1998 1732 2044 1775 et
2068 1720 2147 1775 vi-

573 1823 932 1889 derunt~opera
969 1834 1080 1872 mea
1107 1817 1448 1887 quadraginta
1476 1816 1645 1869 annis.
1667 1814 1890 1885 PrOpter
1912 1812 2049 1883 quod
2067 1813 2163 1882 ορ

573 1918 744 1983 fensus
770 1912 855 1982 fui.
868 1907 1184 1980 gener'ationi
1208 1907 1308 1974 illi,
1329 1918 1375 1962 et
1392 1907 1523 1974 dixi,
1544 1906 1759 1977 Semper
1774 1914 1947 1960 errant
1960 1905 2147 1959 corde:

569 2005 667 2073 ipsi
704 2014 870 2057 autem
906 2018 1006 2056 non
1035 2010 1373 2072 cognoverunt
1401 2001 1509 2054 vias
1534 2015 1671 2054 meas
1697 2017 1717 2065 ;
1761 2000 1942 2070 quibus
1972 2000 2149 2070 jumvi

567 2097 622 2149 in
650 2096 728 2148 ira
753 2109 883 2159 mea,
915 2092 974 2147 Si
997 2093 1270 2146 introibunt
1289 2091 1342 2144 in
1368 2090 1587 2160 requiem
1607 2089 1801 2160 meum)
1827 2130 1843 2156 ,
1871 2097 1998 2143 tunc
2022 2089 2152 2143 sub-

564 2185 741 2255 iungit
795 2202 810 2238 :
853 2183 939 2238 12.
981 2181 1158 2236 Videte
1181 2222 1196 2247 ,
1224 2185 1429 2252 fratres,
1454 2196 1517 2234 ne
1536 2180 1670 2250 forte
1695 2181 1762 2235 sit
1790 2182 1844 2234 in
1868 2180 2038 2247 aliquo
2066 2195 2145 2234 ve-

567 2287 726 2331 strum
750 2292 837 2329 cor
863 2274 1053 2328 malum
1082 2273 1450 2327 incredulitatis
1481 2272 1785 2327 discedendo
1816 2288 1848 2326 a
1874 2270 1984 2325 Deo
2013 2272 2144 2325 vivo.

569 2369 652 2422 Ex
689 2365 889 2420 duritie
931 2364 1075 2420 enim
1116 2363 1177 2418 tit
1216 2362 1561 2421 incredulitas
1597 2381 1611 2417 :
1649 2372 1704 2416 et
1748 2362 1888 2417 sicut
1922 2376 2148 2432 corpora

567 2475 687 2529 qua:
716 2457 1080 2511 occalluerunt
1104 2464 1159 2510 et
1187 2454 1439 2510 duritiem
1466 2462 1890 2519 contraxerunt,
1920 2469 2028 2509 non
2058 2469 2149 2509 ce-

566 2551 702 2606 dunt
731 2549 978 2604 manibus
1003 2546 1363 2604 medicorum:
1384 2549 1455 2602 ita
1480 2548 1641 2603 etiam
1672 2547 1930 2603 indurata:
1954 2547 2149 2601 animas

568 2658 673 2697 non
700 2641 898 2697 cedunt
923 2639 1086 2696 verbo
1114 2639 1207 2694 Dei
1241 2656 1254 2694 :
1288 2647 1372 2694 est
1396 2639 1539 2693 enim
1566 2637 1857 2692 verisimile
1886 2636 2146 2709 quosdam

563 2735 672 2804 iam
699 2747 803 2788 non
836 2730 1059 2787 credere
1090 2771 1105 2793 ,
1138 2738 1408 2798 tamquam
1437 2744 1542 2783 non
1566 2742 1692 2784 vera
1724 2727 1835 2782 sint
1863 2743 1980 2798 quae
2011 2728 2147 2783 facta

567 2834 710 2878 sunt.
743 2822 1031 2893 Propterea
1057 2819 1223 2874 dicit:
1262 2817 1437 2873 Videte
1459 2835 1521 2874 ne
1544 2818 1675 2888 forte
1698 2818 1763 2872 sit
1788 2819 1840 2872 in
1862 2818 2033 2889 aliquo
2061 2835 2140 2873 ve-

566 2928 725 2972 strum
753 2932 841 2969 cor
868 2914 1060 2969 malum
1080 2912 1451 2967 incredulitatis
1477 2911 1782 2966 discedendo
1807 2928 1840 2964 a
1878 2909 1986 2965 Deo
2013 2912 2142 2967 vivo.

564 3008 697 3063 Nam
726 3007 978 3078 quoniam
1003 3018 1182 3061 sermo
1209 3003 1275 3059 de
1302 3002 1491 3058 futuris
1518 3019 1625 3057 non
1651 3012 1736 3057 est
1758 3002 1892 3057 adeo
1916 3000 2146 3057 credibi-

566 3090 651 3166 lis,
685 3110 742 3155 ut
768 3099 858 3171 qui
881 3108 963 3155 est
988 3097 1058 3153 de
1091 3095 1394 3168 prmteritis,
1428 3094 1507 3151 eis
1529 3094 1809 3150 historiam
1847 3102 2065 3150 revocat
2091 3095 2142 3148 in

565 3170 879 3249 memoriam
909 3233 926 3260 ,
960 3191 1011 3245 in
1037 3205 1139 3261 qua
1167 3170 1271 3244 lide
1298 3196 1580 3260 eguerunt.
1610 3186 1743 3242 Nam
1771 3186 1815 3240 si
1837 3193 2018 3256 patres
2044 3200 2142 3241 ve-

562 3287 657 3341 stri
688 3328 703 3353 ,
749 3285 961 3355 inquit,
1003 3283 1256 3354 quoniam
1288 3296 1393 3336 non
1425 3288 1777 3350 speraverunt
1822 3288 1882 3334 ut
1926 3294 2145 3349 sperare

561 3381 835 3450 oportuit,
867 3377 981 3432 haec
1004 3376 1151 3447 passi
1181 3382 1306 3429 sunt
1329 3415 1344 3437 ,
1372 3374 1543 3428 multo
1572 3371 1741 3441 magis
1767 3384 1865 3425 vos
1898 3388 1913 3425 :
1946 3371 2013 3425 ad
2040 3386 2134 3427 eos

565 3478 711 3531 enim
742 3476 858 3531 haec
881 3472 1044 3529 verba
1074 3474 1231 3528 ﬁunt.
1274 3470 1407 3526 illud
1438 3470 1580 3526 enim
1609 3510 1625 3535 ,
1677 3469 1845 3523 Hodie
1872 3511 1888 3537 ,
1929 3468 2101 3540 inquit
2123 3511 2141 3537 ,

562 3584 776 3640 semper
801 3576 884 3622 est
907 3565 1162 3639 quamdiu
1189 3563 1419 3619 mundus
1444 3562 1769 3621 constiterit.
1799 3562 1887 3618 l5.
1922 3562 2031 3617 Sed
2046 3562 2138 3616 od-

563 3661 835 3716 hortamini
872 3658 1195 3729 vosmetipsos
1226 3672 1313 3727 per
1342 3655 1568 3725 singulos
1598 3653 1705 3708 dies
1737 3694 1753 3720 ,
1794 3653 1955 3707 donec
1997 3648 2145 3707 hodie

563 3755 967 3826 cognominatur.
1015 3751 1128 3806 iloc
1163 3757 1280 3815 est,
1311 3747 1600 3803 [Edilicate
1645 3761 1739 3801 vos
1783 3747 2140 3813 alterutrum,

563 3846 754 3918 erigite
778 3859 878 3901 vos
908 3844 1053 3916 ipsos
1074 3882 1093 3908 ,
1118 3850 1176 3897 ut
1205 3855 1313 3897 non
1346 3839 1474 3893 ﬁant
1502 3837 1712 3895 eadem.
1753 3836 1823 3893 Ut
1851 3853 1952 3892 non
1981 3838 2142 3891 obdu-

564 3946 702 3991 retur
718 3935 832 4005 quis
853 3950 915 3989 ea:
939 3933 1077 3988 vobis
1100 3931 1309 4002 fallacia
1336 3927 1546 4001 peccati.

634 4027 692 4082 9.
740 4025 908 4081 Vides
948 4024 1091 4095 quod
1140 4030 1418 4093 peccatum
1463 4019 1626 4076 faciat
1668 4018 2144 4075 incredulitatem?

566 4117 701 4173 Nam
749 4124 810 4173 ut
847 4115 1193 4173 incredulitas
1222 4113 1417 4168 malam
1461 4111 1600 4182 parit
1638 4110 1839 4178 vitam,
1868 4110 1940 4164 ita
1983 4109 2143 4165 etiam

562 4213 765 4275 anima,
787 4222 912 4263 cum
933 4206 989 4261 in
1012 4203 1344 4276 profundum
1367 4202 1630 4257 malorum
1642 4201 1878 4267 venerit,
1899 4209 2144 4254 contem-

560 4302 675 4366 nit;
705 4308 1066 4355 contemnens
1090 4306 1275 4353 autem
1295 4312 1364 4351 ne
1387 4294 1622 4351 sustinet
1643 4293 1866 4363 quidem
1892 4292 2141 4357 credere,

564 4400 627 4445 ut
651 4405 709 4445 se
731 4406 762 4445 a
790 4396 938 4444 metu
964 4388 1185 4443 liberet.
1210 4385 1472 4441 Dixerunt
1496 4385 1664 4448 enim,
1697 4383 1894 4454 inquit,
1920 4382 2037 4438 Non
2065 4400 2145 4437 vt-

564 4482 702 4535 debit
722 4480 1001 4545 Dominus,
1024 4495 1116 4533 nec
1142 4476 1395 4549 intelliget
1413 4477 1552 4532 Deus
1567 4476 1727 4531 Iacob
1751 4474 1919 4546 (Psal.
1939 4476 2027 4531 9'5.
2056 4474 2141 4545 7);

563 4582 620 4627 et
646 4586 860 4636 rursus,
888 4569 1053 4625 Labia
1082 4576 1265 4624 nostra
1297 4586 1329 4623 a
1355 4568 1496 4622 nobis
1518 4576 1676 4633 sunt;
1704 4567 1817 4638 quis
1846 4574 2021 4619 noster
2041 4564 2146 4619 Do-

564 4666 737 4719 minus
767 4672 843 4718 est
877 4661 1045 4735 (Psal.
1078 4661 1164 4717 11.
1193 4660 1283 4732 5)?
1312 4659 1643 4730 iterumque,
1666 4657 1773 4714 Cur
1798 4659 2027 4712 irritavit
2050 4657 2149 4711 im-

564 4758 682 4826 pius
707 4756 873 4811 Deum
898 4755 1067 4827 (Psal.
1096 4754 1180 4809 10.
1204 4755 1289 4811 15.
1307 4770 1411 4808 sec.
1430 4750 1653 4822 Hebr.)?
1691 4758 1748 4806 et
1774 4765 1985 4814 rursus,
2005 4748 2149 4803 Dixit

564 4847 817 4917 insipiens
842 4848 897 4900 in
917 4845 1069 4900 corde
1086 4863 1181 4901 suo
1200 4862 1217 4899 :
1234 4845 1351 4901 Non
1378 4855 1452 4899 est
1480 4844 1638 4898 Deus.
1667 4840 1913 4912 Corrupti
1936 4850 2077 4907 sunt,
2100 4854 2148 4894 et

565 4937 946 4993 abominabiles
966 4939 1092 5009 facti
1114 4947 1234 4993 sunt
1258 4940 1313 4993 in
1336 4938 1520 4993 studiis
1540 4937 1648 4992 suis
1675 4933 1845 5005 (Psal.
1874 4934 1960 4988 15.
1987 4931 2063 5002 1).
2082 4932 2151 4987 Et

560 5044 780 5094 rursus,
794 5028 911 5084 Non
926 5036 1000 5082 est
1027 5030 1185 5083 timor
1195 5028 1291 5083 Dei
1308 5038 1429 5083 ante
1445 5027 1619 5083 oculos
1635 5042 1844 5091 eorum;
1865 5034 1923 5079 et
1938 5038 2147 5089 rursus,

566 5119 834 5185 Quoniam
862 5117 1037 5174 dolose
1066 5120 1168 5191 egit
1190 5120 1244 5173 in
1261 5127 1534 5191 conspectu
1560 5118 1693 5188 ejus,
1717 5124 1773 5169 ut
1799 5115 2033 5169 inveniat
2050 5113 2152 5167 ini-

564 5210 823 5280 quitatem
837 5209 949 5280 ejus
961 5217 1008 5263 et
1021 5209 1186 5263 oderit
1203 5209 1373 5280 (Psal.
1393 5210 1481 5265 35.
1498 5210 1551 5267 2.
1571 5210 1626 5280 5)
1638 5252 1649 5263 .
1661 5209 1915 5266 Christus
1932 5226 2151 5282 quoque

566 5300 675 5356 hoc
699 5300 767 5356 ad
783 5300 962 5371 ipsum
984 5301 1144 5357 dicit:
1165 5301 1346 5357 Omnis
1364 5304 1452 5372 qui
1472 5300 1612 5356 male
1630 5301 1758 5371 agit,
1778 5303 1885 5357 odit
1902 5302 2089 5369 lucem,
2103 5312 2172 5356 etv

574 5424 675 5461 non
706 5407 837 5460 venit
855 5403 924 5457 ad
953 5403 1111 5456 lucem
1132 5398 1150 5469 (
1169 5396 1328 5451 Joan.
1361 5395 1415 5448 5.
1445 5391 1516 5446 20
1536 5394 1575 5461 ).
1604 5390 1805 5444 Deinde
1840 5389 2108 5459 subiungit
2137 5406 2149 5443 :

577 5501 863 5567 l’m‘ticipes
892 5494 1081 5551 Christi
1098 5489 1272 5559 e/Iecti
1291 5502 1483 5543 sumus.
1512 5484 1649 5552 Quid
1674 5482 1782 5537 hoc
1812 5492 1914 5547 cst,
1941 5480 2154 5536 Partici-

637 5635 709 5695 (a)
730 5630 824 5681 Hic
860 5631 1034 5691 ingens
1067 5626 1144 5674 est
1176 5620 1335 5670 hiatus
1374 5616 1423 5665 in
1450 5610 1734 5664 Colbertiuo
1764 5608 1982 5671 quinque
2018 5605 2157 5670 pagi-

575 5712 760 5747 υιινιιιιι.

2208 390 2211 393 ν
2260 378 2347 431 pes
2374 360 2563 416 Christi
2591 359 2757 426 e/fccti
2782 374 2957 412 sumus
2978 361 3007 413 ?
3032 358 3206 414 Unum
3238 358 3412 415 οπεοιί
3443 376 3626 420 sumus
3654 382 3742 423 nos
3760 383 3804 426 et

2259 453 2374 523 ipse
2404 467 2419 506 :
2450 449 2713 520 siquidem
2763 449 2877 519 ipse
2918 448 3133 519 quidem
3164 460 3322 520 caput
3345 493 3361 517 ,
3391 467 3487 508 nos
3515 464 3684 511 autem
3709 475 3809 514 cor-

2259 558 2379 614 pus,
2411 541 2709 597 coheredes
2728 582 2744 606 ,
2777 550 2832 595 et
2853 541 3288 610 concorporales.
3314 542 3488 598 Unum
3515 560 3703 615 corpus
3726 568 3802 605 sn-

2257 650 2379 692 mus
2411 650 2478 690 ex
2525 648 2686 688 carne
2723 633 2839 702 ejus
2862 673 2878 697 ,
2916 633 3129 702 inquit,
3163 642 3219 688 et
3263 648 3334 689 ex
3366 636 3575 691 ossibus
3607 640 3732 709 ejus.
3759 644 3809 698 Si

2257 736 2423 782 tamen
2444 723 2647 778 initium
2675 723 2971 776 substantiae
2999 724 3108 792 ejus
3145 739 3302 794 usque
3328 726 3397 777 ad
3423 726 3574 792 finem
3611 732 3805 785 retinea-

2256 835 2389 873 mus.
2419 815 2557 885 Quid
2582 824 2702 880 est,
2750 813 2963 869 Initium
2988 814 3287 869 substantia:
3315 817 3467 885 ejus?
3503 818 3682 874 Fidem
3728 840 3808 892 per

2256 922 2418 977 quam
2446 907 2807 973 constitimus,
2838 913 2893 960 et
2913 904 3080 975 geniti
3111 918 3295 959 sumus
3316 943 3332 969 ,
3358 912 3413 959 et
3434 912 3491 959 ut
3522 905 3590 958 ita
3617 906 3774 963 dicam
3797 949 3811 974 ,

2257 996 2725 1053 consubstantiati.
2756 995 2955 1050 Deinde
2983 994 3256 1065 subiungit
3286 1010 3303 1049 :
3345 994 3432 1049 15.
3466 992 3603 1049 Dum
3628 996 3814 1064 dicitur,

2265 1088 2432 1143 Hodie
2455 1089 2500 1142 si
2528 1103 2698 1142 vocem
2735 1082 2847 1158 ejus
2872 1080 3137 1140 audieritis
3164 1126 3179 1150 ,
3211 1085 3365 1139 nolite
3390 1085 3641 1141 obdurare
3675 1090 3812 1144 corda

2256 1189 2439 1245 vestra,
2468 1178 2597 1233 sicut
2626 1178 2679 1231 in
2698 1175 3099 1231 exacerbatione.
3127 1175 3251 1230 [hec
3278 1176 3493 1231 inverso
3523 1175 3707 1231 ordine
3732 1193 3815 1249 po-

2258 1283 2456 1327 nuntur
2483 1312 2499 1338 ,
2530 1269 2729 1325 deinde
2752 1268 3038 1338 adjicitur:
3064 1267 3215 1340 (Cap.
3244 1266 3299 1337 4)
3333 1268 3380 1321 1.
3410 1266 3694 1322 Timeamus
3716 1286 3816 1342 ergo

2257 1383 2319 1419 ne
2344 1368 2475 1435 forte
2492 1363 2671 1418 relicta
2695 1362 3060 1433 pollicitatione
3080 1360 3370 1414 introeundi
3390 1361 3443 1413 in
3462 1361 3679 1432 requiem
3700 1364 3812 1432 ejus,

2257 1457 2569 1512 existimetur
2594 1455 2781 1525 aliquis
2809 1469 2872 1507 ea:
2898 1452 3031 1507 vobis
3053 1452 3242 1505 deesse.
3265 1451 3320 1506 2.
3349 1449 3554 1506 Etenim
3585 1452 3717 1506 nobis
3739 1470 3815 1507 au-

2258 1548 2547 1602 nuntiatum
2578 1556 2650 1600 est
2671 1587 2687 1614 ,
2716 1544 3142 1615 quemadmodum
3168 1552 3216 1596 et
3259 1542 3386 1598 illis.
3433 1542 3569 1596 Dum
3610 1545 3811 1609 dicitur,

2263 1638 2431 1693 Hoaie
2456 1639 2501 1693 si
2526 1653 2695 1692 vocem
2722 1637 2831 1707 ejus
2855 1634 3138 1689 audieritis.
3173 1633 3305 1688 Illud
3336 1634 3481 1689 enim
3511 1632 3671 1688 Hodie
3697 1650 3817 1690 sem-

2258 1748 2354 1803 per
2383 1739 2485 1787 est.
2514 1729 2715 1787 Deinde
2740 1730 2816 1783 ait
2844 1746 2857 1782 :
2892 1726 3000 1783 Sed
3018 1744 3118 1781 non
3145 1726 3335 1798 profuit
3365 1726 3471 1781 illis
3489 1743 3651 1780 sermo
3682 1731 3814 1781 audi-

2258 1835 2358 1891 tus,
2382 1840 2481 1877 non
2499 1822 2754 1877 admixtus
2773 1821 2893 1891 ﬁdei
2909 1836 2975 1875 ea:
2999 1821 3063 1875 iis
3088 1834 3202 1891 qua:
3219 1820 3524 1883 audierunt;
3552 1820 3815 1877 ostendens

2257 1914 2528 1986 quomodo
2576 1927 2682 1969 non
2725 1911 2925 1983 profuit
2972 1927 2990 1968 :
3035 1919 3317 1982 propterea
3369 1910 3513 1965 enim
3567 1926 3667 1965 non
3706 1926 3813 1981 pro-

2257 2008 2355 2061 luit
2407 2006 2528 2077 quia
2576 2005 2764 2060 deerat
2800 2002 2953 2058 ﬁdes.
2995 2001 3200 2058 Deinde
3240 2000 3426 2057 volens
3463 2015 3557 2056 eos
3599 2010 3812 2069 terrere,

2258 2098 2361 2153 hoc
2390 2098 2563 2168 ipsum
2604 2093 2842 2151 ostendit
2884 2109 2983 2163 per
3030 2106 3095 2150 ea
3140 2105 3262 2165 qua:
3307 2089 3461 2147 dicit.
3496 2091 3585 2146 16.
3617 2093 3812 2160 Quidam

2257 2195 2390 2244 enim
2409 2188 2672 2243 audientes
2695 2185 3143 2252 exacerbaverant,
3170 2181 3261 2239 sed
3281 2199 3383 2237 non
3409 2199 3584 2239 omnes
3608 2186 3689 2257 qui
3707 2204 3788 2256 pro
3803 2219 3815 2228 -

2257 2283 2373 2352 fecti
2400 2290 2518 2334 sunt
2544 2296 2607 2333 ea:
2634 2276 2867 2349 Egypto
2914 2293 3003 2345 per
3042 2274 3290 2346 Moysem.
3326 2275 3416 2330 17.
3454 2274 3647 2343 Quibus
3668 2286 3811 2331 autem

2256 2376 2486 2444 infensus
2516 2372 2612 2443 fuit
2640 2370 2982 2441 quadraginta
3008 2369 3155 2422 annis
3181 2367 3207 2421 ?
3231 2369 3519 2423 nonneillis
3546 2369 3632 2439 qui
3657 2385 3813 2438 pecca—

2255 2475 2453 2532 verunt,
2482 2478 2700 2536 quorum
2723 2461 2972 2515 cadavera
3001 2460 3227 2530 proiecta
3255 2468 3373 2513 sunt
3402 2460 3455 2513 in
3484 2460 3719 2514 deserto?
3739 2460 3813 2517 18.

2259 2558 2453 2627 Quibus
2478 2565 2647 2611 autem
2677 2554 2875 2625 juravit
2906 2568 3009 2607 non
3034 2552 3244 2606 introire
3287 2552 3343 2606 in
3381 2552 3611 2623 requiem
3637 2553 3813 2623 ipsius,

2258 2651 2359 2707 nisi
2384 2650 2450 2705 iis
2472 2649 2557 2721 qui
2578 2644 2830 2702 increduli
2854 2644 3105 2715 fuerunt?
3126 2643 3213 2698 19.
3244 2642 3313 2697 Et
3342 2644 3571 2699 videmus
3588 2644 3714 2714 quod
3732 2661 3814 2699 non

2256 2742 2509 2819 potuerint
2534 2739 2745 2795 introire
2771 2738 2826 2793 in
2847 2737 3067 2809 requiem
3088 2736 3249 2809 ipsius
3274 2746 3482 2808 propter
3511 2738 3814 2792 incredulita-

2259 2846 2381 2891 tem.
2426 2834 2565 2890 Cum
2605 2830 2835 2887 dixisset
2876 2845 3070 2886 rursus
3114 2829 3519 2894 testimonium,
3566 2827 3816 2898 subiungit

2256 2926 2423 2984 etiam
2461 2923 2985 2995 interrogationem,
3015 2919 3161 2991 quod
3192 2920 3409 2991 quidem
3451 2919 3656 2974 claram
3680 2918 3819 2973 ellicit

2257 3016 2586 3072 orationem.
2620 3012 2769 3066 Dixit
2813 3013 2980 3079 enim,
3013 3010 3219 3081 inquit,
3254 3010 3425 3066 Hodie
3454 3011 3503 3064 si
3535 3026 3700 3066 vocem
3724 3008 3817 3078 ejus

2259 3108 2555 3171 audieritis,
2580 3105 2740 3160 nolite
2783 3104 3041 3159 obdurare
3070 3104 3231 3159 corda
3273 3112 3444 3158 vestra
3479 3106 3618 3159 sicut
3661 3104 3711 3158 in
3745 3118 3820 3163 e1-

2259 3201 2610 3257 acerbatione.
2639 3197 3046 3265 Quorumnam,
3087 3196 3284 3267 inquit,
3316 3197 3565 3252 meminit
3592 3195 3680 3267 qui
3711 3203 3818 3250 sunt

2260 3291 2535 3349 indurati?
2567 3303 2928 3363 quarumnam
2961 3288 3052 3359 qui
3089 3303 3199 3344 non
3238 3288 3627 3344 crediderunt?
3653 3286 3816 3341 Nonne

2252 3380 2608 3440 ‘Judaiorum?
2636 3380 2794 3448 Quod
2825 3389 3005 3436 autem
3039 3379 3193 3445 dicit,
3225 3387 3310 3436 est
3346 3378 3660 3447 huiusmodi
3692 3377 3843 3429 :Au-'

2260 3474 2478 3530 dierunt
2502 3472 2580 3530 illi
2608 3486 2827 3544 quoque
2850 3470 2993 3527 sicut
3023 3484 3124 3525 nos
3155 3468 3430 3532 audimus,
3460 3468 3559 3522 sed
3584 3466 3707 3520 nihil
3726 3464 3817 3519 illis

2261 3566 2483 3639 profuit.
2509 3565 2586 3622 Ne
2614 3580 2746 3636 ergo
2767 3562 3092 3619 existimetis
3124 3560 3268 3634 quod
3291 3560 3538 3616 futurum
3570 3558 3639 3613 sit
3670 3566 3720 3610 ut
3742 3556 3813 3626 ju-

2262 3657 2463 3713 vemini
2510 3655 2783 3711 audiendo
2822 3652 3262 3725 medicationem
3299 3666 3314 3703 :
3356 3666 3483 3707 nam
3523 3652 3595 3706 illi
3629 3662 3816 3721 quoque

2261 3749 2572 3815 audierunt,
2590 3747 2686 3805 sed
2712 3747 2851 3802 nihil
2880 3746 2987 3800 illis
3006 3745 3230 3817 profuit,
3255 3745 3513 3816 quoniam
3540 3759 3646 3800 non
3667 3742 3817 3797 credi-

2260 3840 2481 3898 derunt.
2499 3840 2705 3898 Chalel)
2726 3847 2909 3895 autem
2930 3845 2985 3893 et
3000 3836 3161 3894 Jesus
3191 3838 3449 3910 quoniam
3478 3854 3589 3895 non
3613 3851 3819 3893 consen-

2273 3940 2460 3989 serunt
2480 3931 2546 3987 iis
2566 3930 2655 4002 qui
2683 3943 2790 3984 non
2810 3926 3176 3991 crediderunt,
3197 3925 3300 3980 illis
3325 3925 3473 3979 illatu
3486 3941 3540 3979 m
3557 3924 3826 3994 ell‘ugerunt

2273 4024 2615 4097 supplicium.
2642 4023 2707 4077 Et
2728 4020 2849 4076 vide
2877 4019 3003 4090 quid
3029 4018 3347 4073 admirabile
3380 4032 3394 4070 :
3428 4033 3536 4071 non
3556 4017 3707 4083 dixit,
3729 4014 3824 4069 Non

2272 4121 2681 4181 consenserunt,
2710 4112 2825 4178 sed,
2860 4109 2980 4165 Non
3006 4110 3251 4164 commisti
3278 4118 3393 4162 sunt
3410 4124 3430 4172 ;
3455 4108 3562 4164 hoc
3586 4117 3685 4173 est,
3714 4109 3825 4161 citra

2273 4208 2592 4265 seditionem
2621 4215 2747 4261 sunt
2777 4202 3010 4275 separati
3036 4244 3049 4267 ,
3081 4217 3208 4257 cum
3240 4201 3315 4255 illi
3340 4202 3497 4256 unius
3524 4210 3580 4256 et
3608 4199 3823 4270 eiusdem

2274 4301 2500 4358 fuissent
2525 4299 2829 4355 sententiae.
2869 4295 2967 4351 llic
2995 4294 3124 4349 mihi
3151 4292 3361 4348 videtur
3389 4292 3553 4347 etiam
3580 4292 3729 4347 tacite
3761 4290 3826 4343 in-

2274 4406 2440 4447 nuere
2477 4381 2814 4448 seditionem.
2842 4393 2896 4448 ὅ.
2927 4391 3255 4461 lngredimur
3280 4390 3434 4457 enim,
3464 4388 3653 4460 inquit,
3680 4387 3728 4440 in
3763 4399 3832 4437 re-

2269 4490 2439 4556 quiem
2458 4484 2546 4555 qui
2569 4485 2897 4540 credidimus.
2920 4483 3122 4539 Deinde
3144 4483 3247 4538 boc
3272 4481 3601 4537 conﬁrmans
3625 4478 3822 4549 subiuno

2267 4575 2386 4631 xit:
2420 4574 2851 4644 Quemadmodum
2870 4575 2997 4629 dixit
3026 4590 3045 4629 :
3074 4574 3404 4647 Sicutjuravi
3441 4574 3493 4627 in
3534 4575 3613 4628 ira
3649 4588 3768 4635 mea,
3793 4565 3829 4623 si

2268 4666 2541 4721 introibant
2589 4668 2645 4722 in
2687 4667 2905 4738 requiem
2942 4681 3150 4721 meam:
3180 4675 3235 4722 et
3274 4665 3489 4736 quidem
3528 4663 3768 4735 operibus
3801 4671 3824 4709 ει

2269 4758 2650 4815 constitutione
2690 4758 2877 4813 mundi
2928 4757 3260 4813 constitutis.
3311 4755 3575 4824 Quoniam
3611 4755 3824 4810 dicturus

2270 4848 2411 4906 forte
2447 4850 2712 4921 quispiam
2758 4857 2911 4915 erat,
2942 4847 3103 4918 Atqui
3147 4847 3249 4902 hoc
3292 4862 3399 4901 non
3436 4846 3699 4916 signiﬁcat
3740 4856 3822 4895 nos

2271 4940 2630 5011 ingressuros,
2662 4939 2756 4995 sed
2787 4939 2908 4995 illos
2934 4953 3041 4995 non
3069 4952 3191 4993 esse
3221 4938 3492 5009 ingressos
3526 4956 3541 4993 :
3570 4935 3692 5006 quid
3718 4948 3825 5003 ergo

2272 5031 2438 5087 facit?
2465 5030 2690 5087 Interim
2722 5031 2906 5086 studet
2941 5029 3231 5086 ostendere
3250 5070 3265 5095 ,
3294 5027 3437 5099 quod
3483 5030 3623 5083 sicut
3652 5027 3734 5081 illa
3759 5040 3829 5079 re-

2271 5123 2423 5194 quies
2448 5137 2555 5177 nou
2578 5122 2827 5193 prohibet
2845 5116 3001 5177 aliam
3024 5120 3129 5176 dici
3154 5120 3419 5189 requiem,
3441 5120 3513 5175 ita
3540 5134 3707 5190 neque
3734 5116 3829 5170 ha-c

2240 5234 2244 5239 θ
2272 5213 2515 5284 requiem
2538 5214 2820 5270 caelorum.
2848 5212 3066 5268 Interim
3106 5224 3237 5283 ergo
3276 5210 3390 5265 vult
3419 5210 3704 5266 ostendere
3730 5208 3829 5261 illos

2274 5305 2513 5373 requiem
2555 5319 2657 5360 nos
2695 5316 3014 5375 assequulos
3042 5318 3185 5360 esse.
3222 5301 3292 5359 Ut
3332 5302 3471 5358 scias
3505 5313 3680 5358 autem
3707 5297 3829 5371 quod

2274 5396 2376 5451 hoc
2400 5396 2585 5463 dicat,
2613 5397 2762 5453 addit
2788 5416 2801 5453 :
2834 5397 2888 5453 4.
2920 5396 3066 5451 Dixit
3102 5397 3237 5450 enim
3285 5396 3508 5465 quodam
3538 5395 3647 5449 loco
3677 5394 3734 5447 de
3758 5391 3825 5444 die

2272 5489 2485 5560 septima
2513 5489 2584 5544 sic
2612 5504 2633 5544 :
2660 5500 2705 5543 et
2734 5488 2975 5559 requievit
3010 5486 3150 5543 Deus
3180 5487 3262 5541 die
3299 5488 3512 5559 septimo
3540 5486 3602 5540 ab
3628 5483 3830 5539 omnibus

2274 5580 2511 5651 operibus
2548 5581 2653 5635 suis
2679 5596 2698 5635 :
2727 5581 2782 5638 5.
2830 5590 2877 5634 et
2913 5580 2965 5634 in
3001 5581 3097 5635 isto
3131 5594 3380 5635 rursum:
3408 5578 3469 5635 Si
3495 5577 3757 5633 introibant
3786 5574 3829 5626 in

2277 5675 2495 5743 requiem
2526 5689 2709 5729 meam.
2754 5670 2920 5729 Vides
2958 5670 3228 5741 quomodo
3269 5670 3385 5728 lues
3429 5685 3533 5729 non
3577 5666 3831 5740 prohibeat
