4064 6568
274 356 343 413 55
910 440 921 441 ί
1088 360 1157 417 IN
1196 362 1417 420 EPIST.
1459 364 1550 417 AD
1589 364 1955 421 HEBRJEOS.
1995 367 2149 424 CAP.
2193 371 2284 426 IV.
2330 371 2561 430 HOMIL.
2592 372 2678 430 Vl.
3483 383 3552 441 56

272 475 423 537 θεὸς,
464 472 610 527 ὥστε
638 476 852 531 ἀνελεῖν
898 481 1055 550 ἡμᾶς
1101 478 1242 548 μετὰ
1286 478 1499 531 παίδων
1529 480 1624 531 καὶ
1671 496 1859 547 γυναι-

272 554 401 607 κῶν.
442 554 502 608 '0
530 557 722 611 τοίνυν
761 561 897 623 Θεὸς
939 561 1321 631 ὀργιζόμενος,
1358 563 1444 614 ὅτι
1477 560 1622 613 οὕτω
1649 562 1862 631 ταχέως

269 636 530 699 ἐξέϐαλον
558 642 662 710 τὴν
687 642 799 694 τῶν
840 643 1231 714 γεγενημένων
1276 645 1522 713 μνήμην,
1565 642 1750 712 ὤμοσε
1785 644 1860 714 μὴ

266 720 539 773 εἰσελθεῖν
571 723 673 793 τὴν
707 725 906 791 γενεάν
952 727 1172 796 ἐκείνην
1221 725 1323 796 τὴν
1355 724 1531 797 ταῦτα
1572 727 1861 797 εἰρηκυῖαν

266 803 347 862 εὶς
378 803 483 873 τὴν
517 807 871 861 κατάπαυσιν
921 825 936 843 ν
970 809 1067 862 καὶ
1114 809 1320 872 πάντες
1367 796 1651 863 ἀπώλοντο
1687 810 1746 860 ἐν
1795 812 1859 879 τῇ

265 886 485 955 ἐρήμῳ.
532 888 691 941 Ἐπεὶ
736 886 833 942 οὖν
874 892 904 943 ὁ
934 890 1098 943 Δαυὶδ
1149 889 1265 963 [65]
1294 890 1525 960 ὕστερον
1578 884 1721 959 μετὰ
1761 891 1862 959 τὴν

264 970 467 1034 γενεάν
526 972 630 1040 τὴν
676 973 906 1026 ἐκείνων
946 974 1250 1042 διελέγετο“
1305 972 1577 1042 Σήμερον
1618 974 1726 1026 ἐὰν
1750 973 1863 1041 τῆς

261 1051 478 1118 φωνῆς
529 1055 721 1108 αὑτοῦ
757 1057 1081 1123 ἀκούσητε,
1132 1057 1292 1126 φησὶ,
1333 1056 1420 1125 μὴ
1473 1056 1862 1124 σκληρύνητε

264 1134 377 1199 τὰς
399 1136 654 1203 καρδίας
676 1137 866 1206 ὑμῶν,
906 1139 986 1204 ὡς
1012 1139 1083 1192 ἐν
1102 1138 1183 1204 τῷ
1212 1139 1693 1208 παραπικρασμῷ
1724 1156 1739 1170 ’
1773 1137 1874 1191 διὰ³

264 1217 318 1267 τί
343 1230 403 1281 II;
437 1218 527 1271 ῖνα
578 1220 655 1290 μὴ
687 1222 755 1273 τὰ
807 1221 949 1274 αὐτὰ
972 1222 1207 1292 πάθητε,
1250 1222 1395 1293 ἅπερ
1435 1223 1484 1274 oi
1518 1221 1779 1292 πρόγονοι
1809 1221 1859 1272 οἱ

264 1301 555 1373 ὑμέτεροι,
585 1305 683 1357 καὶ
713 1305 1134 1377 ἀποπερηθῆτε
1156 1306 1258 1375 τῆς
1286 1304 1691 1368 καταπαύσεως
1716 1319 1733 1336 ·
1762 1303 1859 1374 δη-

265 1383 447 1439 λονότι
473 1386 552 1451 ὡς
601 1388 771 1455 οὔσης
801 1391 948 1454 τινὸς
987 1390 1393 1453 καταπαύσεως
1421 1389 1601 1443 ταῦτα
1648 1388 1855 1457 ἔλεγεν.

279 1469 437 1522 Ἐπεὶ
472 1471 521 1522 εἰ
554 1471 924 1543 ἀπειληφότες
962 1469 1108 1545 ἦσαν
1139 1475 1240 1545 τὴν
1283 1474 1657 1536 κατάπαυσιν,
1702 1473 1857 1543 φησὶ,

265 1552 416 1616 τίνος
453 1554 648 1607 ἕνεκεν
676 1556 866 1620 αὐτοῖς
895 1556 1059 1609 πάλιν
1104 1556 1254 1625 λέγει
1302 1557 1387 1623 τὸ,
1445 1556 1718 1626 Σήμερον
1749 1556 1862 1609 ἐὰν

266 1634 383 1703 τῆς
420 1633 633 1705 ρον-ἦς
650 1639 842 1693 αὑτοῦ
868 1640 1193 1709 ἀκούσητε,
1216 1639 1304 1709 μὴ
1336 1639 1727 1708 σκληρύνητε
1753 1640 1859 1705 τὰς

268 1720 524 1787 καρδίας
554 1721 744 1790 ὑμῶν,
772 1722 855 1788 ὡς
885 1723 956 1776 ἐν
978 1722 1058 1789 τῷ
1087 1720 1611 1792 παραπικρπμῷ;

338 1803 439 1867 Τίς
468 1802 565 1857 οὖν
588 1805 740 1858 ἐστιν
763 1804 897 1875 ἄλλη
925 1806 1299 1870 κατάπαυσις,
1337 1805 1460 1859 ἀλλ’
1486 1805 1520 1875 ἢ
1548 1806 1581 1874 ἡ
1613 1804 1861 1875 βασιλεία

267 1886 376 1938 τῶν
404 1888 659 1957 οὐρανῶν
677 1881 747 1959 ἦς
773 1887 941 1941 εἰκὼν
974 1889 1071 1941 καὶ
1096 1889 1268 1951 τύπος
1294 1888 1415 1942 ἐστὶ
1448 1888 1511 1942 τὸ
1532 1888 1808 1943 Σάὸὁατον
1842 1907 1857 1956 ;

273 1967 404 2024 Εἶτα
422 1971 541 2034 θεὶς
568 1972 670 2042 τὴν
718 1971 1031 2043 μαρτυρίαν
1065 1974 1247 2026 πᾶσαν
1268 1973 1430 2044 (αὕτη
1468 1973 1526 2027 δέ
1569 1976 1710 2035 ἐστι,
1744 1973 1861 2041 Σή-

266 2071 449 2123 μερον
473 2055 586 2108 ἐὰν
623 2052 730 2121 τῆς
754 2054 965 2125 φωνῆς
984 2056 1170 2110 αὑτοῦ
1192 2058 1516 2126 ἀκούσητε,
1545 2062 1633 2128 μὴ
1669 2061 1860 2126 σκλη-

263 2142 492 2206 ρύνητε
530 2140 643 2203 τὰς
686 2139 942 2206 καρδίας
990 2140 1180 2210 ὑμῶν,
1230 2143 1311 2208 ὠς
1362 2142 1432 2197 ἐν
1481 2143 1564 2209 τῷ
1600 2157 1859 2212 παραπι-

271 2222 539 2292 κρασμῷ,
579 2223 733 2276 κατὰ
761 2222 879 2291 τὴν
908 2224 1140 2293 ἡμέραν
1164 2226 1272 2280 τοῦ
1310 2226 1647 2297 πειρασμοῦ
1676 2228 1748 2281 ἐν
1785 2226 1861 2297 τῇ

267 2305 463 2373 ἐρήμῳ
485 2322 502 2336 ο
529 2301 606 2361 οὗ
638 2308 970 2375 ἐπείρασαν
988 2324 1063 2377 με
1082 2311 1136 2362 ot
1163 2308 1415 2377 πατέρες
1445 2310 1633 2380 ὑμῶν,
1661 2310 1859 2365 ἐδοκί-

265 2390 471 2458 μασὰν
492 2406 603 2458 με,
646 2390 747 2443 καὶ
774 2387 939 2447 εἶδον
967 2393 1041 2446 τὰ
1081 2391 1227 2463 ἔργα
1250 2411 1370 2463 μου
1403 2394 1860 2463 τεσσαράκοντα

267 2476 390 2541 ἔτη.
416 2474 520 2529 Διὸ
540 2476 937 2544 προσώχθισα
963 2477 1039 2545 τῇ
1065 2478 1244 2547 γενεᾷ
1273 2479 1499 2547 ἐκείνῃ,
1533 2481 1633 2533 καὶ
1660 2476 1854 2545 εἷπον,

266 2557 357 2610 ἀεί
379 2558 737 2613 πλανῶνται
760 2557 835 2628 τῇ
856 2559 1073 2629 καρδίᾳ
1098 2576 1114 2589 ο
1138 2561 1310 2615 αὐτοὶ
1346 2560 1415 2614 δὲ
1436 2564 1549 2616 οὐκ
1579 2562 1859 2632 ἔγνωσαν

268 2638 371 2705 τὰς
404 2640 591 2706 ὁδούς
645 2660 766 2711 μου
799 2659 816 2673 ·
853 2642 933 2709 ὡς
961 2642 1168 2713 ὤμοσα
1212 2644 1283 2697 ἐν
1337 2642 1412 2712 τῇ
1446 2644 1595 2714 ὀργῇ
1622 2662 1763 2713 μου,
1806 2648 1857 2699 εὶ

266 2726 723 2781 εἰσελεύσονται
773 2730 860 2793 εὶς
911 2727 1029 2795 τὴν
1072 2726 1464 2782 κατάπαυσίν
1519 2728 1686 2798 μου),
1733 2730 1856 2782 τότε

270 2809 461 2877 ἐπάγει
490 2823 507 2837 ⁸
539 2810 829 2875 Βλέπετε,
855 2810 1127 2880 ἀδελφοὶ,
1162 2811 1249 2880 μή
1271 2828 1417 2865 ποτε
1438 2811 1609 2866 ἔσται
1640 2812 1711 2867 έν
1740 2831 1856 2865 τινι

270 2892 433 2961 ὑμῶν
450 2894 673 2962 καρδία
702 2897 937 2963 πονηρά
969 2894 1278 2961 ἀπιστίας,
1308 2894 1379 2948 ἐν
1409 2894 1488 2959 τῷ
1512 2894 1853 2964 ἀποστῆναι

270 2977 384 3029 ἀπὸ
442 2978 595 3032 Θεοῦ
646 2978 883 3044 ζῶντος.
945 2978 1080 3031 Ἀπὸ
1108 2978 1218 3048 γὰρ
1256 2978 1356 3048 τῆς
1407 2979 1851 3052 σκληρότητοςή

272 3061 494 3115 ἀπιστία
526 3062 743 3130 γίνεται
768 3075 783 3091 ·
817 3064 913 3116 καὶ
938 3062 1196 3132 καθάπερ
1223 3062 1294 3116 τὰ
1332 3064 1719 3133 πεπωρωμένα
1742 3065 1852 3118 τῶν

274 3146 539 3215 σωμάτων
590 3146 688 3200 καὶ
729 3146 946 3217 σκληρὰ
992 3148 1094 3200 οὐκ
1133 3147 1273 3199 εῐκει
1326 3148 1449 3209 ταῖς
1501 3146 1611 3201 τῶν
1649 3148 1853 3220 ἰατρῶν

273 3228 451 3297 χερσίν
475 3246 491 3259 ·
528 3228 677 3282 οὓτω
719 3229 816 3282 καὶ
860 3232 914 3282 αἱ
955 3228 1129 3300 ψυχαὶ
1182 3229 1239 3284 αἱ
1285 3229 1709 3301 σκληρυνθεῖσαι
1750 3231 1852 3285 οὐκ

274 3314 473 3365 είκουσι
515 3311 598 3382 τῷ
654 3312 798 3383 λόγῳ
841 3312 937 3367 τοῦ
990 3312 1125 3366 Θεοῦ
1162 3328 1176 3342 ⁵
1214 3312 1362 3377 είκὺς
1408 3314 1518 3385 γάρ
1570 3332 1723 3379 τινας
1756 3318 1851 3369 καὶ

273 3395 509 3449 ἀπιστεῖν
538 3396 750 3462 λοιπὸν,
776 3397 853 3461 ὡς
876 3398 976 3450 ούκ
1004 3397 1178 3451 ὄντων
1212 3397 1432 3468 ἀληθῶν
1465 3398 1575 3449 τῶν
1620 3415 1851 3469 γεγενη-

276 3480 466 3546 μένων.
504 3480 606 3534 Διὰ
636 3481 797 3533 τοῦτό
827 3497 985 3549 φησιο
1015 3480 1281 3534 Βλέπετε
1300 3480 1385 3549 μή
1414 3495 1559 3535 ποτε
1587 3482 1760 3536 ἔσται
1780 3483 1852 3536 ἕν

274 3578 381 3615 τινι
427 3564 598 3633 ὑμῶν
632 3565 846 3631 καρδία
872 3565 1112 3633 πονηρὰ
1151 3565 1461 3630 ἀπιστίας,
1493 3566 1564 3619 ἐν
1595 3564 1676 3630 τῷ
1706 3566 1851 3621 ἀπο-

272 3644 481 3711 στῆναι
504 3648 626 3701 ἀπὸ
653 3647 801 3701 Θεοῦ
824 3646 1063 3713 ζῶντος.
1109 3647 1332 3715 Ἐπειδὴ
1367 3648 1477 3719 γὰρ
1512 3649 1541 3701 6
1585 3649 1696 3701 τῶν
1721 3650 1850 3719 μελ-

272 3726 461 3782 λόντων
481 3730 643 3799 λόγος
670 3730 769 3783 οὐκ
803 3731 951 3783 ἔστιν
975 3731 1117 3785 οὕτω
1144 3730 1396 3795 πιθανὸς,
1428 3731 1503 3794 ὡς
1531 3733 1559 3785 6
1576 3732 1683 3785 τῶν
1709 3750 1847 3803 παρ-

270 3810 550 3876 ελθόντων,
635 3815 1054 3885 ἀναμιμνήσκει
1110 3814 1314 3878 αὐτοὺς
1373 3815 1637 3884 ἱστορίας,
1692 3816 1751 3869 ἐν

271 3897 499 3961 πίστεως
529 3898 852 3969 ἐδεήθησαν.
883 3899 944 3951 Εἰ
968 3897 1077 3967 γὰρ
1107 3901 1157 3952 οἱ
1192 3898 1431 3968 πατέρες
1456 3898 1632 3968 ὑμῶν,
1658 3899 1845 3969 φησὶν,

273 3980 450 4051 ἐπειδὴ
505 3981 606 4034 οὐκ
650 3982 891 4053 ἤλπισαν
925 3982 1114 4053 ῶσπερ
1161 3983 1332 4053 ἐχρῆν
1380 3982 1623 4044 ἐλπίσαι,
1673 3981 1849 4037 ταῦτα

272 4063 493 4116 ἔπαθον·
528 4064 713 4133 πολλῷ
752 4064 953 4133 μᾶλλον
986 4065 1148 4134 ὑμεῖς
1173 4080 1189 4098 ⁸
1214 4066 1309 4118 καὶ
1342 4066 1449 4137 γὰρ
1474 4064 1613 4137 πρὸς
1644 4064 1848 4127 αὐτοὺς

271 4141 417 4211 οὗτός
445 4148 598 4201 ἐστιν
631 4149 659 4200 6
689 4148 870 4215 λόγος.
924 4148 998 4201 T6
1037 4150 1169 4220 γὰρ,
1202 4149 1496 4219 Σήμερον,
1541 4150 1728 4220 φησὶν,
1760 4149 1848 4203 ἀεί

272 4233 430 4295 ἐστιν,
458 4233 565 4295 ἓως
598 4232 665 4286 ἂν
689 4232 996 4305 συνεστήκῃ
1022 4236 1050 4286 6
1072 4233 1299 4304 κόσμος.
1352 4234 1540 4289 Ἀλλὰ
1573 4250 1843 4301 παρακα-

266 4315 419 4370 λεῖτε
446 4316 703 4377 ἑαυτοὺς
732 4319 862 4370 καθ’
883 4317 1150 4385 ἑκάστην
1178 4318 1427 4386 ἡμέραν,
1456 4318 1629 4387 ίίχρις
1659 4317 1731 4375 οὗ
1781 4321 1848 4373 τὸ

266 4399 532 4468 σήμερον
546 4400 840 4453 καλεῖται.
864 4401 1179 4467 Τουτέστιν,
1199 4402 1535 4472 οἰκοδομεῖτε
1562 4404 1844 4474 ἀλλήλους,

270 4482 612 4553 ἀνορθώσατε
645 4484 895 4547 ἑαυτοὺς,
937 4485 1023 4538 ῖνα
1061 4485 1135 4554 μὴ
1174 4486 1241 4537 τὰ
1274 4485 1415 4539 αύτὰ
1440 4486 1690 4557 γένηται.
1715 4489 1849 4543 Ἵνα

267 4564 350 4632 μὴ
372 4566 730 4635 σκληρυνθῇ
754 4584 844 4631 τις
870 4566 940 4631 ἐξ
969 4566 1135 4636 ὑμῶν
1179 4568 1378 4637 ἀπάτῃ
1402 4569 1511 4637 τῆς
1536 4573 1845 4639 ἁμαρτίας.

343 4647 400 4716 β’.
449 4649 615 4720 Ὁρᾷς
643 4650 727 4702 ὅτι
744 4650 843 4720 τὴν
863 4650 1123 4702 ἀπιστίαν
1139 4652 1171 4721 ἡ
1188 4652 1439 4723 ἁμαρτία
1455 4656 1620 4717 ποιεῖ;
1636 4655 1849 4727 Ὥσπερ

275 4730 381 4800 γὰρ
407 4733 439 4802 ἡ
466 4732 695 4785 ἀπιστία
737 4731 851 4801 βίον
888 4733 1064 4785 τίκτει
1113 4735 1372 4804 πονηρὸν,
1399 4734 1541 4787 οὕτω
1558 4737 1701 4807 καὶὴ
1729 4736 1847 4809 [64]

197 4824 212 4839 ⁸
274 4812 434 4885 ψυχὴ,
450 4816 577 4869 ὅταν
593 4816 675 4878 εἰς
692 4814 859 4885 βάθος
878 4814 1009 4887 ἔλθῃ
1031 4815 1240 4880 κακῶν,
1260 4819 1611 4889 καταφρονεῖ’
1636 4837 1847 4889 καταφ-

283 4897 541 4967 ρονήσασα
553 4897 632 4962 δὲ,
654 4898 776 4951 οὐδὲ
794 4899 1073 4952 πιστεύειν
1087 4900 1364 4970 ἀνέχεται,
1384 4899 1526 4954 ὥστε
1542 4902 1849 4970 ἀπαλλάξαι

283 4979 435 5045 φόϐου
455 4982 677 5053 ἑαυτήν.
698 4978 888 5036 Εἶπον
903 4983 1031 5053 γάρ,
1054 4985 1241 5054 φησὶν,
1256 4986 1365 5038 οὐκ
1384 4984 1592 5052 ὄψεται
1614 4988 1847 5055 Κύριος,

281 5061 413 5115 οὐδὲ
425 5064 683 5133 συνήσει
700 5067 734 5119 ό
753 5065 898 5131 Θεὸς
916 5065 1022 5118 τοῦ
1034 5066 1251 5120 Ἰακώϐ·
1269 5068 1364 5120 καὶ
1382 5067 1563 5133 πάλιν,
1583 5070 1659 5123 Τὰ
1674 5072 1848 5139 χείλη

283 5147 439 5215 ήμῶν
459 5153 592 5220 παρ’
621 5152 769 5221 ἡμῖν
800 5152 933 5205 ἐστι
958 5168 971 5182 ⁸
1004 5152 1096 5218 τίς
1131 5150 1301 5221 ἡμῶν
1324 5154 1539 5221 Κύριός
1569 5148 1731 5221 ἑστιξ
1756 5157 1851 5209 καὶ

284 5231 712 5298 πάλιν,Ἕνεκεν
758 5236 924 5301 τίνος
970 5234 1347 5305 παρώργισεν
1392 5239 1426 5289 ό
1472 5237 1700 5304 ἀσεϐὴς
1746 5240 1851 5292 τόν

286 5314 568 5381 Θεόνςκαὶ
601 5319 788 5385 πάλιν,
822 5320 1010 5372 Εἶπεν
1035 5319 1242 5388 ἄφρων
1278 5321 1350 5373 ἐν
1376 5320 1589 5388 καρδίᾳ
1632 5323 1848 5387 αὐτοῦ,

283 5398 384 5450 οὐκ
413 5399 537 5455 ἔστι
586 5403 753 5468 Θεός.
786 5401 1202 5471 Διεςρθάρησαν
1248 5403 1346 5457 καὶ
1397 5404 1852 5475 ἐόδελύχθησαν

284 5478 349 5529 ἐν
393 5482 837 5555 ἐπιτηδεύμασι.
898 5485 1008 5538 Καὶ
1064 5486 1261 5553 πάλιν,
1316 5489 1439 5541 Οὐκ
1488 5488 1621 5543 ἐστι
1667 5493 1851 5559 φόϐος

291 5564 422 5619 Θεοῦ
460 5568 749 5623 ἀπέναντι
776 5568 894 5622 τῶν
924 5569 1245 5640 ὀφθαλμῶν
1273 5571 1494 5626 αὐτοῦ’
1537 5574 1631 5627 καὶ
1667 5575 1847 5639 πάλιν,

290 5733 613 5853 α’ἔὲιὶιὲεξιά
624 5742 670 5792 τί
684 5757 698 5804 ;
714 5741 975 5794 aMutiano
994 5741 1171 5793 omissa
1181 5748 1315 5805 sunt,
1328 5742 1603 5807 absunlquc
1624 5747 1671 5795 in
1692 5745 1847 5809 Regg.

1965 484 2045 536 ὄτι
2106 487 2441 542 Ἐδόλωσεν
2490 491 2746 546 ἐνώπιον
2796 492 2981 547 αὑτοῦ
3038 493 3142 548 τοῦ
3186 495 3386 563 εὑρεῖν
3436 500 3553 567 τὴν

1963 566 2220 649 ἀνομίαν
2250 571 2461 637 αὑτοῦ,
2493 577 2588 625 καὶ
2626 574 2907 643 μισῆσαι.
2962 576 3076 629 Καὶ
3131 579 3160 630 6
3202 578 3439 649 Χριστὸς
3492 566 3551 637 δὲ

1963 648 2093 700 αὐτὸ
2132 651 2287 703 τοῦτο
2329 650 2499 722 δηλοῖ,
2537 656 2710 723 λέγων
2730 675 2743 688 ·
2778 657 2904 725 Πᾶς
2936 662 2969 713 ό
2998 660 3203 727 φαῦλα
3230 648 3549 731 πράσσων,

1959 731 2131 797 μισεῖ
2150 731 2218 784 τὸ
2250 733 2399 801 φῶς,
2422 736 2522 789 καὶ
2551 740 2661 792 οὐκ
2687 738 2923 809 ἔρχεται
2966 743 3115 811 πρός
3147 744 3213 796 τό
3234 744 3380 813 φῶς.
3418 743 3551 801 Εῐτα

1962 813 2178 882 ἐπάγει·
2210 817 2462 887 Μέτοχοι
2499 822 2607 888 γὰρ
2654 826 2983 892 γεγόναμεν
3019 826 3125 880 τοῦ
3169 829 3451 895 Χριστοῦ.
3483 832 3550 885 Τί

1961 897 2384 985 ἐστι.-Μέτοχοι
2416 905 2745 973 γεγόναμεν
2781 907 2887 960 τοῦ
2915 911 3206 977 Χριστοῦ;
3232 914 3549 985 Μετέχομεν

1961 979 2150 1069 αύτοῦ,
2180 984 2365 1069 φησίν·
2405 985 2465 1039 ἓν
2494 987 2797 1057 ἐγενόμεθα
2822 992 2983 1061 ἡμεῖς
3022 993 3117 1045 καὶ
3148 995 3341 1058 αύτός·
3382 979 3549 1069 ἐἴπερ

1962 1062 2146 1151 αὐτὸς,
2177 1066 2274 1135 μὲν
2321 1069 2742 1151 κεφαλὴησῶμα
2786 1072 2842 1126 δὲ
2892 1076 3075 1143 ἡμεῖς,
3113 1062 3546 1151 συγκληρονόμόι

1962 1141 2058 1195 καὶ
2087 1142 2497 1215 σύσσωμοι.⁶Ἐν
2523 1148 2684 1219 σῶμά
2704 1152 2893 1217 ἐσμεν,
2914 1141 2979 1205 ἐκ
3006 1154 3105 1222 τῆς
3129 1141 3544 1225 σοι’ρκὸςάύτοῦ.

1962 1227 2117 1310 φησὶ,
2141 1229 2235 1282 καὶ
2266 1230 2331 1283 ὲκ
2353 1232 2462 1285 τῶν
2491 1232 2695 1286 ὀστέων
2724 1233 2909 1289 αὑτοῦ.
2928 1234 3184 1305 Ἐἀνπερ
3212 1238 3329 1305 τὴν
3349 1240 3546 1310 ἀρχὴν

1959 1308 2072 1376 τῆς
2092 1311 2490 1380 ὑποστάσεως
2512 1315 2689 1385 μέχρι
2721 1318 2935 1383 τέλους
2961 1308 3547 1392 ,βεδαίανκατάσχωο

1958 1410 2090 1476 μεν.
2123 1394 2190 1447 Τί
2220 1396 2388 1476 ἐστιν,
2429 1397 2610 1468 Ἀρχὴ
2641 1397 2748 1466 τῆς
2769 1401 3197 1469 ὑποστάσεως;
3228 1403 3339 1476 Τὴν
3362 1404 3546 1459 πίστιν

1961 1474 2132 1543 λέγει,
2166 1478 2234 1531 δι’
2262 1473 2333 1551 ἧς
2368 1479 2689 1551 ὑπέστημεν
2721 1483 2818 1537 καὶ
2846 1486 3192 1557 γεγενήμεθα
3220 1473 3313 1541 καὶ.
3354 1504 3545 1541 συνου-

1962 1558 2261 1630 σιώθημεν,
2294 1563 2371 1626 ὡς
2421 1562 2486 1617 άν
2537 1581 2623 1627 τις
2678 1564 2823 1619 εἴποι
2844 1566 2897 1621 δ.
2929 1561 3064 1621 Εἶτα
3095 1569 3311 1637 ἐπάγει,
3329 1569 3432 1625 Ἑν
3462 1569 3545 1637 τῷ

1959 1642 2263 1713 λέγεσθαι,
2300 1646 2572 1717 Σήμερον
2606 1648 2716 1703 ἐὰν
2757 1648 2864 1719 τῆς
2888 1649 3095 1721 φωνῆς
3129 1654 3319 1709 αὑτοῦ
3359 1655 3542 1711 ἀκού-

1960 1738 2132 1793 σητε,
2162 1728 2250 1798 μὴ
2280 1732 2665 1800 σκληρύνητε
2696 1733 2802 1798 τὰς
2835 1734 3082 1805 καρδίας
3123 1735 3309 1807 ὑμῶν,
3338 1736 3542 1807 ὥσπερ

1959 1809 2029 1863 ἐν
2055 1811 2137 1878 τῷ
2163 1813 2657 1885 παραπικρασμῷ.
2695 1817 2833 1871 Καθ’
2858 1818 3169 1890 ὑπερϐατόν
3201 1822 3319 1874 ἐστι
3348 1822 3539 1876 τοῦτο’

1959 1894 2019 1949 τὸ
2062 1895 2356 1951 ἀκόλουθον
2390 1897 2448 1951 δέ
2478 1897 2655 1962 οὕτως
2687 1898 2800 1969 ἔχει
2821 1916 2837 1931 ·
2866 1900 3221 1973 Φοϐηθῶμεν
3260 1900 3393 1970 οὖν,
3423 1905 3541 1975 μή-

1962 1993 2107 2034 ποτε
2156 1984 2669 2052 καταλειπομένης
2703 1984 3064 2053 ἐπαγγελίας
3108 1988 3406 2042 είσελθεῖν
3453 1991 3543 2057 εις

1960 2061 2077 2129 τὴν
2109 2064 2486 2119 κατάπαυσιν
2514 2067 2724 2130 αὑτοῦ,
2758 2066 2909 2136 δοκῇ
2950 2085 3040 2134 τις
3067 2069 3135 2133 ἐξ
3173 2069 3338 2138 ὑμῶν
3361 2074 3538 2126 ὑστε-

1953 2145 2225 2214 ρηκέναι.
2255 2148 2365 2202 Καὶ
2410 2148 2521 2217 γάρ
2563 2149 2754 2218 ἐσμεν
2800 2152 3311 2221 εὐηγγελισμένοι,
3338 2153 3541 2224 ὥσπερ

1962 2228 2245 2296 κάκεῖνοι,
2274 2231 2345 2284 ὲν
2375 2230 2455 2295 τῷ
2491 2232 2795 2301 λέγεσθαι,
2827 2233 3098 2303 Σήμερον
3124 2234 3234 2289 ἐὰν
3262 2235 3373 2303 τῆς
3415 2254 3535 2306 φωο

1961 2310 2077 2387 νῆς
2115 2312 2303 2367 αὑτοῦ
2339 2314 2662 2381 ἀκούσητε.
2694 2316 2770 2368 Τὸ
2791 2316 2901 2385 γὰρ
2935 2318 3204 2386 Σήμερον
3232 2318 3320 2372 άεί
3365 2318 3536 2377 ἐστιν.

1961 2391 2104 2459 Εἶτα,
2145 2396 2378 2465 ἐπάγει·
2418 2397 2570 2451 Ἀλλ’
2603 2399 2715 2452 οὐκ
2764 2397 3086 2468 ὠφέλησεν
3131 2402 3165 2454 ό
3202 2401 3385 2470 λόγος
3425 2400 3539 2470 τῆς
3626 2434 3631 2439 ~

1958 2476 2149 2545 ἀκοῆς
2201 2480 2494 2547 ἐκείνους,
2521 2481 2607 2550 μὴ
2657 2483 3154 2552 συγκεκραμένης
3211 2483 3285 2553 τῇ
3338 2486 3538 2539 πίστει

1958 2561 2083 2627 τοῖς
2106 2562 2437 2620 ἀκούσασι’
2466 2564 2683 2629 δεικνὺς
2711 2565 2830 2629 πῶς
2859 2568 2888 2620 6
2917 2566 3076 2634 λόγος
3098 2567 3199 2620 οὐκ
3223 2567 3534 2638 ὠφέλησεν

1958 2647 2021 2699 ἐκ
2054 2646 2164 2715 γὰρ
2192 2646 2287 2700 τοῦ
2327 2646 2402 2719 μὴ
2430 2648 2832 2720 συγκραθῆναι,
2859 2650 2960 2703 οὐκ
2994 2650 3379 2721 ὠφελήθησαν.
3404 2646 3537 2705 Εἶτα

1959 2729 2281 2800 βουλόμενος
2328 2730 2527 2794 αὐτοὺς
2580 2731 2838 2802 φοϐῆσαι,
2884 2732 3158 2787 δείκνυσιν
3201 2734 3336 2788 αὐτὸ
3380 2736 3538 2790 τοῦτο

1956 2812 2022 2866 δι’
2045 2806 2121 2866 ὧν
2146 2831 2279 2884 φησι
2297 2830 2313 2845 ο
2346 2814 2511 2881 Τινὲς
2530 2813 2640 2884 γὰρ
2664 2815 3039 2883 ἀκούσαντες
3058 2818 3534 2886 παρεπίκραναν,

1954 2897 2094 2953 ἀλλ’
2114 2899 2186 2952 οὐ
2211 2897 2433 2964 πάντες
2477 2901 2533 2952 οἱ
2577 2898 2930 2967 ἐξελθόντες
2970 2899 3039 2964 ἐξ
3093 2901 3394 2971 Αἰγύπτου
3438 2901 3538 2956 διὰ

1954 2978 2270 3048 Μωῠσέως.
2294 2982 2417 3035 Τίσι
2434 2982 2503 3035 δέ
2518 2981 2898 3052 προσώχθισε
2913 2984 3369 3053 τεσσαράκοντα
3390 2984 3495 3053 ἔτη
3513 3001 3534 3049 ;

1954 3066 2091 3134 οὐχὶ
2116 3065 2238 3131 τοῖς
2265 3065 2708 3134 ἁμαρτήσασιν,
2731 3059 2818 3119 ὧν
2838 3068 2912 3120 τὰ
2933 3067 3099 3121 κῶλα
3126 3068 3353 3123 ἔπεσον
3368 3068 3439 3122 ἐν
3458 3066 3535 3137 τῇ

1952 3148 2190 3218 ἐρήμῳ;
2230 3149 2353 3203 τίσι
2377 3148 2446 3202 δὲ
2482 3150 2678 3218 ὤμοσε
2703 3150 2790 3219 μὴ
2824 3151 3283 3208 είσελεύσεσθαι
3312 3154 3401 3218 εἰς
3419 3151 3536 3221 τὴν

1951 3232 2337 3287 κατάπαυσιν
2376 3232 2585 3296 αὐτοῦ,
2613 3234 2663 3286 ει
2698 3232 2783 3301 μὴ
2815 3233 2938 3298 τοῖς
2970 3234 3379 3303 ἀπειθήσασι;
3424 3236 3535 3290 Καί

1945 3314 2277 3384 βλέπομεν,
2292 3314 2380 3367 ὅτι
2414 3316 2526 3368 οὐκ
2548 3314 2952 3382 ἠδυνήθησαν
2973 3318 3275 3371 εἰσελθεῖν
3303 3317 3379 3371 δι’
3401 3319 3536 3372 ἀπιο

1950 3398 2150 3451 στίαν.
2180 3397 2364 3450 Εἰπὼν
2391 3397 2554 3449 πάλιν
2575 3396 2673 3467 τὴν
2698 3397 3023 3468 μαρτυρίαν,
3047 3399 3141 3451 καὶ
3168 3400 3266 3471 τὴν
3321 3401 3535 3471 ἐρώτη-

1953 3500 2036 3534 σιν
2061 3481 2277 3549 ὲπάγει,
2314 3479 2484 3532 ποιῶν
2512 3479 2604 3531 τὸν
2634 3479 2793 3548 λόγον
2829 3480 2996 3551 σαφῆ.
3040 3479 3184 3536 Είπε
3206 3483 3336 3554 γάρ,
3372 3485 3531 3553 φησὶ,

1950 3565 2219 3633 Σήμερον
2266 3562 2376 3615 ἐὰν
2422 3561 2533 3630 τῆς
2572 3560 2781 3631 φωνῆς
2837 3564 3024 3619 αὑτοῦ
3082 3565 3400 3632 ἀκούσητε,
3444 3566 3532 3635 μὴ

1949 3647 2335 3715 σκληρύνητε
2364 3645 2471 3711 τὰς
2498 3644 2749 3713 καρδίας
2779 3645 2966 3716 ὑμῶν,
2994 3648 3074 3715 ὠς
3119 3648 3190 3703 ἐν
3232 3647 3312 3715 τῷ
3341 3666 3530 3718 παρη,

1949 3729 2285 3800 πικρασμῷ.
2336 3727 2451 3801 [65]
2505 3728 2679 3782 Τίνων
2731 3729 3031 3802 μέμνηται,
3063 3732 3222 3802 φησὶ,
3259 3732 3532 3803 σκληρυν-

1949 3813 2172 3877 θέντων,
2191 3812 2351 3867 τίνων
2375 3811 2431 3864 δὲ
2460 3812 2880 3881 άπειθησάντων
2903 3830 2917 3877 ;
2946 3815 3065 3884 οὐχὶ
3087 3815 3196 3869 τῶν
3221 3815 3529 3880 Ίουδαίωνς

1955 3896 2020 3947 Ὃ
2047 3896 2105 3949 δὲ
2136 3895 2309 3964 λέγει,
2350 3895 2595 3949 τοιοῦτόν
2628 3897 2810 3950 ἐστιν’
2846 3897 3094 3967 ἥκουσαν
3123 3899 3390 3960 κάκεῖνοι,
3423 3915 3531 3967 φη-

1950 3980 2055 4043 σὶν,
2091 3979 2277 4050 ὥσπερ
2310 3980 2472 4049 ἡμεῖς
2516 3978 2807 4050 ἀκούομεν,
2844 3980 2960 4033 ἀλλ’
2991 3981 3144 4034 οὐδὲν
3196 3980 3388 4049 ὄφελος
3430 3980 3531 4033 αὐ-

1948 4066 2058 4128 τοῖς
2090 4065 2300 4133 γέγονε.
2332 4064 2424 4134 Μὴ
2452 4065 2633 4117 τοίνυν
2662 4064 2921 4135 νομίσητε
2945 4065 3028 4118 ὅτι
3060 4064 3166 4118 άπὸ
3187 4063 3283 4117 τοῦ
3307 4064 3534 4117 ἀκούειν

1947 4146 2040 4200 τοῦ
2072 4146 2431 4219 κηρύγματος
2458 4146 2878 4218 ὠφεληθήσεσθε
2897 4164 2911 4179 ’
2939 4148 3063 4201 ἐπεὶ
3086 4148 3333 4201 κάκεῖνοι
3365 4147 3531 4218 ἥκου-

1950 4247 2068 4295 σαν,
2102 4230 2217 4283 ἀλλ’
2236 4231 2387 4283 οὐδὲν
2413 4230 2724 4290 άπώναντο,
2755 4230 2943 4301 ἐπειδὴ
2979 4230 3054 4301 μὴ
3079 4230 3430 4284 ἐπίστευσαν.
3465 4230 3530 4282 Οῖ

1946 4310 2041 4367 οὖν
2072 4314 2199 4385 περὶ
2234 4314 2413 4367 Χάλεϐ
2450 4315 2541 4367 καὶ
2587 4314 2816 4384 Ἰησοῦν.
2851 4314 3039 4384 ἐπειδὴ
3085 4315 3160 4384 μὴ
3192 4312 3529 4384 συνεκράθη-

1952 4415 2046 4450 σαν
2095 4400 2203 4459 τοῖς
2261 4398 2616 4466 ἀπιστήσασι,
2658 4396 2958 4461 τουτέστιν,
3001 4397 3063 4449 οὐ
3114 4396 3525 4467 συνεφώνησαν,

1948 4481 2203 4549 διέφυγον
2247 4481 2347 4550 τὴν
2397 4481 2517 4533 κατ’
2553 4481 2781 4536 ἐκείνων
2827 4481 3200 4552 ἐξενεχθεῖσαν
3232 4480 3528 4551 τιμωρίαν.

1950 4564 2058 4616 Καὶ
2089 4565 2189 4634 ὅρα
2218 4581 2270 4616 τι
2300 4564 2610 4635 θαυμαστόν
2630 4581 2642 4593 ·
2684 4566 2784 4619 οὐκ
2818 4562 2990 4629 εἶπεν,
3022 4565 3082 4618 οὐ
3120 4564 3526 4635 συνεφώνησαν,

1949 4646 2084 4711 ἀλλ’,
2129 4650 2210 4700 Οὐ
2243 4646 2745 4714 συνεκράθησανο
2796 4649 3098 4713 τουτέστιν,
3150 4647 3532 4708 άστασιάστως

1949 4729 2259 4799 διέστησαν,
2290 4730 2758 4787 ἐκείνων.πάντων
2785 4732 2915 4802 μίαν
2945 4732 3040 4783 καὶ
3066 4732 3165 4801 τὴν
3198 4729 3370 4801 αὐτὴν
3391 4729 3530 4797 γνὼ-

1952 4832 2060 4885 μην
2092 4814 2421 4884 ἐσχηκότων.
2440 4814 2708 4869 Ἐνταῦθά
2755 4832 2846 4885 μοι
2893 4815 3044 4868 δοκεῖ
3084 4814 3178 4867 καὶ
3210 4814 3403 4866 στάσιν
3447 4815 3530 4866 αί-

1949 4897 2245 4952 νίττεσθαι.
2276 4897 2677 4966 Εἰσερχόμεθα
2714 4897 2845 4967 γὰρ,
2871 4897 3056 4967 φησὶν,
3086 4898 3172 4964 είς
3202 4895 3316 4966 τὴν
3349 4896 3529 4951 κατά-

1951 4996 2178 5033 παυσιν
2212 4982 2265 5033 οἱ
2303 4981 2755 5045 πιστεύσαντες.
2795 4980 2927 5032 Εἶτα
2959 4979 3118 5034 τοῦτο
3166 4980 3399 5050 βεϐαιῶν
3431 4982 3530 5035 ἐπ-

1950 5063 2127 5133 ήγαγε
2144 5078 2157 5094 ο
2185 5061 2387 5128 Καθὼς
2416 5064 2679 5131 ειρηκεν,
2699 5063 2780 5130 ὡς
2802 5062 3009 5131 ὤμοσα
3032 5064 3101 5117 ἐν
3124 5062 3200 5131 τῇ
3222 5063 3369 5133 ὀργῇ
3387 5082 3528 5133 μου,

1949 5148 2000 5198 εί
2030 5146 2479 5199 εἰσελεύσονται
2524 5148 2611 5213 εὶς
2652 5146 2767 5214 τὴν
2805 5147 3188 5202 κατάπαυσίν
3226 5161 3379 5216 μουο
3410 5146 3531 5200 καί-

1950 5246 2032 5281 τοι
2073 5228 2183 5281 τῶν
2230 5228 2408 5300 ἔργων
2439 5229 2548 5283 ἀπὸ
2580 5230 2886 5301 καταϐολῆς
2922 5232 3128 5301 κόσμου
3163 5230 3527 5300 γενηθέντων.

1964 5310 2180 5382 Ἐπειδὴ
2221 5312 2364 5375 εἰκὸς
2394 5307 2462 5383 ἦν
2492 5315 2670 5366 εἰπεῖν
2704 5331 2846 5380 τινα,
2877 5316 2972 5368 καὶ
3023 5314 3128 5385 μὴν
3157 5313 3313 5366 τοῦτο
3341 5313 3400 5365 οὐ
3432 5311 3528 5366 τοῦ

1951 5395 2098 5464 ἡμᾶς
2129 5394 2532 5448 εἰσελεύσεσθαι
2567 5395 2862 5466 δηλωτικόν
2896 5400 3063 5461 ἐστιν,
3099 5395 3237 5449 ἀλλά
3262 5396 3357 5449 τοῦ
3387 5395 3531 5450 ἐκεί-

1950 5495 2073 5542 νους
2112 5478 2187 5548 μὴ
2227 5478 2647 5549 εἰσεληλυθέναι’
2682 5480 2733 5531 τί
2783 5484 2959 5545 ποιεῖς
3014 5480 3311 5544 Σπουδάζει
3358 5478 3527 5544 δεῖξαι

1950 5563 2106 5627 τέως,
2128 5562 2210 5614 ὅτι
2238 5560 2428 5632 ὥσπερ
2458 5564 2489 5632 ἡ
2514 5562 2858 5627 κατάπαυσις
2890 5564 3073 5631 ἐκείνη
3096 5564 3154 5616 οὐ
3184 5562 3384 5615 κωλύει
3411 5564 3525 5615 ἐτέ-

1954 5661 2052 5714 ραν
2081 5645 2425 5698 κατάπαυσιν
2453 5645 2726 5712 λέγεσθαι,
2765 5645 2939 5707 οὕτως
2969 5645 3087 5698 οὐδὲ
3116 5645 3253 5716 αὕτη
3285 5646 3383 5715 τὴν
3413 5644 3522 5697 τῶν

2018 5805 2046 5845 b
2074 5804 2298 5858 Delealur
2331 5812 2394 5866 ὡς
2442 5808 2499 5858 ἄν
2530 5828 2597 5867 τις
2646 5812 2788 5875 εἴποι,
2817 5816 2863 5863 ει
2894 5809 3055 5861 omnia
3084 5809 3363 5873 procedunt.
3397 5807 3519 5857 Dux.
