4064 6580
520 337 591 397 57
1219 332 1276 387 S.
1315 327 1597 387 JOANNIS
1632 325 2118 383 CIIRYSOSTOMI
2158 325 2480 380 ARCmEP.
2527 324 3078 383 CONSTANTINOP.
3702 329 3769 385 58

518 453 788 528 οὐρανῶν.
825 452 976 515 Τέως
1000 446 1093 505 οὖν
1122 448 1262 503 θέλει
1285 450 1474 514 δεῖξαι,
1506 447 1588 499 ὅτι
1606 446 1719 528 ,οὐκ
1742 444 1931 528 ἔτυχον
1947 444 2094 528 έκεῖ-

522 524 604 594 νοι
649 538 750 607 τῆς
788 532 1340 595 καταπαύσεως.”οτι
1378 529 1489 598 γάρ
1532 527 1691 581 τοῦτο
1739 527 1905 594 λέγει,
1939 524 2096 593 δῆλον

522 621 584 687 ἑξ
614 614 689 675 ὧν
714 621 945 686 ἑπάγειο
978 616 1196 683 Είρηκε
1226 611 1334 679 γάρ
1363 628 1480 665 που
1521 609 1654 678 περὶ
1696 608 1806 675 τῆς
1842 606 2089 687 ἑϐδόμης

521 686 709 761 οῦτω·
742 702 840 755 καί
868 699 1250 755 κατέπαυσεν
1281 698 1314 749 ὁ
1343 695 1487 759 Θεὸς
1514 691 1587 760 τῇ
1616 692 1803 760 ἡμέρᾳ
1830 687 1903 756 τῇ
1932 686 2097 741 ἐϐδό-

514 804 603 856 μῃ
632 786 749 840 ἀπὸ
782 782 1022 836 πάντων
1045 778 1165 832 τῶν
1188 780 1377 849 ἔργων
1407 774 1593 829 αὑτοῦ
1618 791 1632 805 ο
1666 773 1762 856 καὶ
1807 771 2097 856 ἐντούτῳ

520 854 727 932 πάλιν,
743 868 810 922 Εἰ
830 864 1282 919 εἰσελεύσονται
1304 863 1391 927 είς
1411 858 1524 925 τὴν
1552 854 1934 911 κατάπαυσίν
1951 870 2091 921 μου.

531 951 694 1021 Ὁρᾷς
729 948 844 1011 πῶς
869 948 929 1000 οὐ
962 945 1161 1000 κωλύει
1190 943 1371 1013 ἐκείνη
1403 942 1607 1010 ταύτην
1645 935 1784 991 εἶναι
1812 934 2095 1021 κατάπαυ-

520 1017 605 1086 σιν
624 1017 648 1097 ;’
680 1029 836 1083 Ἐπεὶ
857 1024 970 1084 οὖν
993 1028 1403 1090 ἀπολείπεται,
1428 1022 1583 1094 φησὶ,
1615 1021 1781 1087 τινὰς
1800 1017 2095 1074 εἰσελθεῖν

516 1116 605 1179 εἰς
630 1113 849 1180 αὐτὴν,
887 1112 986 1165 καί
1016 1114 1071 1165 oi
1096 1110 1387 1180 πρότερον
1419 1101 1949 1174 εὐαγγελισθέντες
1979 1102 2093 1155 οὐκ

516 1196 809 1264 εἰσῆλθον
827 1194 903 1248 δι’
928 1194 1240 1248 ἀπείθειαν
1257 1208 1271 1223 ·
1290 1189 1480 1245 πάλιν
1501 1186 1631 1245 τινὰ
1650 1184 1822 1255 ὁρίζει
1843 1183 2094 1254 ἡμέραν,

517 1278 808 1347 σήμερον,
824 1278 892 1331 έν
916 1276 1100 1330 Δαυῒδ
1119 1275 1332 1344 λέγων·
1351 1274 1514 1328 Μετά
1532 1270 1829 1326 τοσοῦτον
1849 1266 2093 1347 χρόνον,

742 1359 1103 1429 προείρηται.
1134 1357 1200 1411 Τί
1241 1357 1299 1411 δέ
1346 1358 1495 1409 ἑστιν
1522 1354 1553 1408 ὅ
1578 1368 1775 1424 φησιν;
1824 1350 1977 1405 Ἐπεὶ
2002 1344 2094 1403 οὖν

515 1444 818 1514 ὀφείλουσι,
854 1442 1011 1513 φησὶ,
1040 1440 1185 1505 τινὲς
1225 1438 1489 1493 εἰσελθεῖν
1525 1437 1762 1499 πάντως,
1794 1434 1993 1487 ἐκεῖνοι
2036 1430 2093 1484 δὲ

516 1531 619 1584 οὐκ
639 1528 908 1600 εἰσῆλθον,
937 1525 1100 1581 πάλιν
1120 1523 1291 1597 ὁρίζει
1312 1523 1505 1594 τρίτην
1531 1520 1701 1591 ἀλλην
1724 1517 2093 1600 κατάπαυσιν.

522 1612 648 1667 ’Ὁτι
680 1598 1029 1666 δὲέἰσελθεῖν
1052 1608 1179 1679 χρὴ,
1207 1606 1303 1660 καὶ
1329 1606 1409 1660 δεῖ
1434 1621 1582 1666 τινας
1612 1600 1901 1667 εἰσελθεῖν,
1925 1598 2091 1653 ἀκούο

518 1712 704 1765 σωμεν
738 1694 904 1748 πόθεν
925 1691 1083 1746 τοῦτο
1110 1688 1659 1754 κατασκευάζει.”οτι
1692 1683 1832 1755 μετά
1858 1681 2093 1737 τοσαῦτα

512 1774 638 1848 Pcw),
678 1779 834 1848 φησὶ,
878 1776 1029 1845 λέγει
1080 1774 1241 1829 πάλιν
1287 1772 1483 1827 Δαυῖδ’
1513 1770 1781 1839 Σήμερον
1824 1766 1933 1821 ἐὰν
1982 1765 2093 1834 τῆς

515 1859 724 1929 φωνῆς
750 1860 934 1914 αὑτοῦ
959 1859 1259 1923 ἀκούσητε
1277 1896 1291 1919 ,
1310 1855 1395 1926 μὴ
1421 1855 1802 1922 σκληρύνητε
1823 1852 1930 1917 τὰς
1953 1866 2093 1918 καρ-

514 1944 653 2008 δίας
678 1942 864 2011 ὑμῶν,
896 1941 976 2007 ὡς
1014 1941 1084 1994 ἐν
1113 1938 1192 2004 τῷ
1224 1935 1730 2007 παραπικρασμιῖν
1754 1935 1807 1988 εί
1835 1932 1946 2003 γὰρ
1987 1934 2094 1986 αὺ-

513 2025 662 2091 τοὺς
700 2024 943 2091 Ἰησοῦς
987 2023 1393 2083 κατέπαυσεν,
1434 2021 1548 2074 οὐκ
1597 2016 1675 2071 ἂν
1720 2015 1851 2087 περί
1896 2016 2093 2082 ἄλλης

512 2109 719 2163 ’ἐλάλει
745 2108 895 2179 μετά
925 2107 1113 2162 ταῦτα
1139 2105 1384 2175 ἡμέρας.
1413 2104 1581 2175 Δῆλον
1604 2098 1714 2157 Γοῦν
1742 2101 1826 2155 ὅτι
1855 2099 1931 2165 ῶς
1962 2099 2092 2172 μελ-

516 2192 715 2247 λόντων
764 2191 925 2245 τινῶν
972 2188 1257 2255 τεύξεσθαί
1289 2186 1403 2260 [66]
1450 2203 1595 2250 τινος
1629 2185 1887 2258 ἀμοιϐῆς,
1918 2183 2093 2239 ταῦτά

440 2336 451 2349 κ
515 2278 849 2349 φησιν.Ἄρα
872 2276 1259 2330 ἀπολείπεται
1289 2271 1697 2342 σαϐϐατισμὸς
1716 2269 1797 2336 τῷ
1832 2268 1960 2335 ,1αῷ
1986 2271 2093 2324 τοῦ

518 2359 689 2415 Θεοῦ.
734 2358 938 2423 Πόθεν,
976 2359 1072 2411 Ἐκ
1100 2357 1194 2411 τοῦ
1224 2356 1643 2428 παραγγέλλειν,
1689 2354 1787 2423 Μὴ
1827 2354 2094 2422 σκληρύ-

516 2459 661 2510 νητε
688 2444 793 2508 τὰς
820 2441 1065 2510 καρδίας
1105 2440 1290 2511 ὑμῶν.
1311 2442 1384 2495 Οὐ
1411 2440 1519 2511 γάρ
1549 2440 1637 2503 ἂν,
1670 2441 1719 2492 εἰ
1749 2439 1825 2509 μὴ
1862 2433 1930 2508 ἦν
1959 2436 2093 2492 σαϐ-

515 2523 807 2595 ϐατισμὸς,
830 2520 1002 2577 ταῦτα
1030 2520 1493 2593 παρηγγέλλοντο,
1523 2521 1643 2575 οὐδὲ
1668 2519 1983 2575 ἐκελεύοντο
2016 2518 2093 2590 μὴ

513 2610 585 2664 τὰ.
603 2609 741 2663 αὒτά
768 2611 962 2672 ποιεῖν,
984 2606 1075 2664 ἵνα
1103 2605 1181 2680 μὴ
1205 2606 1272 2662 τὰ
1290 2605 1432 2662 αύτά
1463 2604 1727 2666 πάθωσιν,
1756 2603 1805 2656 εί
1831 2602 1909 2675 μὴ
1935 2602 2095 2673 ἐμελ-

514 2693 607 2746 λον
634 2691 703 2746 τά
732 2691 873 2747 αὐτὰ
897 2691 1204 2746 πείσεσθαι.
1233 2690 1358 2755 Πῶς
1385 2687 1443 2744 δὲ
1471 2686 1696 2759 ἔμελλον
1721 2684 1791 2738 τὰ
1808 2684 1948 2740 αὑτά
1970 2684 2090 2739 πείο

517 2777 705 2841 σεσθαι
737 2778 786 2831 οἰ
818 2779 918 2847 τὴν
955 2775 1320 2847 Παλαιστίνην
1359 2775 1595 2847 ἔχοντες,
1627 2772 1677 2825 εἰ
1716 2771 1792 2843 μὴ
1824 2771 1986 2843 ἑτέρα
2009 2787 2094 2835 τις

512 2859 583 2934 ἦν
609 2862 998 2928 κατάπαυσις;

582 2951 653 3013 γ’.
686 2944 795 3000 Καὶ
815 2943 998 3007 καλῶς
1024 2942 1355 3015 συνεπέρανε
1388 2939 1479 2996 τὸν
1510 2940 1689 3011 λόγον.
1713 2938 1790 2996 Οὐ
1809 2938 1917 3010 γάρ
1947 2935 2091 3005 εἷπε,

513 3028 879 3091 κατάπαυσις,
904 3026 1062 3089 ἀλλὰ,
1100 3024 1514 3095 Σαϐϐατισμὸς
1533 3066 1548 3091 ,
1577 3024 1641 3078 τὸ
1669 3025 1869 3079 οἰκεῖον
1896 3025 2089 3094 όνομα,

510 3114 609 3167 καὶ
649 3105 695 3180 ᾧ
730 3112 948 3183 ἔχαιρον
982 3111 1076 3166 καὶ
1101 3110 1418 3180 ἐπέτρεχον,
1450 3107 1825 3177 σαϐϐατισμὸν
1857 3107 1956 3178 τὴν
1992 3107 2092 3178 βα-

515 3196 720 3251 σιλείαν
762 3194 1183 3264 καλῶν.⁹Ωσπερ
1207 3193 1315 3264 γάρ
1344 3193 1404 3245 ἑν
1448 3191 1528 3263 τῷ
1560 3192 1824 3262 Σαϐϐάτῳ
1872 3190 2090 3245 πάντων

516 3280 617 3345 μὲν
642 3277 752 3333 τῶν
780 3277 1035 3351 πονηρῶν
1062 3273 1363 3347 ἀπέχεσθαι
1390 3274 1624 3340 κελεύει,
1656 3275 1843 3328 ἑκεῖνα
1870 3272 1927 3326 δὲ
1952 3273 2089 3345 μόνα

511 3361 853 3431 γίνεσθαιτά
878 3361 1013 3435 πρὸς
1049 3358 1305 3431 λατρείαν
1340 3356 1436 3413 τοῦ
1467 3356 1603 3414 Θεοῦ
1623 3399 1637 3423 ,
1669 3357 1813 3428 ἅπερ
1842 3358 1890 3411 οἰ
1923 3359 2090 3427 ἱερεῖς

510 3445 822 3512 ἐπετέλουν,
854 3445 949 3499 καὶ
977 3444 1077 3497 ὅσα
1096 3442 1279 3515 ψυχὴν
1303 3441 1523 3510 ὠφελεῖ,
1549 3440 1645 3494 καὶ
1680 3439 1845 3513 μηδὲν
1876 3439 2087 3511 ἕτερον’

512 3528 655 3583 οὕτω
709 3530 805 3583 καὶ
855 3526 1155 3582 τότε.⁹Αλλ⁹
1181 3526 1343 3590 αὐτὸς
1385 3526 1483 3594 οὐχ
1532 3524 1704 3587 οὕτως
1748 3521 1923 3587 εἶπεν,
1954 3522 2091 3577 ἀλλά

511 3611 672 3679 πῶς;
722 3611 786 3665 '0
829 3610 940 3680 γὰρ
983 3610 1277 3666 εἰσελθὼν
1301 3611 1389 3674 εἰς
1415 3607 1531 3676 τὴν
1564 3606 1949 3662 κατάπαυσιν
1983 3608 2090 3661 αὐ-

510 3694 641 3758 τοῦ,
663 3693 761 3749 καί
787 3694 972 3761 αὐτὸς
993 3693 1378 3747 κατέπαυσεν
1399 3689 1518 3746 ἀπὸ
1539 3689 1659 3744 τῶν
1675 3691 1865 3759 ἔργων
1878 3690 2087 3756 αὐτοῦ,

510 3775 715 3845 ὥσπερ
757 3776 878 3832 ἀπὸ
916 3775 1037 3831 τῶν
1067 3775 1232 3830 ἰδίων
1262 3778 1296 3830 ό
1324 3773 1707 3844 Θεός.ὀστιερ
1739 3775 1768 3827 6
1796 3771 1931 3837 Θεὸς
1960 3791 2091 3827 κατ-

512 3858 743 3925 έπαυσε,
770 3859 959 3930 φησιν,
991 3858 1102 3914 ἀπὸ
1126 3857 1239 3911 τῶν
1269 3856 1449 3929 ἑργων
1477 3854 1666 3919 αὐτοῦ,
1696 3854 1871 3920 οὕτως
1914 3857 1944 3909 6
1986 3858 2090 3910 εἱσ-

511 3940 686 3997 ε).θὼν
734 3944 817 4003 εἰς
851 3943 954 4013 τὴν
989 3941 1335 3996 κατάπαυσιν
1366 3938 1553 3992 αὐτοῦ.
1571 3937 1790 4008 Ἐπειδὴ
1817 3938 1927 4009 γάρ
1959 3938 2091 4011 περὶ

509 4023 874 4089 ἀναπαύσεως
907 4024 1092 4087 αὐτοῖς
1136 4026 1166 4077 6
1209 4021 1368 4090 λόγος
1405 4014 1497 4091 ἦν,
1537 4022 1631 4074 καὶ
1674 4020 1835 4074 τοῦτο
1882 4021 2091 4093 σφόδρα

512 4105 822 4176 ἑπεθύμουν
850 4106 1085 4160 ἀκοῦσαι
1116 4104 1247 4158 πότε
1276 4104 1430 4157 ἔσται
1457 4121 1469 4132 ·
1506 4106 1587 4168 εἰς
1620 4102 1778 4157 τοῦτο
1807 4103 1903 4157 τὸν
1929 4103 2088 4173 λόγον

513 4187 861 4245 κατέκλεισε.

583 4271 658 4324 Τὸ
684 4270 765 4332 δὲ,
786 4269 1076 4339 Σήμερον,
1104 4263 1277 4336 εἶπεν,
1299 4269 1442 4323 ὥστε
1470 4266 1738 4339 μηδέποτε
1765 4266 2088 4332 ἀπελπίζειν

514 4352 735 4416 αὐτούς.
785 4351 1184 4423 Παρακαλεῖτε,
1220 4354 1405 4423 φησὶν,
1438 4352 1665 4414 ἑαυτοὺς
1698 4349 1818 4403 καθ’
1848 4350 2088 4422 ἑκάστην

512 4436 751 4508 ήμέραν,
783 4436 945 4508 ἄχρις
990 4428 1052 4490 οὖ
1102 4436 1164 4489 τὸ
1214 4438 1452 4507 σήμερον
1504 4433 1772 4489 καλεῖται.
1803 4434 2087 4501 Τουτέστι,

515 4520 616 4575 κάν
640 4536 726 4582 τις
750 4518 1086 4592 ἡμαρτηκὼς
1113 4517 1171 4595 ᾖ,
1196 4520 1299 4583 ἓως
1325 4520 1390 4573 ἂν
1484 4517 1550 4571 τὸ
1575 4518 1838 4589 σήμερον,
1864 4516 2086 4581 ἐλπίδας

512 4601 648 4672 εχει.
684 4601 892 4674 Μηδεὶς
928 4601 1107 4656 τοίνυν
1134 4599 1582 4670 ἀπογινωσκέτω,
1619 4599 1724 4663 ἑως
1751 4600 1818 4653 ἂν
1844 4600 1933 4671 ζῇ.
1967 4600 2088 4655 Μά-

506 4680 669 4739 λιστα
722 4684 825 4756 μὲν
873 4681 990 4751 οὖν,
1038 4684 1197 4755 φησὶ,
1252 4682 1389 4754 μηδὲ
1436 4682 1578 4736 ἔστω
1623 4682 1823 4753 καρδία
1874 4683 2087 4755 πονηρά

508 4768 770 4834 ἀπιστίας
789 4785 804 4800 ο
839 4769 888 4823 εἰ
919 4769 977 4824 δὲ
1004 4770 1098 4823 καὶ
1125 4768 1360 4839 γένοιτο,
1400 4766 1594 4839 μηδεὶς
1638 4766 2083 4834 ἀπογινωσκέτω,

510 4850 648 4905 ἀλλά
690 4851 1119 4923 ἀναλαμϐανέτω
1147 4849 1339 4907 ἑαυτόν
1361 4865 1377 4881 ⁸
1427 4849 1533 4913 ἕως
1568 4849 1667 4919 μὲν
1693 4849 1802 4920 γάρ
1831 4848 1999 4920 ἐσμεν
2027 4850 2086 4906 ἑν

510 4932 648 5001 τῷδε
684 4933 765 5004 τῷ
811 4935 1024 5006 κόσμῳ,
1050 4934 1114 4989 τὸ
1155 4935 1397 5006 σήμερον
1439 4931 1555 5003 ἑχει
1592 4930 1805 5001 καιρόν.
1822 4930 2087 4986 Ἐνταῦθα

504 5015 568 5068 δὲ
595 5015 656 5068 οὐ
689 5016 786 5085 τὴν
820 5016 1078 5070 ἀπιστίαν
1119 5016 1279 5087 μόνον
1308 5016 1481 5084 λέγει,
1512 5012 1649 5068 ἀλλά
1674 5013 1771 5067 καὶ
1800 5012 1925 5077 τοὺς
1953 5029 2086 5083 γογ-

510 5092 894 5167 γυσμούςῘΩν
921 5098 994 5152 τὰ
1017 5096 1201 5167 κῶλα,
1221 5098 1406 5170 φησὶν,
1424 5098 1644 5152 ἔπεσεν
1666 5095 1735 5151 έν
1764 5094 1839 5166 τῇ
1865 5095 2081 5166 ἐρήμῳ;

511 5173 667 5244 Εῐτα,
705 5180 790 5233 ἴνα
825 5181 901 5252 μὴ
930 5180 1132 5255 νομίσῃ
1156 5196 1239 5246 τις
1264 5182 1346 5235 ὅτι
1376 5175 1562 5243 ἁπλῶς
1592 5182 1693 5251 τῆς
1724 5178 2085 5244 ἀναπαύσεως

510 5260 1022 5334 ἀποστερηθήσεται
1056 5264 1239 5334 μόνον,
1272 5264 1470 5333 ἑπάγει
1497 5263 1590 5317 καὶ
1618 5262 1840 5317 κόλασιν
1868 5262 2040 5317 εἰπών
2066 5280 2079 5294 ·

510 5343 647 5400 Ζῶν
688 5347 797 5416 γὰρ
822 5350 856 5402 ό
881 5348 1063 5419 λόγος
1090 5348 1196 5403 τοῦ
1227 5347 1375 5403 Θεοῦ
1406 5346 1506 5401 καί
1536 5346 1803 5417 ἐνεργὴς,
1839 5346 1939 5402 καί
1986 5365 2082 5401 το-

504 5425 769 5497 μώτερος
789 5432 940 5500 ὑπὲρ
974 5429 1183 5486 πᾶσαν
1195 5429 1498 5500 μάχαιραν
1526 5429 1835 5500 δίστομον,
1864 5430 1962 5485 καί
1994 5430 2083 5485 δι-

514 5511 865 5582 ικνούμενος
889 5513 1027 5583 ἄχρι
1045 5513 1339 5584 μερισμοῦ
1360 5513 1567 5584 ψυχῆς
1598 5513 1692 5568 καί
1715 5514 2073 5584 πνεύματος,

512 5598 717 5672 ὁρμῶν
754 5616 819 5652 τε
845 5599 943 5653 καί
966 5598 1229 5670 μυελῶν,
1264 5598 1361 5653 καί
1406 5599 1663 5668 κριτικὸς
1694 5598 2083 5669 ἐνθυμήσεων

508 5719 642 5832 qugd
627 5706 807 5833 3183‘s“,
810 5706 1158 5823 ὶιᾶᾒῖἔὸυὶενίι
1231 5715 1284 5763 ει
1314 5708 1552 5763 Commel.
1592 5707 2077 5771 ἀποστερηθήσονται,

2201 442 2297 493 καί
2343 441 2596 496 ἐννοιῶν
2628 443 2897 511 καρδίας.
2914 442 3179 497 Ἐνταῦθα
3224 444 3351 513 περί
3396 445 3496 513 τῆς
3550 445 3772 518 γεέννης

2198 525 2526 592 διαλέγεται,
2562 527 2659 579 καὶ
2690 528 2819 598 περὶ
2846 528 2945 597 τῆς
2977 528 3274 591 κολάσεως.
3308 530 3398 592 Εἰς
3436 530 3506 583 τά
3533 533 3768 601 κρυπτά,

2199 606 2356 675 φησὶ,
2388 607 2672 664 διικνεῖται
2699 610 2800 679 τῆς
2830 610 3056 679 καρδίας
3082 614 3180 681 τῆς
3206 612 3507 681 ἡμετέρας,
3538 613 3633 665 καὶ
3656 612 3769 666 διας

2197 689 2385 757 τέμνει
2429 690 2527 761 τὴν
2572 690 2774 762 ψυχήν.
2811 693 2884 745 Οὐ
2938 692 3089 747 κῶλά
3129 695 3248 747 ἑστι
3298 697 3486 747 πεσεῖν
3512 695 3768 760 ἐνταῦθα,

2197 770 2317 824 οὐδὲ
2347 772 2450 841 γῆς
2495 774 2959 845 ἀποστερηθῆναι,
2995 776 3249 847 καθάπερ
3280 779 3420 841 ἐκεῖ,
3452 777 3590 832 ἀλλά
3618 778 3771 848 βασι-

2196 855 2346 919 λείας
2372 857 2636 926 οὺρανῶν,
2672 859 2767 912 καὶ
2797 859 2991 932 γεέννῃ
3023 861 3395 930 παραδοθῆναι
3423 863 3650 932 αἰωνίῳ,
3678 864 3772 915 καὶ

2196 939 2414 993 κολάσει
2450 938 2566 1013 [67]
2598 941 2852 1014 ἀθανάτῳ
2879 944 2973 997 καὶ
2999 943 3260 1015 τιμωρίᾳ.
3280 944 3465 998 Ἀλλὰ
3502 961 3771 1013 παρακα-

2194 1021 2353 1075 λεῖτε
2375 1021 2800 1096 ἐαυτούς.’ορα
2851 1024 2912 1078 τὸ
2956 1025 3165 1096 ἥμερον
3194 1027 3288 1079 καὶ
3336 1028 3605 1097 προσηνές
3624 1044 3637 1058 ⁸
3668 1029 3770 1083 οὐκ

2180 1100 2372 1167 εἶπεν,
2413 1106 2734 1177 ἐπιτιμᾶτε,
2767 1107 2925 1175 ἀλλά,
2959 1108 3381 1177 Παρακαλεῖτε.
3414 1110 3599 1175 Οὕτως
3622 1112 3770 1182 ἡμᾶς

2194 1187 2301 1259 χρὴ
2336 1190 2450 1253 τοῖς
2494 1189 2604 1243 ἀπὸ
2641 1189 2876 1261 θλίψεως
2907 1192 3437 1264 στενοχωρουμένοις
3464 1196 3770 1265 προσφέρε-

2196 1270 2341 1328 σθαι.
2359 1271 2533 1326 Τοῦτο
2556 1274 2652 1328 καὶ
2674 1272 3131 1331 Θεσωλονικεῦσι
3160 1276 3389 1346 γράφων
3418 1278 3587 1347 φησί’
3611 1281 3768 1333 Νου-

2194 1352 2413 1409 θετεῒτε
2460 1354 2604 1420 τοὺς
2646 1356 2962 1426 ἀτάκτους.
3000 1360 3139 1431 Περί
3173 1360 3230 1416 δὲ
3272 1359 3384 1413 τῶν
3428 1360 3768 1431 όλιγοψύχων

2194 1436 2292 1507 οὐχ
2325 1437 2522 1502 οὕτως.
2543 1439 2683 1495 ἀλλά
2710 1442 2791 1506 τίς
2826 1443 3280 1512 Παραμυθεῖσθε
3301 1442 3447 1510 τοὺς
3476 1444 3770 1514 dum.

2196 1537 2363 1588 χους,
2381 1520 2708 1591 ἀντέχεσθε
2724 1522 2842 1578 τῶν
2859 1523 3153 1592 ἀσθενῶν,
3169 1527 3602 1596 μακροθυμεῖτε
3616 1527 3770 1596 πρὸς

2192 1600 2444 1684 πάντας.
2475 1604 2541 1657 Τί
2571 1607 2711 1673 ἐστι,
2741 1607 3180 1676 Παρακαιεῖτε;
3217 1610 3368 1664 Ἀντὶ
3394 1610 3512 1675 τοῦ,
3543 1612 3621 1684 μὴ
3657 1612 3771 1665 ἀπ-

2192 1683 2470 1757 ελπίσητε,
2504 1685 2579 1759 μὴ
2615 1690 2900 1758 ἀπογνῶτε
2923 1706 2939 1722 ·
2968 1691 3060 1745 τὸν
3096 1691 3204 1762 γὰρ
3233 1692 3345 1746 ἀπὸ
3377 1691 3608 1763 θλίψεως
3640 1711 3768 1749 στε-

2194 1769 2598 1841 νοχωρούμενον
2626 1772 2655 1825 6
2688 1772 2763 1843 μὴ
2792 1773 3133 1845 παρακαλῶν
3181 1774 3544 1848 σκληρότερον
3594 1780 3762 1833 ποιεῖ.

2195 1851 2315 1905 Ἵνα
2351 1851 2426 1923 μὴ
2458 1854 2767 1927 σκληρυνθῇ
2807 1856 2865 1923 ἑξ
2907 1855 3059 1928 ὑμῶν
3093 1874 3201 1923 τις,
3231 1857 3419 1930 φησὶν,
3446 1859 3635 1932 ἀπάτῃ
3660 1859 3765 1930 τῆς

2192 1936 2573 2006 ἀμαρτίας.Ἦ
2603 1938 2702 2011 τὴν
2720 1940 2937 2011 ἀπάτην
2960 1940 3053 1995 τοῦ
3077 1942 3323 1995 διαϐόλου
3348 1943 3512 2012 φησίν
3535 1959 3549 1973 ⁸
3574 1943 3763 2014 ἀπάτη

2192 2020 2301 2092 γάρ
2330 2022 2480 2075 ἑστιν
2502 2022 2673 2087 δντως
2702 2024 2763 2078 τὸ
2787 2025 2953 2095 μηδὲν
2978 2024 3106 2096 περὶ
3134 2024 3245 2079 τῶν
3268 2026 3570 2097 μελλόντων
3592 2045 3767 2098 προσ-

2177 2102 2377 2177 δοκᾷν,
2406 2104 2468 2159 τὸ
2506 2106 2749 2176 νομίζειν
2780 2108 2864 2162 ὅτι
2891 2105 3162 2162 ἀνεύθυνα
3207 2109 3361 2163 ἔσται
3392 2110 3462 2165 τά
3494 2111 3763 2183 ἡμέτερα,

2192 2187 2289 2240 καὶ
2331 2188 2413 2242 ὅτι
2440 2187 2550 2242 τῶν
2578 2191 2980 2262 πεπραγμένων
3010 2191 3144 2261 ἡμῖν
3173 2190 3409 2246 ἐνταῦθα
3435 2192 3493 2245 οὐ
3519 2192 3765 2263 δώσομεν

2191 2269 2368 2343 δίκην,
2399 2272 2519 2327 οὐδὲ
2546 2274 2700 2327 ἔσται
2718 2273 3020 2338 ἀνάστασις
3039 2290 3055 2306 ο
3080 2273 3113 2345 ἢ
3139 2274 3366 2344 ἑτέρως,
3399 2273 3586 2345 ἀπάτη
3615 2275 3766 2330 ἑστῖν

2192 2356 2227 2424 ἡ
2264 2355 2588 2427 ἀναλγησία,
2621 2356 2655 2427 ἢ
2702 2356 3010 2425 ἀπόγνωσις
3030 2371 3046 2389 ο
3079 2356 3141 2410 τὸ
3168 2356 3280 2428 γὰρ
3318 2357 3523 2426 λέγειν,
3554 2359 3608 2411 τί
3646 2360 3766 2414 ἑστι

2192 2440 2378 2494 λοιπόν
2403 2457 2418 2507 ;
2454 2441 2602 2508 ἀπαξ
2631 2441 2899 2512 ἥμαρτον,
2930 2442 3030 2512 οὐχ
3058 2441 3168 2512 ἔξω
3187 2440 3382 2496 ἐλπίδα
3403 2440 3499 2495 τοῦ
3527 2442 3768 2513 ἀνακτή-

2194 2524 2391 2578 σασθαι
2424 2524 2681 2595 ἐμαυτὸν,
2716 2526 2901 2597 ἀπάτη
2950 2526 3121 2579 ἐστίν.
3153 2522 3286 2580 Εἶτα
3314 2526 3536 2590 ἐλπίδας
3575 2527 3766 2589 αὐτοῖς

2191 2606 2456 2677 ἑντίθησι,
2490 2608 2688 2677 λέγων,
2706 2608 2957 2678 Μέτοχοι
2986 2609 3319 2678 γεγόναμεν
3346 2608 3452 2664 τοῦ
3477 2609 3761 2677 Χριστοῦ·

2196 2690 2480 2761 μονονουχὶ
2507 2690 2701 2760 λέγων,
2730 2692 2760 2745 6
2789 2690 2961 2755 οὕτως
2995 2692 3143 2762 ἡμᾶς
3176 2692 3493 2763 ἀγαπήσας,
3521 2694 3549 2746 6
3577 2693 3766 2747 τοσούο

2190 2791 2300 2828 των
2325 2775 2475 2845 ἡμᾶς
2503 2773 2870 2841 καταξιώσας,
2901 2774 3040 2828 ὥστε
3072 2775 3266 2830 ἑαυτοῦ
3312 2776 3472 2845 σῶμα
3514 2777 3764 2846 ποιῆσαι,

2189 2856 2253 2911 οὗ
2304 2857 2625 2928 περιόψεται
2672 2856 3104 2929 ἀπολλυμένους.
3144 2858 3549 2929 Ἐννοήσωμεν,
3604 2861 3765 2931 φησὶ,

2189 2939 2352 2994 τίνων
2379 2940 2800 3012 κατηξιώθημεν
2817 2957 2829 2971 ·
2855 2942 3019 3013 ἡμεῖς
3046 2942 3139 2995 καὶ
3165 2944 3193 2995 6
3219 2941 3453 3013 Χριστὸς
3483 2943 3543 2995 ἑν
3570 2944 3764 3014 ἑσμεν.

2189 3023 2282 3097 Μὴ
2318 3025 2499 3081 τοίνυν
2541 3024 2860 3094 ἀπιστῶμεν
2897 3024 3067 3097 αὐτῷ.
3100 3024 3213 3079 Καὶ
3258 3024 3419 3079 πάλιν
3453 3027 3630 3081 ἑκεῖνο
3675 3028 3766 3081 αί-

2190 3108 2426 3163 νίττεται
2456 3109 2516 3163 τὸ
2553 3108 2841 3180 εἰρημένον
2876 3107 3125 3180 ἑτέρωθι,
3156 3109 3238 3162 ὅτι
3260 3110 3329 3162 Εἰ
3362 3109 3762 3178 ὑπομένομεν,

2191 3191 2293 3246 καὶ
2317 3190 3116 3261 συμϐασιλεύσομενυτοῦτο
3167 3190 3273 3262 γάρ
3331 3194 3475 3253 ἑστι,
3510 3190 3765 3259 Μέτοχοι

2190 3274 2538 3346 γεγόναμεν,
2570 3273 2680 3328 τῶν
2700 3274 2881 3328 αὐτῶν
2911 3274 3213 3345 μετέχομεν
3235 3268 3310 3327 ὧν
3339 3273 3433 3327 καὶ
3455 3276 3483 3329 6
3504 3274 3760 3345 Χριστός.

2190 3357 2574 3429 Προετρέψατο
2591 3356 2699 3411 ἀπὸ
2713 3358 2825 3411 τῶν
2846 3357 3097 3428 χρηστῶν
3112 3374 3125 3388 ·
3149 3357 3305 3411 Μέτο
3310 3374 3404 3427 χοι
3424 3357 3535 3427 γάρ
3552 3357 3762 3426 ἐσμεν,

2189 3442 2345 3511 φησί,
2370 3440 2477 3495 τοῦ
2496 3440 2774 3509 Χριστοῦ.
2794 3434 2925 3493 Εἶτα
2948 3438 3110 3492 πάλιν
3132 3438 3241 3493 ἀπὸ
3262 3439 3370 3493 τῶν
3395 3438 3760 3510 σκυθρωπῶν

2188 3523 2539 3592 Φοϐηθῶμεν
2576 3522 2809 3592 μήποτε
2847 3523 3360 3591 καταλειπομένης
3400 3523 3764 3592 ἐπαγγελίας

2186 3606 2483 3663 εἰσελθεῖν
2508 3608 2595 3672 είς
2612 3606 2729 3674 τὴν
2749 3605 3130 3661 κατάπαυσιν
3154 3607 3362 3672 αὐτοῦ,
3396 3606 3546 3676 δοκῇ
3573 3625 3659 3673 τις
3689 3607 3763 3673 ἐξ

2187 3691 2353 3762 ὑμῶν
2374 3690 2769 3759 ὑστερηκέναι
2793 3706 2808 3721 ο
2841 3692 3015 3744 ἑκεῖνο
3043 3690 3153 3762 γὰρ
3176 3690 3333 3761 δῆλον
3356 3691 3452 3744 καῖ
3475 3690 3759 3761 ὡμολογη-

2192 3774 2354 3845 μένον
2402 3772 2987 3843 ἑστίν.Ἐδοκίμασὰν
3035 3790 3132 3844 με,
3164 3774 3318 3841 φησὶ,
3354 3772 3451 3827 καί
3486 3768 3650 3827 εἶδον
3689 3773 3763 3828 τὰ

2188 3859 2331 3927 ἔργα
2358 3875 2475 3927 μου
2509 3855 2963 3925 τεσσαράκοντα
2993 3856 3297 3928 ἕτη.⁹ορᾅς
3327 3858 3409 3911 ὅτι
3438 3857 3499 3910 οὐ
3543 3858 3625 3911 δεῖ
3666 3857 3761 3911 τὸν

2188 3940 2323 3995 Θεὸν
2371 3940 2625 3995 ἀπαιτεῖν
2661 3938 2913 4004 εὐθύνας,
2943 3939 3081 4005 ἀλλ’,
3114 3940 3180 3995 ἄν
3222 3957 3280 3993 τε
3315 3943 3659 4011 προῖστᾶται,
3694 3941 3761 3995 ἄν

2186 4040 2247 4077 τε
2286 4023 2382 4095 μὴ,
2416 4022 2694 4076 πιστεύειν
2732 4021 2915 4092 αὖτῷ;
2950 4022 3181 4085 ἐκείνοις
3208 4025 3317 4093 γάρ
3349 4022 3508 4076 τοῦτο
3536 4023 3763 4090 ἐγκαλεῖ

2187 4108 2304 4171 νῦν.
2333 4108 2416 4162 ὅτι
2442 4106 2743 4178 ἐπείρασαν
2768 4107 2858 4160 τὸν
2881 4106 3035 4161 Θεόν.
3052 4106 3111 4160 Ὀ
3141 4106 3249 4177 γὰρ
3278 4106 3598 4177 βουλόμενος
3619 4107 3759 4160 ἀπο-

2186 4189 2381 4257 δείξεις
2421 4190 2629 4255 λαϐεῖν,
2660 4190 2692 4260 ἢ
2722 4189 2820 4261 τῆς
2846 4190 3147 4261 δυνάμεως,
3187 4189 3219 4261 ἢ
3263 4190 3362 4261 τῆς
3403 4190 3682 4259 προνοίας.
3722 4190 3758 4261 ἢ

2187 4273 2286 4344 τῆς
2316 4272 2644 4344 κηδεμονίας
2679 4272 2867 4337 αὐτοῦ,
2902 4272 3056 4327 οὔπω
3092 4272 3340 4326 πιστεύει
3380 4270 3505 4325 οὔτε
3535 4272 3761 4327 δυνατὸν

2188 4355 2302 4428 [68]
2333 4355 2497 4411 αὑτὸν
2523 4350 2685 4421 εἶναι,
2719 4354 2842 4409 οὔτε
2873 4354 3274 4430 φιλάνθρωπον.
3306 4354 3477 4409 Τοῦτο
3501 4356 3595 4409 καὶ
3622 4354 3759 4425 πρὸς

2184 4439 2408 4503 τούτους
2447 4439 2675 4509 γράφων
2721 4437 3039 4504 αἰνίττεται,
3087 4436 3443 4510 βουλομένους
3490 4439 3621 4501 ῖσως
3653 4437 3757 4509 ήδη

2184 4523 2285 4595 τῆς
2310 4521 2595 4593 δυνάμεως
2622 4519 2789 4575 αὑτοῦ
2828 4519 2920 4575 καὶ
2942 4522 3057 4593 τῆς
3102 4521 3243 4593 ὑπὲρ
3286 4521 3468 4577 αὐτῶν
3500 4520 3758 4593 προνοίας

2185 4604 2285 4674 τὴν
2314 4602 2559 4669 ἑξέτασιν
2588 4604 2682 4657 καὶ
2726 4602 2818 4658 τὸν
2864 4604 3086 4675 ἔλεγχον
3113 4603 3299 4659 λαϐεῖν
3332 4605 3391 4659 ὲν
3418 4606 3530 4667 τοῖς
3560 4620 3759 4674 πειρα-

2188 4688 2365 4758 σμοῖς.
2383 4687 2545 4758 Ὁρᾷς
2573 4686 2655 4740 ὅτι
2680 4684 2789 4740 ἀπὸ
2820 4686 3079 4751 ἀπιστίας
3110 4686 3389 4759 πανταχοῦ
3437 4687 3466 4741 6
3508 4686 3760 4758 παραξυ-

2188 4770 2325 4842 σμὸς
2356 4768 2451 4824 καί
2486 4771 2515 4824 6
2548 4770 2959 4841 παροργισμός;
2986 4770 3052 4824 Τί
3089 4764 3182 4824 οὖν
3211 4786 3406 4840 φησινς
3442 4770 3588 4837 Ἀρα
3611 4769 3759 4824 ἀπο·

2183 4853 2451 4907 λείπεται
2484 4850 2891 4921 σαϐϐατισμὸς
2935 4848 3016 4917 τῷ
3057 4848 3185 4916 ,1αῷ
3214 4849 3318 4907 τοῦ
3347 4849 3665 4920 Θεοῦ.”ορα
3696 4849 3755 4903 δὲ

2185 4934 2303 5001 πῶς
2332 4935 2452 4989 ὅλον
2482 4934 2573 4988 τὸν
2598 4932 2756 5002 λόγον
2793 4933 3424 5003 συνελογίσατο.”Ωμοσε,
3464 4932 3620 5002 φησὶ.
3640 4934 3755 4998 τοῖς

2184 5017 2471 5090 προτέροις
2516 5016 2592 5088 μὴ
2629 5015 2886 5070 εἰσελθεῖν
2923 5015 3118 5079 αὐτοὺς
3146 5016 3227 5079 εἰς
3256 5015 3356 5085 τὴν
3383 5013 3750 5079 κατάπαυσιν,

2184 5102 2280 5156 καὶ
2314 5102 2414 5157 οὐκ
2448 5098 2718 5168 εἰσῆλθον.
2765 5095 2901 5152 Εἶτα
2951 5098 3068 5169 μετ’
3099 5096 3339 5161 ὲκείνους
3366 5095 3542 5169 χρόνῳ
3570 5097 3754 5168 πολλῷ

2184 5184 2409 5255 ὕστερον
2464 5180 2843 5249 διαλεγόμενος
2901 5182 3012 5245 τοῖς
3068 5179 3383 5245 Ἰουδαίοις,
3439 5179 3593 5251 φησί·
3652 5180 3751 5249 Μὴ

2182 5267 2569 5335 σκληρύνητε
2613 5266 2720 5330 τὰς
2757 5262 3005 5331 καρδίας
3055 5261 3241 5332 ὑμῶν,
3269 5262 3350 5327 ὡς
3401 5265 3455 5317 οἰ
3499 5262 3752 5332 πατέρες

2183 5348 2367 5419 ὑμῶν.
2399 5347 2649 5418 Δηλονότι
2701 5347 2848 5399 ἔστιν
2897 5346 3029 5417 άλλη
3066 5345 3439 5409 κατάπαυσιςο
3481 5346 3609 5415 περὶ
3653 5346 3752 5417 μὲν

2182 5431 2290 5503 γὰρ
2317 5432 2416 5500 τῆς
2446 5430 2808 5500 Παλαιστίνης
2840 5428 2939 5482 οὐκ
2983 5426 3064 5481 ἔνι
3110 5429 3283 5481 εἰπεῖν
3303 5444 3316 5457 ·
3346 5423 3491 5497 εῐχον
3518 5428 3626 5500 γὰρ
3653 5428 3751 5482 αὑ-

2179 5512 2312 5583 τήν’
2347 5510 2556 5582 περίδὲ
2583 5510 2681 5579 τῆς
2713 5508 2945 5579 ἑϐδόμης
2976 5507 3077 5561 οὐκ
3104 5505 3251 5561 ἔστιν
3277 5507 3447 5560 εἰπεῖν
3469 5525 3483 5540 ο
3534 5507 3595 5560 οὐ
3639 5506 3751 5576 γὰρ

2179 5595 2351 5665 δήπου
2375 5595 2504 5665 περὶ
2527 5591 2729 5663 ταύτης
2750 5591 3017 5659 διελέγετο
3037 5591 3137 5661 τῆς
3160 5590 3327 5645 πάλαι
3354 5588 3744 5660 γεγενημένης.

2184 5682 2327 5749 ’Δρα
2357 5678 2550 5749 ἑτέραν
2575 5678 2698 5733 τινὰ
2725 5676 3023 5731 αἰνίττεται
3050 5674 3151 5745 τὴν
3171 5675 3338 5739 ὅντως
3366 5671 3693 5728 ἀνάπαυσιν.

2248 5760 2644 5831 δ⁹.⁹υντωςγάρ
2665 5759 2847 5832 ἑκείνη
2870 5760 3017 5815 ἐστὶν
3029 5758 3357 5824 ἀνάπαυσις,
3376 5755 3505 5814 ἔνθα
3529 5755 3753 5837 ἀπέδρα.
