4060 6440
380 352 444 404 ii'l
1173 377 1238 430 IN
1272 378 1484 436 EPIST.
1525 381 1616 435 AD
1654 382 1901 439 HEBRE

2007 423 2011 435 .
2053 378 2208 437 CAP.
2251 382 2337 438 IV.
2383 385 2614 449 "0M"...
2656 388 2767 447 νη.
3504 400 3512 405 ’
3549 400 3619 456 58

368 457 515 515 illam
542 476 664 523 esse
690 470 975 537 requiem?
1000 473 1055 533 6.
1090 477 1344 543 Quoniam
1370 501 1511 559 ergo,
1543 492 1737 564 inquit,
1767 516 1947 573 super-

360 561 436 605 est
465 553 676 611 introire
700 562 945 627 quosdam
968 567 1020 621 in
1049 568 1215 639 illam,
1247 586 1299 629 et
1320 576 1361 631 ii
1378 553 1558 649 quibus
1580 553 1947 656 prioribusran-

359 645 649 699 nuntiatum
668 660 743 705 est
755 686 782 717 -,
811 670 913 709 non
941 658 1243 718 introierunt
1268 645 1475 741 propter
1501 645 1901 741 incredulitatem
1925 704 1946 743 :

358 730 414 785 7.
442 733 626 790 iterum
649 742 892 799 terminat
915 746 1049 803 diem
1075 730 1351 819 quamdam
1362 730 1525 819 'Irodis
1542 807 1558 835 ,

352 826 517 880 cendo
547 845 567 882 :
599 829 725 887 Post
752 844 951 893 tentant
974 846 1218 914 temporis
1239 888 1255 913 ,
1287 850 1419 907 sicut
1442 826 1603 928 supra
1627 861 1820 920 dictum
1843 878 1937 924 est.

350 914 492 983 Quid
515 930 598 975 est
628 934 805 982 autem
835 931 977 1000 quod
1007 933 1176 993 dicit?
1200 940 1463 1008 Quoniam

852 989 869 1000 _
1046 989 1135 993 η.-
1157 989 1167 993 Ἴ
1209 989 1463 1008 ,ε’-πυ...η
1490 989 1710 1021 υυυυιιι,
1744 989 1796 1013 ιιι
1838 989 1933 1030 Iul,

240 989 253 1003 ’
348 1011 519 1081 aliqui
555 1013 783 1074 introire
810 1024 1053 1090 omnino,
1085 1027 1165 1085 illi
1209 1039 1391 1091 autem
1431 1053 1540 1096 non
1580 989 1933 1121 introierint,

348 1115 547 1160 rursus
568 1109 783 1167 tertiam
812 1116 1003 1172 statuit
1026 1123 1293 1191 requiem.
1310 1126 1467 1193 Quod
1488 1134 1670 1192 autem
1689 1109 1936 1212 oporteai

345 1191 599 1263 introire,
622 1206 676 1254 et
698 1200 913 1273 aliquos
941 1205 1170 1267 introire
1189 1191 1458 1287 oporteat,
1477 1191 1767 1288 audiamurs
1790 1236 1934 1294 unde

346 1283 457 1341 boc
478 1288 693 1358 probet.
718 1292 987 1358 Quoniam
1019 1309 1143 1371 post
1168 1283 1269 1371 tot,
1302 1283 1500 1379 inquit,
1530 1283 1931 1385 snnoswru—rvsus

338 1376 482 1434 dicit
499 1379 666 1438 David
696 1399 710 1438 :
734 1388 909 1445 Hodie
930 1392 980 1446 si
1004 1409 1177 1451 vocem
1198 1397 1316 1467 ejus
1340 1376 1637 1478 audieritis,
1661 1376 1823 1472 nos;
1835 1376 1930 1473 .ii

336 1472 540 1530 durare
557 1477 724 1531 corda
743 1491 935 1549 vestra,
956 1484 1093 1539 sicut
1110 1487 1168 1540 in
1187 1495 1584 1555 exacerbatioue
1602 1520 1622 1558 :
1637 1503 1690 1560 8.
1711 1506 1775 1563 Si
1786 1511 1926 1566 enim

332 1561 593 1620 lesuseos
609 1567 1113 1642 fecissetquieseere,
1128 1594 1231 1635 non
1241 1581 1308 1637 de
1320 1585 1428 1639 alio
1443 1588 1531 1644 die
1542 1561 1927 1670 postea

330 1665 501 1709 retur.
532 1655 819 1729 Liquidum
857 1679 988 1736 ergo
1016 1675 1101 1724 est
1136 1673 1281 1741 quod
1315 1674 1431 1732 haec
1460 1655 1606 1738 dicat
1645 1655 1914 1761 tamquam

328 1746 497 1804 nobis
516 1755 894 1822 sssequuturis
917 1757 1157 1829 aliquam
1183 1772 1701 1832 remunerationem.
1720 1746 1920 1838 9..Ita-

324 1854 429 1909 que
447 1840 764 1913 relinquitur
779 1846 1133 1907 sabbatismus
1150 1858 1344 1926 populo
1365 1860 1479 1917 Dei.
1494 1862 1674 1923 Unde?
1690 1868 1767 1925 Ex
1782 1886 1918 1943 prat-

324 1938 511 2001 cepto,
538 1932 720 1993 Nolite
745 1938 1008 1997 obdurare
1029 1945 1195 2002 corda
1223 1952 1567 2012 vestra.Nam
1588 1959 1634 2015 si
1650 1975 1758 2018 non
1771 1932 1917 2022 esset

322 2022 727 2096 sabbatismus,
743 2045 852 2087 non
875 2033 956 2089 eis
980 2037 1389 2124 praeciperetur,
1402 2060 1503 2104 nec
1514 2048 1916 2121 juberenturne

337 2113 527 2162 eadem
552 2109 810 2177 facerent,
828 2126 887 2171 ut
904 2134 972 2175 ne
990 2109 1178 2180 eidem
1192 2109 1533 2205 paterentur:
1545 2140 1593 2196 si
1609 2157 1714 2200 non
1734 2148 1922 2205 eadem

340 2206 520 2254 essent
548 2204 776 2270 passuri.
807 2205 1091 2274 Quomodo
1116 2228 1298 2276 autem
1324 2225 1514 2307 eadem
1540 2244 1697 2289 erant
1715 2243 1919 2307 passuri

336 2290 427 2359 qui
459 2293 713 2351 tenebant
734 2297 1100 2371 Palaestinam,
1138 2309 1186 2365 si
1226 2327 1331 2369 non
1358 2300 1501 2375 esset
1525 2324 1628 2379 alia
1655 2290 1919 2400 reqdies?

401 2381 456 2436 5.
491 2382 721 2443 Pulchre
748 2400 929 2449 autem
959 2398 1226 2457 conclusit
1270 2409 1589 2469 orationem.
1640 2381 1755 2475 Non
1780 2421 1917 2481 dixit

322 2472 495 2536 enim,
518 2474 791 2547 Requies,
825 2484 920 2541 sed
940 2527 956 2552 ,
987 2488 1355 2564 Sabbatismus,
1390 2516 1583 2560 nomen
1617 2472 1909 2582 proprium,

318 2580 381 2627 et
406 2587 517 2643 quo
550 2573 906 2648 laetabantur,
937 2590 994 2639 et
1024 2584 1094 2639 ad
1134 2588 1277 2658 quod
1323 2573 1646 2665 currebant,
1679 2573 1919 2659 sabbati;

320 2675 508 2718 smum
533 2678 756 2736 regnum
775 2684 994 2729 vocans.
1011 2673 1161 2733 Sicut
1178 2680 1323 2737 enim
1347 2682 1398 2738 in
1412 2685 1639 2744 sabbato
1655 2690 1726 2747 ab
1744 2695 1920 2750 omni-

316 2750 425 2807 bus
473 2755 685 2824 quidem
729 2762 886 2818 malis
919 2763 1074 2835 jubet
1111 2768 1406 2839 abstinere,
1440 2776 1530 2832 illa
1576 2789 1756 2837 autem
1799 2786 1911 2841 sola

315 2837 437 2891 tieri
468 2853 587 2908 quae
618 2843 889 2911 pertinent
918 2848 987 2905 ad
1016 2851 1221 2910 cultum
1262 2856 1355 2912 Dei
1377 2837 1401 2926 ,ί
1426 2875 1543 2931 quae
1568 2864 1785 2934 quidem

310 2928 577 2998 ragcbant
602 2935 914 2994 sacerdotes
933 2979 949 3005 ,
976 2949 1033 2997 et
1057 2958 1411 3019 quacumque
1434 2928 1624 3021 juvant
1647 2928 1904 3029 animtim,

308 3024 366 3071 ct
400 3019 533 3074 nihil
578 3021 727 3079 aliud
759 3042 775 3080 :
818 3026 891 3082 ita
920 3038 1046 3088 tunc
1069 3047 1304 3106 quoque.
1354 3019 1462 3097 Sed
1492 3057 1598 3099 non
1625 3047 1705 3102 sic
1728 3019 1905 3118 dixit,

306 3109 408 3164 sed
457 3111 631 3182 quid?
674 3115 764 3173 10.
814 3118 917 3185 Qui
961 3123 1097 3178 enim
1148 3125 1406 3198 ingressus
1457 3144 1532 3189 est
1576 3136 1632 3191 in
1682 3109 1906 3208 requiem

303 3208 444 3275 ejus,
469 3206 622 3261 etiam
646 3208 754 3279 ipse
784 3215 1020 3282 requievit
1044 3217 1108 3272 ab
1138 3221 1371 3289 aperibus
1393 3225 1520 3292 suis,
1549 3228 1680 3284 sicut
1708 3206 1847 3287 Deus
1873 3250 1906 3287 a

302 3297 554 3366 propriis.
584 3298 739 3356 Sicut
786 3302 927 3363 Deus
970 3310 1267 3380 requievit,
1302 3315 1509 3386 inquit,
1534 3320 1603 3376 ab
1647 3323 1904 3392 operibus

298 3387 439 3454 suis,
472 3388 543 3444 ita
568 3392 660 3463 qui
690 3402 775 3450 est
798 3394 1072 3467 ingressus
1097 3401 1151 3456 in
1181 3405 1419 3475 requiem
1438 3410 1575 3479 ejus.
1607 3411 1742 3469 Nam
1768 3430 1904 3487 quo-

302 3480 452 3536 niam
497 3485 578 3540 eis
619 3484 942 3557 loquebatur
987 3492 1058 3548 de
1098 3497 1323 3567 requie,
1367 3510 1423 3556 et
1464 3501 1568 3559 hoc
1615 3480 1902 3578 cupiebant

298 3571 493 3628 audire
533 3576 751 3646 quando
778 3589 926 3638 esset
955 3584 1213 3656 futurum,
1249 3590 1299 3646 in
1342 3592 1445 3650 hoc
1481 3571 1744 3657 conclusit
1770 3617 1897 3659 ora-

298 3661 527 3718 tionem.

376 3755 511 3825 Spes
554 3775 753 3831 semper
796 3768 1083 3840 servanda,
1125 3775 1373 3843 quamdiu
1413 3780 1645 3839 vivimus.
1667 3786 1892 3845 —-lllud

291 3858 503 3919 autem,
540 3851 708 3911 Ilodie
726 3897 743 3925 ,
770 3858 972 3919 dicitur
995 3903 1010 3929 ,
1034 3881 1106 3922 ne
1132 3866 1444 3940 desperent.
1474 3876 1849 3937 Adhortamini
1871 3922 1889 3952 ,

294 3933 508 4004 inquit,
540 3953 634 3994 ros
676 3944 940 4011 quotidie,
974 3948 1149 4005 donec
1189 3933 1348 4013 hodie
1386 3933 1886 4036 diciturJloc—Vest:

288 4030 510 4084 etiamsi
534 4032 655 4100 quis
682 4038 1006 4108 peccaverit,
1031 4045 1287 4113 quamdiu
1314 4058 1400 4106 est
1425 4051 1553 4117 illud
1582 4055 1765 4126 hodie,
1793 4030 1889 4117 ha;

292 4116 384 4171 bet
410 4133 581 4189 spem.
614 4122 785 4181 Nemo
814 4145 945 4201 ergo
974 4132 1226 4205 deSperet
1252 4144 1505 4211 quamdiu
1535 4146 1690 4206 vivit.
1712 4116 1887 4226 Atque

290 4213 531 4267 maxime
557 4216 797 4286 quidem,
821 4220 1012 4290 inquit,
1037 4241 1104 4281 ne
1127 4228 1199 4283 sit
1223 4232 1436 4300 quidem
1461 4251 1556 4293 cor
1582 4241 1779 4298 malum
1804 4247 1884 4302 in-

283 4300 665 4359 credulitatis:
692 4310 834 4378 quod
858 4312 903 4366 si
931 4316 1091 4371 etiam
1118 4318 1293 4388 fuerit,
1320 4340 1479 4383 nemo
1497 4328 1766 4402 desperet,
1784 4338 1881 4395 sed

282 4405 346 4444 se
374 4404 584 4449 recreet
612 4412 626 4450 :
656 4413 778 4453 nam
807 4404 1060 4469 quamdiu
1087 4422 1273 4468 sumus
1299 4413 1349 4468 in
1375 4414 1477 4473 hoc
1502 4423 1722 4495 mundo,
1746 4427 1879 4485 illud

284 4480 474 4550 bodie,
501 4484 661 4543 habet
704 4498 935 4563 tempus.
978 4496 1075 4555 llic
1101 4511 1280 4559 autem
1311 4522 1415 4563 non
1446 4492 1616 4568 solum
1644 4515 1774 4574 dicit
1799 4520 1879 4575 in-

278 4575 695 4645 credulitatem.
732 4584 828 4639 sed
880 4588 1042 4642 etiam
1091 4602 1565 4659 murmurationes.
1623 4608 1873 4682 Quorum,

280 4668 480 4739 inquit,
501 4673 748 4728 cadavera
769 4689 1021 4746 prostrata
1041 4694 1156 4737 sunt
1179 4686 1231 4741 in
1250 4689 1444 4748 deserto
1466 4696 1484 4765 (
1496 4668 1663 4756 Hebr:
1680 4706 1733 4761 ὃ.
1758 4668 1869 4780 i7):

280 4751 489 4780 I'\..:...I,.
519 4771 583 4780 ..Α
618 4759 732 4780 __-:_
765 4776 805 4780 _,
830 4763 912 4780 an
1014 4775 1023 4780 .
1180 4769 1193 4780 .
1291 4776 1300 4780 -

280 4751 491 4808 Deinde
518 4771 585 4811 ne
613 4759 734 4827 quis
757 4763 1030 4821 existimet
1054 4769 1194 4838 quod
1223 4751 1563 4837 solummodo
1580 4751 1879 4855 privvahittir

279 4846 489 4915 requie,
519 4850 791 4924 subiungit
821 4857 983 4913 etiam
1014 4864 1357 4935 supplicium,
1383 4846 1612 4933 diccus':
1650 4883 1738 4938 l2.

275 4952 369 4988 rus
407 4940 543 4992 enim
568 4951 641 4995 est
664 4957 827 5000 sermo
858 4947 952 5002 Dei
979 4961 1024 5004 et
1056 4954 1249 5024 e/ﬁcax,
1282 4970 1328 5014 et
1352 4971 1708 5033 penetrabilior
1730 4984 1869 5037 omni

271 5029 455 5098 gladio
510 5033 757 5104 ancipiti,
807 5048 854 5092 et
903 5044 1190 5116 pertingens
1245 5029 1405 5123 usque
1449 5062 1520 5115 ad
1572 5029 1866 5129 divisionem

278 5132 468 5184 animce
493 5149 554 5186 ac
579 5137 791 5202 spiritus
815 5183 830 5208 ,
862 5160 1162 5217 compagurr.
1182 5165 1382 5221 quoque
1405 5172 1467 5209 ac
1493 5158 1864 5235 medullarum,

266 5236 318 5277 et
348 5224 597 5279 discretor
622 5231 985 5299 cogitationum
1015 5246 1060 5290 ct
1085 5239 1415 5299 intentionum
1444 5249 1632 5305 cordis.
1665 5252 1760 5308 llic
1790 5256 1868 5311 lo-

264 5313 457 5383 quitur
485 5316 551 5372 de
581 5320 828 5390 gehenna
860 5335 914 5381 et
942 5326 1011 5382 de
1040 5334 1328 5402 supplicio.
1362 5338 1639 5407 Pervadit,
1670 5349 1861 5417 inquit,

267 5405 325 5459 in
349 5407 559 5463 occulta
588 5410 769 5469 cordis
796 5420 989 5485 nostri,
1016 5430 1070 5476 et
1094 5422 1329 5482 disseeat
1353 5431 1609 5490 animum.
1634 5436 1732 5494 llic
1753 5456 1861 5496 non

264 5507 373 5561 est,
410 5503 648 5557 membra
680 5520 802 5562 esse
832 5520 1119 5581 prostrata,
1152 5532 1326 5585 neque
1361 5512 1509 5579 terra
1531 5543 1651 5585 esse
1682 5534 1861 5600 priva-

277 5600 388 5656 tos,
424 5593 563 5648 sicut
595 5596 721 5661 illic,
751 5601 845 5655 sed
873 5619 1042 5675 regno
1070 5609 1328 5667 caelorum
1351 5657 1364 5681 ,
1398 5628 1452 5671 et
1487 5630 1701 5677 :eterua:
1726 5627 1859 5683 tradi

261 5683 550 5752 gehennae,
575 5701 631 5744 et
650 5690 937 5751 immortali
964 5715 1217 5785 ptenteac
1239 5709 1519 5780 supplicio.
1548 5714 1654 5771 Sed
1673 5719 1859 5776 ατίΙιοτ·

260 5777 446 5836 (diuini
472 5780 798 5853 vosmetipsos
862 5785 1023 5848 Hebr.
1064 5795 1117 5851 '5.
1150 5777 1463 5870 ‘15).7Vide
1492 5813 1854 5870 mansuetudi-

2043 494 2166 536 nem
2195 491 2251 538 et
2269 487 2566 544 lenitatem.
2588 490 2702 548 Non
2723 492 2879 567 dixit,
2906 499 3201 574 Increpate,
3228 509 3345 578 sed,
3371 515 3629 574 Adhorta-

2042 573 2188 627 mini.
2217 573 2292 630 lta
2333 592 2431 632 nos
2472 591 2685 650 oportet
2727 601 2918 656 gerere
2960 592 3012 648 in
3050 573 3147 652 eos
3183 600 3273 669 qui
3316 617 3626 673 premuntur
3692 601 3697 607 ’

2039 665 2349 726 afflictione.
2369 670 2481 727 Hoc
2502 672 2664 729 etiam
2685 672 2816 735 dicit
2835 684 3079 742 scribens
3097 689 3163 744 ad
3188 665 3626 756 Thessalonicen-

2037 771 2162 815 ses:
2187 759 2461 819 Admonete
2497 765 2765 837 inquietos.
2786 770 3161 837 Pusillanimes
3181 795 3357 841 autem
3389 804 3497 845 non
3526 792 3626 860 sic,

2038 850 2133 908 sed
2163 852 2331 923 quid?
2380 853 2730 915 Consolamini
2775 865 3127 932 pusillanimes
3150 914 3164 937 ,
3207 850 3625 953 suscipiunt/ir:

2038 959 2167 1011 suos,
2190 947 2436 1015 patientes
2459 959 2615 1007 estote
2639 953 2708 1007 ad
2732 970 2905 1014 anates
2927 959 2949 1032 (
2968 963 3020 1018 ί.
3049 964 3224 1021 Thess.
3248 971 3303 1025 5.
3333 947 3400 1029 η
3422 974 3461 1045 ).

2034 1046 2140 1103 est,
2159 1036 2551 1097 Consolamini?
2578 1043 2692 1101 Hoc
2718 1056 2823 1113 est,
2848 1065 2917 1107 ne
2938 1052 3274 1127 desperatis;
3300 1077 3368 1119 ne
3386 1036 3623 1125 animum

2035 1125 2419 1199 despondeatis
2444 1149 2459 1188 :
2492 1148 2615 1191 nam
2644 1138 2739 1208 qui
2770 1155 2878 1230 non
2902 1146 3213 1204 consolatur
3235 1125 3360 1208 eum
3385 1159 3476 1227 qui
3502 1174 3618 1230 pre.

2034 1218 2198 1275 mitur
2220 1218 2531 1292 afﬂictione,
2553 1240 2677 1299 eum
2704 1229 2881 1288 reddit
2906 1233 3200 1295 duriorem.
3225 1240 3296 1299 Ut
3321 1218 3427 1302 non
3453 1218 3620 1306 olida-

2034 1320 2208 1376 retur,
2237 1311 2436 1385 inquit,
2460 1317 2583 1387 quis
2608 1333 2673 1376 ex
2699 1322 2855 1381 vobis
2878 1324 3090 1384 fallacia
3116 1336 3341 1402 peccati.
3365 1338 3471 1395 Aut
3492 1340 3620 1399 dicit

2031 1400 2295 1461 fallaciam
2322 1405 2523 1465 diaboli
2552 1425 2567 1465 :
2598 1410 2845 1485 deceptio
2866 1417 3011 1473 enim
3034 1400 3277 1480 est—nihil
3307 1439 3621 1501 exspectare

2029 1491 2099 1549 de
2125 1494 2318 1552 futuris
2338 1538 2353 1564 ,
2385 1499 2705 1560 existimare
2741 1520 2849 1563 non
2888 1523 3009 1566 esse
3052 1514 3378 1575 reddendam
3405 1491 3437 1577 ξι
3465 1523 3619 1582 nobis

2029 1583 2294 1645 rationem
2318 1628 2335 1653 ,
2368 1598 2426 1646 et
2452 1604 2644 1648 eorum
2674 1610 2795 1666 qua:
2823 1596 2912 1655 hic
2934 1615 2967 1654 a
2996 1603 3151 1659 nobis
3175 1618 3325 1677 gesta
3354 1621 3482 1669 sunt
3510 1630 3617 1672 non

2027 1674 2250 1733 daturos
2297 1692 2521 1748 poenas,
2571 1698 2673 1741 nec
2715 1686 2949 1745 futuram
3004 1674 3474 1759 resurrectionem.
3515 1710 3617 1764 Aut

2025 1766 2212 1835 aliter,
2242 1768 2490 1841 deceptio
2518 1783 2598 1832 est
2619 1776 2753 1834 nihil
2778 1780 2969 1862 dolere
2988 1826 3005 1853 ,
3031 1797 3125 1842 aut
3144 1789 3454 1862 desperatio
3486 1814 3501 1852 :
3532 1799 3616 1855 di-

2025 1869 2153 1912 cere
2174 1858 2343 1923 enim,
2375 1860 2514 1929 Quid
2541 1867 2703 1923 vero?
2733 1860 2903 1927 semel
2932 1878 3172 1948 peccavi,
3196 1858 3342 1939 nulla
3372 1896 3457 1943 est
3483 1889 3617 1946 mihi

2026 1962 2153 2019 spes
2177 1966 2264 2008 me
2290 1956 2596 2028 recreandi,
2614 1968 2700 2017 est
2723 1961 2990 2037 deceptio.
3018 1970 3221 2030 Deinde
3246 1977 3325 2032 eis
3346 1992 3496 2049 spem
3519 1984 3614 2038 im-

2023 2041 2206 2109 mittit,
2235 2042 2423 2102 dicens
2451 2064 2466 2103 :
2502 2048 2787 2125 Participes
2816 2056 3004 2116 Christi
3028 2062 3197 2130 effecti
3214 2041 3392 2126 sumui
3417 2072 3613 2143 (Hebr.

2023 2131 2078 2186 3.
2111 2132 2255 2203 l4);
2283 2140 2672 2209 propemodum
2718 2145 2949 2207 dicens:
2980 2153 3082 2222 Qui
3129 2172 3228 2215 nos
3273 2160 3345 2216 ita
3388 2131 3613 2234 dilexit,

2021 2221 2242 2291 quinos
2268 2227 2401 2284 tanti
2428 2229 2554 2287 fecit
2573 2241 2632 2288 ut
2651 2248 2804 2293 suum
2827 2221 3025 2311 corpus
3046 2244 3273 2317 faceret,
3297 2266 3406 2308 non
3432 2221 3609 2327 despi:

2022 2310 2129 2365 ciet
2154 2324 2462 2382 pereuntes.
2487 2318 2818 2396 Cogitemus,
2844 2310 3037 2405 inquit,
3062 2310 3381 2409 quibusnam
3407 2310 3608 2420 dignati
3638 2374 3653 2385 ι

2020 2414 2207 2461 sumus
2232 2423 2248 2460 :
2278 2423 2374 2465 nos
2401 2421 2453 2467 et
2476 2413 2724 2476 Christus
2748 2437 2913 2481 unum
2935 2441 3142 2487 sumus.
3166 2432 3249 2490 Ne
3268 2450 3398 2509 ergo
3424 2440 3473 2496 ei
3498 2457 3608 2497 non

2018 2495 2320 2555 credamus.
2362 2501 2431 2558 Et
2460 2520 2649 2567 rursus
2677 2514 2835 2571 tacite
2860 2518 3127 2595 signiﬁcat
3151 2524 3285 2582 illud
3311 2495 3453 2600 quod
3478 2495 3609 2590 alibi

2005 2583 2216 2654 dictum
2244 2599 2347 2659 est,
2372 2592 2434 2649 Si
2460 2599 2784 2670 sustinemus,
2814 2618 2862 2662 et
2888 2588 3307 2684 conregnabimus
3334 2621 3429 2693 (2.
3462 2622 3605 2679 Tim.

2014 2676 2069 2733 2.
2104 2680 2172 2736 η
2186 2681 2231 2753 ).
2252 2682 2367 2742 Hoc
2389 2688 2533 2745 enim
2555 2702 2658 2760 est,
2683 2693 2836 2753 Facti
2854 2676 3366 2779 sumusparticipes‘:
3389 2676 3604 2772 eorum;

2011 2769 2136 2827 dem
2158 2788 2347 2832 sumus
2376 2781 2684 2854 participes,
2712 2802 2941 2858 quorum
2971 2769 3062 2850 est
3083 2769 3353 2858 Christus.
3382 2769 3603 2862 Adhor-

2014 2870 2155 2920 tatus
2182 2875 2270 2922 est
2290 2867 2362 2922 ab
2391 2869 2457 2926 iis
2490 2888 2610 2943 quae
2648 2888 2777 2934 sunt
2820 2881 2960 2939 bona
2994 2894 3050 2941 et
3086 2889 3237 2945 utilia
3266 2912 3285 2947 :
3314 2892 3610 2967 Participes.

2009 2953 2159 3019 enim,
2190 2954 2383 3028 inquit,
2415 2977 2591 3020 sumus
2618 2964 2834 3025 Christi.
2864 2972 3067 3033 Deinde
3094 2993 3281 3035 rursus
3301 2997 3332 3037 a
3356 2953 3600 3043 tristibus

2007 3053 2063 3100 et
2095 3048 2340 3107 molestis
2371 3071 2385 3108 :
2421 3052 2709 3116 Timeamus
2752 3078 2816 3118 ne
2852 3064 2986 3134 forte
3023 3071 3199 3127 relicta
3232 3075 3611 3145 pollicitatione

2005 3134 2296 3195 introeundi
2321 3143 2373 3197 in
2402 3148 2620 3218 requiem
2646 3150 2755 3222 ejus
2774 3194 2791 3219 ,
2818 3157 3134 3216 existimetur
3157 3165 3342 3237 aliquis
3366 3185 3431 3225 ea:
3453 3172 3599 3230 nobis

2005 3226 2192 3285 deesse.
2221 3232 2353 3288 Illud
2381 3239 2525 3294 enim
2554 3250 2639 3296 est
2665 3247 3026 3317 perspicuum,
3050 3261 3105 3309 et
3133 3254 3203 3312 de
3230 3226 3338 3329 quo
3361 3273 3594 3321 constat.

2005 3312 2355 3378 Probarerunt
2397 3342 2499 3407 pte,
2531 3339 2580 3384 et
2626 3312 2857 3391 viderunt
2903 3312 3063 3409 opera
3101 3360 3212 3401 mea
3246 3312 3598 3425 quadraginta

2000 3412 2169 3467 anuis.
2199 3413 2386 3486 Viden,
2408 3421 2551 3491 quod
2582 3439 2689 3481 non
2717 3438 2961 3500 oporteat
2985 3449 3014 3489 a
3050 3436 3159 3494 Deo
3183 3412 3399 3513 exigere
3420 3412 3594 3505 ratio-

2002 3517 2124 3558 nem
2149 3547 2163 3572 ,
2191 3508 2286 3563 scd
2313 3511 2428 3566 sive
2456 3527 2556 3571 nos
2584 3516 2868 3590 defendat,
2899 3525 3016 3583 sive
3061 3544 3169 3586 non
3191 3570 3207 3599 ,
3239 3535 3288 3590 ei
3323 3538 3592 3597 credere?

1998 3609 2141 3650 nunc
2182 3600 2326 3654 enim
2371 3617 2468 3658 eos
2512 3605 2815 3678 insimulat,
2847 3616 2991 3687 quod
3034 3620 3200 3678 Deum
3243 3633 3586 3691 tentaverint.

1998 3686 2130 3743 Nam
2155 3693 2246 3762 qui
2270 3696 2382 3751 vult
2403 3701 2648 3773 accipere
2669 3707 3012 3776 probationes
3031 3716 3151 3787 ejus
3172 3730 3265 3777 aut
3286 3729 3587 3796 potestatis,

1994 3791 2087 3837 aut
2113 3786 2485 3859 providentiae,
2515 3803 2612 3851 aut
2636 3811 2782 3855 cura:
2800 3840 2816 3866 ,
2845 3786 3082 3862 nondum
3111 3786 3435 3872 credit'eum
3463 3786 3589 3880 esse

1995 3880 2266 3938 potentem
2296 3917 2311 3943 ,
2343 3895 2446 3938 nec
2471 3883 2524 3939 in
2553 3884 2802 3946 homines
2832 3890 3122 3967 benignum
3152 3911 3209 3957 et
3238 3903 3584 3967 clementem.

1994 3962 2110 4019 lloc
2137 3968 2297 4025 etiam
2330 3971 2399 4027 ad
2430 3973 2533 4031 hos
2559 3980 2802 4038 scribens
2828 3962 3130 4047 subindicat
3154 4034 3169 4061 ,
3195 3994 3307 4064 jam
3343 3999 3589 4061 volentes

1989 4054 2220 4118 fortasse
2234 4062 2355 4133 ejus
2371 4070 2675 4139 potestatis,
2692 4088 2942 4149 carieque
2961 4095 3024 4137 ac
3048 4054 3399 4152 providentia:
3419 4108 3584 4163 quam

1988 4162 2176 4220 eorum
2210 4155 2349 4223 gerit
2376 4160 2827 4222 examinationem
2856 4179 2910 4225 et
2939 4173 3309 4242 probationem
3338 4186 3583 4256 accipere

1990 4237 2045 4293 in
2076 4244 2479 4304 tentationilsus.
2512 4250 2671 4310 Vides
2697 4259 2841 4327 quod
2870 4237 3339 4328 exvincredulitate
3364 4237 3582 4348 semper

1990 4341 2074 4387 est
2104 4334 2333 4394 irritatio
2356 4350 2413 4396 et
2440 4343 2507 4400 ad
2532 4344 2667 4402 iram
2709 4357 3060 4421 provocatio?
3092 4360 3231 4429 Quid
3257 4379 3385 4437 ergo
3409 4334 3580 4427 dicit?

1989 4422 2171 4497 Itaque
2195 4430 2496 4503 relinquitur
2519 4438 2851 4499 sabbatismus
2877 4450 3067 4519 populo
3096 4422 3212 4509 Dei.
3239 4422 3373 4514 Vide

1988 4520 2261 4586 quomodo
2291 4532 2455 4581 totam
2487 4531 2788 4591 orationem
2828 4552 3164 4613 perspectam
3205 4550 3577 4615 ratiocinando

1991 4610 2230 4686 collegit.
2258 4615 2493 4687 duravit,
2518 4622 2709 4695 inquit,
2737 4610 3025 4700 prioribus,
3048 4652 3145 4694 eos
3169 4655 3276 4697 non
3302 4643 3573 4716 ingressu-

1989 4717 2079 4759 ros
2106 4707 2157 4761 in
2188 4711 2448 4781 requiem,
2474 4725 2531 4773 et
2556 4732 2665 4775 non
2694 4722 2922 4793 ingressi
2946 4738 3096 4785 sunt.
3128 4732 3333 4793 Deinde
3356 4707 3477 4809 post
3502 4742 3573 4798 il-

1988 4795 2070 4852 los
2098 4796 2259 4870 longo
2285 4811 2530 4875 tempore
2562 4810 2789 4881 loquens
2817 4831 2939 4872 cum
2965 4818 3185 4890 Judteis,
3215 4795 3373 4896 dicit;
3397 4795 3574 4889 Nolite

1984 4887 2225 4946 indurare
2248 4897 2404 4950 corda
2427 4910 2613 4967 vestra,
2635 4905 2766 4960 sicut
2792 4918 2961 4977 patres
2986 4917 3154 4971 vestri.
3172 4887 3332 4977 'Unde
3356 4927 3567 4997 perspi-

1981 4992 2137 5035 cuum
2152 4991 2244 5038 est
2262 4986 2407 5054 quod
2431 4989 2499 5044 sit
2524 4991 2626 5046 alia
2644 4994 2887 5067 requies.
2915 5000 3044 5057 Nam
3067 5004 3135 5082 de
3158 4986 3435 5070 Palaestina
3458 4986 3567 5074 n-on
3590 5076 3597 5087 τ

1982 5086 2263 5141 possumus
2289 5078 2501 5145 dicere;
2527 5098 2646 5141 eam
2671 5090 2869 5160 quippe
2894 5078 3162 5155 habebant
3198 5120 3209 5155 :
3240 5103 3309 5159 de
3335 5109 3567 5177 septimo

1976 5169 2064 5226 die
2092 5181 2274 5229 autem
2305 5175 2409 5235 dici
2437 5192 2545 5235 non
2571 5190 2776 5251 potest;
2819 5200 2926 5241 non
2953 5188 3097 5247 enim
3123 5191 3192 5248 de
3216 5210 3282 5252 eo
3306 5169 3563 5269 loqueba-

1977 5269 2095 5328 tur,
2129 5266 2218 5334 qui
2246 5267 2372 5323 olim
2404 5271 2520 5327 fuit.
2553 5275 2729 5333 Aliam
2769 5293 2900 5352 ergo
2941 5282 3145 5352 innuit,
3176 5300 3295 5358 quae
3324 5266 3451 5348 rere
3481 5303 3564 5350 est

1978 5355 2209 5423 requies.

2046 5448 2098 5501 4.
2134 5446 2295 5520 Regni
2319 5457 2559 5512 ca‘lorum
2587 5460 2825 5527 felicitas.
2844 5496 2915 5507 -—
2934 5468 3138 5545 Revera
3183 5474 3325 5530 enim
3355 5484 3441 5533 est
3473 5477 3559 5533 illa

1976 5540 2192 5605 requies
2213 5583 2226 5602 .
2261 5545 2347 5598 uhi
2379 5546 2583 5618 aufugit
2608 5551 2765 5607 dolor
2786 5594 2801 5619 ,
2833 5557 3045 5614 tristitia
3073 5540 3128 5615 et
3154 5568 3417 5633 gemitus;
3468 5571 3558 5624 uhi

1976 5644 2148 5700 neque
2182 5650 2352 5701 cura,
2410 5655 2582 5711 neque
2633 5646 2877 5715 labores,
2924 5667 3099 5722 neque
3138 5668 3339 5729 angor,
3382 5678 3560 5733 neque

1975 5730 2150 5779 metus
2177 5726 2411 5784 animam
2444 5735 2742 5801 percellens
2770 5747 2826 5793 et
2854 5742 3128 5810 quatiens,
3159 5726 3250 5803 sed
3279 5726 3429 5806 selus
3462 5726 3556 5810 Dei
3580 5801 3591 5812 .

1973 5824 2147 5871 metus
2172 5816 2364 5889 plenus
2397 5823 2687 5894 voluptate.
2710 5826 2823 5885 Non
2848 5830 2958 5892 illic
2984 5834 3251 5912 audietur,
3274 5839 3344 5901 in
3368 5844 3558 5904 sudm
