4060 6440
554 423 624 475 ςςῃ
1324 400 1381 455 S.
1421 393 1695 453 JOANNIS
1730 383 2195 446 CllllYSUSTOMI
2234 382 2544 437 AllClllEP.
2588 380 3114 436 CONSTANTINOP.
3735 382 3794 437 60

550 512 709 560 iullus
730 504 802 557 tui
827 503 1037 557 vesceris
1060 517 1190 570 pane
1209 508 1316 564 tuo,
1343 514 1517 568 neque
1538 498 1722 566 spinas
1745 539 1760 565 ,
1804 514 1983 569 neque
2025 500 2122 555 tri—

549 597 703 653 oulos
722 594 1045 667 germinabit
1077 592 1193 646 tibi.
1224 590 1340 646 Non
1364 600 1453 645 est
1479 590 1710 663 amplius
1732 631 1748 657 ,
1776 590 1844 645 In
1869 592 2128 647 doloribus

549 688 711 751 paries
735 687 870 755 [ilics
897 696 1029 748 tuos,
1061 691 1139 747 et,
1168 682 1251 735 Ad
1277 682 1443 735 virum
1465 691 1609 735 tuum
1637 683 1896 736 conversio
1926 693 2047 750 tua,
2080 694 2126 738 et

549 776 762 847 ipsetibi
781 774 1123 829 dominabitur
1150 770 1319 841 (Gen.
1353 773 1407 827 3.
1440 772 1529 827 19.
1564 772 1650 827 18.
1680 772 1747 827 16
1768 773 1787 843 )
1811 788 1829 831 ;
1851 774 2028 828 omnia
2055 774 2129 830 ibi

550 879 671 925 sunt
694 884 824 939 pax,
851 866 1130 937 gaudium,
1162 865 1368 928 lmtitia,
1397 864 1666 934 voluptas,
1696 864 1913 919 bonitas
1932 907 1950 931 ,
1976 880 2131 919 man-

550 958 801 1024 suetudo,
832 958 1084 1027 aequitas,
1113 955 1333 1011 caritas.
1366 953 1480 1009 Non
1508 964 1591 1009 est
1619 953 1729 1008 illic
1758 954 2029 1010 amulatio
2076 965 2133 1011 et

553 1052 771 1120 invidia,
804 1066 909 1107 non
934 1050 1155 1105 morbus
1178 1090 1193 1114 ,
1224 1062 1328 1102 non
1358 1047 1473 1102 haec
1517 1060 1663 1101 mors
1704 1047 1978 1116 corporis,
2028 1062 2134 1103 non

553 1146 644 1202 illa
692 1157 843 1200 mors
884 1143 1117 1208 animae,
1168 1155 1276 1196 non
1322 1150 1449 1195 sunt
1492 1141 1727 1196 tenebrte
1773 1155 1945 1211 neque
1990 1156 2136 1196 nox:

554 1237 735 1292 omnia
762 1242 889 1289 sunt
914 1233 1053 1299 dies,
1086 1233 1265 1287 omnia
1295 1232 1382 1285 lux
1403 1272 1417 1295 ,
1450 1231 1630 1286 omnia
1670 1230 1846 1301 quies.
1890 1230 2008 1287 Non
2056 1246 2142 1294 est

558 1329 665 1385 illis
695 1327 1028 1397 defatigatio,
1056 1341 1161 1381 non
1193 1326 1446 1383 satietas:
1475 1339 1690 1396 semper
1714 1326 1919 1381 erimus
1946 1326 2000 1380 in
2022 1341 2143 1397 per-

558 1430 725 1493 petuo
752 1420 1016 1477 bonorum
1049 1417 1345 1474 desiderio.
1380 1416 1628 1474 Vultisne
1672 1417 1793 1473 dem
1841 1418 2001 1472 etiam
2049 1419 2145 1472 ali-

560 1530 722 1585 quam
754 1513 1037 1583 imaginem
1068 1511 1186 1579 ejus
1211 1512 1302 1580 qui
1339 1510 1449 1565 illic
1488 1520 1571 1565 est
1612 1511 1822 1565 status?
1854 1510 1995 1566 Fieri
2040 1527 2144 1565 non

563 1616 778 1677 potest;
807 1614 1176 1662 verumtamen
1198 1647 1213 1670 ,
1241 1603 1416 1673 quoad
1437 1603 1555 1673 ejus
1582 1604 1696 1657 fieri
1727 1605 1922 1673 poterit
1946 1645 1961 1670 ,
2010 1604 2140 1659 ima-

565 1700 747 1771 ginem
772 1699 924 1755 vobis
950 1698 1184 1767 aliquam
1214 1696 1430 1751 tentabo
1460 1696 1767 1751 ostendere.
1788 1697 2151 1767 Suspiciamus

566 1790 789 1857 etclam,
817 1788 1035 1859 quando
1065 1786 1211 1842 milia
1243 1787 1385 1842 nube
1429 1786 1816 1843 interturbante
1863 1804 2011 1843 suam
2059 1802 2150 1844 os-

570 1882 740 1940 tendit
784 1896 1039 1937 coronam
1066 1897 1080 1933 :
1111 1880 1306 1936 deinde
1341 1894 1463 1935 cum
1497 1879 1658 1950 longo
1690 1890 1931 1951 tempore
1960 1883 2153 1937 immo-

571 1975 673 2030 rati
704 1974 965 2029 fuerimus
994 1974 1045 2027 in
1074 1972 1474 2043 pulchritudine
1502 1973 1622 2043 ejus
1650 1983 1902 2044 aspectus
1928 2014 1943 2041 ,
1976 1978 2155 2030 consi-

571 2067 824 2131 deremus
851 2065 992 2135 quod
1019 2065 1197 2121 solum
1231 2080 1443 2137 quoque
1473 2066 1791 2123 habebimus
1811 2111 1826 2134 ,
1858 2084 1965 2123 non
2002 2069 2159 2140 quale

577 2156 861 2219 habemus,
889 2155 983 2211 sed
1011 2156 1159 2226 quod
1184 2165 1269 2211 est
1290 2166 1436 2211 tanto
1466 2157 1757 2227 pulchrius,
1790 2168 1986 2229 quanto
2008 2161 2161 2217 tectis

582 2249 745 2303 luteis
771 2256 855 2303 est
882 2262 1072 2303 aurum
1110 2248 1385 2317 pulchrius
1410 2290 1425 2313 ,
1475 2256 1529 2304 et
1568 2258 1691 2320 post
1736 2250 1866 2305 illud
1890 2292 1904 2315 ,
1964 2261 2161 2307 tectum

580 2353 770 2396 rursus
801 2338 1075 2411 superius.
1111 2338 1317 2395 Deinde
1343 2340 1564 2409 angelos
1588 2381 1602 2405 ,
1633 2341 2007 2413 archangclos,
2042 2344 2163 2398 inli-

582 2432 726 2488 nitos
754 2430 982 2503 populos
1007 2430 1444 2501 incorporearum
1471 2431 1799 2488 Potestatum
1827 2475 1841 2499 ,
1874 2436 2042 2505 ipsam
2072 2436 2166 2492 Dei

584 2524 784 2592 regiam
809 2562 825 2587 ,
856 2522 1112 2577 thronum
1132 2522 1444 2597 Paternum.
1474 2523 1579 2579 Sed
1610 2538 1715 2579 non
1739 2534 1932 2594 potest,
1958 2536 2015 2581 ut
2035 2527 2165 2595 dixi,

590 2622 766 2677 oratis
807 2623 1111 2675 universum
1162 2629 1545 2688 repracsentare
1586 2627 1641 2673 et
1685 2614 1953 2684 esplicare
1983 2628 1998 2666 :
2032 2627 2166 2682 opus

594 2722 679 2767 est
705 2711 1030 2780 experientia
1051 2750 1068 2776 ,
1098 2718 1152 2779 et
1174 2709 1477 2778 cognitione
1502 2723 1619 2778 qua:
1648 2716 1732 2762 est
1761 2720 1856 2776 per
1882 2704 2169 2775 experien-

597 2805 751 2857 tiam.
778 2800 1079 2867 Quomodo,
1103 2799 1191 2855 die
1215 2799 1367 2865 mihi,
1390 2796 1707 2853 existimatis
1723 2796 1984 2850 Adamum
2007 2794 2173 2850 fuisse

597 2895 652 2949 in
702 2893 995 2964 paradiso?
1030 2892 1203 2946 Tanto
1249 2893 1441 2947 melior
1484 2905 1645 2961 quam
1677 2890 1766 2945 illa
1795 2899 1877 2945 est
1906 2888 2020 2943 haec
2048 2889 2172 2943 vita:

594 2982 854 3055 degenda
888 2984 1046 3047 ratio,
1076 2992 1274 3053 quanto
1305 2983 1496 3041 caelum
1508 2990 1592 3037 est
1607 2989 1750 3036 terra
1766 2979 1977 3035 melius.
2000 2979 2174 3035 επιε-

607 3090 727 3131 rum
756 3075 912 3129 aliam
942 3089 1152 3144 quoque
1192 3074 1519 3144 inquiramus
1545 3072 1848 3142 imaginem.
1881 3071 1937 3127 Si
1963 3071 2173 3124 contin-

596 3173 750 3236 geret
788 3178 912 3219 eum
932 3163 1028 3233 qui
1052 3177 1194 3218 nune
1235 3163 1442 3218 obtinet
1484 3162 1762 3231 imperium
1786 3204 1801 3229 ,
1832 3163 1995 3217 totius
2019 3160 2168 3216 orbis

599 3268 757 3311 terra:
782 3263 969 3327 tenere
990 3254 1351 3321 dominatum;
1383 3254 1577 3311 deinde
1606 3270 1703 3310 nec
1743 3254 1898 3309 bellis
1945 3253 2167 3321 vexari,

595 3360 695 3402 nec
722 3343 1186 3408 sollicitudinibus,
1217 3344 1315 3399 sed
1341 3345 1515 3401 solum
1560 3344 1811 3413 honomri
1861 3353 1919 3400 et
1965 3344 2173 3415 degere

596 3436 653 3490 iu
676 3434 905 3499 deliciis,
935 3442 992 3489 et
1018 3435 1214 3489 multos
1241 3433 1458 3504 quidem
1486 3434 1685 3490 habere
1727 3434 1986 3489 satellites
2014 3475 2030 3501 ,
2076 3448 2172 3488 au-

601 3542 721 3582 rum
749 3535 926 3582 autem
952 3525 1187 3596 undique
1212 3525 1281 3580 ad
1304 3539 1427 3580 eum
1452 3524 1669 3581 afﬂuere
1686 3568 1701 3591 ,
1731 3534 1787 3581 et
1830 3539 1949 3581 esse
1994 3526 2172 3595 δυερί-

605 3617 873 3684 ciendum,
905 3617 1114 3687 qualem
1142 3619 1256 3686 ejus
1281 3618 1514 3672 animum
1546 3619 1778 3672 futurum
1807 3632 1926 3673 esse
1955 3618 2169 3687 putatis,

597 3708 644 3763 si
674 3708 869 3778 ubique
900 3718 1166 3766 terrarum
1196 3708 1400 3764 videret
1421 3708 1560 3763 bella
1583 3709 1863 3764 cessasse?
1887 3708 2013 3764 Tale
2046 3708 2173 3779 quid

599 3810 726 3854 nunc
748 3798 886 3854 erit:
917 3798 1029 3855 imo
1052 3814 1180 3854 vero
1206 3798 1441 3855 necdum
1480 3799 1625 3854 illam
1670 3800 1941 3870 assequud
1986 3814 2173 3855 sumus

598 3889 880 3959 imaginem
913 3905 927 3942 :
954 3889 1305 3960 quamobrem
1336 3899 1550 3960 oportet
1575 3890 1751 3945 adhuc
1792 3890 1955 3945 aliam
1996 3892 2171 3960 inqui-

599 3996 739 4037 rere.
767 3980 950 4052 ltaque
972 3982 1158 4052 cogita.
1179 3983 1307 4059 mihi
1338 3981 1596 4037 infantem
1624 3982 1965 4052 imperatoris
1983 4025 1998 4050 ,
2028 3984 2170 4055 quod

598 4070 856 4141 quamdiu
897 4070 1112 4142 quidem
1144 4071 1301 4127 fuerit
1348 4072 1403 4126 in
1444 4081 1626 4139 utero,
1676 4073 1805 4128 nihil
1848 4074 2041 4140 sentit;
2087 4075 2170 4130 sin

597 4173 778 4219 autem
803 4164 1088 4233 contigerit
1114 4164 1261 4218 illum
1294 4173 1515 4235 repente
1544 4179 1846 4235 egressum,
1877 4166 2172 4223 ascendere

599 4257 851 4313 thronum
872 4256 1296 4327 imperatorium,
1331 4267 1517 4313 etnon
1541 4258 1833 4329 paulatim,
1875 4261 1970 4317 sed
2014 4262 2173 4318 simul

592 4372 976 4390 v————-———

2238 497 2291 544 et
2316 497 2539 557 repente
2568 487 2745 541 omnia
2774 485 3056 555 accipere:
3081 484 3159 538 sic
3181 489 3283 538 erit
3306 482 3392 536 hic
3413 490 3466 537 ct
3488 482 3578 538 ille
3604 492 3789 539 status:

2239 592 2331 636 aut
2358 591 2415 636 ut
2439 582 2483 635 si
2513 580 2633 649 quis
2655 579 2747 649 qui
2776 577 2936 633 fuerit
2960 578 3014 631 in
3038 576 3263 631 vinculis
3284 615 3300 640 ,
3332 575 3468 629 mala
3498 589 3683 644 passus
3719 576 3793 631 in-

2242 671 2614 736 numerabilia,
2646 678 2869 739 repente
2894 667 2960 722 ad
2991 666 3175 722 sedem
3202 675 3385 735 raptus
3414 675 3557 720 esset
3588 666 3791 735 regiam.

2241 763 2345 820 Sed
2373 778 2545 835 neque
2574 764 2651 817 sic
2667 761 2951 831 imaginem
2970 775 3086 814 sum
3110 767 3297 814 exacte
3320 766 3657 827 assequutus.
3679 758 3794 813 Nam

2246 855 2335 912 hic
2361 856 2577 927 quidem
2605 855 2868 911 bonorum
2889 868 3011 923 quae
3044 851 3207 906 fuerit
3228 859 3544 920 assequuntus
3566 892 3583 915 ,
3610 852 3796 906 etiamsi

2242 950 2414 1018 ipsum
2437 947 2637 1003 dixeris
2661 962 2909 1016 regnum,
2928 944 3109 1015 primo
3123 944 3212 999 die
3241 953 3295 999 et
3316 944 3549 999 secunda
3576 953 3628 997 et
3657 937 3799 999 tertio

2242 1040 2427 1109 vigens
2447 1037 2604 1094 habet
2621 1035 2947 1092 desiderium
2972 1052 2987 1101 ;
3014 1034 3335 1105 procedente
3356 1043 3534 1089 autem
3556 1045 3795 1104 tempore,

2242 1138 2425 1186 manet
2447 1128 2659 1199 quidem
2685 1129 2740 1184 in
2765 1128 3037 1197 voluptate
3064 1168 3080 1193 ,
3110 1127 3206 1183 sed
3252 1142 3355 1181 non
3402 1136 3546 1180 tanta
3582 1144 3595 1179 :
3624 1126 3802 1184 desinit

2243 1237 2370 1277 vero
2398 1236 2611 1291 semper
2652 1219 2723 1275 ob
2757 1217 3199 1275 consuetudinem
3246 1216 3652 1286 qualiscumque
3694 1220 3797 1274 sit:

2245 1315 2356 1372 illic
2379 1325 2558 1370 autem
2589 1330 2693 1370 non
2720 1314 2892 1368 solum
2924 1328 3029 1368 non
3057 1311 3314 1371 minuitur
3332 1352 3347 1376 ,
3391 1308 3487 1363 sed
3516 1310 3671 1363 etiam
3699 1324 3804 1364 cre-

2246 1408 2366 1463 scit.
2398 1406 2585 1477 Cogita
2612 1408 2757 1461 enim
2781 1415 3041 1476 quantum
3086 1404 3159 1459 sit
3203 1403 3435 1457 animam
3457 1445 3471 1467 ,
3527 1416 3649 1456 cum
3692 1402 3802 1458 illuc

2247 1499 2460 1564 abierit,
2492 1513 2599 1553 non
2628 1497 2856 1566 amplius
2886 1505 3199 1565 exspectare
3227 1495 3386 1549 ﬁnem
3416 1494 3633 1550 illorum
3657 1494 3805 1548 hono-

2248 1605 2401 1655 rum,
2438 1603 2537 1643 nec
2562 1588 2907 1642 mutationem
2934 1627 2950 1653 ,
2981 1585 3075 1641 sed
3104 1585 3495 1641 incrementum
3519 1625 3533 1649 ,
3567 1594 3621 1640 et
3660 1586 3804 1638 vitam

2249 1694 2371 1749 qua:
2400 1693 2505 1733 non
2541 1678 2700 1733 habet
2726 1678 2884 1731 linem
2905 1718 2919 1740 ,
2949 1677 3017 1731 ab
3044 1676 3187 1730 omni
3218 1676 3429 1745 quidem
3474 1675 3708 1745 periculo
3748 1676 3805 1730 li-

2252 1769 2462 1836 beram,
2489 1779 2545 1826 et
2568 1771 2636 1823 ab
2665 1769 2811 1824 omni
2838 1769 2999 1823 animi
3024 1768 3337 1838 mgritudine
3360 1776 3413 1822 et
3442 1766 3804 1833 sollicitudine,

2253 1859 2463 1931 plenam
2490 1860 2651 1914 animi
2677 1859 2871 1930 gaudio
2895 1868 2948 1915 et
2982 1859 3135 1913 bouis
3162 1858 3475 1912 innumeris.
3506 1857 3564 1913 Si
3592 1858 3725 1912 enim
3764 1859 3808 1911 in

2253 1966 2501 2021 campum
2531 1962 2821 2019 exeuntes,
2855 1952 2942 2007 ubi
2965 1950 3205 2006 videmus
3235 1951 3462 2006 militum
3493 1951 3808 2007 tabernacula

2257 2042 2523 2113 tapetibus
2542 2042 2750 2097 conﬁxa
2768 2083 2783 2107 ,
2814 2051 2870 2098 et
2906 2042 3118 2097 lanceas
3143 2051 3199 2097 et
3236 2042 3415 2112 galeas
3440 2051 3497 2096 et
3524 2043 3810 2112 clypeorum

2257 2132 2515 2189 umbones
2535 2131 2959 2203 resplendentes,
2984 2116 3259 2202 stupentes
3300 2143 3355 2187 et
3378 2148 3686 2203 suspensos
3729 2150 3812 2188 nos

2259 2232 2405 2281 tenet
2436 2223 2750 2289 admiratio;
2773 2225 2820 2280 si
2842 2234 3022 2281 autem
3049 2224 3332 2295 contigerit
3360 2225 3547 2281 videre
3572 2240 3741 2295 regem
3767 2227 3811 2280 in

2257 2317 2433 2373 media
2458 2326 2782 2382 currentem,
2809 2326 2903 2371 aut
2928 2318 3087 2371 etiam
3111 2331 3231 2371 cum
3260 2318 3423 2371 armis
3444 2318 3623 2373 aureis
3641 2334 3813 2391 equum

2256 2418 2524 2480 agentem,
2549 2409 2683 2467 nihil
2702 2409 2854 2464 nobis
2872 2409 3062 2465 deesse
3082 2410 3453 2465 existimamus
3474 2427 3491 2463 :
3512 2411 3636 2481 quid
3660 2422 3813 2481 putas,

2260 2501 2473 2574 quando
2498 2501 2789 2557 viderimus
2817 2504 3019 2557 aeterm
3038 2510 3344 2557 sanctorum
3371 2502 3708 2558 tabernacula
3729 2505 3814 2559 lixa

2262 2596 2318 2651 in
2340 2594 2528 2650 czelis?
2556 2593 2848 2663 Suscipicnt
2877 2594 3043 2657 enim,
3068 2595 3253 2665 inquit,
3279 2610 3365 2649 vos
3392 2597 3655 2651 inalerna
3678 2599 3818 2652 taber-

2263 2688 2449 2743 nacula
2475 2686 2641 2757 (Luc.
2674 2686 2763 2741 16.
2795 2685 2867 2758 9)
2893 2704 2906 2740 :
2934 2686 3145 2757 quando
3172 2686 3370 2743 videris
3406 2705 3817 2761 unumquemque

2264 2778 2692 2849 resplendcntem
2721 2779 2839 2848 plus
2868 2792 3026 2849 quam
3058 2778 3191 2831 radii
3216 2779 3343 2833 solis
3368 2821 3381 2842 ,
3411 2794 3520 2835 non
3550 2796 3613 2835 ex
3644 2799 3741 2837 τετε
3776 2795 3819 2837 et

2264 2872 2430 2935 ferro,
2458 2869 2552 2925 sed
2580 2886 2646 2926 ex
2673 2870 2761 2925 illa
2788 2870 2976 2940 gloria,
2999 2869 3150 2937 cujus
3173 2868 3405 2940 fulgores
3431 2886 3542 2924 non
3572 2882 3733 2941 potest
3753 2874 3819 2926 vi-

2264 2961 2395 3017 dere
2422 2961 2686 3016 humanus
2716 2959 2940 3016 oculus?
2968 2960 3034 3014 Et
3056 2960 3170 3014 lucc
3186 2961 3397 3029 quidem
3428 2961 3486 3015 in
3507 2962 3815 3018 hominibus:

2266 3054 2394 3126 quid
2422 3069 2550 3110 vero
2578 3052 2777 3107 dixeris
2804 3052 2968 3107 multa
3009 3052 3319 3122 angelorum
3365 3053 3536 3107 millia
3561 3094 3578 3121 ,
3622 3057 3821 3110 archan-

2267 3147 2528 3218 gelorum,
2550 3144 2856 3210 Cherubim,
2882 3143 3181 3214 Seraphim,
3210 3143 3572 3210 Thronorum,
3602 3147 3822 3201 Domina-

2271 3241 2497 3307 tionum,
2529 3238 2950 3308 Principatuum,
2980 3236 3333 3302 Potestatum,
3360 3253 3592 3307 (piorum
3620 3237 3822 3308 pulchri-

2272 3333 2399 3389 tudo
2424 3347 2637 3389 omuem
2662 3338 2880 3400 superat
2901 3328 3306 3399 intelligentiam
3329 3329 3352 3383 ?
3374 3328 3482 3384 Sed
3532 3332 3669 3385 enim
3706 3346 3817 3401 quo-

2273 3438 2441 3495 usque
2471 3439 2575 3478 non
2621 3422 2874 3477 desistam
2919 3435 2981 3476 ea
3028 3420 3272 3491 persequi
3315 3436 3435 3491 qua:
3476 3437 3586 3477 non
3634 3430 3825 3491 possunt

2272 3512 2696 3586 comprehendi?
2723 3510 2903 3583 Neque
2930 3512 3073 3567 enim
3098 3512 3271 3566 oculus
3296 3512 3439 3578 ridit,
3475 3512 3667 3581 inquit,
3695 3529 3825 3581 neque

2273 3610 2414 3663 auris
2452 3607 2679 3673 audivit,
2713 3621 2870 3673 neque
2895 3605 2946 3658 in
2965 3620 3052 3658 cor
3102 3604 3319 3658 hominis
3364 3605 3694 3659 ascenderunt
3735 3620 3825 3674 qua:

2275 3699 2415 3755 Deus
2437 3697 2739 3769 prteparavit
2759 3698 2821 3751 iis
2846 3697 2931 3768 qui
2955 3696 3123 3767 ipsum
3161 3694 3377 3766 diligunt
3406 3696 3425 3766 (
3450 3696 3502 3750 1.
3532 3696 3645 3751 Cor.
3672 3695 3720 3750 2.
3747 3695 3821 3765 9).

2277 3791 2416 3847 Nihil
2444 3799 2527 3847 est
2551 3805 2680 3861 ergo
2705 3787 3061 3844 miserabilius
3089 3787 3153 3841 iis
3181 3787 3270 3856 qui
3314 3803 3419 3840 non
3463 3798 3824 3857 assequuntur,

2252 3936 2255 3947 i
2278 3900 2454 3955 neque
2482 3886 2689 3943 beatius
2710 3886 2776 3941 iis
2793 3884 2884 3955 qui
2910 3891 3286 3953 assequuntur.
3319 3881 3501 3937 Simus
3528 3896 3656 3950 ergo
3672 3893 3761 3933 nos
3778 3892 3831 3931 ex

2279 3976 2470 4043 beatis,
2498 3986 2557 4032 ut
2585 3987 2787 4033 aeterna
2814 3989 3205 4045 consequamur
3230 3972 3390 4039 bona,
3417 3971 3472 4026 in
3498 3970 3705 4028 Christo
3728 3967 3833 4023 Jesu

2284 4066 2511 4123 Domino
2532 4077 2731 4125 nostro
2748 4107 2764 4133 ,
2791 4067 3005 4138 quicum
3028 4064 3169 4120 Patri
3191 4077 3293 4118 una
3314 4078 3433 4118 eum
3456 4072 3644 4117 sancto
3662 4060 3833 4131 Spiritu

2284 4180 2473 4253 gloria.
2501 4176 2807 4250 imperium,
2828 4176 3018 4235 honor,
3046 4184 3188 4224 nunc
3212 4176 3265 4223 et
3287 4180 3523 4235 semper,
3547 4166 3664 4220 etin
3689 4172 3835 4218 sacu-

2283 4274 2334 4328 la
2361 4269 2703 4327 mentorum.
2733 4267 2926 4319 Amen.

2583 4378 2709 4391 —‘

2721 4383 2984 4392 -—_———.

3604 4388 3833 4400 ____._._.

1903 4428 2243 4492 HOMILIA
2292 4432 2425 4494 Vl].

591 4548 722 4605 Car.
751 4548 813 4603 6.
843 4562 897 4604 v.
930 4548 1018 4603 11.
1071 4545 1395 4602 Festinamus
1435 4563 1561 4618 ergo
1598 4549 1799 4618 ingredi
1833 4550 1885 4603 in
1922 4550 2064 4604 illam
2100 4567 2181 4605 re-

660 4640 830 4709 quiem
850 4680 871 4705 ,
907 4648 963 4693 ut
1008 4654 1073 4692 ne
1119 4639 1173 4691 in
1207 4638 1435 4708 idipsum
1457 4639 1573 4708 quis
1597 4639 1789 4692 incidat
1812 4641 2181 4695 incredulitatis

660 4730 970 4800 exemplum.
1000 4729 1090 4784 12.
1133 4727 1288 4783 Vivus
1314 4738 1395 4783 est
1419 4729 1559 4782 enim
1579 4745 1746 4784 sermo
1773 4729 1869 4784 Dei
1894 4738 1943 4784 ct
1983 4732 2176 4802 efﬁcax,

662 4832 711 4876 et
736 4821 1093 4891 penstrabilior
1137 4821 1276 4876 omni
1302 4821 1478 4891 gladio
1507 4821 1757 4893 ancipiti,
1804 4831 1851 4876 et
1894 4824 2181 4893 pertingens

662 4929 819 4981 usque
842 4914 910 4966 ad
934 4913 1227 4967 divisionem
1248 4913 1435 4967 animae
1457 4922 1504 4967 et
1523 4912 1752 4983 spiritus,
1775 4928 2180 4985 compagumque

664 5020 725 5057 ac
750 5004 1085 5058 medullarum
1111 5044 1127 5070 ,
1157 5011 1206 5057 et
1234 5003 1481 5059 discretor
1515 5004 1880 5075 cogitationum
1914 5012 1965 5058 et
2010 5002 2181 5059 inten-

668 5099 863 5152 tienum
888 5098 1055 5152 cordis
1072 5098 1194 5153 :13.
1227 5108 1272 5151 et
1298 5114 1400 5152 non
1422 5108 1493 5153 est
1517 5100 1627 5153 ulla
1654 5109 1889 5154 creatura
1912 5098 2180 5153 invisibilis

664 5191 720 5244 in
748 5197 1016 5256 conspectu
1040 5189 1189 5257 ejus;
1216 5190 1388 5243 enutiu
1416 5199 1585 5244 autem
1611 5191 1749 5245 nuda
1772 5201 1818 5247 et
1844 5200 2022 5262 aperta
2059 5198 2178 5245 sunt

662 5282 822 5338 oculis
842 5282 974 5353 ejus,
996 5282 1067 5335 ad
1084 5297 1231 5348 quem
1254 5282 1396 5337 nobis
1420 5299 1606 5337 sermo.

666 5481 719 5535 1.
764 5478 924 5535 Fides
967 5494 1055 5535 res
1097 5488 1182 5534 est
1222 5494 1414 5548 magna
1462 5490 1516 5535 et
1555 5479 1825 5547 salutaris,
1879 5490 1933 5536 et
1976 5483 2178 5554 absque

592 5587 656 5625 ca
698 5569 814 5626 ﬁeri
856 5584 961 5626 non
1010 5578 1186 5641 potest
1220 5579 1277 5625 ut
1311 5570 1443 5625 salvi
1490 5570 1678 5626 simus.
1730 5572 1800 5627 At
1848 5588 1954 5627 non
1993 5581 2171 5643 potest

596 5676 692 5732 per
716 5674 776 5717 se
797 5661 913 5717 sola
938 5660 989 5715 id
1011 5660 1249 5728 efficere,
1283 5661 1375 5717 sed
1403 5660 1569 5731 proba
1592 5661 1750 5716 etiam
1796 5662 1901 5716 vita
1943 5662 2174 5733 requiri-

595 5764 703 5809 tnr.
735 5752 861 5807 ideo
891 5752 1087 5808 Paulus
1113 5768 1325 5824 quoque
1353 5768 1448 5809 eos
1474 5752 1726 5807 admonet
1768 5753 1857 5823 qui
1895 5753 2019 5823 jam
2053 5765 2177 5811 sunt

594 5842 795 5913 dmuati
818 5843 1109 5916 mysteriis,
1135 5844 1319 5905 dicens
1348 5842 1703 5925 :fcslinemus
1730 5844 1926 5916 ingredi
1953 5861 2005 5900 tn
2029 5844 2173 5903 illam

2287 4548 2527 4616 requiem.
2547 4545 2882 4611 Festinemus,
2911 4546 3101 4618 inquit,
3131 4560 3193 4601 ac
3215 4546 3527 4602 Studeamus
3554 4554 3725 4615 utpote
3737 4559 3834 4598 cum

2285 4636 2415 4691 lides
2440 4651 2544 4692 non
2581 4636 2828 4701 sufficiat,
2847 4637 2941 4693 sed
2971 4637 3129 4693 etiam
3150 4636 3339 4693 debeat
3359 4636 3463 4692 vita
3482 4636 3657 4707 adjici,
3680 4646 3833 4690 etma-

2284 4744 2443 4799 gnum
2469 4729 2711 4785 adhiberi
2741 4730 2993 4784 studium.
3027 4729 3233 4784 Revera
3249 4731 3392 4785 enim
3430 4730 3598 4784 multo
3626 4735 3837 4798 opus-est

2284 4819 2463 4875 studio
2479 4820 2897 4875 utascendamus
2913 4820 2964 4875 in
2984 4821 3192 4876 caelum.
3211 4820 3266 4876 Si
3287 4820 3428 4875 enim
3448 4829 3588 4877 terra
3608 4836 3706 4875 non
3730 4825 3830 4873 sunt

2285 4909 2482 4980 dignati
2504 4910 2591 4981 qui
2622 4920 2796 4966 tantas
2811 4912 3053 4966 miserias
3068 4920 3122 4968 et
3139 4911 3468 4968 calamitates
3483 4912 3711 4984 perpessi
3735 4917 3835 4965 sunt

2286 5002 2341 5057 in
2358 5002 2593 5071 deserto,
2623 5013 2677 5059 et
2706 5012 2902 5060 terram
2933 5020 3040 5059 non
3061 5007 3594 5076 potueruntassequi,
3614 5004 3833 5077 quoniam

2290 5104 2755 5153 murmuraruntet
2778 5098 3028 5167 quoniam
3050 5108 3171 5153 sunt
3188 5098 3458 5154 fornicati:
3481 5100 3737 5170 quomodo
3753 5112 3833 5153 nos

2283 5203 2451 5258 regno
2473 5189 2721 5245 canorum
2739 5189 2882 5261 digni
2906 5190 3238 5257 liabebimur,
3258 5192 3345 5262 qui
3374 5191 3536 5246 vitam
3563 5192 3832 5248 inconside-

2284 5290 2397 5335 rate
2422 5281 2711 5352 ignachue
2738 5290 2793 5338 et
2833 5283 3066 5351 segniter
3093 5283 3331 5353 agimus?
3353 5284 3515 5339 Multo
3549 5301 3675 5356 ergo
3704 5284 3833 5338 nobis

2283 5388 2418 5443 opus
2453 5382 2539 5431 est
2563 5374 2757 5429 studio.
2806 5373 2935 5429 Vide
2961 5385 3138 5431 autem
3172 5378 3312 5448 quod
3346 5394 3461 5436 non
3480 5378 3723 5435 damnum
3761 5395 3833 5432 e0-

2286 5479 2453 5535 usque
2472 5467 2826 5533 constituerit,
2855 5467 3000 5537 quod
3028 5484 3133 5523 non
3153 5468 3513 5541 ingrediantur
3544 5490 3557 5527 :
3587 5487 3687 5528 non
3712 5471 3828 5524 enim

2290 5568 2444 5633 dixit,
2468 5556 2788 5624 Studeamus
2814 5567 3018 5638 ingredi
3050 5568 3100 5621 in
3134 5567 3277 5622 illam
3306 5569 3563 5637 requiem,
3594 5584 3660 5625 ne
3683 5584 3709 5622 a
3735 5578 3830 5622 tan-

2293 5663 2362 5716 tis
2406 5661 2560 5716 bonis
2600 5660 2942 5726 excidamus;
2973 5658 3066 5715 sed
3109 5659 3159 5713 id
3190 5660 3407 5714 addidit
3446 5660 3583 5730 quod
3616 5661 3829 5715 homines

2288 5769 2612 5825 magnopere
2652 5756 2876 5810 excitat.
2902 5754 3163 5821 Quidnam
3201 5764 3282 5809 cst
3322 5754 3467 5810 hoc?
3502 5754 3569 5809 Ut
3596 5772 3655 5809 ne
3688 5755 3736 5807 in
3759 5752 3824 5805 id-

2288 5852 2454 5924 ipsum
2485 5855 2595 5911 auis
2626 5851 2816 5907 incidat
2858 5847 3225 5907 incredulitatis
3260 5849 3538 5920 exemplum
3561 5865 3581 5916 ,'
3613 5848 3707 5906 hoc
3729 5853 3827 5911 est,

2637 5954 2701 5965 ρ..-
