  <div class='ocr_page' id='page_1' title='image "/cluster/home/n/w/nwhite01/storage/ocr_20150623/63/hvd.32044013655725/070.png"; bbox 0 0 4060 6440; ppageno 0'>
   <div class='ocr_carea' id='block_1_1' title="bbox 277 254 3571 382">
    <p class='ocr_par' dir='ltr' id='par_1_1' title="bbox 277 254 3571 382">
     <span class='ocr_line' id='line_1_1' title="bbox 277 254 3571 382; baseline 0.014 -55"><span class='ocrx_word' id='word_1_1' title='bbox 277 313 343 366; x_wconf 66' lang='grc'><strong>61</strong></span> <span class='ocrx_word' id='word_1_2' title='bbox 780 300 785 307; x_wconf 62' lang='grc' dir='ltr'><strong><em>ο</em></strong></span> <span class='ocrx_word' id='word_1_3' title='bbox 1093 281 1159 339; x_wconf 80' lang='lat' dir='ltr'><strong>IN</strong></span> <span class='ocrx_word' id='word_1_4' title='bbox 1198 284 1415 345; x_wconf 83' lang='lat' dir='ltr'><strong>EPIST.</strong></span> <span class='ocrx_word' id='word_1_5' title='bbox 1456 287 1549 342; x_wconf 83' lang='lat' dir='ltr'><strong>AD</strong></span> <span class='ocrx_word' id='word_1_6' title='bbox 1589 288 1956 350; x_wconf 64' lang='lat' dir='ltr'><strong>llEBR/EOS.</strong></span> <span class='ocrx_word' id='word_1_7' title='bbox 1995 294 2151 354; x_wconf 80' lang='lat' dir='ltr'><strong>CAP.</strong></span> <span class='ocrx_word' id='word_1_8' title='bbox 2191 298 2281 355; x_wconf 81' lang='lat' dir='ltr'><strong>IV.</strong></span> <span class='ocrx_word' id='word_1_9' title='bbox 2323 301 2559 364; x_wconf 71' lang='lat' dir='ltr'><strong>HOMIL.</strong></span> <span class='ocrx_word' id='word_1_10' title='bbox 2606 307 2716 365; x_wconf 69' lang='lat' dir='ltr'><strong>Vll.</strong></span> <span class='ocrx_word' id='word_1_11' title='bbox 3461 326 3533 382; x_wconf 66' lang='lat'><strong>63</strong></span> <span class='ocrx_word' id='word_1_12' title='bbox 3566 254 3571 259; x_wconf 14' lang='grc' dir='ltr'>ἢ</span> 
     </span>
    </p>
   </div>
   <div class='ocr_carea' id='block_1_2' title="bbox 282 397 1864 483">
    <p class='ocr_par' dir='ltr' id='par_1_2' title="bbox 282 397 1864 483">
     <span class='ocr_line' id='line_1_2' title="bbox 282 397 1864 483; baseline 0.014 -36"><span class='ocrx_word' id='word_1_13' title='bbox 282 408 341 451; x_wconf 83' lang='grc' dir='ltr'><strong>ιιι</strong></span> <span class='ocrx_word' id='word_1_14' title='bbox 392 397 497 454; x_wconf 93' lang='lat' dir='ltr'><strong>iltie</strong></span> <span class='ocrx_word' id='word_1_15' title='bbox 541 399 831 455; x_wconf 76' lang='lat' dir='ltr'><strong>habeamus</strong></span> <span class='ocrx_word' id='word_1_16' title='bbox 872 411 1145 470; x_wconf 88' lang='lat' dir='ltr'><strong>mentem,</strong></span> <span class='ocrx_word' id='word_1_17' title='bbox 1184 398 1357 477; x_wconf 70' lang='lat' dir='ltr'><strong>spem,</strong></span> <span class='ocrx_word' id='word_1_18' title='bbox 1381 415 1864 483; x_wconf 78' lang='lat' dir='ltr'><strong>exspectationem,</strong></span> 
     </span>
    </p>
   </div>
   <div class='ocr_carea' id='block_1_3' title="bbox 281 490 1866 577">
    <p class='ocr_par' dir='ltr' id='par_1_3' title="bbox 281 490 1866 577">
     <span class='ocr_line' id='line_1_3' title="bbox 281 490 1866 577; baseline 0.013 -35"><span class='ocrx_word' id='word_1_19' title='bbox 281 505 352 543; x_wconf 86' lang='lat' dir='ltr'><strong>ne</strong></span> <span class='ocrx_word' id='word_1_20' title='bbox 383 490 631 545; x_wconf 92' lang='lat' dir='ltr'><strong>similiter</strong></span> <span class='ocrx_word' id='word_1_21' title='bbox 657 493 984 549; x_wconf 79' lang='lat' dir='ltr'><strong>excidamus.</strong></span> <span class='ocrx_word' id='word_1_22' title='bbox 1017 495 1149 550; x_wconf 88' lang='lat' dir='ltr'><strong>Nam</strong></span> <span class='ocrx_word' id='word_1_23' title='bbox 1168 499 1312 570; x_wconf 89' lang='lat' dir='ltr'><strong>quod</strong></span> <span class='ocrx_word' id='word_1_24' title='bbox 1339 502 1671 570; x_wconf 81' lang='lat' dir='ltr'><strong>excidemus,</strong></span> <span class='ocrx_word' id='word_1_25' title='bbox 1698 507 1866 577; x_wconf 84' lang='lat' dir='ltr'><strong>signi-</strong></span> 
     </span>
    </p>
   </div>
   <div class='ocr_carea' id='block_1_4' title="bbox 283 580 1862 664">
    <p class='ocr_par' dir='ltr' id='par_1_4' title="bbox 283 580 1862 664">
     <span class='ocr_line' id='line_1_4' title="bbox 283 580 1862 664; baseline 0.016 -32"><span class='ocrx_word' id='word_1_26' title='bbox 283 580 407 634; x_wconf 83' lang='lat' dir='ltr'><strong>ﬁcat</strong></span> <span class='ocrx_word' id='word_1_27' title='bbox 436 584 739 653; x_wconf 85' lang='lat' dir='ltr'><strong>exemplum</strong></span> <span class='ocrx_word' id='word_1_28' title='bbox 770 603 786 639; x_wconf 89' lang='lat'><strong>:</strong></span> <span class='ocrx_word' id='word_1_29' title='bbox 819 584 887 639; x_wconf 84' lang='lat' dir='ltr'><strong>Ut</strong></span> <span class='ocrx_word' id='word_1_30' title='bbox 913 604 975 640; x_wconf 89' lang='lat' dir='ltr'><strong>ne</strong></span> <span class='ocrx_word' id='word_1_31' title='bbox 998 588 1051 641; x_wconf 88' lang='lat' dir='ltr'><strong>in</strong></span> <span class='ocrx_word' id='word_1_32' title='bbox 1074 588 1319 659; x_wconf 83' lang='lat' dir='ltr'><strong>idipsum,</strong></span> <span class='ocrx_word' id='word_1_33' title='bbox 1353 592 1542 664; x_wconf 92' lang='lat' dir='ltr'><strong>inquit.</strong></span> <span class='ocrx_word' id='word_1_34' title='bbox 1571 597 1775 656; x_wconf 88' lang='lat' dir='ltr'><strong>Deinde</strong></span> <span class='ocrx_word' id='word_1_35' title='bbox 1791 616 1862 658; x_wconf 87' lang='lat' dir='ltr'><strong>ne</strong></span> 
     </span>
    </p>
   </div>
   <div class='ocr_carea' id='block_1_5' title="bbox 278 673 1857 760">
    <p class='ocr_par' dir='ltr' id='par_1_5' title="bbox 278 673 1857 760">
     <span class='ocr_line' id='line_1_5' title="bbox 278 673 1857 760; baseline 0.016 -37"><span class='ocrx_word' id='word_1_36' title='bbox 278 674 527 739; x_wconf 86' lang='lat' dir='ltr'><strong>audiens,</strong></span> <span class='ocrx_word' id='word_1_37' title='bbox 560 673 626 727; x_wconf 88' lang='lat' dir='ltr'><strong>In</strong></span> <span class='ocrx_word' id='word_1_38' title='bbox 652 675 895 745; x_wconf 85' lang='lat' dir='ltr'><strong>idipsum,</strong></span> <span class='ocrx_word' id='word_1_39' title='bbox 919 679 1194 736; x_wconf 84' lang='lat' dir='ltr'><strong>existimes</strong></span> <span class='ocrx_word' id='word_1_40' title='bbox 1216 681 1355 738; x_wconf 87' lang='lat' dir='ltr'><strong>idem</strong></span> <span class='ocrx_word' id='word_1_41' title='bbox 1374 700 1496 742; x_wconf 90' lang='lat' dir='ltr'><strong>esse</strong></span> <span class='ocrx_word' id='word_1_42' title='bbox 1513 690 1857 760; x_wconf 85' lang='lat' dir='ltr'><strong>supplicium,</strong></span> 
     </span>
    </p>
   </div>
   <div class='ocr_carea' id='block_1_6' title="bbox 278 762 1865 837">
    <p class='ocr_par' dir='ltr' id='par_1_6' title="bbox 278 762 1865 837">
     <span class='ocr_line' id='line_1_6' title="bbox 278 762 1865 837; baseline 0.015 -24"><span class='ocrx_word' id='word_1_43' title='bbox 278 762 407 816; x_wconf 85' lang='lat' dir='ltr'><strong>audi</strong></span> <span class='ocrx_word' id='word_1_44' title='bbox 452 764 577 834; x_wconf 90' lang='lat' dir='ltr'><strong>quid</strong></span> <span class='ocrx_word' id='word_1_45' title='bbox 629 766 911 837; x_wconf 83' lang='lat' dir='ltr'><strong>subjungat</strong></span> <span class='ocrx_word' id='word_1_46' title='bbox 946 787 960 824; x_wconf 89' lang='lat'><strong>:</strong></span> <span class='ocrx_word' id='word_1_47' title='bbox 1004 768 1158 825; x_wconf 85' lang='lat' dir='ltr'><strong>Vivus</strong></span> <span class='ocrx_word' id='word_1_48' title='bbox 1198 782 1272 827; x_wconf 88' lang='lat' dir='ltr'><strong>est</strong></span> <span class='ocrx_word' id='word_1_49' title='bbox 1313 775 1448 830; x_wconf 87' lang='lat' dir='ltr'><strong>enim</strong></span> <span class='ocrx_word' id='word_1_50' title='bbox 1486 794 1652 837; x_wconf 89' lang='lat' dir='ltr'><strong>sermo</strong></span> <span class='ocrx_word' id='word_1_51' title='bbox 1692 781 1788 837; x_wconf 83' lang='lat' dir='ltr'><strong>Dei</strong></span> <span class='ocrx_word' id='word_1_52' title='bbox 1817 792 1865 837; x_wconf 88' lang='lat' dir='ltr'><strong>et</strong></span> 
     </span>
    </p>
   </div>
   <div class='ocr_carea' id='block_1_7' title="bbox 278 844 1864 944">
    <p class='ocr_par' dir='ltr' id='par_1_7' title="bbox 278 844 1864 944">
     <span class='ocr_line' id='line_1_7' title="bbox 278 844 1864 944; baseline 0.016 -40"><span class='ocrx_word' id='word_1_53' title='bbox 278 854 479 922; x_wconf 66' lang='lat' dir='ltr'><strong>efﬁcax,</strong></span> <span class='ocrx_word' id='word_1_54' title='bbox 517 844 875 926; x_wconf 73' lang='lat' dir='ltr'><strong>penetrabilior</strong></span> <span class='ocrx_word' id='word_1_55' title='bbox 895 861 1033 915; x_wconf 87' lang='lat' dir='ltr'><strong>omni</strong></span> <span class='ocrx_word' id='word_1_56' title='bbox 1051 862 1224 933; x_wconf 86' lang='lat' dir='ltr'><strong>gladio</strong></span> <span class='ocrx_word' id='word_1_57' title='bbox 1241 866 1475 937; x_wconf 77' lang='lat' dir='ltr'><strong>ancipiti,</strong></span> <span class='ocrx_word' id='word_1_58' title='bbox 1502 882 1550 923; x_wconf 90' lang='lat' dir='ltr'><strong>et</strong></span> <span class='ocrx_word' id='word_1_59' title='bbox 1573 875 1864 944; x_wconf 81' lang='lat' dir='ltr'><strong>pertingens</strong></span> 
     </span>
    </p>
   </div>
   <div class='ocr_carea' id='block_1_8' title="bbox 277 946 1864 1036">
    <p class='ocr_par' dir='ltr' id='par_1_8' title="bbox 277 946 1864 1036">
     <span class='ocr_line' id='line_1_8' title="bbox 277 946 1864 1036; baseline 0.016 -41"><span class='ocrx_word' id='word_1_60' title='bbox 277 960 435 1014; x_wconf 86' lang='lat' dir='ltr'><strong>usque</strong></span> <span class='ocrx_word' id='word_1_61' title='bbox 470 946 538 998; x_wconf 88' lang='lat' dir='ltr'><strong>ad</strong></span> <span class='ocrx_word' id='word_1_62' title='bbox 572 947 867 1004; x_wconf 74' lang='lat' dir='ltr'><strong>divisionem</strong></span> <span class='ocrx_word' id='word_1_63' title='bbox 893 952 1078 1006; x_wconf 66' lang='lat' dir='ltr'><strong>animi:</strong></span> <span class='ocrx_word' id='word_1_64' title='bbox 1103 963 1149 1008; x_wconf 92' lang='lat' dir='ltr'><strong>et</strong></span> <span class='ocrx_word' id='word_1_65' title='bbox 1177 957 1385 1023; x_wconf 84' lang='lat' dir='ltr'><strong>spiritus</strong></span> <span class='ocrx_word' id='word_1_66' title='bbox 1408 998 1424 1023; x_wconf 90' lang='lat'><strong>,</strong></span> <span class='ocrx_word' id='word_1_67' title='bbox 1465 977 1864 1036; x_wconf 81' lang='lat' dir='ltr'><strong>compagumque</strong></span> 
     </span>
    </p>
   </div>
   <div class='ocr_carea' id='block_1_9' title="bbox 275 1037 1861 1118">
    <p class='ocr_par' dir='ltr' id='par_1_9' title="bbox 275 1037 1861 1118">
     <span class='ocr_line' id='line_1_9' title="bbox 275 1037 1861 1118; baseline 0.019 -33"><span class='ocrx_word' id='word_1_68' title='bbox 275 1046 324 1086; x_wconf 75' lang='lat' dir='ltr'><strong>et</strong></span> <span class='ocrx_word' id='word_1_69' title='bbox 368 1037 707 1091; x_wconf 78' lang='lat' dir='ltr'><strong>medullarum</strong></span> <span class='ocrx_word' id='word_1_70' title='bbox 728 1080 742 1102; x_wconf 91' lang='lat'><strong>,</strong></span> <span class='ocrx_word' id='word_1_71' title='bbox 788 1050 838 1094; x_wconf 85' lang='lat' dir='ltr'><strong>et</strong></span> <span class='ocrx_word' id='word_1_72' title='bbox 880 1042 1126 1099; x_wconf 89' lang='lat' dir='ltr'><strong>discretor</strong></span> <span class='ocrx_word' id='word_1_73' title='bbox 1151 1049 1514 1118; x_wconf 69' lang='lat' dir='ltr'><strong>cogitationum</strong></span> <span class='ocrx_word' id='word_1_74' title='bbox 1540 1057 1728 1112; x_wconf 85' lang='lat' dir='ltr'><strong>cordis.</strong></span> <span class='ocrx_word' id='word_1_75' title='bbox 1763 1058 1861 1115; x_wconf 89' lang='lat' dir='ltr'><strong>llic</strong></span> 
     </span>
    </p>
   </div>
   <div class='ocr_carea' id='block_1_10' title="bbox 274 1130 1858 1221">
    <p class='ocr_par' dir='ltr' id='par_1_10' title="bbox 274 1130 1858 1221">
     <span class='ocr_line' id='line_1_10' title="bbox 274 1130 1858 1221; baseline 0.018 -43"><span class='ocrx_word' id='word_1_76' title='bbox 274 1142 491 1196; x_wconf 85' lang='lat' dir='ltr'><strong>quoque</strong></span> <span class='ocrx_word' id='word_1_77' title='bbox 516 1130 752 1186; x_wconf 76' lang='lat' dir='ltr'><strong>ostendit</strong></span> <span class='ocrx_word' id='word_1_78' title='bbox 785 1134 927 1203; x_wconf 88' lang='lat' dir='ltr'><strong>quod</strong></span> <span class='ocrx_word' id='word_1_79' title='bbox 949 1135 1037 1191; x_wconf 87' lang='lat' dir='ltr'><strong>illa</strong></span> <span class='ocrx_word' id='word_1_80' title='bbox 1060 1139 1222 1194; x_wconf 90' lang='lat' dir='ltr'><strong>etiam</strong></span> <span class='ocrx_word' id='word_1_81' title='bbox 1243 1141 1370 1198; x_wconf 77' lang='lat' dir='ltr'><strong>fecit</strong></span> <span class='ocrx_word' id='word_1_82' title='bbox 1398 1144 1512 1215; x_wconf 90' lang='lat' dir='ltr'><strong>ipse</strong></span> <span class='ocrx_word' id='word_1_83' title='bbox 1540 1147 1636 1203; x_wconf 90' lang='lat' dir='ltr'><strong>Dei</strong></span> <span class='ocrx_word' id='word_1_84' title='bbox 1651 1165 1858 1221; x_wconf 80' lang='lat' dir='ltr'><strong>sermo,</strong></span> 
     </span>
    </p>
   </div>
   <div class='ocr_carea' id='block_1_11' title="bbox 274 1218 1861 1306">
    <p class='ocr_par' dir='ltr' id='par_1_11' title="bbox 274 1218 1861 1306">
     <span class='ocr_line' id='line_1_11' title="bbox 274 1218 1861 1306; baseline 0.016 -33"><span class='ocrx_word' id='word_1_85' title='bbox 274 1230 329 1273; x_wconf 88' lang='lat' dir='ltr'><strong>ct</strong></span> <span class='ocrx_word' id='word_1_86' title='bbox 360 1220 526 1287; x_wconf 85' lang='lat' dir='ltr'><strong>vivit,</strong></span> <span class='ocrx_word' id='word_1_87' title='bbox 559 1237 659 1278; x_wconf 91' lang='lat' dir='ltr'><strong>nec</strong></span> <span class='ocrx_word' id='word_1_88' title='bbox 688 1226 986 1282; x_wconf 74' lang='lat' dir='ltr'><strong>exstinctus</strong></span> <span class='ocrx_word' id='word_1_89' title='bbox 1015 1238 1116 1284; x_wconf 91' lang='lat' dir='ltr'><strong>est.</strong></span> <span class='ocrx_word' id='word_1_90' title='bbox 1164 1230 1245 1287; x_wconf 88' lang='lat' dir='ltr'><strong>Ne</strong></span> <span class='ocrx_word' id='word_1_91' title='bbox 1268 1248 1400 1305; x_wconf 86' lang='lat' dir='ltr'><strong>ergo</strong></span> <span class='ocrx_word' id='word_1_92' title='bbox 1427 1218 1681 1306; x_wconf 79' lang='lat' dir='ltr'><strong>quoniam</strong></span> <span class='ocrx_word' id='word_1_93' title='bbox 1710 1218 1861 1298; x_wconf 46' lang='lat' dir='ltr'><strong>audi;</strong></span> 
     </span>
    </p>
   </div>
   <div class='ocr_carea' id='block_1_12' title="bbox 273 1310 1858 1404">
    <p class='ocr_par' dir='ltr' id='par_1_12' title="bbox 273 1310 1858 1404">
     <span class='ocr_line' id='line_1_12' title="bbox 273 1310 1858 1404; baseline 0.018 -41"><span class='ocrx_word' id='word_1_94' title='bbox 273 1310 403 1365; x_wconf 90' lang='lat' dir='ltr'><strong>visti</strong></span> <span class='ocrx_word' id='word_1_95' title='bbox 445 1328 783 1382; x_wconf 82' lang='lat' dir='ltr'><strong>sermonem,</strong></span> <span class='ocrx_word' id='word_1_96' title='bbox 830 1317 881 1372; x_wconf 92' lang='lat' dir='ltr'><strong>id</strong></span> <span class='ocrx_word' id='word_1_97' title='bbox 921 1320 1261 1378; x_wconf 85' lang='lat' dir='ltr'><strong>solummodo</strong></span> <span class='ocrx_word' id='word_1_98' title='bbox 1297 1327 1528 1385; x_wconf 89' lang='lat' dir='ltr'><strong>audias:</strong></span> <span class='ocrx_word' id='word_1_99' title='bbox 1556 1342 1639 1388; x_wconf 91' lang='lat' dir='ltr'><strong>est</strong></span> <span class='ocrx_word' id='word_1_100' title='bbox 1678 1336 1858 1404; x_wconf 90' lang='lat' dir='ltr'><strong>enim,</strong></span> 
     </span>
    </p>
   </div>
   <div class='ocr_carea' id='block_1_13' title="bbox 273 1402 1863 1487">
    <p class='ocr_par' dir='ltr' id='par_1_13' title="bbox 273 1402 1863 1487">
     <span class='ocr_line' id='line_1_13' title="bbox 273 1402 1863 1487; baseline 0.016 -32"><span class='ocrx_word' id='word_1_101' title='bbox 273 1402 472 1473; x_wconf 79' lang='lat' dir='ltr'><strong>inquit,</strong></span> <span class='ocrx_word' id='word_1_102' title='bbox 500 1408 885 1473; x_wconf 84' lang='lat' dir='ltr'><strong>penetrabilior</strong></span> <span class='ocrx_word' id='word_1_103' title='bbox 907 1410 1108 1481; x_wconf 87' lang='lat' dir='ltr'><strong>gladio.</strong></span> <span class='ocrx_word' id='word_1_104' title='bbox 1134 1411 1267 1471; x_wconf 82' lang='lat' dir='ltr'><strong>Vide</strong></span> <span class='ocrx_word' id='word_1_105' title='bbox 1288 1420 1559 1487; x_wconf 90' lang='lat' dir='ltr'><strong>quomodo</strong></span> <span class='ocrx_word' id='word_1_106' title='bbox 1585 1437 1645 1480; x_wconf 90' lang='lat' dir='ltr'><strong>se</strong></span> <span class='ocrx_word' id='word_1_107' title='bbox 1669 1402 1863 1480; x_wconf 39' lang='lat' dir='ltr'><strong>demit;</strong></span> 
     </span>
    </p>
   </div>
   <div class='ocr_carea' id='block_1_14' title="bbox 275 1490 1862 1586">
    <p class='ocr_par' dir='ltr' id='par_1_14' title="bbox 275 1490 1862 1586">
     <span class='ocr_line' id='line_1_14' title="bbox 275 1490 1862 1586; baseline 0.018 -39"><span class='ocrx_word' id='word_1_108' title='bbox 275 1490 391 1559; x_wconf 76' lang='lat' dir='ltr'><strong>tat,</strong></span> <span class='ocrx_word' id='word_1_109' title='bbox 422 1506 475 1550; x_wconf 91' lang='lat' dir='ltr'><strong>et</strong></span> <span class='ocrx_word' id='word_1_110' title='bbox 518 1498 641 1553; x_wconf 90' lang='lat' dir='ltr'><strong>hinc</strong></span> <span class='ocrx_word' id='word_1_111' title='bbox 683 1501 961 1558; x_wconf 88' lang='lat' dir='ltr'><strong>considera</strong></span> <span class='ocrx_word' id='word_1_112' title='bbox 1002 1520 1231 1574; x_wconf 89' lang='lat' dir='ltr'><strong>quanam</strong></span> <span class='ocrx_word' id='word_1_113' title='bbox 1273 1508 1341 1564; x_wconf 94' lang='lat' dir='ltr'><strong>de</strong></span> <span class='ocrx_word' id='word_1_114' title='bbox 1382 1526 1541 1568; x_wconf 89' lang='lat' dir='ltr'><strong>causa</strong></span> <span class='ocrx_word' id='word_1_115' title='bbox 1588 1531 1722 1586; x_wconf 87' lang='lat' dir='ltr'><strong>opus</strong></span> <span class='ocrx_word' id='word_1_116' title='bbox 1764 1519 1862 1576; x_wconf 77' lang='lat' dir='ltr'><strong>fuit</strong></span> 
     </span>
    </p>
   </div>
   <div class='ocr_carea' id='block_1_15' title="bbox 269 1590 1860 1676">
    <p class='ocr_par' dir='ltr' id='par_1_15' title="bbox 269 1590 1860 1676">
     <span class='ocr_line' id='line_1_15' title="bbox 269 1590 1860 1676; baseline 0.015 -32"><span class='ocrx_word' id='word_1_117' title='bbox 269 1590 439 1644; x_wconf 86' lang='lat' dir='ltr'><strong>etiam</strong></span> <span class='ocrx_word' id='word_1_118' title='bbox 487 1592 760 1662; x_wconf 86' lang='lat' dir='ltr'><strong>prophetis</strong></span> <span class='ocrx_word' id='word_1_119' title='bbox 802 1605 859 1649; x_wconf 92' lang='lat' dir='ltr'><strong>ut</strong></span> <span class='ocrx_word' id='word_1_120' title='bbox 885 1596 1125 1653; x_wconf 88' lang='lat' dir='ltr'><strong>dicerent</strong></span> <span class='ocrx_word' id='word_1_121' title='bbox 1160 1600 1431 1671; x_wconf 89' lang='lat' dir='ltr'><strong>gladium,</strong></span> <span class='ocrx_word' id='word_1_122' title='bbox 1460 1618 1515 1661; x_wconf 90' lang='lat' dir='ltr'><strong>et</strong></span> <span class='ocrx_word' id='word_1_123' title='bbox 1553 1622 1737 1665; x_wconf 88' lang='lat' dir='ltr'><strong>areum</strong></span> <span class='ocrx_word' id='word_1_124' title='bbox 1758 1650 1774 1676; x_wconf 92' lang='lat'><strong>,</strong></span> <span class='ocrx_word' id='word_1_125' title='bbox 1804 1620 1860 1668; x_wconf 90' lang='lat' dir='ltr'><strong>et</strong></span> 
     </span>
    </p>
   </div>
   <div class='ocr_carea' id='block_1_16' title="bbox 270 1681 1871 1771">
    <p class='ocr_par' dir='ltr' id='par_1_16' title="bbox 270 1681 1871 1771">
     <span class='ocr_line' id='line_1_16' title="bbox 270 1681 1871 1771; baseline 0.012 -34"><span class='ocrx_word' id='word_1_126' title='bbox 270 1681 663 1753; x_wconf 66' lang='lat' dir='ltr'><strong>rhomphazam.</strong></span> <span class='ocrx_word' id='word_1_127' title='bbox 698 1683 820 1740; x_wconf 88' lang='lat' dir='ltr'><strong>Nisi</strong></span> <span class='ocrx_word' id='word_1_128' title='bbox 843 1690 1090 1757; x_wconf 83' lang='lat' dir='ltr'><strong>conversi,</strong></span> <span class='ocrx_word' id='word_1_129' title='bbox 1121 1690 1315 1762; x_wconf 85' lang='lat' dir='ltr'><strong>inquit,</strong></span> <span class='ocrx_word' id='word_1_130' title='bbox 1347 1697 1581 1766; x_wconf 75' lang='lat' dir='ltr'><strong>fueritis,</strong></span> <span class='ocrx_word' id='word_1_131' title='bbox 1626 1700 1871 1771; x_wconf 75' lang='lat' dir='ltr'><strong>gladium</strong></span> 
     </span>
    </p>
   </div>
   <div class='ocr_carea' id='block_1_17' title="bbox 268 1774 1857 1857">
    <p class='ocr_par' dir='ltr' id='par_1_17' title="bbox 268 1774 1857 1857">
     <span class='ocr_line' id='line_1_17' title="bbox 268 1774 1857 1857; baseline 0.014 -31"><span class='ocrx_word' id='word_1_132' title='bbox 268 1790 423 1827; x_wconf 71' lang='lat' dir='ltr'><strong>suum</strong></span> <span class='ocrx_word' id='word_1_133' title='bbox 450 1774 662 1829; x_wconf 80' lang='lat' dir='ltr'><strong>vibrabit</strong></span> <span class='ocrx_word' id='word_1_134' title='bbox 680 1816 697 1842; x_wconf 95' lang='lat'><strong>,</strong></span> <span class='ocrx_word' id='word_1_135' title='bbox 725 1792 902 1831; x_wconf 85' lang='lat' dir='ltr'><strong>arcum</strong></span> <span class='ocrx_word' id='word_1_136' title='bbox 924 1795 1076 1834; x_wconf 89' lang='lat' dir='ltr'><strong>suum</strong></span> <span class='ocrx_word' id='word_1_137' title='bbox 1116 1783 1363 1853; x_wconf 89' lang='lat' dir='ltr'><strong>tetendit,</strong></span> <span class='ocrx_word' id='word_1_138' title='bbox 1395 1796 1444 1840; x_wconf 89' lang='lat' dir='ltr'><strong>et</strong></span> <span class='ocrx_word' id='word_1_139' title='bbox 1472 1790 1672 1857; x_wconf 77' lang='lat' dir='ltr'><strong>paravit</strong></span> <span class='ocrx_word' id='word_1_140' title='bbox 1709 1792 1857 1847; x_wconf 79' lang='lat' dir='ltr'><strong>illum</strong></span> 
     </span>
    </p>
   </div>
   <div class='ocr_carea' id='block_1_18' title="bbox 268 1866 1860 1953">
    <p class='ocr_par' dir='ltr' id='par_1_18' title="bbox 268 1866 1860 1953">
     <span class='ocr_line' id='line_1_18' title="bbox 268 1866 1860 1953; baseline 0.014 -34"><span class='ocrx_word' id='word_1_141' title='bbox 268 1866 449 1936; x_wconf 82' lang='lat' dir='ltr'><strong>(Psal.</strong></span> <span class='ocrx_word' id='word_1_142' title='bbox 482 1868 532 1921; x_wconf 90' lang='lat'><strong>7.</strong></span> <span class='ocrx_word' id='word_1_143' title='bbox 566 1867 681 1937; x_wconf 79' lang='lat' dir='ltr'><strong>t3).</strong></span> <span class='ocrx_word' id='word_1_144' title='bbox 710 1867 843 1923; x_wconf 83' lang='lat' dir='ltr'><strong>Nam</strong></span> <span class='ocrx_word' id='word_1_145' title='bbox 869 1870 916 1924; x_wconf 92' lang='lat' dir='ltr'><strong>si</strong></span> <span class='ocrx_word' id='word_1_146' title='bbox 944 1886 1085 1927; x_wconf 91' lang='lat' dir='ltr'><strong>nunc</strong></span> <span class='ocrx_word' id='word_1_147' title='bbox 1110 1914 1125 1939; x_wconf 92' lang='lat'><strong>,</strong></span> <span class='ocrx_word' id='word_1_148' title='bbox 1173 1883 1295 1942; x_wconf 82' lang='lat' dir='ltr'><strong>post</strong></span> <span class='ocrx_word' id='word_1_149' title='bbox 1323 1884 1530 1934; x_wconf 90' lang='lat' dir='ltr'><strong>tantum</strong></span> <span class='ocrx_word' id='word_1_150' title='bbox 1570 1888 1780 1953; x_wconf 86' lang='lat' dir='ltr'><strong>tempus</strong></span> <span class='ocrx_word' id='word_1_151' title='bbox 1802 1893 1860 1941; x_wconf 90' lang='lat' dir='ltr'><strong>et</strong></span> 
     </span>
    </p>
   </div>
   <div class='ocr_carea' id='block_1_19' title="bbox 266 1960 1857 2032">
    <p class='ocr_par' dir='ltr' id='par_1_19' title="bbox 266 1960 1857 2032">
     <span class='ocr_line' id='line_1_19' title="bbox 266 1960 1857 2032; baseline 0.011 -18"><span class='ocrx_word' id='word_1_152' title='bbox 266 1960 826 2026; x_wconf 81' lang='lat' dir='ltr'><strong>consummationem,</strong></span> <span class='ocrx_word' id='word_1_153' title='bbox 862 1975 967 2015; x_wconf 91' lang='lat' dir='ltr'><strong>non</strong></span> <span class='ocrx_word' id='word_1_154' title='bbox 996 1973 1172 2032; x_wconf 84' lang='lat' dir='ltr'><strong>potest</strong></span> <span class='ocrx_word' id='word_1_155' title='bbox 1197 1967 1414 2023; x_wconf 85' lang='lat' dir='ltr'><strong>nomine</strong></span> <span class='ocrx_word' id='word_1_156' title='bbox 1438 1972 1707 2029; x_wconf 82' lang='lat' dir='ltr'><strong>sermonis</strong></span> <span class='ocrx_word' id='word_1_157' title='bbox 1735 1984 1857 2031; x_wconf 88' lang='lat' dir='ltr'><strong>tan-</strong></span> 
     </span>
    </p>
   </div>
   <div class='ocr_carea' id='block_1_20' title="bbox 270 2052 1854 2137">
    <p class='ocr_par' dir='ltr' id='par_1_20' title="bbox 270 2052 1854 2137">
     <span class='ocr_line' id='line_1_20' title="bbox 270 2052 1854 2137; baseline 0.011 -33"><span class='ocrx_word' id='word_1_158' title='bbox 270 2063 386 2105; x_wconf 86' lang='lat' dir='ltr'><strong>tum</strong></span> <span class='ocrx_word' id='word_1_159' title='bbox 411 2062 638 2116; x_wconf 88' lang='lat' dir='ltr'><strong>terrere,</strong></span> <span class='ocrx_word' id='word_1_160' title='bbox 670 2052 766 2107; x_wconf 90' lang='lat' dir='ltr'><strong>sed</strong></span> <span class='ocrx_word' id='word_1_161' title='bbox 791 2052 874 2108; x_wconf 90' lang='lat' dir='ltr'><strong>his</strong></span> <span class='ocrx_word' id='word_1_162' title='bbox 894 2054 1055 2110; x_wconf 88' lang='lat' dir='ltr'><strong>etiam</strong></span> <span class='ocrx_word' id='word_1_163' title='bbox 1082 2057 1262 2112; x_wconf 81' lang='lat' dir='ltr'><strong>verbis</strong></span> <span class='ocrx_word' id='word_1_164' title='bbox 1291 2059 1515 2131; x_wconf 89' lang='lat' dir='ltr'><strong>indiget,</strong></span> <span class='ocrx_word' id='word_1_165' title='bbox 1549 2072 1606 2119; x_wconf 91' lang='lat' dir='ltr'><strong>ut</strong></span> <span class='ocrx_word' id='word_1_166' title='bbox 1630 2079 1854 2137; x_wconf 85' lang='lat' dir='ltr'><strong>compa-</strong></span> 
     </span>
    </p>
   </div>
   <div class='ocr_carea' id='block_1_21' title="bbox 270 2144 1853 2228">
    <p class='ocr_par' dir='ltr' id='par_1_21' title="bbox 270 2144 1853 2228">
     <span class='ocr_line' id='line_1_21' title="bbox 270 2144 1853 2228; baseline 0.011 -30"><span class='ocrx_word' id='word_1_167' title='bbox 270 2144 494 2198; x_wconf 79' lang='lat' dir='ltr'><strong>rationis</strong></span> <span class='ocrx_word' id='word_1_168' title='bbox 514 2144 770 2198; x_wconf 82' lang='lat' dir='ltr'><strong>ostendat</strong></span> <span class='ocrx_word' id='word_1_169' title='bbox 790 2147 1254 2227; x_wconf 81' lang='lat' dir='ltr'><strong>exsuperationem</strong></span> <span class='ocrx_word' id='word_1_170' title='bbox 1280 2169 1293 2204; x_wconf 94' lang='lat'><strong>:</strong></span> <span class='ocrx_word' id='word_1_171' title='bbox 1325 2152 1497 2209; x_wconf 93' lang='lat' dir='ltr'><strong>multo</strong></span> <span class='ocrx_word' id='word_1_172' title='bbox 1516 2157 1685 2228; x_wconf 89' lang='lat' dir='ltr'><strong>magis</strong></span> <span class='ocrx_word' id='word_1_173' title='bbox 1705 2168 1853 2215; x_wconf 91' lang='lat' dir='ltr'><strong>tunc.</strong></span> 
     </span>
    </p>
   </div>
   <div class='ocr_carea' id='block_1_22' title="bbox 282 2233 1853 2319">
    <p class='ocr_par' dir='ltr' id='par_1_22' title="bbox 282 2233 1853 2319">
     <span class='ocr_line' id='line_1_22' title="bbox 282 2233 1853 2319; baseline 0.013 -30"><span class='ocrx_word' id='word_1_174' title='bbox 282 2233 574 2305; x_wconf 80' lang='lat' dir='ltr'><strong>Pertingens</strong></span> <span class='ocrx_word' id='word_1_175' title='bbox 595 2252 751 2303; x_wconf 88' lang='lat' dir='ltr'><strong>usque</strong></span> <span class='ocrx_word' id='word_1_176' title='bbox 777 2236 843 2289; x_wconf 89' lang='lat' dir='ltr'><strong>ad</strong></span> <span class='ocrx_word' id='word_1_177' title='bbox 868 2237 1163 2293; x_wconf 84' lang='lat' dir='ltr'><strong>divisionem</strong></span> <span class='ocrx_word' id='word_1_178' title='bbox 1186 2242 1373 2298; x_wconf 72' lang='lat' dir='ltr'><strong>anima:</strong></span> <span class='ocrx_word' id='word_1_179' title='bbox 1396 2255 1443 2299; x_wconf 88' lang='lat' dir='ltr'><strong>et</strong></span> <span class='ocrx_word' id='word_1_180' title='bbox 1460 2234 1693 2318; x_wconf 88' lang='lat' dir='ltr'><strong>spiritus.</strong></span> <span class='ocrx_word' id='word_1_181' title='bbox 1716 2252 1853 2319; x_wconf 88' lang='lat' dir='ltr'><strong>Quid</strong></span> 
     </span>
    </p>
   </div>
   <div class='ocr_carea' id='block_1_23' title="bbox 272 2328 1842 2415">
    <p class='ocr_par' dir='ltr' id='par_1_23' title="bbox 272 2328 1842 2415">
     <span class='ocr_line' id='line_1_23' title="bbox 272 2328 1842 2415; baseline 0.013 -34"><span class='ocrx_word' id='word_1_182' title='bbox 272 2328 375 2381; x_wconf 86' lang='lat' dir='ltr'><strong>hoc</strong></span> <span class='ocrx_word' id='word_1_183' title='bbox 416 2332 539 2382; x_wconf 74' lang='lat' dir='ltr'><strong>est?</strong></span> <span class='ocrx_word' id='word_1_184' title='bbox 581 2328 911 2399; x_wconf 79' lang='lat' dir='ltr'><strong>Signiﬁcavit</strong></span> <span class='ocrx_word' id='word_1_185' title='bbox 955 2331 1156 2402; x_wconf 84' lang='lat' dir='ltr'><strong>aliquid</strong></span> <span class='ocrx_word' id='word_1_186' title='bbox 1204 2335 1539 2395; x_wconf 89' lang='lat' dir='ltr'><strong>terribilius:</strong></span> <span class='ocrx_word' id='word_1_187' title='bbox 1570 2352 1665 2396; x_wconf 89' lang='lat' dir='ltr'><strong>aut</strong></span> <span class='ocrx_word' id='word_1_188' title='bbox 1700 2346 1842 2415; x_wconf 90' lang='lat' dir='ltr'><strong>quod</strong></span> 
     </span>
    </p>
   </div>
   <div class='ocr_carea' id='block_1_24' title="bbox 265 2429 1845 2505">
    <p class='ocr_par' dir='ltr' id='par_1_24' title="bbox 265 2429 1845 2505">
     <span class='ocr_line' id='line_1_24' title="bbox 265 2429 1845 2505; baseline 0.002 -20"><span class='ocrx_word' id='word_1_189' title='bbox 265 2430 512 2500; x_wconf 79' lang='lat' dir='ltr'><strong>Spiritum</strong></span> <span class='ocrx_word' id='word_1_190' title='bbox 538 2429 727 2484; x_wconf 76' lang='lat' dir='ltr'><strong>dividit</strong></span> <span class='ocrx_word' id='word_1_191' title='bbox 755 2432 823 2485; x_wconf 87' lang='lat' dir='ltr'><strong>ab</strong></span> <span class='ocrx_word' id='word_1_192' title='bbox 842 2431 1022 2484; x_wconf 87' lang='lat' dir='ltr'><strong>anima</strong></span> <span class='ocrx_word' id='word_1_193' title='bbox 1050 2449 1065 2485; x_wconf 93' lang='lat'><strong>:</strong></span> <span class='ocrx_word' id='word_1_194' title='bbox 1092 2440 1186 2486; x_wconf 89' lang='lat' dir='ltr'><strong>aut</strong></span> <span class='ocrx_word' id='word_1_195' title='bbox 1212 2430 1356 2501; x_wconf 88' lang='lat' dir='ltr'><strong>quod</strong></span> <span class='ocrx_word' id='word_1_196' title='bbox 1386 2432 1547 2488; x_wconf 88' lang='lat' dir='ltr'><strong>etiam</strong></span> <span class='ocrx_word' id='word_1_197' title='bbox 1576 2433 1691 2502; x_wconf 78' lang='lat' dir='ltr'><strong>ipsa</strong></span> <span class='ocrx_word' id='word_1_198' title='bbox 1720 2448 1845 2505; x_wconf 87' lang='lat' dir='ltr'><strong>per-</strong></span> 
     </span>
    </p>
   </div>
   <div class='ocr_carea' id='block_1_25' title="bbox 264 2523 1846 2595">
    <p class='ocr_par' dir='ltr' id='par_1_25' title="bbox 264 2523 1846 2595">
     <span class='ocr_line' id='line_1_25' title="bbox 264 2523 1846 2595; baseline 0.004 -21"><span class='ocrx_word' id='word_1_199' title='bbox 264 2525 412 2576; x_wconf 80' lang='lat' dir='ltr'><strong>vadit</strong></span> <span class='ocrx_word' id='word_1_200' title='bbox 443 2523 755 2591; x_wconf 87' lang='lat' dir='ltr'><strong>incorporea</strong></span> <span class='ocrx_word' id='word_1_201' title='bbox 776 2564 793 2588; x_wconf 91' lang='lat'><strong>,</strong></span> <span class='ocrx_word' id='word_1_202' title='bbox 822 2538 928 2576; x_wconf 91' lang='lat' dir='ltr'><strong>non</strong></span> <span class='ocrx_word' id='word_1_203' title='bbox 960 2524 1410 2594; x_wconf 88' lang='lat' dir='ltr'><strong>quemadmodum</strong></span> <span class='ocrx_word' id='word_1_204' title='bbox 1438 2524 1648 2595; x_wconf 85' lang='lat' dir='ltr'><strong>gladius</strong></span> <span class='ocrx_word' id='word_1_205' title='bbox 1672 2525 1846 2581; x_wconf 87' lang='lat' dir='ltr'><strong>solum</strong></span> 
     </span>
    </p>
   </div>
   <div class='ocr_carea' id='block_1_26' title="bbox 259 2611 1848 2687">
    <p class='ocr_par' dir='ltr' id='par_1_26' title="bbox 259 2611 1848 2687">
     <span class='ocr_line' id='line_1_26' title="bbox 259 2611 1848 2687; baseline 0.005 -22"><span class='ocrx_word' id='word_1_206' title='bbox 259 2627 514 2680; x_wconf 82' lang='lat' dir='ltr'><strong>corpora.</strong></span> <span class='ocrx_word' id='word_1_207' title='bbox 559 2611 657 2667; x_wconf 81' lang='lat' dir='ltr'><strong>Hic</strong></span> <span class='ocrx_word' id='word_1_208' title='bbox 686 2612 918 2667; x_wconf 84' lang='lat' dir='ltr'><strong>ostendit</strong></span> <span class='ocrx_word' id='word_1_209' title='bbox 955 2612 1097 2683; x_wconf 90' lang='lat' dir='ltr'><strong>quod</strong></span> <span class='ocrx_word' id='word_1_210' title='bbox 1138 2624 1196 2670; x_wconf 90' lang='lat' dir='ltr'><strong>et</strong></span> <span class='ocrx_word' id='word_1_211' title='bbox 1236 2615 1417 2672; x_wconf 90' lang='lat' dir='ltr'><strong>anima</strong></span> <span class='ocrx_word' id='word_1_212' title='bbox 1462 2617 1715 2687; x_wconf 80' lang='lat' dir='ltr'><strong>puniatur</strong></span> <span class='ocrx_word' id='word_1_213' title='bbox 1745 2658 1761 2684; x_wconf 92' lang='lat'><strong>,</strong></span> <span class='ocrx_word' id='word_1_214' title='bbox 1792 2626 1848 2673; x_wconf 89' lang='lat' dir='ltr'><strong>et</strong></span> 
     </span>
    </p>
   </div>
   <div class='ocr_carea' id='block_1_27' title="bbox 259 2704 1841 2779">
    <p class='ocr_par' dir='ltr' id='par_1_27' title="bbox 259 2704 1841 2779">
     <span class='ocr_line' id='line_1_27' title="bbox 259 2704 1841 2779; baseline 0.006 -25"><span class='ocrx_word' id='word_1_215' title='bbox 259 2704 409 2772; x_wconf 82' lang='lat' dir='ltr'><strong>quod</strong></span> <span class='ocrx_word' id='word_1_216' title='bbox 439 2718 559 2771; x_wconf 68' lang='lat' dir='ltr'><strong>quae</strong></span> <span class='ocrx_word' id='word_1_217' title='bbox 584 2712 709 2757; x_wconf 89' lang='lat' dir='ltr'><strong>sunt</strong></span> <span class='ocrx_word' id='word_1_218' title='bbox 738 2704 921 2759; x_wconf 86' lang='lat' dir='ltr'><strong>intima</strong></span> <span class='ocrx_word' id='word_1_219' title='bbox 950 2713 1238 2772; x_wconf 86' lang='lat' dir='ltr'><strong>scrutetur,</strong></span> <span class='ocrx_word' id='word_1_220' title='bbox 1271 2714 1442 2761; x_wconf 90' lang='lat' dir='ltr'><strong>totum</strong></span> <span class='ocrx_word' id='word_1_221' title='bbox 1474 2708 1687 2777; x_wconf 90' lang='lat' dir='ltr'><strong>penitus</strong></span> <span class='ocrx_word' id='word_1_222' title='bbox 1716 2723 1841 2779; x_wconf 88' lang='lat' dir='ltr'><strong>per-</strong></span> 
     </span>
    </p>
   </div>
   <div class='ocr_carea' id='block_1_28' title="bbox 260 2794 1845 2869">
    <p class='ocr_par' dir='ltr' id='par_1_28' title="bbox 260 2794 1845 2869">
     <span class='ocr_line' id='line_1_28' title="bbox 260 2794 1845 2869; baseline 0.006 -22"><span class='ocrx_word' id='word_1_223' title='bbox 260 2794 469 2851; x_wconf 87' lang='lat' dir='ltr'><strong>vadens</strong></span> <span class='ocrx_word' id='word_1_224' title='bbox 499 2795 790 2851; x_wconf 83' lang='lat' dir='ltr'><strong>hominem.</strong></span> <span class='ocrx_word' id='word_1_225' title='bbox 832 2795 899 2849; x_wconf 81' lang='lat' dir='ltr'><strong>Et</strong></span> <span class='ocrx_word' id='word_1_226' title='bbox 939 2795 1186 2852; x_wconf 85' lang='lat' dir='ltr'><strong>discretor</strong></span> <span class='ocrx_word' id='word_1_227' title='bbox 1213 2800 1574 2869; x_wconf 82' lang='lat' dir='ltr'><strong>cogitationum</strong></span> <span class='ocrx_word' id='word_1_228' title='bbox 1603 2812 1654 2855; x_wconf 89' lang='lat' dir='ltr'><strong>et</strong></span> <span class='ocrx_word' id='word_1_229' title='bbox 1676 2801 1845 2856; x_wconf 83' lang='lat' dir='ltr'><strong>inten-</strong></span> 
     </span>
    </p>
   </div>
   <div class='ocr_carea' id='block_1_29' title="bbox 259 2883 1846 2946">
    <p class='ocr_par' dir='ltr' id='par_1_29' title="bbox 259 2883 1846 2946">
     <span class='ocr_line' id='line_1_29' title="bbox 259 2883 1846 2946; baseline 0.005 -9"><span class='ocrx_word' id='word_1_230' title='bbox 259 2885 461 2938; x_wconf 83' lang='lat' dir='ltr'><strong>tionum</strong></span> <span class='ocrx_word' id='word_1_231' title='bbox 497 2887 688 2940; x_wconf 89' lang='lat' dir='ltr'><strong>cordis.</strong></span> <span class='ocrx_word' id='word_1_232' title='bbox 722 2883 789 2939; x_wconf 88' lang='lat' dir='ltr'><strong>Et</strong></span> <span class='ocrx_word' id='word_1_233' title='bbox 818 2902 919 2941; x_wconf 89' lang='lat' dir='ltr'><strong>non</strong></span> <span class='ocrx_word' id='word_1_234' title='bbox 960 2896 1033 2940; x_wconf 90' lang='lat' dir='ltr'><strong>est</strong></span> <span class='ocrx_word' id='word_1_235' title='bbox 1075 2887 1184 2941; x_wconf 70' lang='lat' dir='ltr'><strong>ulla</strong></span> <span class='ocrx_word' id='word_1_236' title='bbox 1221 2898 1455 2943; x_wconf 82' lang='lat' dir='ltr'><strong>creatura</strong></span> <span class='ocrx_word' id='word_1_237' title='bbox 1492 2888 1755 2945; x_wconf 79' lang='lat' dir='ltr'><strong>invisibilis</strong></span> <span class='ocrx_word' id='word_1_238' title='bbox 1793 2893 1846 2946; x_wconf 86' lang='lat' dir='ltr'><strong>in</strong></span> 
     </span>
    </p>
   </div>
   <div class='ocr_carea' id='block_1_30' title="bbox 257 2952 1844 3048">
    <p class='ocr_par' dir='ltr' id='par_1_30' title="bbox 257 2952 1844 3048">
     <span class='ocr_line' id='line_1_30' title="bbox 257 2952 1844 3048; baseline 0.006 -21"><span class='ocrx_word' id='word_1_239' title='bbox 257 2986 533 3044; x_wconf 77' lang='lat' dir='ltr'><strong>conspectu</strong></span> <span class='ocrx_word' id='word_1_240' title='bbox 562 2977 693 3043; x_wconf 83' lang='lat' dir='ltr'><strong>eius.</strong></span> <span class='ocrx_word' id='word_1_241' title='bbox 726 2976 822 3030; x_wconf 84' lang='lat' dir='ltr'><strong>llic</strong></span> <span class='ocrx_word' id='word_1_242' title='bbox 865 2952 958 3031; x_wconf 66' lang='lat'><strong>80.3</strong></span> <span class='ocrx_word' id='word_1_243' title='bbox 999 2978 1231 3033; x_wconf 77' lang='lat' dir='ltr'><strong>maxime</strong></span> <span class='ocrx_word' id='word_1_244' title='bbox 1258 2980 1471 3035; x_wconf 90' lang='lat' dir='ltr'><strong>terruit.</strong></span> <span class='ocrx_word' id='word_1_245' title='bbox 1515 2979 1632 3035; x_wconf 88' lang='lat' dir='ltr'><strong>Non</strong></span> <span class='ocrx_word' id='word_1_246' title='bbox 1665 2982 1807 3037; x_wconf 91' lang='lat' dir='ltr'><strong>enim</strong></span> <span class='ocrx_word' id='word_1_247' title='bbox 1828 3024 1844 3048; x_wconf 94' lang='lat'><strong>,</strong></span> 
     </span>
    </p>
   </div>
   <div class='ocr_carea' id='block_1_31' title="bbox 258 3065 1848 3137">
    <p class='ocr_par' dir='ltr' id='par_1_31' title="bbox 258 3065 1848 3137">
     <span class='ocr_line' id='line_1_31' title="bbox 258 3065 1848 3137; baseline 0.006 -18"><span class='ocrx_word' id='word_1_248' title='bbox 258 3066 305 3119; x_wconf 87' lang='lat' dir='ltr'><strong>si</strong></span> <span class='ocrx_word' id='word_1_249' title='bbox 338 3065 536 3134; x_wconf 89' lang='lat' dir='ltr'><strong>adhuc,</strong></span> <span class='ocrx_word' id='word_1_250' title='bbox 565 3067 754 3137; x_wconf 83' lang='lat' dir='ltr'><strong>inquit,</strong></span> <span class='ocrx_word' id='word_1_251' title='bbox 795 3068 848 3122; x_wconf 92' lang='lat' dir='ltr'><strong>in</strong></span> <span class='ocrx_word' id='word_1_252' title='bbox 881 3067 983 3124; x_wconf 88' lang='lat' dir='ltr'><strong>llde</strong></span> <span class='ocrx_word' id='word_1_253' title='bbox 1008 3069 1185 3137; x_wconf 86' lang='lat' dir='ltr'><strong>statis,</strong></span> <span class='ocrx_word' id='word_1_254' title='bbox 1214 3070 1309 3126; x_wconf 91' lang='lat' dir='ltr'><strong>sed</strong></span> <span class='ocrx_word' id='word_1_255' title='bbox 1341 3087 1446 3127; x_wconf 94' lang='lat' dir='ltr'><strong>non</strong></span> <span class='ocrx_word' id='word_1_256' title='bbox 1474 3088 1595 3127; x_wconf 90' lang='lat' dir='ltr'><strong>cum</strong></span> <span class='ocrx_word' id='word_1_257' title='bbox 1624 3082 1770 3130; x_wconf 86' lang='lat' dir='ltr'><strong>certa</strong></span> <span class='ocrx_word' id='word_1_258' title='bbox 1794 3082 1848 3129; x_wconf 91' lang='lat' dir='ltr'><strong>et</strong></span> 
     </span>
    </p>
   </div>
   <div class='ocr_carea' id='block_1_32' title="bbox 258 3158 1845 3237">
    <p class='ocr_par' dir='ltr' id='par_1_32' title="bbox 258 3158 1845 3237">
     <span class='ocr_line' id='line_1_32' title="bbox 258 3158 1845 3237; baseline 0.009 -30"><span class='ocrx_word' id='word_1_259' title='bbox 258 3158 421 3226; x_wconf 80' lang='lat' dir='ltr'><strong>plena</strong></span> <span class='ocrx_word' id='word_1_260' title='bbox 472 3160 816 3229; x_wconf 83' lang='lat' dir='ltr'><strong>persuasione</strong></span> <span class='ocrx_word' id='word_1_261' title='bbox 839 3201 855 3228; x_wconf 92' lang='lat'><strong>,</strong></span> <span class='ocrx_word' id='word_1_262' title='bbox 896 3160 1225 3217; x_wconf 81' lang='lat' dir='ltr'><strong>conﬁdatis:</strong></span> <span class='ocrx_word' id='word_1_263' title='bbox 1260 3163 1375 3232; x_wconf 88' lang='lat' dir='ltr'><strong>ipse</strong></span> <span class='ocrx_word' id='word_1_264' title='bbox 1415 3162 1681 3234; x_wconf 86' lang='lat' dir='ltr'><strong>judicabit</strong></span> <span class='ocrx_word' id='word_1_265' title='bbox 1720 3181 1845 3237; x_wconf 68' lang='lat' dir='ltr'><strong>qua:</strong></span> 
     </span>
    </p>
   </div>
   <div class='ocr_carea' id='block_1_33' title="bbox 256 3252 1847 3327">
    <p class='ocr_par' dir='ltr' id='par_1_33' title="bbox 256 3252 1847 3327">
     <span class='ocr_line' id='line_1_33' title="bbox 256 3252 1847 3327; baseline 0.006 -23"><span class='ocrx_word' id='word_1_266' title='bbox 256 3260 388 3306; x_wconf 88' lang='lat' dir='ltr'><strong>sunt</strong></span> <span class='ocrx_word' id='word_1_267' title='bbox 424 3252 476 3305; x_wconf 91' lang='lat' dir='ltr'><strong>in</strong></span> <span class='ocrx_word' id='word_1_268' title='bbox 503 3252 666 3309; x_wconf 89' lang='lat' dir='ltr'><strong>corde</strong></span> <span class='ocrx_word' id='word_1_269' title='bbox 697 3275 710 3309; x_wconf 88' lang='lat'><strong>:</strong></span> <span class='ocrx_word' id='word_1_270' title='bbox 740 3267 807 3308; x_wconf 93' lang='lat' dir='ltr'><strong>eo</strong></span> <span class='ocrx_word' id='word_1_271' title='bbox 831 3254 974 3309; x_wconf 89' lang='lat' dir='ltr'><strong>enim</strong></span> <span class='ocrx_word' id='word_1_272' title='bbox 1002 3254 1244 3325; x_wconf 81' lang='lat' dir='ltr'><strong>pervadit</strong></span> <span class='ocrx_word' id='word_1_273' title='bbox 1278 3266 1331 3311; x_wconf 90' lang='lat' dir='ltr'><strong>et</strong></span> <span class='ocrx_word' id='word_1_274' title='bbox 1359 3257 1586 3327; x_wconf 88' lang='lat' dir='ltr'><strong>puniens</strong></span> <span class='ocrx_word' id='word_1_275' title='bbox 1615 3267 1672 3314; x_wconf 90' lang='lat' dir='ltr'><strong>et</strong></span> <span class='ocrx_word' id='word_1_276' title='bbox 1713 3274 1847 3315; x_wconf 87' lang='lat' dir='ltr'><strong>exa-</strong></span> 
     </span>
    </p>
   </div>
   <div class='ocr_carea' id='block_1_34' title="bbox 256 3343 1843 3417">
    <p class='ocr_par' dir='ltr' id='par_1_34' title="bbox 256 3343 1843 3417">
     <span class='ocr_line' id='line_1_34' title="bbox 256 3343 1843 3417; baseline 0.006 -22"><span class='ocrx_word' id='word_1_277' title='bbox 256 3343 493 3396; x_wconf 89' lang='lat' dir='ltr'><strong>nimans.</strong></span> <span class='ocrx_word' id='word_1_278' title='bbox 525 3343 596 3398; x_wconf 81' lang='lat' dir='ltr'><strong>Et</strong></span> <span class='ocrx_word' id='word_1_279' title='bbox 638 3345 764 3415; x_wconf 90' lang='lat' dir='ltr'><strong>quid</strong></span> <span class='ocrx_word' id='word_1_280' title='bbox 799 3343 942 3411; x_wconf 90' lang='lat' dir='ltr'><strong>dico,</strong></span> <span class='ocrx_word' id='word_1_281' title='bbox 976 3346 1186 3417; x_wconf 88' lang='lat' dir='ltr'><strong>inquit,</strong></span> <span class='ocrx_word' id='word_1_282' title='bbox 1232 3346 1299 3402; x_wconf 92' lang='lat' dir='ltr'><strong>de</strong></span> <span class='ocrx_word' id='word_1_283' title='bbox 1342 3346 1694 3405; x_wconf 83' lang='lat' dir='ltr'><strong>hominibus?</strong></span> <span class='ocrx_word' id='word_1_284' title='bbox 1721 3364 1843 3404; x_wconf 90' lang='lat' dir='ltr'><strong>nam</strong></span> 
     </span>
    </p>
   </div>
   <div class='ocr_carea' id='block_1_35' title="bbox 255 3433 1846 3508">
    <p class='ocr_par' dir='ltr' id='par_1_35' title="bbox 255 3433 1846 3508">
     <span class='ocr_line' id='line_1_35' title="bbox 255 3433 1846 3508; baseline 0.006 -22"><span class='ocrx_word' id='word_1_285' title='bbox 255 3433 360 3487; x_wconf 89' lang='lat' dir='ltr'><strong>etsi</strong></span> <span class='ocrx_word' id='word_1_286' title='bbox 415 3434 565 3489; x_wconf 88' lang='lat' dir='ltr'><strong>dicas</strong></span> <span class='ocrx_word' id='word_1_287' title='bbox 589 3436 807 3506; x_wconf 78' lang='lat' dir='ltr'><strong>angelos</strong></span> <span class='ocrx_word' id='word_1_288' title='bbox 849 3444 905 3491; x_wconf 91' lang='lat' dir='ltr'><strong>et</strong></span> <span class='ocrx_word' id='word_1_289' title='bbox 939 3436 1290 3508; x_wconf 85' lang='lat' dir='ltr'><strong>arehangelos</strong></span> <span class='ocrx_word' id='word_1_290' title='bbox 1315 3479 1332 3507; x_wconf 96' lang='lat'><strong>,</strong></span> <span class='ocrx_word' id='word_1_291' title='bbox 1371 3447 1426 3494; x_wconf 91' lang='lat' dir='ltr'><strong>et</strong></span> <span class='ocrx_word' id='word_1_292' title='bbox 1459 3439 1750 3495; x_wconf 89' lang='lat' dir='ltr'><strong>Cherubim</strong></span> <span class='ocrx_word' id='word_1_293' title='bbox 1789 3449 1846 3496; x_wconf 89' lang='lat' dir='ltr'><strong>et</strong></span> 
     </span>
    </p>
   </div>
   <div class='ocr_carea' id='block_1_36' title="bbox 255 3524 1842 3599">
    <p class='ocr_par' dir='ltr' id='par_1_36' title="bbox 255 3524 1842 3599">
     <span class='ocr_line' id='line_1_36' title="bbox 255 3524 1842 3599; baseline 0.004 -20"><span class='ocrx_word' id='word_1_294' title='bbox 255 3524 541 3593; x_wconf 85' lang='lat' dir='ltr'><strong>Serapbim</strong></span> <span class='ocrx_word' id='word_1_295' title='bbox 565 3566 582 3592; x_wconf 96' lang='lat'><strong>,</strong></span> <span class='ocrx_word' id='word_1_296' title='bbox 631 3535 687 3582; x_wconf 93' lang='lat' dir='ltr'><strong>et</strong></span> <span class='ocrx_word' id='word_1_297' title='bbox 727 3543 1124 3599; x_wconf 83' lang='lat' dir='ltr'><strong>quamcumque</strong></span> <span class='ocrx_word' id='word_1_298' title='bbox 1169 3538 1471 3584; x_wconf 85' lang='lat' dir='ltr'><strong>creaturam</strong></span> <span class='ocrx_word' id='word_1_299' title='bbox 1495 3572 1509 3596; x_wconf 95' lang='lat'><strong>,</strong></span> <span class='ocrx_word' id='word_1_300' title='bbox 1544 3530 1723 3586; x_wconf 89' lang='lat' dir='ltr'><strong>omnia</strong></span> <span class='ocrx_word' id='word_1_301' title='bbox 1766 3532 1842 3586; x_wconf 93' lang='lat' dir='ltr'><strong>illi</strong></span> 
     </span>
    </p>
   </div>
   <div class='ocr_carea' id='block_1_37' title="bbox 251 3616 1840 3690">
    <p class='ocr_par' dir='ltr' id='par_1_37' title="bbox 251 3616 1840 3690">
     <span class='ocr_line' id='line_1_37' title="bbox 251 3616 1840 3690; baseline 0.004 -22"><span class='ocrx_word' id='word_1_302' title='bbox 251 3616 419 3669; x_wconf 86' lang='lat' dir='ltr'><strong>oculo</strong></span> <span class='ocrx_word' id='word_1_303' title='bbox 443 3624 568 3671; x_wconf 90' lang='lat' dir='ltr'><strong>sunt</strong></span> <span class='ocrx_word' id='word_1_304' title='bbox 595 3625 776 3685; x_wconf 87' lang='lat' dir='ltr'><strong>aperta</strong></span> <span class='ocrx_word' id='word_1_305' title='bbox 796 3659 814 3685; x_wconf 91' lang='lat'><strong>,</strong></span> <span class='ocrx_word' id='word_1_306' title='bbox 850 3618 1029 3671; x_wconf 85' lang='lat' dir='ltr'><strong>omnia</strong></span> <span class='ocrx_word' id='word_1_307' title='bbox 1069 3619 1215 3674; x_wconf 83' lang='lat' dir='ltr'><strong>clara</strong></span> <span class='ocrx_word' id='word_1_308' title='bbox 1260 3629 1314 3676; x_wconf 92' lang='lat' dir='ltr'><strong>et</strong></span> <span class='ocrx_word' id='word_1_309' title='bbox 1355 3620 1674 3690; x_wconf 79' lang='lat' dir='ltr'><strong>manifesta,</strong></span> <span class='ocrx_word' id='word_1_310' title='bbox 1706 3622 1840 3676; x_wconf 84' lang='lat' dir='ltr'><strong>nihil</strong></span> 
     </span>
    </p>
   </div>
   <div class='ocr_carea' id='block_1_38' title="bbox 250 3706 1839 3777">
    <p class='ocr_par' dir='ltr' id='par_1_38' title="bbox 250 3706 1839 3777">
     <span class='ocr_line' id='line_1_38' title="bbox 250 3706 1839 3777; baseline 0.004 -17"><span class='ocrx_word' id='word_1_311' title='bbox 250 3716 341 3761; x_wconf 84' lang='lat' dir='ltr'><strong>est</strong></span> <span class='ocrx_word' id='word_1_312' title='bbox 388 3706 534 3777; x_wconf 84' lang='lat' dir='ltr'><strong>quod</strong></span> <span class='ocrx_word' id='word_1_313' title='bbox 575 3709 750 3777; x_wconf 88' lang='lat' dir='ltr'><strong>possit</strong></span> <span class='ocrx_word' id='word_1_314' title='bbox 791 3724 917 3763; x_wconf 92' lang='lat' dir='ltr'><strong>eum</strong></span> <span class='ocrx_word' id='word_1_315' title='bbox 965 3707 1177 3765; x_wconf 85' lang='lat' dir='ltr'><strong>latere:</strong></span> <span class='ocrx_word' id='word_1_316' title='bbox 1212 3709 1399 3765; x_wconf 85' lang='lat' dir='ltr'><strong>Omnia</strong></span> <span class='ocrx_word' id='word_1_317' title='bbox 1443 3722 1561 3766; x_wconf 89' lang='lat' dir='ltr'><strong>sunt</strong></span> <span class='ocrx_word' id='word_1_318' title='bbox 1606 3712 1746 3767; x_wconf 86' lang='lat' dir='ltr'><strong>nuda</strong></span> <span class='ocrx_word' id='word_1_319' title='bbox 1791 3722 1839 3769; x_wconf 86' lang='lat' dir='ltr'><strong>et</strong></span> 
     </span>
    </p>
   </div>
   <div class='ocr_carea' id='block_1_39' title="bbox 248 3799 1837 3873">
    <p class='ocr_par' dir='ltr' id='par_1_39' title="bbox 248 3799 1837 3873">
     <span class='ocr_line' id='line_1_39' title="bbox 248 3799 1837 3873; baseline 0.005 -22"><span class='ocrx_word' id='word_1_320' title='bbox 248 3808 435 3866; x_wconf 79' lang='lat' dir='ltr'><strong>aperta</strong></span> <span class='ocrx_word' id='word_1_321' title='bbox 461 3801 621 3853; x_wconf 88' lang='lat' dir='ltr'><strong>oculis</strong></span> <span class='ocrx_word' id='word_1_322' title='bbox 649 3800 785 3870; x_wconf 85' lang='lat' dir='ltr'><strong>ejus,</strong></span> <span class='ocrx_word' id='word_1_323' title='bbox 817 3799 885 3855; x_wconf 86' lang='lat' dir='ltr'><strong>ad</strong></span> <span class='ocrx_word' id='word_1_324' title='bbox 912 3818 1058 3871; x_wconf 85' lang='lat' dir='ltr'><strong>quem</strong></span> <span class='ocrx_word' id='word_1_325' title='bbox 1082 3802 1225 3856; x_wconf 82' lang='lat' dir='ltr'><strong>nobis</strong></span> <span class='ocrx_word' id='word_1_326' title='bbox 1249 3818 1413 3857; x_wconf 89' lang='lat' dir='ltr'><strong>sermo</strong></span> <span class='ocrx_word' id='word_1_327' title='bbox 1437 3804 1477 3856; x_wconf 90' lang='grc'><strong>¹.</strong></span> <span class='ocrx_word' id='word_1_328' title='bbox 1509 3805 1710 3873; x_wconf 78' lang='lat' dir='ltr'><strong>Aperta</strong></span> <span class='ocrx_word' id='word_1_329' title='bbox 1738 3820 1837 3860; x_wconf 91' lang='lat' dir='ltr'><strong>au-</strong></span> 
     </span>
    </p>
   </div>
   <div class='ocr_carea' id='block_1_40' title="bbox 250 3891 1833 3968">
    <p class='ocr_par' dir='ltr' id='par_1_40' title="bbox 250 3891 1833 3968">
     <span class='ocr_line' id='line_1_40' title="bbox 250 3891 1833 3968; baseline 0.004 -23"><span class='ocrx_word' id='word_1_330' title='bbox 250 3902 363 3946; x_wconf 90' lang='lat' dir='ltr'><strong>tem</strong></span> <span class='ocrx_word' id='word_1_331' title='bbox 391 3891 576 3947; x_wconf 64' lang='lat' dir='ltr'><strong>Gra&#39;ee</strong></span> <span class='ocrx_word' id='word_1_332' title='bbox 606 3891 802 3947; x_wconf 90' lang='lat' dir='ltr'><strong>dicitur</strong></span> <span class='ocrx_word' id='word_1_333' title='bbox 825 3902 1251 3965; x_wconf 64' lang='grc' dir='ltr'><strong>τετραχηλισμένα,</strong></span> <span class='ocrx_word' id='word_1_334' title='bbox 1286 3894 1338 3948; x_wconf 87' lang='lat' dir='ltr'><strong>id</strong></span> <span class='ocrx_word' id='word_1_335' title='bbox 1370 3904 1472 3962; x_wconf 84' lang='lat' dir='ltr'><strong>est,</strong></span> <span class='ocrx_word' id='word_1_336' title='bbox 1501 3896 1833 3968; x_wconf 86' lang='lat' dir='ltr'><strong>resupinata,</strong></span> 
     </span>
    </p>
   </div>
   <div class='ocr_carea' id='block_1_41' title="bbox 245 3982 1838 4055">
    <p class='ocr_par' dir='ltr' id='par_1_41' title="bbox 245 3982 1838 4055">
     <span class='ocr_line' id='line_1_41' title="bbox 245 3982 1838 4055; baseline 0.003 -17"><span class='ocrx_word' id='word_1_337' title='bbox 245 3999 279 4038; x_wconf 88' lang='lat' dir='ltr'><strong>a</strong></span> <span class='ocrx_word' id='word_1_338' title='bbox 312 3983 633 4054; x_wconf 84' lang='lat' dir='ltr'><strong>metaphora</strong></span> <span class='ocrx_word' id='word_1_339' title='bbox 662 3982 881 4053; x_wconf 81' lang='lat' dir='ltr'><strong>pellium</strong></span> <span class='ocrx_word' id='word_1_340' title='bbox 906 4000 1025 4055; x_wconf 67' lang='lat' dir='ltr'><strong>quae</strong></span> <span class='ocrx_word' id='word_1_341' title='bbox 1055 3984 1408 4040; x_wconf 80' lang='lat' dir='ltr'><strong>extrahuntur</strong></span> <span class='ocrx_word' id='word_1_342' title='bbox 1432 4001 1461 4039; x_wconf 92' lang='lat' dir='ltr'><strong>a</strong></span> <span class='ocrx_word' id='word_1_343' title='bbox 1489 3987 1739 4044; x_wconf 79' lang='lat' dir='ltr'><strong>victimis.</strong></span> <span class='ocrx_word' id='word_1_344' title='bbox 1768 3988 1838 4046; x_wconf 89' lang='lat' dir='ltr'><strong>Ut</strong></span> 
     </span>
    </p>
   </div>
   <div class='ocr_carea' id='block_1_42' title="bbox 248 4075 1835 4150">
    <p class='ocr_par' dir='ltr' id='par_1_42' title="bbox 248 4075 1835 4150">
     <span class='ocr_line' id='line_1_42' title="bbox 248 4075 1835 4150; baseline 0.005 -20"><span class='ocrx_word' id='word_1_345' title='bbox 248 4077 403 4130; x_wconf 89' lang='lat' dir='ltr'><strong>enim</strong></span> <span class='ocrx_word' id='word_1_346' title='bbox 434 4075 648 4146; x_wconf 86' lang='lat' dir='ltr'><strong>quando</strong></span> <span class='ocrx_word' id='word_1_347' title='bbox 673 4076 938 4147; x_wconf 88' lang='lat' dir='ltr'><strong>quispiam</strong></span> <span class='ocrx_word' id='word_1_348' title='bbox 971 4077 1077 4131; x_wconf 91' lang='lat' dir='ltr'><strong>illis</strong></span> <span class='ocrx_word' id='word_1_349' title='bbox 1103 4077 1356 4148; x_wconf 83' lang='lat' dir='ltr'><strong>jugulatis</strong></span> <span class='ocrx_word' id='word_1_350' title='bbox 1387 4080 1580 4150; x_wconf 82' lang='lat' dir='ltr'><strong>pellem</strong></span> <span class='ocrx_word' id='word_1_351' title='bbox 1609 4096 1639 4135; x_wconf 92' lang='lat' dir='ltr'><strong>a</strong></span> <span class='ocrx_word' id='word_1_352' title='bbox 1668 4096 1835 4139; x_wconf 87' lang='lat' dir='ltr'><strong>carne</strong></span> 
     </span>
    </p>
   </div>
   <div class='ocr_carea' id='block_1_43' title="bbox 244 4168 1835 4242">
    <p class='ocr_par' dir='ltr' id='par_1_43' title="bbox 244 4168 1835 4242">
     <span class='ocr_line' id='line_1_43' title="bbox 244 4168 1835 4242; baseline 0.004 -19"><span class='ocrx_word' id='word_1_353' title='bbox 244 4168 595 4233; x_wconf 76' lang='lat' dir='ltr'><strong>abstrax‘erit,</strong></span> <span class='ocrx_word' id='word_1_354' title='bbox 644 4168 822 4223; x_wconf 87' lang='lat' dir='ltr'><strong>omnia</strong></span> <span class='ocrx_word' id='word_1_355' title='bbox 866 4185 986 4239; x_wconf 62' lang='lat' dir='ltr'><strong>qua:</strong></span> <span class='ocrx_word' id='word_1_356' title='bbox 1030 4179 1157 4224; x_wconf 90' lang='lat' dir='ltr'><strong>sunt</strong></span> <span class='ocrx_word' id='word_1_357' title='bbox 1202 4171 1347 4227; x_wconf 89' lang='lat' dir='ltr'><strong>intus</strong></span> <span class='ocrx_word' id='word_1_358' title='bbox 1395 4173 1690 4242; x_wconf 87' lang='lat' dir='ltr'><strong>aperit,et</strong></span> <span class='ocrx_word' id='word_1_359' title='bbox 1730 4189 1835 4229; x_wconf 80' lang='lat' dir='ltr'><strong>no-</strong></span> 
     </span>
    </p>
   </div>
   <div class='ocr_carea' id='block_1_44' title="bbox 246 4258 1833 4322">
    <p class='ocr_par' dir='ltr' id='par_1_44' title="bbox 246 4258 1833 4322">
     <span class='ocr_line' id='line_1_44' title="bbox 246 4258 1833 4322; baseline 0.005 -8"><span class='ocrx_word' id='word_1_360' title='bbox 246 4262 380 4314; x_wconf 89' lang='lat' dir='ltr'><strong>stris</strong></span> <span class='ocrx_word' id='word_1_361' title='bbox 423 4258 592 4314; x_wconf 90' lang='lat' dir='ltr'><strong>oeulis</strong></span> <span class='ocrx_word' id='word_1_362' title='bbox 629 4258 805 4316; x_wconf 88' lang='lat' dir='ltr'><strong>reddit</strong></span> <span class='ocrx_word' id='word_1_363' title='bbox 841 4258 1120 4315; x_wconf 81' lang='lat' dir='ltr'><strong>manifesta</strong></span> <span class='ocrx_word' id='word_1_364' title='bbox 1150 4278 1165 4315; x_wconf 89' lang='lat'><strong>:</strong></span> <span class='ocrx_word' id='word_1_365' title='bbox 1195 4262 1268 4316; x_wconf 88' lang='lat' dir='ltr'><strong>ita</strong></span> <span class='ocrx_word' id='word_1_366' title='bbox 1314 4264 1474 4320; x_wconf 88' lang='lat' dir='ltr'><strong>etiam</strong></span> <span class='ocrx_word' id='word_1_367' title='bbox 1522 4264 1636 4321; x_wconf 89' lang='lat' dir='ltr'><strong>Deo</strong></span> <span class='ocrx_word' id='word_1_368' title='bbox 1687 4265 1833 4322; x_wconf 87' lang='lat' dir='ltr'><strong>clara</strong></span> 
     </span>
    </p>
   </div>
   <div class='ocr_carea' id='block_1_45' title="bbox 245 4349 1832 4422">
    <p class='ocr_par' dir='ltr' id='par_1_45' title="bbox 245 4349 1832 4422">
     <span class='ocr_line' id='line_1_45' title="bbox 245 4349 1832 4422; baseline 0.004 -17"><span class='ocrx_word' id='word_1_369' title='bbox 245 4360 304 4405; x_wconf 88' lang='lat' dir='ltr'><strong>et</strong></span> <span class='ocrx_word' id='word_1_370' title='bbox 366 4349 645 4405; x_wconf 78' lang='lat' dir='ltr'><strong>manifesta</strong></span> <span class='ocrx_word' id='word_1_371' title='bbox 730 4351 1000 4422; x_wconf 88' lang='lat' dir='ltr'><strong>pr0posita</strong></span> <span class='ocrx_word' id='word_1_372' title='bbox 1059 4359 1185 4405; x_wconf 93' lang='lat' dir='ltr'><strong>sunt</strong></span> <span class='ocrx_word' id='word_1_373' title='bbox 1232 4352 1431 4408; x_wconf 91' lang='lat' dir='ltr'><strong>omnia.</strong></span> <span class='ocrx_word' id='word_1_374' title='bbox 1511 4354 1593 4410; x_wconf 85' lang='lat' dir='ltr'><strong>Tu</strong></span> <span class='ocrx_word' id='word_1_375' title='bbox 1654 4365 1832 4413; x_wconf 88' lang='lat' dir='ltr'><strong>autem</strong></span> 
     </span>
    </p>
   </div>
   <div class='ocr_carea' id='block_1_46' title="bbox 248 4439 1832 4516">
    <p class='ocr_par' dir='ltr' id='par_1_46' title="bbox 248 4439 1832 4516">
     <span class='ocr_line' id='line_1_46' title="bbox 248 4439 1832 4516; baseline 0.004 -21"><span class='ocrx_word' id='word_1_376' title='bbox 248 4440 381 4495; x_wconf 91' lang='lat' dir='ltr'><strong>mihi</strong></span> <span class='ocrx_word' id='word_1_377' title='bbox 406 4439 687 4497; x_wconf 89' lang='lat' dir='ltr'><strong>considera</strong></span> <span class='ocrx_word' id='word_1_378' title='bbox 725 4440 996 4511; x_wconf 89' lang='lat' dir='ltr'><strong>quomodo</strong></span> <span class='ocrx_word' id='word_1_379' title='bbox 1021 4443 1295 4511; x_wconf 88' lang='lat' dir='ltr'><strong>corporeis</strong></span> <span class='ocrx_word' id='word_1_380' title='bbox 1323 4457 1536 4514; x_wconf 90' lang='lat' dir='ltr'><strong>semper</strong></span> <span class='ocrx_word' id='word_1_381' title='bbox 1562 4460 1698 4516; x_wconf 90' lang='lat' dir='ltr'><strong>opus</strong></span> <span class='ocrx_word' id='word_1_382' title='bbox 1732 4445 1832 4501; x_wconf 82' lang='lat' dir='ltr'><strong>ba-</strong></span> 
     </span>
    </p>
   </div>
   <div class='ocr_carea' id='block_1_47' title="bbox 248 4528 1831 4601">
    <p class='ocr_par' dir='ltr' id='par_1_47' title="bbox 248 4528 1831 4601">
     <span class='ocr_line' id='line_1_47' title="bbox 248 4528 1831 4601; baseline 0.004 -16"><span class='ocrx_word' id='word_1_383' title='bbox 248 4531 341 4585; x_wconf 86' lang='lat' dir='ltr'><strong>bet</strong></span> <span class='ocrx_word' id='word_1_384' title='bbox 382 4530 703 4599; x_wconf 75' lang='lat' dir='ltr'><strong>imaginibus</strong></span> <span class='ocrx_word' id='word_1_385' title='bbox 735 4547 749 4584; x_wconf 89' lang='lat'><strong>:</strong></span> <span class='ocrx_word' id='word_1_386' title='bbox 780 4528 924 4600; x_wconf 91' lang='lat' dir='ltr'><strong>quod</strong></span> <span class='ocrx_word' id='word_1_387' title='bbox 964 4529 1179 4601; x_wconf 86' lang='lat' dir='ltr'><strong>quidem</strong></span> <span class='ocrx_word' id='word_1_388' title='bbox 1228 4540 1344 4587; x_wconf 89' lang='lat' dir='ltr'><strong>erat</strong></span> <span class='ocrx_word' id='word_1_389' title='bbox 1376 4533 1680 4590; x_wconf 90' lang='lat' dir='ltr'><strong>auditorum</strong></span> <span class='ocrx_word' id='word_1_390' title='bbox 1728 4536 1831 4592; x_wconf 87' lang='lat' dir='ltr'><strong>im-</strong></span> 
     </span>
    </p>
   </div>
   <div class='ocr_carea' id='block_1_48' title="bbox 246 4620 1824 4694">
    <p class='ocr_par' dir='ltr' id='par_1_48' title="bbox 246 4620 1824 4694">
     <span class='ocr_line' id='line_1_48' title="bbox 246 4620 1824 4694; baseline 0.003 -16"><span class='ocrx_word' id='word_1_391' title='bbox 246 4622 579 4678; x_wconf 87' lang='lat' dir='ltr'><strong>becillitatis.</strong></span> <span class='ocrx_word' id='word_1_392' title='bbox 620 4620 754 4676; x_wconf 83' lang='lat' dir='ltr'><strong>Nam</strong></span> <span class='ocrx_word' id='word_1_393' title='bbox 799 4621 941 4692; x_wconf 90' lang='lat' dir='ltr'><strong>quod</strong></span> <span class='ocrx_word' id='word_1_394' title='bbox 982 4632 1160 4678; x_wconf 87' lang='lat' dir='ltr'><strong>essent</strong></span> <span class='ocrx_word' id='word_1_395' title='bbox 1207 4622 1501 4691; x_wconf 85' lang='lat' dir='ltr'><strong>imbecilli,</strong></span> <span class='ocrx_word' id='word_1_396' title='bbox 1546 4626 1824 4694; x_wconf 80' lang='lat' dir='ltr'><strong>ostendit,</strong></span> 
     </span>
    </p>
   </div>
   <div class='ocr_carea' id='block_1_49' title="bbox 245 4708 1827 4793">
    <p class='ocr_par' dir='ltr' id='par_1_49' title="bbox 245 4708 1827 4793">
     <span class='ocr_line' id='line_1_49' title="bbox 245 4708 1827 4793; baseline 0.004 -23"><span class='ocrx_word' id='word_1_397' title='bbox 245 4716 435 4771; x_wconf 89' lang='lat' dir='ltr'><strong>dicens</strong></span> <span class='ocrx_word' id='word_1_398' title='bbox 466 4730 561 4771; x_wconf 88' lang='lat' dir='ltr'><strong>eos</strong></span> <span class='ocrx_word' id='word_1_399' title='bbox 591 4730 713 4771; x_wconf 88' lang='lat' dir='ltr'><strong>esse</strong></span> <span class='ocrx_word' id='word_1_400' title='bbox 741 4715 984 4793; x_wconf 82' lang='lat' dir='ltr'><strong>hebetes,</strong></span> <span class='ocrx_word' id='word_1_401' title='bbox 1016 4724 1074 4770; x_wconf 86' lang='lat' dir='ltr'><strong>ut</strong></span> <span class='ocrx_word' id='word_1_402' title='bbox 1102 4716 1188 4787; x_wconf 89' lang='lat' dir='ltr'><strong>qui</strong></span> <span class='ocrx_word' id='word_1_403' title='bbox 1228 4731 1364 4787; x_wconf 88' lang='lat' dir='ltr'><strong>opus</strong></span> <span class='ocrx_word' id='word_1_404' title='bbox 1386 4708 1625 4774; x_wconf 81' lang='lat' dir='ltr'><strong>habeant</strong></span> <span class='ocrx_word' id='word_1_405' title='bbox 1655 4720 1827 4791; x_wconf 87' lang='lat' dir='ltr'><strong>lacte,</strong></span> 
     </span>
    </p>
   </div>
   <div class='ocr_carea' id='block_1_50' title="bbox 247 4804 1827 4881">
    <p class='ocr_par' dir='ltr' id='par_1_50' title="bbox 247 4804 1827 4881">
     <span class='ocr_line' id='line_1_50' title="bbox 247 4804 1827 4881; baseline 0.005 -20"><span class='ocrx_word' id='word_1_406' title='bbox 247 4824 355 4863; x_wconf 91' lang='lat' dir='ltr'><strong>non</strong></span> <span class='ocrx_word' id='word_1_407' title='bbox 398 4807 573 4862; x_wconf 90' lang='lat' dir='ltr'><strong>solido</strong></span> <span class='ocrx_word' id='word_1_408' title='bbox 615 4807 755 4862; x_wconf 87' lang='lat' dir='ltr'><strong>cibo.</strong></span> <span class='ocrx_word' id='word_1_409' title='bbox 802 4804 987 4862; x_wconf 83' lang='lat' dir='ltr'><strong>Omnia</strong></span> <span class='ocrx_word' id='word_1_410' title='bbox 1029 4818 1144 4861; x_wconf 88' lang='lat' dir='ltr'><strong>sunt</strong></span> <span class='ocrx_word' id='word_1_411' title='bbox 1184 4808 1323 4862; x_wconf 88' lang='lat' dir='ltr'><strong>nuda</strong></span> <span class='ocrx_word' id='word_1_412' title='bbox 1364 4818 1413 4863; x_wconf 90' lang='lat' dir='ltr'><strong>et</strong></span> <span class='ocrx_word' id='word_1_413' title='bbox 1460 4820 1637 4881; x_wconf 87' lang='lat' dir='ltr'><strong>aperta</strong></span> <span class='ocrx_word' id='word_1_414' title='bbox 1665 4814 1827 4871; x_wconf 80' lang='lat' dir='ltr'><strong>oculis</strong></span> 
     </span>
    </p>
   </div>
   <div class='ocr_carea' id='block_1_51' title="bbox 243 4888 1827 4969">
    <p class='ocr_par' dir='ltr' id='par_1_51' title="bbox 243 4888 1827 4969">
     <span class='ocr_line' id='line_1_51' title="bbox 243 4888 1827 4969; baseline 0.002 -16"><span class='ocrx_word' id='word_1_415' title='bbox 243 4900 379 4969; x_wconf 86' lang='lat' dir='ltr'><strong>eius,</strong></span> <span class='ocrx_word' id='word_1_416' title='bbox 412 4899 481 4951; x_wconf 89' lang='lat' dir='ltr'><strong>ad</strong></span> <span class='ocrx_word' id='word_1_417' title='bbox 508 4914 653 4969; x_wconf 82' lang='lat' dir='ltr'><strong>quem</strong></span> <span class='ocrx_word' id='word_1_418' title='bbox 680 4898 821 4953; x_wconf 85' lang='lat' dir='ltr'><strong>nobis</strong></span> <span class='ocrx_word' id='word_1_419' title='bbox 848 4907 918 4954; x_wconf 82' lang='lat' dir='ltr'><strong>est</strong></span> <span class='ocrx_word' id='word_1_420' title='bbox 943 4914 1128 4953; x_wconf 83' lang='lat' dir='ltr'><strong>sermo.</strong></span> <span class='ocrx_word' id='word_1_421' title='bbox 1156 4898 1293 4966; x_wconf 84' lang='lat' dir='ltr'><strong>Quid</strong></span> <span class='ocrx_word' id='word_1_422' title='bbox 1334 4915 1461 4957; x_wconf 90' lang='lat' dir='ltr'><strong>vero</strong></span> <span class='ocrx_word' id='word_1_423' title='bbox 1484 4911 1601 4968; x_wconf 85' lang='lat' dir='ltr'><strong>est,</strong></span> <span class='ocrx_word' id='word_1_424' title='bbox 1650 4902 1717 4958; x_wconf 86' lang='lat' dir='ltr'><strong>In</strong></span> <span class='ocrx_word' id='word_1_425' title='bbox 1740 4888 1827 4957; x_wconf 47' lang='lat' dir='ltr'><strong>id4</strong></span> 
     </span>
    </p>
   </div>
   <div class='ocr_carea' id='block_1_52' title="bbox 242 4988 1821 5062">
    <p class='ocr_par' dir='ltr' id='par_1_52' title="bbox 242 4988 1821 5062">
     <span class='ocr_line' id='line_1_52' title="bbox 242 4988 1821 5062; baseline 0.003 -18"><span class='ocrx_word' id='word_1_426' title='bbox 242 4992 415 5061; x_wconf 83' lang='lat' dir='ltr'><strong>ipsum</strong></span> <span class='ocrx_word' id='word_1_427' title='bbox 453 4989 819 5043; x_wconf 84' lang='lat' dir='ltr'><strong>incredulitatis</strong></span> <span class='ocrx_word' id='word_1_428' title='bbox 861 4988 1194 5059; x_wconf 76' lang='lat' dir='ltr'><strong>exemplum?</strong></span> <span class='ocrx_word' id='word_1_429' title='bbox 1237 4988 1303 5046; x_wconf 91' lang='lat' dir='ltr'><strong>Ut</strong></span> <span class='ocrx_word' id='word_1_430' title='bbox 1352 4990 1399 5046; x_wconf 87' lang='lat' dir='ltr'><strong>si</strong></span> <span class='ocrx_word' id='word_1_431' title='bbox 1439 4992 1559 5062; x_wconf 84' lang='lat' dir='ltr'><strong>quis</strong></span> <span class='ocrx_word' id='word_1_432' title='bbox 1602 5006 1821 5049; x_wconf 84' lang='lat' dir='ltr'><strong>causam</strong></span> 
     </span>
    </p>
   </div>
   <div class='ocr_carea' id='block_1_53' title="bbox 243 5080 1825 5155">
    <p class='ocr_par' dir='ltr' id='par_1_53' title="bbox 243 5080 1825 5155">
     <span class='ocr_line' id='line_1_53' title="bbox 243 5080 1825 5155; baseline 0.007 -21"><span class='ocrx_word' id='word_1_433' title='bbox 243 5098 499 5155; x_wconf 80' lang='lat' dir='ltr'><strong>qmerens</strong></span> <span class='ocrx_word' id='word_1_434' title='bbox 524 5081 687 5149; x_wconf 87' lang='lat' dir='ltr'><strong>dicat,</strong></span> <span class='ocrx_word' id='word_1_435' title='bbox 721 5080 832 5137; x_wconf 87' lang='lat' dir='ltr'><strong>Cur</strong></span> <span class='ocrx_word' id='word_1_436' title='bbox 857 5098 961 5136; x_wconf 90' lang='lat' dir='ltr'><strong>non</strong></span> <span class='ocrx_word' id='word_1_437' title='bbox 992 5081 1240 5138; x_wconf 89' lang='lat' dir='ltr'><strong>viderunt</strong></span> <span class='ocrx_word' id='word_1_438' title='bbox 1278 5083 1353 5138; x_wconf 92' lang='lat' dir='ltr'><strong>illi</strong></span> <span class='ocrx_word' id='word_1_439' title='bbox 1384 5086 1627 5141; x_wconf 77' lang='lat' dir='ltr'><strong>terram?</strong></span> <span class='ocrx_word' id='word_1_440' title='bbox 1653 5087 1825 5144; x_wconf 83' lang='lat' dir='ltr'><strong>Acce-</strong></span> 
     </span>
    </p>
   </div>
   <div class='ocr_carea' id='block_1_54' title="bbox 244 5172 1830 5247">
    <p class='ocr_par' dir='ltr' id='par_1_54' title="bbox 244 5172 1830 5247">
     <span class='ocr_line' id='line_1_54' title="bbox 244 5172 1830 5247; baseline 0.004 -18"><span class='ocrx_word' id='word_1_441' title='bbox 244 5185 443 5247; x_wconf 85' lang='lat' dir='ltr'><strong>perant</strong></span> <span class='ocrx_word' id='word_1_442' title='bbox 479 5174 695 5230; x_wconf 88' lang='lat' dir='ltr'><strong>arrham</strong></span> <span class='ocrx_word' id='word_1_443' title='bbox 727 5172 821 5230; x_wconf 87' lang='lat' dir='ltr'><strong>Dei</strong></span> <span class='ocrx_word' id='word_1_444' title='bbox 852 5174 1143 5244; x_wconf 68' lang='lat' dir='ltr'><strong>potentiae,</strong></span> <span class='ocrx_word' id='word_1_445' title='bbox 1169 5184 1224 5230; x_wconf 91' lang='lat' dir='ltr'><strong>et</strong></span> <span class='ocrx_word' id='word_1_446' title='bbox 1250 5190 1371 5230; x_wconf 90' lang='lat' dir='ltr'><strong>cum</strong></span> <span class='ocrx_word' id='word_1_447' title='bbox 1408 5186 1685 5247; x_wconf 90' lang='lat' dir='ltr'><strong>oporteret</strong></span> <span class='ocrx_word' id='word_1_448' title='bbox 1709 5193 1830 5236; x_wconf 79' lang='lat' dir='ltr'><strong>cre—</strong></span> 
     </span>
    </p>
   </div>
   <div class='ocr_carea' id='block_1_55' title="bbox 235 5280 1821 5352">
    <p class='ocr_par' dir='ltr' id='par_1_55' title="bbox 235 5280 1821 5352">
     <span class='ocr_line' id='line_1_55' title="bbox 235 5280 1821 5352; baseline 0.001 -18"><span class='ocrx_word' id='word_1_449' title='bbox 235 5282 368 5336; x_wconf 88' lang='lat' dir='ltr'><strong>dere</strong></span> <span class='ocrx_word' id='word_1_450' title='bbox 386 5320 404 5345; x_wconf 91' lang='lat'><strong>,</strong></span> <span class='ocrx_word' id='word_1_451' title='bbox 438 5280 629 5335; x_wconf 89' lang='lat' dir='ltr'><strong>terrori</strong></span> <span class='ocrx_word' id='word_1_452' title='bbox 667 5281 833 5351; x_wconf 85' lang='lat' dir='ltr'><strong>magis</strong></span> <span class='ocrx_word' id='word_1_453' title='bbox 862 5280 1137 5349; x_wconf 85' lang='lat' dir='ltr'><strong>cedentes,</strong></span> <span class='ocrx_word' id='word_1_454' title='bbox 1167 5291 1222 5337; x_wconf 89' lang='lat' dir='ltr'><strong>et</strong></span> <span class='ocrx_word' id='word_1_455' title='bbox 1244 5281 1387 5336; x_wconf 89' lang='lat' dir='ltr'><strong>nulla</strong></span> <span class='ocrx_word' id='word_1_456' title='bbox 1408 5280 1475 5338; x_wconf 92' lang='lat' dir='ltr'><strong>de</strong></span> <span class='ocrx_word' id='word_1_457' title='bbox 1502 5281 1613 5337; x_wconf 91' lang='lat' dir='ltr'><strong>Deo</strong></span> <span class='ocrx_word' id='word_1_458' title='bbox 1632 5296 1821 5352; x_wconf 86' lang='lat' dir='ltr'><strong>magna</strong></span> 
     </span>
    </p>
   </div>
   <div class='ocr_carea' id='block_1_56' title="bbox 235 5366 1820 5444">
    <p class='ocr_par' dir='ltr' id='par_1_56' title="bbox 235 5366 1820 5444">
     <span class='ocr_line' id='line_1_56' title="bbox 235 5366 1820 5444; baseline -0.001 -19"><span class='ocrx_word' id='word_1_459' title='bbox 235 5372 573 5444; x_wconf 81' lang='lat' dir='ltr'><strong>apprehensa</strong></span> <span class='ocrx_word' id='word_1_460' title='bbox 596 5371 825 5435; x_wconf 85' lang='lat' dir='ltr'><strong>visione,</strong></span> <span class='ocrx_word' id='word_1_461' title='bbox 849 5372 1132 5442; x_wconf 90' lang='lat' dir='ltr'><strong>pusillique</strong></span> <span class='ocrx_word' id='word_1_462' title='bbox 1151 5380 1204 5425; x_wconf 93' lang='lat' dir='ltr'><strong>et</strong></span> <span class='ocrx_word' id='word_1_463' title='bbox 1228 5372 1418 5442; x_wconf 70' lang='lat' dir='ltr'><strong>abiecti</strong></span> <span class='ocrx_word' id='word_1_464' title='bbox 1436 5372 1597 5427; x_wconf 84' lang='lat' dir='ltr'><strong>annui</strong></span> <span class='ocrx_word' id='word_1_465' title='bbox 1620 5366 1820 5438; x_wconf 72' lang='lat' dir='ltr'><strong>eﬂ&#39;ecti,</strong></span> 
     </span>
    </p>
   </div>
   <div class='ocr_carea' id='block_1_57' title="bbox 240 5456 1821 5537">
    <p class='ocr_par' dir='ltr' id='par_1_57' title="bbox 240 5456 1821 5537">
     <span class='ocr_line' id='line_1_57' title="bbox 240 5456 1821 5537; baseline 0 -19"><span class='ocrx_word' id='word_1_466' title='bbox 240 5464 537 5533; x_wconf 85' lang='lat' dir='ltr'><strong>perierunt.</strong></span> <span class='ocrx_word' id='word_1_467' title='bbox 585 5461 768 5518; x_wconf 83' lang='lat' dir='ltr'><strong>Potest</strong></span> <span class='ocrx_word' id='word_1_468' title='bbox 804 5464 966 5519; x_wconf 81' lang='lat' dir='ltr'><strong>etiam</strong></span> <span class='ocrx_word' id='word_1_469' title='bbox 1009 5456 1209 5534; x_wconf 86' lang='lat' dir='ltr'><strong>aliquid</strong></span> <span class='ocrx_word' id='word_1_470' title='bbox 1251 5464 1397 5519; x_wconf 88' lang='lat' dir='ltr'><strong>aliud</strong></span> <span class='ocrx_word' id='word_1_471' title='bbox 1441 5465 1585 5531; x_wconf 91' lang='lat' dir='ltr'><strong>dtci,</strong></span> <span class='ocrx_word' id='word_1_472' title='bbox 1624 5478 1821 5537; x_wconf 81' lang='lat' dir='ltr'><strong>nempe</strong></span> 
     </span>
    </p>
   </div>
   <div class='ocr_carea' id='block_1_58' title="bbox 237 5552 1820 5624">
    <p class='ocr_par' dir='ltr' id='par_1_58' title="bbox 237 5552 1820 5624">
     <span class='ocr_line' id='line_1_58' title="bbox 237 5552 1820 5624; baseline 0.002 -18"><span class='ocrx_word' id='word_1_473' title='bbox 237 5553 385 5618; x_wconf 85' lang='lat' dir='ltr'><strong>quod</strong></span> <span class='ocrx_word' id='word_1_474' title='bbox 410 5568 535 5609; x_wconf 90' lang='lat' dir='ltr'><strong>cum</strong></span> <span class='ocrx_word' id='word_1_475' title='bbox 576 5552 679 5608; x_wconf 74' lang='lat' dir='ltr'><strong>vis:</strong></span> <span class='ocrx_word' id='word_1_476' title='bbox 716 5553 976 5624; x_wconf 86' lang='lat' dir='ltr'><strong>majorem</strong></span> <span class='ocrx_word' id='word_1_477' title='bbox 1020 5564 1224 5624; x_wconf 90' lang='lat' dir='ltr'><strong>partem</strong></span> <span class='ocrx_word' id='word_1_478' title='bbox 1260 5554 1654 5621; x_wconf 82' lang='lat' dir='ltr'><strong>confecissent;</strong></span> <span class='ocrx_word' id='word_1_479' title='bbox 1697 5569 1820 5610; x_wconf 92' lang='lat' dir='ltr'><strong>cum</strong></span> 
     </span>
    </p>
   </div>
   <div class='ocr_carea' id='block_1_59' title="bbox 315 5692 1836 5761">
    <p class='ocr_par' dir='ltr' id='par_1_59' title="bbox 315 5692 1836 5761">
     <span class='ocr_line' id='line_1_59' title="bbox 315 5692 1836 5761; baseline -0.002 -13"><span class='ocrx_word' id='word_1_480' title='bbox 315 5703 331 5733; x_wconf 75' lang='grc' dir='ltr'><strong>ι</strong></span> <span class='ocrx_word' id='word_1_481' title='bbox 362 5699 486 5761; x_wconf 67' lang='lat' dir='ltr'><strong>Quae</strong></span> <span class='ocrx_word' id='word_1_482' title='bbox 508 5695 811 5761; x_wconf 62' lang='lat' dir='ltr'><strong>precedunt,</strong></span> <span class='ocrx_word' id='word_1_483' title='bbox 830 5694 894 5743; x_wconf 88' lang='lat' dir='ltr'><strong>ab</strong></span> <span class='ocrx_word' id='word_1_484' title='bbox 917 5693 1074 5761; x_wconf 79' lang='lat' dir='ltr'><strong>initio,</strong></span> <span class='ocrx_word' id='word_1_485' title='bbox 1096 5693 1270 5744; x_wconf 62' lang='lat' dir='ltr'><strong>ombsa</strong></span> <span class='ocrx_word' id='word_1_486' title='bbox 1292 5702 1405 5746; x_wconf 85' lang='lat' dir='ltr'><strong>sunt</strong></span> <span class='ocrx_word' id='word_1_487' title='bbox 1425 5694 1475 5745; x_wconf 88' lang='lat' dir='ltr'><strong>in</strong></span> <span class='ocrx_word' id='word_1_488' title='bbox 1494 5692 1728 5759; x_wconf 84' lang='lat' dir='ltr'><strong>Colbcrt.,</strong></span> <span class='ocrx_word' id='word_1_489' title='bbox 1754 5697 1836 5759; x_wconf 84' lang='lat' dir='ltr'><strong>qui</strong></span> 
     </span>
    </p>
   </div>
   <div class='ocr_carea' id='block_1_60' title="bbox 250 5755 1103 5839">
    <p class='ocr_par' dir='ltr' id='par_1_60' title="bbox 250 5755 1103 5839">
     <span class='ocr_line' id='line_1_60' title="bbox 250 5755 1103 5839; baseline -0.013 -25"><span class='ocrx_word' id='word_1_490' title='bbox 250 5775 279 5814; x_wconf 87' lang='lat' dir='ltr'><strong>a</strong></span> <span class='ocrx_word' id='word_1_491' title='bbox 300 5755 632 5839; x_wconf 52' lang='lat' dir='ltr'><strong>eminentibus</strong></span> <span class='ocrx_word' id='word_1_492' title='bbox 650 5755 893 5818; x_wconf 71' lang='lat' dir='ltr'><strong>homiliam</strong></span> <span class='ocrx_word' id='word_1_493' title='bbox 918 5756 1103 5820; x_wconf 72' lang='lat' dir='ltr'><strong>incipit.</strong></span> 
     </span>
    </p>
   </div>
   <div class='ocr_carea' id='block_1_61' title="bbox 1960 412 3537 491">
    <p class='ocr_par' dir='ltr' id='par_1_61' title="bbox 1960 412 3537 491">
     <span class='ocr_line' id='line_1_61' title="bbox 1960 412 3537 491; baseline 0.008 -26"><span class='ocrx_word' id='word_1_494' title='bbox 1960 419 2143 467; x_wconf 87' lang='lat' dir='ltr'><strong>essent</strong></span> <span class='ocrx_word' id='word_1_495' title='bbox 2170 412 2236 467; x_wconf 89' lang='lat' dir='ltr'><strong>ad</strong></span> <span class='ocrx_word' id='word_1_496' title='bbox 2260 415 2403 484; x_wconf 89' lang='lat' dir='ltr'><strong>ipsas</strong></span> <span class='ocrx_word' id='word_1_497' title='bbox 2419 426 2638 485; x_wconf 84' lang='lat' dir='ltr'><strong>portas,</strong></span> <span class='ocrx_word' id='word_1_498' title='bbox 2668 418 2721 474; x_wconf 89' lang='lat' dir='ltr'><strong>in</strong></span> <span class='ocrx_word' id='word_1_499' title='bbox 2750 417 2868 489; x_wconf 81' lang='lat' dir='ltr'><strong>ipso</strong></span> <span class='ocrx_word' id='word_1_500' title='bbox 2891 428 3070 491; x_wconf 80' lang='lat' dir='ltr'><strong>portu,</strong></span> <span class='ocrx_word' id='word_1_501' title='bbox 3099 430 3227 477; x_wconf 80' lang='lat' dir='ltr'><strong>sunt</strong></span> <span class='ocrx_word' id='word_1_502' title='bbox 3249 422 3537 479; x_wconf 83' lang='lat' dir='ltr'><strong>submersi.</strong></span> 
     </span>
    </p>
   </div>
   <div class='ocr_carea' id='block_1_62' title="bbox 1958 503 3539 588">
    <p class='ocr_par' dir='ltr' id='par_1_62' title="bbox 1958 503 3539 588">
     <span class='ocr_line' id='line_1_62' title="bbox 1958 503 3539 588; baseline 0.008 -30"><span class='ocrx_word' id='word_1_503' title='bbox 1958 503 2072 558; x_wconf 86' lang='lat' dir='ltr'><strong>lloc</strong></span> <span class='ocrx_word' id='word_1_504' title='bbox 2090 504 2160 559; x_wconf 88' lang='lat' dir='ltr'><strong>de</strong></span> <span class='ocrx_word' id='word_1_505' title='bbox 2180 505 2330 561; x_wconf 85' lang='lat' dir='ltr'><strong>vobis</strong></span> <span class='ocrx_word' id='word_1_506' title='bbox 2351 522 2571 578; x_wconf 84' lang='lat' dir='ltr'><strong>quoque</strong></span> <span class='ocrx_word' id='word_1_507' title='bbox 2592 511 2777 577; x_wconf 86' lang='lat' dir='ltr'><strong>timeo,</strong></span> <span class='ocrx_word' id='word_1_508' title='bbox 2796 511 2990 583; x_wconf 89' lang='lat' dir='ltr'><strong>inquit.</strong></span> <span class='ocrx_word' id='word_1_509' title='bbox 3021 513 3132 569; x_wconf 91' lang='lat' dir='ltr'><strong>Iloc</strong></span> <span class='ocrx_word' id='word_1_510' title='bbox 3150 524 3254 581; x_wconf 86' lang='lat' dir='ltr'><strong>est,</strong></span> <span class='ocrx_word' id='word_1_511' title='bbox 3284 515 3349 570; x_wconf 84' lang='lat' dir='ltr'><strong>In</strong></span> <span class='ocrx_word' id='word_1_512' title='bbox 3373 517 3539 588; x_wconf 78' lang='lat' dir='ltr'><strong>ipsum</strong></span> 
     </span>
    </p>
   </div>
   <div class='ocr_carea' id='block_1_63' title="bbox 1957 595 3537 677">
    <p class='ocr_par' dir='ltr' id='par_1_63' title="bbox 1957 595 3537 677">
     <span class='ocr_line' id='line_1_63' title="bbox 1957 595 3537 677; baseline 0.009 -27"><span class='ocrx_word' id='word_1_513' title='bbox 1957 595 2245 666; x_wconf 69' lang='lat' dir='ltr'><strong>exemplum</strong></span> <span class='ocrx_word' id='word_1_514' title='bbox 2268 598 2657 656; x_wconf 80' lang='lat' dir='ltr'><strong>incredulitatis.</strong></span> <span class='ocrx_word' id='word_1_515' title='bbox 2685 602 2819 658; x_wconf 84' lang='lat' dir='ltr'><strong>Nam</strong></span> <span class='ocrx_word' id='word_1_516' title='bbox 2845 604 2987 674; x_wconf 90' lang='lat' dir='ltr'><strong>quod</strong></span> <span class='ocrx_word' id='word_1_517' title='bbox 3013 605 3114 675; x_wconf 87' lang='lat' dir='ltr'><strong>ipsi</strong></span> <span class='ocrx_word' id='word_1_518' title='bbox 3141 624 3357 677; x_wconf 87' lang='lat' dir='ltr'><strong>quoque</strong></span> <span class='ocrx_word' id='word_1_519' title='bbox 3373 610 3537 663; x_wconf 85' lang='lat' dir='ltr'><strong>multa</strong></span> 
     </span>
    </p>
   </div>
   <div class='ocr_carea' id='block_1_64' title="bbox 1958 688 3539 765">
    <p class='ocr_par' dir='ltr' id='par_1_64' title="bbox 1958 688 3539 765">
     <span class='ocr_line' id='line_1_64' title="bbox 1958 688 3539 765; baseline 0.009 -25"><span class='ocrx_word' id='word_1_520' title='bbox 1958 688 2100 756; x_wconf 85' lang='lat' dir='ltr'><strong>passi</strong></span> <span class='ocrx_word' id='word_1_521' title='bbox 2136 689 2263 753; x_wconf 88' lang='lat' dir='ltr'><strong>sint,</strong></span> <span class='ocrx_word' id='word_1_522' title='bbox 2292 690 2398 745; x_wconf 81' lang='lat' dir='ltr'><strong>illis</strong></span> <span class='ocrx_word' id='word_1_523' title='bbox 2427 701 2611 760; x_wconf 87' lang='lat' dir='ltr'><strong>postea</strong></span> <span class='ocrx_word' id='word_1_524' title='bbox 2638 692 2739 748; x_wconf 89' lang='lat' dir='ltr'><strong>t&#39;ert</strong></span> <span class='ocrx_word' id='word_1_525' title='bbox 2772 696 3157 765; x_wconf 85' lang='lat' dir='ltr'><strong>testimonium,</strong></span> <span class='ocrx_word' id='word_1_526' title='bbox 3180 698 3367 757; x_wconf 83' lang='lat' dir='ltr'><strong>dicens</strong></span> <span class='ocrx_word' id='word_1_527' title='bbox 3395 718 3408 754; x_wconf 92' lang='lat'><strong>:</strong></span> <span class='ocrx_word' id='word_1_528' title='bbox 3438 699 3539 755; x_wconf 79' lang='lat' dir='ltr'><strong>Re-</strong></span> 
     </span>
    </p>
   </div>
   <div class='ocr_carea' id='block_1_65' title="bbox 1958 782 3539 863">
    <p class='ocr_par' dir='ltr' id='par_1_65' title="bbox 1958 782 3539 863">
     <span class='ocr_line' id='line_1_65' title="bbox 1958 782 3539 863; baseline 0.009 -33"><span class='ocrx_word' id='word_1_529' title='bbox 1958 782 2303 834; x_wconf 80' lang='lat' dir='ltr'><strong>mentoramini</strong></span> <span class='ocrx_word' id='word_1_530' title='bbox 2320 783 2562 851; x_wconf 85' lang='lat' dir='ltr'><strong>pristinos</strong></span> <span class='ocrx_word' id='word_1_531' title='bbox 2581 783 2709 850; x_wconf 84' lang='lat' dir='ltr'><strong>dies,</strong></span> <span class='ocrx_word' id='word_1_532' title='bbox 2737 786 2790 839; x_wconf 84' lang='lat' dir='ltr'><strong>in</strong></span> <span class='ocrx_word' id='word_1_533' title='bbox 2805 788 2986 857; x_wconf 75' lang='lat' dir='ltr'><strong>quibus</strong></span> <span class='ocrx_word' id='word_1_534' title='bbox 3004 790 3280 846; x_wconf 83' lang='lat' dir='ltr'><strong>illuminati</strong></span> <span class='ocrx_word' id='word_1_535' title='bbox 3300 808 3539 863; x_wconf 74' lang='lat' dir='ltr'><strong>magnum</strong></span> 
     </span>
    </p>
   </div>
   <div class='ocr_carea' id='block_1_66' title="bbox 1957 874 3541 954">
    <p class='ocr_par' dir='ltr' id='par_1_66' title="bbox 1957 874 3541 954">
     <span class='ocr_line' id='line_1_66' title="bbox 1957 874 3541 954; baseline 0.011 -32"><span class='ocrx_word' id='word_1_536' title='bbox 1957 881 2209 925; x_wconf 82' lang='lat' dir='ltr'><strong>certamen</strong></span> <span class='ocrx_word' id='word_1_537' title='bbox 2237 874 2552 930; x_wconf 81' lang='lat' dir='ltr'><strong>sustinuistis</strong></span> <span class='ocrx_word' id='word_1_538' title='bbox 2576 876 2870 945; x_wconf 74' lang='lat' dir='ltr'><strong>passionum</strong></span> <span class='ocrx_word' id='word_1_539' title='bbox 2900 878 3086 950; x_wconf 80' lang='lat' dir='ltr'><strong>(Hebr.</strong></span> <span class='ocrx_word' id='word_1_540' title='bbox 3116 884 3206 940; x_wconf 83' lang='grc'><strong>10.</strong></span> <span class='ocrx_word' id='word_1_541' title='bbox 3230 884 3343 954; x_wconf 73' lang='grc'><strong>52).</strong></span> <span class='ocrx_word' id='word_1_542' title='bbox 3369 884 3541 939; x_wconf 84' lang='lat' dir='ltr'><strong>Nemo</strong></span> 
     </span>
    </p>
   </div>
   <div class='ocr_carea' id='block_1_67' title="bbox 1956 964 3537 1043">
    <p class='ocr_par' dir='ltr' id='par_1_67' title="bbox 1956 964 3537 1043">
     <span class='ocr_line' id='line_1_67' title="bbox 1956 964 3537 1043; baseline 0.008 -25"><span class='ocrx_word' id='word_1_543' title='bbox 1956 977 2087 1033; x_wconf 84' lang='lat' dir='ltr'><strong>ergo</strong></span> <span class='ocrx_word' id='word_1_544' title='bbox 2114 964 2185 1019; x_wconf 88' lang='lat' dir='ltr'><strong>sit</strong></span> <span class='ocrx_word' id='word_1_545' title='bbox 2214 966 2395 1035; x_wconf 86' lang='lat' dir='ltr'><strong>pusilli</strong></span> <span class='ocrx_word' id='word_1_546' title='bbox 2425 978 2480 1023; x_wconf 89' lang='lat' dir='ltr'><strong>et</strong></span> <span class='ocrx_word' id='word_1_547' title='bbox 2506 967 2702 1037; x_wconf 86' lang='lat' dir='ltr'><strong>abjecti</strong></span> <span class='ocrx_word' id='word_1_548' title='bbox 2731 970 2940 1039; x_wconf 89' lang='lat' dir='ltr'><strong>animi,</strong></span> <span class='ocrx_word' id='word_1_549' title='bbox 2968 989 3147 1043; x_wconf 86' lang='lat' dir='ltr'><strong>neque</strong></span> <span class='ocrx_word' id='word_1_550' title='bbox 3190 976 3242 1029; x_wconf 95' lang='lat' dir='ltr'><strong>in</strong></span> <span class='ocrx_word' id='word_1_551' title='bbox 3286 976 3391 1033; x_wconf 80' lang='lat' dir='ltr'><strong>line</strong></span> <span class='ocrx_word' id='word_1_552' title='bbox 3418 979 3537 1032; x_wconf 86' lang='lat' dir='ltr'><strong>ani-</strong></span> 
     </span>
    </p>
   </div>
   <div class='ocr_carea' id='block_1_68' title="bbox 1958 1057 3536 1138">
    <p class='ocr_par' dir='ltr' id='par_1_68' title="bbox 1958 1057 3536 1138">
     <span class='ocr_line' id='line_1_68' title="bbox 1958 1057 3536 1138; baseline 0.009 -29"><span class='ocrx_word' id='word_1_553' title='bbox 1958 1070 2103 1110; x_wconf 90' lang='lat' dir='ltr'><strong>mum</strong></span> <span class='ocrx_word' id='word_1_554' title='bbox 2141 1057 2484 1127; x_wconf 86' lang='lat' dir='ltr'><strong>despondens</strong></span> <span class='ocrx_word' id='word_1_555' title='bbox 2508 1060 2779 1115; x_wconf 85' lang='lat' dir='ltr'><strong>concidat.</strong></span> <span class='ocrx_word' id='word_1_556' title='bbox 2814 1062 2953 1117; x_wconf 88' lang='lat' dir='ltr'><strong>Sunt</strong></span> <span class='ocrx_word' id='word_1_557' title='bbox 2979 1065 3123 1119; x_wconf 88' lang='lat' dir='ltr'><strong>enim</strong></span> <span class='ocrx_word' id='word_1_558' title='bbox 3143 1108 3159 1133; x_wconf 93' lang='lat'><strong>,</strong></span> <span class='ocrx_word' id='word_1_559' title='bbox 3190 1076 3315 1121; x_wconf 82' lang='lat' dir='ltr'><strong>sunt</strong></span> <span class='ocrx_word' id='word_1_560' title='bbox 3351 1071 3440 1138; x_wconf 90' lang='lat' dir='ltr'><strong>qui</strong></span> <span class='ocrx_word' id='word_1_561' title='bbox 3481 1070 3536 1123; x_wconf 86' lang='lat' dir='ltr'><strong>in</strong></span> 
     </span>
    </p>
   </div>
   <div class='ocr_carea' id='block_1_69' title="bbox 1957 1146 3537 1220">
    <p class='ocr_par' dir='ltr' id='par_1_69' title="bbox 1957 1146 3537 1220">
     <span class='ocr_line' id='line_1_69' title="bbox 1957 1146 3537 1220; baseline 0.009 -21"><span class='ocrx_word' id='word_1_562' title='bbox 1957 1146 2221 1217; x_wconf 90' lang='lat' dir='ltr'><strong>principio</strong></span> <span class='ocrx_word' id='word_1_563' title='bbox 2246 1147 2463 1218; x_wconf 90' lang='lat' dir='ltr'><strong>quidem</strong></span> <span class='ocrx_word' id='word_1_564' title='bbox 2496 1162 2742 1220; x_wconf 87' lang='lat' dir='ltr'><strong>prompto</strong></span> <span class='ocrx_word' id='word_1_565' title='bbox 2761 1160 2818 1206; x_wconf 85' lang='lat' dir='ltr'><strong>et</strong></span> <span class='ocrx_word' id='word_1_566' title='bbox 2845 1154 3009 1208; x_wconf 83' lang='lat' dir='ltr'><strong>alacri</strong></span> <span class='ocrx_word' id='word_1_567' title='bbox 3036 1157 3218 1212; x_wconf 91' lang='lat' dir='ltr'><strong>animo</strong></span> <span class='ocrx_word' id='word_1_568' title='bbox 3242 1159 3537 1213; x_wconf 79' lang='lat' dir='ltr'><strong>certamina</strong></span> 
     </span>
    </p>
   </div>
   <div class='ocr_carea' id='block_1_70' title="bbox 1955 1238 3537 1315">
    <p class='ocr_par' dir='ltr' id='par_1_70' title="bbox 1955 1238 3537 1315">
     <span class='ocr_line' id='line_1_70' title="bbox 1955 1238 3537 1315; baseline 0.009 -25"><span class='ocrx_word' id='word_1_569' title='bbox 1955 1238 2354 1308; x_wconf 87' lang='lat' dir='ltr'><strong>aggrediuntur,</strong></span> <span class='ocrx_word' id='word_1_570' title='bbox 2388 1252 2570 1310; x_wconf 88' lang='lat' dir='ltr'><strong>postea</strong></span> <span class='ocrx_word' id='word_1_571' title='bbox 2597 1251 2775 1297; x_wconf 89' lang='lat' dir='ltr'><strong>autem</strong></span> <span class='ocrx_word' id='word_1_572' title='bbox 2809 1245 2902 1299; x_wconf 92' lang='lat' dir='ltr'><strong>toti</strong></span> <span class='ocrx_word' id='word_1_573' title='bbox 2943 1260 3130 1315; x_wconf 89' lang='lat' dir='ltr'><strong>parum</strong></span> <span class='ocrx_word' id='word_1_574' title='bbox 3175 1248 3419 1304; x_wconf 86' lang='lat' dir='ltr'><strong>nolentes</strong></span> <span class='ocrx_word' id='word_1_575' title='bbox 3441 1250 3537 1305; x_wconf 86' lang='lat' dir='ltr'><strong>ad-</strong></span> 
     </span>
    </p>
   </div>
   <div class='ocr_carea' id='block_1_71' title="bbox 1950 1328 3535 1408">
    <p class='ocr_par' dir='ltr' id='par_1_71' title="bbox 1950 1328 3535 1408">
     <span class='ocr_line' id='line_1_71' title="bbox 1950 1328 3535 1408; baseline 0.008 -25"><span class='ocrx_word' id='word_1_576' title='bbox 1950 1328 2140 1398; x_wconf 89' lang='lat' dir='ltr'><strong>jicere,</strong></span> <span class='ocrx_word' id='word_1_577' title='bbox 2173 1339 2341 1386; x_wconf 91' lang='lat' dir='ltr'><strong>totum</strong></span> <span class='ocrx_word' id='word_1_578' title='bbox 2372 1332 2739 1401; x_wconf 88' lang='lat' dir='ltr'><strong>perdiderunt.</strong></span> <span class='ocrx_word' id='word_1_579' title='bbox 2785 1334 3103 1403; x_wconf 79' lang='lat' dir='ltr'><strong>Sufﬁciunt,</strong></span> <span class='ocrx_word' id='word_1_580' title='bbox 3136 1338 3337 1408; x_wconf 87' lang='lat' dir='ltr'><strong>inquit,</strong></span> <span class='ocrx_word' id='word_1_581' title='bbox 3364 1342 3535 1408; x_wconf 82' lang='lat' dir='ltr'><strong>majo-</strong></span> 
     </span>
    </p>
   </div>
   <div class='ocr_carea' id='block_1_72' title="bbox 1955 1420 3538 1502">
    <p class='ocr_par' dir='ltr' id='par_1_72' title="bbox 1955 1420 3538 1502">
     <span class='ocr_line' id='line_1_72' title="bbox 1955 1420 3538 1502; baseline 0.008 -27"><span class='ocrx_word' id='word_1_582' title='bbox 1955 1435 2044 1475; x_wconf 86' lang='lat' dir='ltr'><strong>res</strong></span> <span class='ocrx_word' id='word_1_583' title='bbox 2075 1420 2141 1474; x_wconf 90' lang='lat' dir='ltr'><strong>ad</strong></span> <span class='ocrx_word' id='word_1_584' title='bbox 2173 1437 2267 1477; x_wconf 76' lang='lat' dir='ltr'><strong>vos</strong></span> <span class='ocrx_word' id='word_1_585' title='bbox 2295 1422 2621 1479; x_wconf 88' lang='lat' dir='ltr'><strong>erudiendos</strong></span> <span class='ocrx_word' id='word_1_586' title='bbox 2650 1440 2717 1480; x_wconf 90' lang='lat' dir='ltr'><strong>ne</strong></span> <span class='ocrx_word' id='word_1_587' title='bbox 2748 1426 2799 1480; x_wconf 90' lang='lat' dir='ltr'><strong>in</strong></span> <span class='ocrx_word' id='word_1_588' title='bbox 2826 1427 3013 1483; x_wconf 87' lang='lat' dir='ltr'><strong>eadem</strong></span> <span class='ocrx_word' id='word_1_589' title='bbox 3047 1429 3328 1495; x_wconf 87' lang='lat' dir='ltr'><strong>incidatis,</strong></span> <span class='ocrx_word' id='word_1_590' title='bbox 3361 1446 3538 1502; x_wconf 84' lang='lat' dir='ltr'><strong>neque</strong></span> 
     </span>
    </p>
   </div>
   <div class='ocr_carea' id='block_1_73' title="bbox 1954 1509 3538 1591">
    <p class='ocr_par' dir='ltr' id='par_1_73' title="bbox 1954 1509 3538 1591">
     <span class='ocr_line' id='line_1_73' title="bbox 1954 1509 3538 1591; baseline 0.008 -27"><span class='ocrx_word' id='word_1_591' title='bbox 1954 1509 2141 1566; x_wconf 86' lang='lat' dir='ltr'><strong>eadem</strong></span> <span class='ocrx_word' id='word_1_592' title='bbox 2168 1513 2442 1581; x_wconf 80' lang='lat' dir='ltr'><strong>patiamini</strong></span> <span class='ocrx_word' id='word_1_593' title='bbox 2468 1530 2587 1583; x_wconf 74' lang='lat' dir='ltr'><strong>qua:</strong></span> <span class='ocrx_word' id='word_1_594' title='bbox 2612 1516 2757 1585; x_wconf 85' lang='lat' dir='ltr'><strong>passi</strong></span> <span class='ocrx_word' id='word_1_595' title='bbox 2782 1526 2928 1571; x_wconf 88' lang='lat' dir='ltr'><strong>sunt.</strong></span> <span class='ocrx_word' id='word_1_596' title='bbox 2963 1518 3076 1573; x_wconf 90' lang='lat' dir='ltr'><strong>lloc</strong></span> <span class='ocrx_word' id='word_1_597' title='bbox 3103 1529 3189 1574; x_wconf 89' lang='lat' dir='ltr'><strong>est</strong></span> <span class='ocrx_word' id='word_1_598' title='bbox 3208 1559 3228 1585; x_wconf 86' lang='lat'><strong>,</strong></span> <span class='ocrx_word' id='word_1_599' title='bbox 3274 1519 3341 1575; x_wconf 89' lang='lat' dir='ltr'><strong>In</strong></span> <span class='ocrx_word' id='word_1_600' title='bbox 3368 1523 3538 1591; x_wconf 82' lang='lat' dir='ltr'><strong>ipsum</strong></span> 
     </span>
    </p>
   </div>
   <div class='ocr_carea' id='block_1_74' title="bbox 1952 1601 3532 1683">
    <p class='ocr_par' dir='ltr' id='par_1_74' title="bbox 1952 1601 3532 1683">
     <span class='ocr_line' id='line_1_74' title="bbox 1952 1601 3532 1683; baseline 0.009 -28"><span class='ocrx_word' id='word_1_601' title='bbox 1952 1601 2322 1658; x_wconf 78' lang='lat' dir='ltr'><strong>incredulitatis</strong></span> <span class='ocrx_word' id='word_1_602' title='bbox 2366 1606 2671 1675; x_wconf 68' lang='lat' dir='ltr'><strong>exemplum.</strong></span> <span class='ocrx_word' id='word_1_603' title='bbox 2745 1608 2826 1663; x_wconf 83' lang='lat' dir='ltr'><strong>Ne</strong></span> <span class='ocrx_word' id='word_1_604' title='bbox 2877 1608 3269 1679; x_wconf 85' lang='lat' dir='ltr'><strong>dissolvamur,</strong></span> <span class='ocrx_word' id='word_1_605' title='bbox 3322 1613 3532 1683; x_wconf 28' lang='lat' dir='ltr'><strong>inquit»,</strong></span> 
     </span>
    </p>
   </div>
   <div class='ocr_carea' id='block_1_75' title="bbox 1952 1697 3536 1771">
    <p class='ocr_par' dir='ltr' id='par_1_75' title="bbox 1952 1697 3536 1771">
     <span class='ocr_line' id='line_1_75' title="bbox 1952 1697 3536 1771; baseline 0.008 -20"><span class='ocrx_word' id='word_1_606' title='bbox 1952 1703 2008 1751; x_wconf 88' lang='lat' dir='ltr'><strong>et</strong></span> <span class='ocrx_word' id='word_1_607' title='bbox 2036 1710 2358 1751; x_wconf 84' lang='lat' dir='ltr'><strong>enervetnur</strong></span> <span class='ocrx_word' id='word_1_608' title='bbox 2390 1713 2405 1751; x_wconf 92' lang='lat'><strong>:</strong></span> <span class='ocrx_word' id='word_1_609' title='bbox 2432 1697 2574 1766; x_wconf 88' lang='lat' dir='ltr'><strong>quod</strong></span> <span class='ocrx_word' id='word_1_610' title='bbox 2612 1700 2774 1755; x_wconf 87' lang='lat' dir='ltr'><strong>etiam</strong></span> <span class='ocrx_word' id='word_1_611' title='bbox 2813 1700 2945 1757; x_wconf 87' lang='lat' dir='ltr'><strong>dicit</strong></span> <span class='ocrx_word' id='word_1_612' title='bbox 2987 1703 3039 1756; x_wconf 89' lang='lat' dir='ltr'><strong>in</strong></span> <span class='ocrx_word' id='word_1_613' title='bbox 3082 1704 3189 1758; x_wconf 82' lang='lat' dir='ltr'><strong>line</strong></span> <span class='ocrx_word' id='word_1_614' title='bbox 3212 1746 3229 1771; x_wconf 92' lang='lat'><strong>,</strong></span> <span class='ocrx_word' id='word_1_615' title='bbox 3277 1705 3536 1763; x_wconf 65' lang='lat' dir='ltr'><strong>Renaissas</strong></span> 
     </span>
    </p>
   </div>
   <div class='ocr_carea' id='block_1_76' title="bbox 1951 1789 3535 1866">
    <p class='ocr_par' dir='ltr' id='par_1_76' title="bbox 1951 1789 3535 1866">
     <span class='ocr_line' id='line_1_76' title="bbox 1951 1789 3535 1866; baseline 0.008 -27"><span class='ocrx_word' id='word_1_616' title='bbox 1951 1802 2136 1840; x_wconf 74' lang='lat' dir='ltr'><strong>manus</strong></span> <span class='ocrx_word' id='word_1_617' title='bbox 2176 1795 2223 1840; x_wconf 90' lang='lat' dir='ltr'><strong>et</strong></span> <span class='ocrx_word' id='word_1_618' title='bbox 2263 1801 2431 1857; x_wconf 75' lang='lat' dir='ltr'><strong>genua</strong></span> <span class='ocrx_word' id='word_1_619' title='bbox 2466 1789 2631 1843; x_wconf 87' lang='lat' dir='ltr'><strong>soluta</strong></span> <span class='ocrx_word' id='word_1_620' title='bbox 2671 1790 2889 1860; x_wconf 83' lang='lat' dir='ltr'><strong>erigite(</strong></span> <span class='ocrx_word' id='word_1_621' title='bbox 2916 1791 3073 1846; x_wconf 77' lang='lat' dir='ltr'><strong>Hebr.</strong></span> <span class='ocrx_word' id='word_1_622' title='bbox 3106 1794 3191 1847; x_wconf 74' lang='grc'><strong>12.</strong></span> <span class='ocrx_word' id='word_1_623' title='bbox 3222 1795 3345 1866; x_wconf 71' lang='grc'><strong>12).</strong></span> <span class='ocrx_word' id='word_1_624' title='bbox 3377 1795 3445 1851; x_wconf 88' lang='lat' dir='ltr'><strong>Ut</strong></span> <span class='ocrx_word' id='word_1_625' title='bbox 3470 1814 3535 1851; x_wconf 82' lang='lat' dir='ltr'><strong>ne</strong></span> 
     </span>
    </p>
   </div>
   <div class='ocr_carea' id='block_1_77' title="bbox 1950 1876 3531 1948">
    <p class='ocr_par' dir='ltr' id='par_1_77' title="bbox 1950 1876 3531 1948">
     <span class='ocr_line' id='line_1_77' title="bbox 1950 1876 3531 1948; baseline 0.006 -17"><span class='ocrx_word' id='word_1_626' title='bbox 1950 1876 2007 1931; x_wconf 80' lang='lat' dir='ltr'><strong>in</strong></span> <span class='ocrx_word' id='word_1_627' title='bbox 2043 1876 2298 1945; x_wconf 76' lang='lat' dir='ltr'><strong>idipsum,</strong></span> <span class='ocrx_word' id='word_1_628' title='bbox 2341 1877 2533 1946; x_wconf 86' lang='lat' dir='ltr'><strong>inquit,</strong></span> <span class='ocrx_word' id='word_1_629' title='bbox 2577 1879 2691 1948; x_wconf 83' lang='lat' dir='ltr'><strong>quis</strong></span> <span class='ocrx_word' id='word_1_630' title='bbox 2727 1880 2917 1934; x_wconf 87' lang='lat' dir='ltr'><strong>incidat</strong></span> <span class='ocrx_word' id='word_1_631' title='bbox 2953 1883 3323 1939; x_wconf 78' lang='lat' dir='ltr'><strong>incredulitatis</strong></span> <span class='ocrx_word' id='word_1_632' title='bbox 3359 1902 3531 1940; x_wconf 70' lang='lat' dir='ltr'><strong>exem-</strong></span> 
     </span>
    </p>
   </div>
   <div class='ocr_carea' id='block_1_78' title="bbox 1952 1968 3528 2041">
    <p class='ocr_par' dir='ltr' id='par_1_78' title="bbox 1952 1968 3528 2041">
     <span class='ocr_line' id='line_1_78' title="bbox 1952 1968 3528 2041; baseline 0.005 -18"><span class='ocrx_word' id='word_1_633' title='bbox 1952 1968 2095 2040; x_wconf 73' lang='lat' dir='ltr'><strong>plum</strong></span> <span class='ocrx_word' id='word_1_634' title='bbox 2120 1985 2142 2024; x_wconf 89' lang='lat'><strong>:</strong></span> <span class='ocrx_word' id='word_1_635' title='bbox 2170 1968 2274 2024; x_wconf 86' lang='lat' dir='ltr'><strong>hoc</strong></span> <span class='ocrx_word' id='word_1_636' title='bbox 2300 1970 2444 2024; x_wconf 89' lang='lat' dir='ltr'><strong>enim</strong></span> <span class='ocrx_word' id='word_1_637' title='bbox 2469 1979 2552 2025; x_wconf 91' lang='lat' dir='ltr'><strong>est</strong></span> <span class='ocrx_word' id='word_1_638' title='bbox 2575 1985 2764 2025; x_wconf 85' lang='lat' dir='ltr'><strong>revera</strong></span> <span class='ocrx_word' id='word_1_639' title='bbox 2791 1973 3004 2028; x_wconf 87' lang='lat' dir='ltr'><strong>cadere.</strong></span> <span class='ocrx_word' id='word_1_640' title='bbox 3033 1974 3235 2030; x_wconf 87' lang='lat' dir='ltr'><strong>Deinde</strong></span> <span class='ocrx_word' id='word_1_641' title='bbox 3256 2016 3273 2041; x_wconf 95' lang='lat'><strong>,</strong></span> <span class='ocrx_word' id='word_1_642' title='bbox 3313 1992 3382 2031; x_wconf 91' lang='lat' dir='ltr'><strong>ne</strong></span> <span class='ocrx_word' id='word_1_643' title='bbox 3403 1991 3528 2031; x_wconf 88' lang='lat' dir='ltr'><strong>cum</strong></span> 
     </span>
    </p>
   </div>
   <div class='ocr_carea' id='block_1_79' title="bbox 1948 2060 3534 2143">
    <p class='ocr_par' dir='ltr' id='par_1_79' title="bbox 1948 2060 3534 2143">
     <span class='ocr_line' id='line_1_79' title="bbox 1948 2060 3534 2143; baseline 0.005 -28"><span class='ocrx_word' id='word_1_644' title='bbox 1948 2060 2194 2116; x_wconf 80' lang='lat' dir='ltr'><strong>audisses</strong></span> <span class='ocrx_word' id='word_1_645' title='bbox 2211 2060 2352 2143; x_wconf 69' lang='lat' dir='ltr'><strong>quod</strong></span> <span class='ocrx_word' id='word_1_646' title='bbox 2375 2062 2496 2131; x_wconf 87' lang='lat' dir='ltr'><strong>quis</strong></span> <span class='ocrx_word' id='word_1_647' title='bbox 2521 2063 2574 2116; x_wconf 92' lang='lat' dir='ltr'><strong>in</strong></span> <span class='ocrx_word' id='word_1_648' title='bbox 2603 2062 2833 2132; x_wconf 86' lang='lat' dir='ltr'><strong>idipsum</strong></span> <span class='ocrx_word' id='word_1_649' title='bbox 2855 2066 3157 2133; x_wconf 89' lang='lat' dir='ltr'><strong>exemplum</strong></span> <span class='ocrx_word' id='word_1_650' title='bbox 3187 2067 3361 2131; x_wconf 87' lang='lat' dir='ltr'><strong>cadat,</strong></span> <span class='ocrx_word' id='word_1_651' title='bbox 3384 2084 3534 2123; x_wconf 84' lang='lat' dir='ltr'><strong>eam-</strong></span> 
     </span>
    </p>
   </div>
   <div class='ocr_carea' id='block_1_80' title="bbox 1949 2144 3527 2228">
    <p class='ocr_par' dir='ltr' id='par_1_80' title="bbox 1949 2144 3527 2228">
     <span class='ocr_line' id='line_1_80' title="bbox 1949 2144 3527 2228; baseline 0.003 -20"><span class='ocrx_word' id='word_1_652' title='bbox 1949 2151 2074 2209; x_wconf 88' lang='lat' dir='ltr'><strong>dem</strong></span> <span class='ocrx_word' id='word_1_653' title='bbox 2097 2144 2324 2207; x_wconf 84' lang='lat' dir='ltr'><strong>mortetn</strong></span> <span class='ocrx_word' id='word_1_654' title='bbox 2352 2153 2629 2208; x_wconf 73' lang='lat' dir='ltr'><strong>existimes</strong></span> <span class='ocrx_word' id='word_1_655' title='bbox 2658 2168 2818 2223; x_wconf 86' lang='lat' dir='ltr'><strong>quam</strong></span> <span class='ocrx_word' id='word_1_656' title='bbox 2847 2155 2921 2209; x_wconf 91' lang='lat' dir='ltr'><strong>illi</strong></span> <span class='ocrx_word' id='word_1_657' title='bbox 2950 2156 3222 2221; x_wconf 86' lang='lat' dir='ltr'><strong>obierunt.</strong></span> <span class='ocrx_word' id='word_1_658' title='bbox 3255 2159 3374 2212; x_wconf 86' lang='lat' dir='ltr'><strong>vide</strong></span> <span class='ocrx_word' id='word_1_659' title='bbox 3402 2160 3527 2228; x_wconf 87' lang='lat' dir='ltr'><strong>quid</strong></span> 
     </span>
    </p>
   </div>
   <div class='ocr_carea' id='block_1_81' title="bbox 1948 2241 3529 2319">
    <p class='ocr_par' dir='ltr' id='par_1_81' title="bbox 1948 2241 3529 2319">
     <span class='ocr_line' id='line_1_81' title="bbox 1948 2241 3529 2319; baseline 0.003 -20"><span class='ocrx_word' id='word_1_660' title='bbox 1948 2243 2093 2299; x_wconf 86' lang='lat' dir='ltr'><strong>dicat</strong></span> <span class='ocrx_word' id='word_1_661' title='bbox 2125 2262 2138 2299; x_wconf 95' lang='lat'><strong>:</strong></span> <span class='ocrx_word' id='word_1_662' title='bbox 2179 2241 2335 2299; x_wconf 75' lang='lat' dir='ltr'><strong>Vivus</strong></span> <span class='ocrx_word' id='word_1_663' title='bbox 2358 2254 2435 2299; x_wconf 89' lang='lat' dir='ltr'><strong>est</strong></span> <span class='ocrx_word' id='word_1_664' title='bbox 2464 2246 2596 2298; x_wconf 86' lang='lat' dir='ltr'><strong>enim</strong></span> <span class='ocrx_word' id='word_1_665' title='bbox 2636 2261 2801 2299; x_wconf 86' lang='lat' dir='ltr'><strong>sermo</strong></span> <span class='ocrx_word' id='word_1_666' title='bbox 2830 2244 2925 2299; x_wconf 86' lang='lat' dir='ltr'><strong>Dei</strong></span> <span class='ocrx_word' id='word_1_667' title='bbox 2966 2256 3013 2300; x_wconf 90' lang='lat' dir='ltr'><strong>et</strong></span> <span class='ocrx_word' id='word_1_668' title='bbox 3052 2247 3253 2316; x_wconf 72' lang='lat' dir='ltr'><strong>eﬁicaa&#39;,</strong></span> <span class='ocrx_word' id='word_1_669' title='bbox 3285 2257 3332 2301; x_wconf 86' lang='lat' dir='ltr'><strong>et</strong></span> <span class='ocrx_word' id='word_1_670' title='bbox 3374 2265 3529 2319; x_wconf 85' lang='lat' dir='ltr'><strong>pene—</strong></span> 
     </span>
    </p>
   </div>
   <div class='ocr_carea' id='block_1_82' title="bbox 1950 2335 3530 2408">
    <p class='ocr_par' dir='ltr' id='par_1_82' title="bbox 1950 2335 3530 2408">
     <span class='ocr_line' id='line_1_82' title="bbox 1950 2335 3530 2408; baseline 0.002 -19"><span class='ocrx_word' id='word_1_671' title='bbox 1950 2335 2183 2390; x_wconf 67' lang='lat' dir='ltr'><strong>trabilior</strong></span> <span class='ocrx_word' id='word_1_672' title='bbox 2201 2338 2337 2391; x_wconf 86' lang='lat' dir='ltr'><strong>omni</strong></span> <span class='ocrx_word' id='word_1_673' title='bbox 2360 2335 2537 2407; x_wconf 90' lang='lat' dir='ltr'><strong>gladio</strong></span> <span class='ocrx_word' id='word_1_674' title='bbox 2560 2336 2792 2406; x_wconf 85' lang='lat' dir='ltr'><strong>ancipiti.</strong></span> <span class='ocrx_word' id='word_1_675' title='bbox 2812 2335 3014 2403; x_wconf 88' lang='lat' dir='ltr'><strong>Quovis</strong></span> <span class='ocrx_word' id='word_1_676' title='bbox 3038 2338 3180 2391; x_wconf 88' lang='lat' dir='ltr'><strong>enim</strong></span> <span class='ocrx_word' id='word_1_677' title='bbox 3210 2338 3387 2407; x_wconf 86' lang='lat' dir='ltr'><strong>gladio</strong></span> <span class='ocrx_word' id='word_1_678' title='bbox 3410 2354 3530 2408; x_wconf 85' lang='lat' dir='ltr'><strong>gra-</strong></span> 
     </span>
    </p>
   </div>
   <div class='ocr_carea' id='block_1_83' title="bbox 1949 2425 3530 2498">
    <p class='ocr_par' dir='ltr' id='par_1_83' title="bbox 1949 2425 3530 2498">
     <span class='ocr_line' id='line_1_83' title="bbox 1949 2425 3530 2498; baseline 0.003 -17"><span class='ocrx_word' id='word_1_679' title='bbox 1949 2429 2068 2482; x_wconf 89' lang='lat' dir='ltr'><strong>vius</strong></span> <span class='ocrx_word' id='word_1_680' title='bbox 2099 2427 2153 2481; x_wconf 89' lang='lat' dir='ltr'><strong>in</strong></span> <span class='ocrx_word' id='word_1_681' title='bbox 2186 2441 2373 2482; x_wconf 88' lang='lat' dir='ltr'><strong>eorum</strong></span> <span class='ocrx_word' id='word_1_682' title='bbox 2411 2426 2618 2481; x_wconf 87' lang='lat' dir='ltr'><strong>animas</strong></span> <span class='ocrx_word' id='word_1_683' title='bbox 2653 2425 2809 2480; x_wconf 91' lang='lat' dir='ltr'><strong>irruit</strong></span> <span class='ocrx_word' id='word_1_684' title='bbox 2842 2440 3021 2480; x_wconf 86' lang='lat' dir='ltr'><strong>sermo</strong></span> <span class='ocrx_word' id='word_1_685' title='bbox 3049 2467 3065 2490; x_wconf 97' lang='lat'><strong>,</strong></span> <span class='ocrx_word' id='word_1_686' title='bbox 3107 2442 3297 2496; x_wconf 87' lang='lat' dir='ltr'><strong>graves</strong></span> <span class='ocrx_word' id='word_1_687' title='bbox 3347 2429 3530 2498; x_wconf 83' lang='lat' dir='ltr'><strong>plagas</strong></span> 
     </span>
    </p>
   </div>
   <div class='ocr_carea' id='block_1_84' title="bbox 1951 2517 3530 2589">
    <p class='ocr_par' dir='ltr' id='par_1_84' title="bbox 1951 2517 3530 2589">
     <span class='ocr_line' id='line_1_84' title="bbox 1951 2517 3530 2589; baseline -0.002 -12"><span class='ocrx_word' id='word_1_688' title='bbox 1951 2520 2192 2578; x_wconf 79' lang='lat' dir='ltr'><strong>inferens</strong></span> <span class='ocrx_word' id='word_1_689' title='bbox 2215 2560 2231 2583; x_wconf 88' lang='lat'><strong>,</strong></span> <span class='ocrx_word' id='word_1_690' title='bbox 2264 2518 2557 2588; x_wconf 86' lang='lat' dir='ltr'><strong>letalesque</strong></span> <span class='ocrx_word' id='word_1_691' title='bbox 2587 2517 2680 2572; x_wconf 90' lang='lat' dir='ltr'><strong>dat</strong></span> <span class='ocrx_word' id='word_1_692' title='bbox 2714 2518 3004 2573; x_wconf 82' lang='lat' dir='ltr'><strong>sectiones.</strong></span> <span class='ocrx_word' id='word_1_693' title='bbox 3034 2517 3219 2588; x_wconf 82' lang='lat' dir='ltr'><strong>Neque</strong></span> <span class='ocrx_word' id='word_1_694' title='bbox 3248 2534 3378 2573; x_wconf 89' lang='lat' dir='ltr'><strong>vero</strong></span> <span class='ocrx_word' id='word_1_695' title='bbox 3396 2535 3530 2589; x_wconf 88' lang='lat' dir='ltr'><strong>opus</strong></span> 
     </span>
    </p>
   </div>
   <div class='ocr_carea' id='block_1_85' title="bbox 1949 2610 3529 2682">
    <p class='ocr_par' dir='ltr' id='par_1_85' title="bbox 1949 2610 3529 2682">
     <span class='ocr_line' id='line_1_85' title="bbox 1949 2610 3529 2682; baseline -0.001 -12"><span class='ocrx_word' id='word_1_696' title='bbox 1949 2625 2035 2671; x_wconf 86' lang='lat' dir='ltr'><strong>est</strong></span> <span class='ocrx_word' id='word_1_697' title='bbox 2062 2624 2122 2669; x_wconf 92' lang='lat' dir='ltr'><strong>ut</strong></span> <span class='ocrx_word' id='word_1_698' title='bbox 2143 2628 2330 2669; x_wconf 89' lang='lat' dir='ltr'><strong>eorum</strong></span> <span class='ocrx_word' id='word_1_699' title='bbox 2351 2610 2585 2667; x_wconf 88' lang='lat' dir='ltr'><strong>adducat</strong></span> <span class='ocrx_word' id='word_1_700' title='bbox 2612 2611 3150 2677; x_wconf 85' lang='lat' dir='ltr'><strong>demonstrationem,</strong></span> <span class='ocrx_word' id='word_1_701' title='bbox 3181 2627 3356 2682; x_wconf 89' lang='lat' dir='ltr'><strong>neque</strong></span> <span class='ocrx_word' id='word_1_702' title='bbox 3386 2622 3442 2667; x_wconf 86' lang='lat' dir='ltr'><strong>ut</strong></span> <span class='ocrx_word' id='word_1_703' title='bbox 3462 2628 3529 2669; x_wconf 86' lang='lat' dir='ltr'><strong>ea</strong></span> 
     </span>
    </p>
   </div>
   <div class='ocr_carea' id='block_1_86' title="bbox 1950 2703 3532 2780">
    <p class='ocr_par' dir='ltr' id='par_1_86' title="bbox 1950 2703 3532 2780">
     <span class='ocr_line' id='line_1_86' title="bbox 1950 2703 3532 2780; baseline -0.001 -19"><span class='ocrx_word' id='word_1_704' title='bbox 1950 2708 2144 2780; x_wconf 85' lang='lat' dir='ltr'><strong>probet</strong></span> <span class='ocrx_word' id='word_1_705' title='bbox 2172 2720 2238 2761; x_wconf 84' lang='lat' dir='ltr'><strong>ac</strong></span> <span class='ocrx_word' id='word_1_706' title='bbox 2278 2704 2592 2768; x_wconf 82' lang='lat' dir='ltr'><strong>continuet,</strong></span> <span class='ocrx_word' id='word_1_707' title='bbox 2619 2719 2742 2759; x_wconf 85' lang='lat' dir='ltr'><strong>cum</strong></span> <span class='ocrx_word' id='word_1_708' title='bbox 2784 2703 2922 2759; x_wconf 89' lang='lat' dir='ltr'><strong>adeo</strong></span> <span class='ocrx_word' id='word_1_709' title='bbox 2958 2705 3295 2760; x_wconf 82' lang='lat' dir='ltr'><strong>manilestam</strong></span> <span class='ocrx_word' id='word_1_710' title='bbox 3336 2705 3532 2760; x_wconf 85' lang='lat' dir='ltr'><strong>habeat</strong></span> 
     </span>
    </p>
   </div>
   <div class='ocr_carea' id='block_1_87' title="bbox 1951 2794 3530 2868">
    <p class='ocr_par' dir='ltr' id='par_1_87' title="bbox 1951 2794 3530 2868">
     <span class='ocr_line' id='line_1_87' title="bbox 1951 2794 3530 2868; baseline -0.002 -14"><span class='ocrx_word' id='word_1_711' title='bbox 1951 2797 2322 2854; x_wconf 81' lang='lat' dir='ltr'><strong>narrationem</strong></span> <span class='ocrx_word' id='word_1_712' title='bbox 2350 2795 2449 2868; x_wconf 88' lang='lat' dir='ltr'><strong>(a).</strong></span> <span class='ocrx_word' id='word_1_713' title='bbox 2476 2794 2608 2850; x_wconf 82' lang='lat' dir='ltr'><strong>Nam</strong></span> <span class='ocrx_word' id='word_1_714' title='bbox 2629 2794 2920 2865; x_wconf 87' lang='lat' dir='ltr'><strong>quodnam,</strong></span> <span class='ocrx_word' id='word_1_715' title='bbox 2949 2795 3159 2866; x_wconf 88' lang='lat' dir='ltr'><strong>inquit,</strong></span> <span class='ocrx_word' id='word_1_716' title='bbox 3188 2796 3384 2852; x_wconf 85' lang='lat' dir='ltr'><strong>bellum</strong></span> <span class='ocrx_word' id='word_1_717' title='bbox 3410 2797 3530 2851; x_wconf 84' lang='lat' dir='ltr'><strong>illos</strong></span> 
     </span>
    </p>
   </div>
   <div class='ocr_carea' id='block_1_88' title="bbox 1966 2889 3536 2967">
    <p class='ocr_par' dir='ltr' id='par_1_88' title="bbox 1966 2889 3536 2967">
     <span class='ocr_line' id='line_1_88' title="bbox 1966 2889 3536 2967; baseline -0.005 -16"><span class='ocrx_word' id='word_1_718' title='bbox 1966 2894 2231 2967; x_wconf 84' lang='lat' dir='ltr'><strong>perdidit?</strong></span> <span class='ocrx_word' id='word_1_719' title='bbox 2249 2894 2369 2964; x_wconf 86' lang='lat' dir='ltr'><strong>quis</strong></span> <span class='ocrx_word' id='word_1_720' title='bbox 2386 2891 2593 2963; x_wconf 84' lang='lat' dir='ltr'><strong>gladius</strong></span> <span class='ocrx_word' id='word_1_721' title='bbox 2616 2892 2640 2945; x_wconf 82' lang='lat'><strong>?</strong></span> <span class='ocrx_word' id='word_1_722' title='bbox 2663 2905 2838 2945; x_wconf 88' lang='lat' dir='ltr'><strong>annon</strong></span> <span class='ocrx_word' id='word_1_723' title='bbox 2869 2891 3030 2960; x_wconf 85' lang='lat' dir='ltr'><strong>plano</strong></span> <span class='ocrx_word' id='word_1_724' title='bbox 3054 2903 3151 2943; x_wconf 87' lang='lat' dir='ltr'><strong>sua</strong></span> <span class='ocrx_word' id='word_1_725' title='bbox 3176 2901 3368 2963; x_wconf 84' lang='lat' dir='ltr'><strong>sponte</strong></span> <span class='ocrx_word' id='word_1_726' title='bbox 3390 2889 3536 2944; x_wconf 85' lang='lat' dir='ltr'><strong>ceci-</strong></span> 
     </span>
    </p>
   </div>
   <div class='ocr_carea' id='block_1_89' title="bbox 1960 2979 3539 3053">
    <p class='ocr_par' dir='ltr' id='par_1_89' title="bbox 1960 2979 3539 3053">
     <span class='ocr_line' id='line_1_89' title="bbox 1960 2979 3539 3053; baseline -0.005 -13"><span class='ocrx_word' id='word_1_727' title='bbox 1960 2984 2196 3042; x_wconf 77' lang='lat' dir='ltr'><strong>derunt?</strong></span> <span class='ocrx_word' id='word_1_728' title='bbox 2239 2982 2318 3039; x_wconf 83' lang='lat' dir='ltr'><strong>Ne</strong></span> <span class='ocrx_word' id='word_1_729' title='bbox 2346 2995 2476 3053; x_wconf 87' lang='lat' dir='ltr'><strong>ergo</strong></span> <span class='ocrx_word' id='word_1_730' title='bbox 2495 3024 2512 3049; x_wconf 93' lang='lat'><strong>,</strong></span> <span class='ocrx_word' id='word_1_731' title='bbox 2542 2982 2796 3052; x_wconf 89' lang='lat' dir='ltr'><strong>quoniam</strong></span> <span class='ocrx_word' id='word_1_732' title='bbox 2838 2996 2945 3036; x_wconf 92' lang='lat' dir='ltr'><strong>non</strong></span> <span class='ocrx_word' id='word_1_733' title='bbox 2975 2979 3167 3035; x_wconf 85' lang='lat' dir='ltr'><strong>eadem</strong></span> <span class='ocrx_word' id='word_1_734' title='bbox 3201 2994 3386 3034; x_wconf 88' lang='lat' dir='ltr'><strong>sumus</strong></span> <span class='ocrx_word' id='word_1_735' title='bbox 3416 2994 3539 3048; x_wconf 88' lang='lat' dir='ltr'><strong>per-</strong></span> 
     </span>
    </p>
   </div>
   <div class='ocr_carea' id='block_1_90' title="bbox 1961 3069 3540 3147">
    <p class='ocr_par' dir='ltr' id='par_1_90' title="bbox 1961 3069 3540 3147">
     <span class='ocr_line' id='line_1_90' title="bbox 1961 3069 3540 3147; baseline -0.003 -17"><span class='ocrx_word' id='word_1_736' title='bbox 1961 3076 2100 3147; x_wconf 89' lang='lat' dir='ltr'><strong>pessi</strong></span> <span class='ocrx_word' id='word_1_737' title='bbox 2122 3117 2139 3142; x_wconf 95' lang='lat'><strong>,</strong></span> <span class='ocrx_word' id='word_1_738' title='bbox 2176 3074 2345 3130; x_wconf 89' lang='lat' dir='ltr'><strong>simus</strong></span> <span class='ocrx_word' id='word_1_739' title='bbox 2380 3072 2557 3129; x_wconf 90' lang='lat' dir='ltr'><strong>securi</strong></span> <span class='ocrx_word' id='word_1_740' title='bbox 2592 3071 2893 3141; x_wconf 88' lang='lat' dir='ltr'><strong>:quamdiu</strong></span> <span class='ocrx_word' id='word_1_741' title='bbox 2932 3070 3127 3126; x_wconf 91' lang='lat' dir='ltr'><strong>dicitur</strong></span> <span class='ocrx_word' id='word_1_742' title='bbox 3164 3070 3324 3126; x_wconf 83' lang='lat' dir='ltr'><strong>hodie</strong></span> <span class='ocrx_word' id='word_1_743' title='bbox 3346 3110 3365 3135; x_wconf 94' lang='lat'><strong>,</strong></span> <span class='ocrx_word' id='word_1_744' title='bbox 3407 3069 3540 3125; x_wconf 86' lang='lat' dir='ltr'><strong>licet</strong></span> 
     </span>
    </p>
   </div>
   <div class='ocr_carea' id='block_1_91' title="bbox 1960 3159 3536 3225">
    <p class='ocr_par' dir='ltr' id='par_1_91' title="bbox 1960 3159 3536 3225">
     <span class='ocr_line' id='line_1_91' title="bbox 1960 3159 3536 3225; baseline -0.004 -5"><span class='ocrx_word' id='word_1_745' title='bbox 1960 3166 2113 3221; x_wconf 91' lang='lat' dir='ltr'><strong>nobis</strong></span> <span class='ocrx_word' id='word_1_746' title='bbox 2155 3164 2384 3220; x_wconf 87' lang='lat' dir='ltr'><strong>recreari</strong></span> <span class='ocrx_word' id='word_1_747' title='bbox 2426 3172 2482 3218; x_wconf 92' lang='lat' dir='ltr'><strong>et</strong></span> <span class='ocrx_word' id='word_1_748' title='bbox 2520 3162 2693 3217; x_wconf 87' lang='lat' dir='ltr'><strong>reliei.</strong></span> <span class='ocrx_word' id='word_1_749' title='bbox 2742 3160 2848 3216; x_wconf 89' lang='lat' dir='ltr'><strong>Sed</strong></span> <span class='ocrx_word' id='word_1_750' title='bbox 2892 3175 3016 3215; x_wconf 87' lang='lat' dir='ltr'><strong>cum</strong></span> <span class='ocrx_word' id='word_1_751' title='bbox 3058 3162 3175 3217; x_wconf 68' lang='lat' dir='ltr'><strong>haec</strong></span> <span class='ocrx_word' id='word_1_752' title='bbox 3208 3159 3433 3225; x_wconf 84' lang='lat' dir='ltr'><strong>dixerit,</strong></span> <span class='ocrx_word' id='word_1_753' title='bbox 3465 3173 3536 3214; x_wconf 87' lang='lat' dir='ltr'><strong>ne</strong></span> 
     </span>
    </p>
   </div>
   <div class='ocr_carea' id='block_1_92' title="bbox 1959 3249 3533 3325">
    <p class='ocr_par' dir='ltr' id='par_1_92' title="bbox 1959 3249 3533 3325">
     <span class='ocr_line' id='line_1_92' title="bbox 1959 3249 3533 3325; baseline -0.004 -14"><span class='ocrx_word' id='word_1_754' title='bbox 1959 3256 2237 3312; x_wconf 64' lang='lat' dir='ltr'><strong>audientes</strong></span> <span class='ocrx_word' id='word_1_755' title='bbox 2265 3270 2385 3325; x_wconf 69' lang='lat' dir='ltr'><strong>qua:</strong></span> <span class='ocrx_word' id='word_1_756' title='bbox 2411 3262 2537 3307; x_wconf 88' lang='lat' dir='ltr'><strong>sunt</strong></span> <span class='ocrx_word' id='word_1_757' title='bbox 2580 3252 2807 3317; x_wconf 70' lang='lat' dir='ltr'><strong>animae,</strong></span> <span class='ocrx_word' id='word_1_758' title='bbox 2845 3252 3018 3321; x_wconf 83' lang='lat' dir='ltr'><strong>ignavi</strong></span> <span class='ocrx_word' id='word_1_759' title='bbox 3048 3251 3157 3305; x_wconf 90' lang='lat' dir='ltr'><strong>sint</strong></span> <span class='ocrx_word' id='word_1_760' title='bbox 3182 3260 3236 3305; x_wconf 92' lang='lat' dir='ltr'><strong>et</strong></span> <span class='ocrx_word' id='word_1_761' title='bbox 3255 3249 3533 3312; x_wconf 89' lang='lat' dir='ltr'><strong>socordes,</strong></span> 
     </span>
    </p>
   </div>
   <div class='ocr_carea' id='block_1_93' title="bbox 1958 3340 3537 3416">
    <p class='ocr_par' dir='ltr' id='par_1_93' title="bbox 1958 3340 3537 3416">
     <span class='ocr_line' id='line_1_93' title="bbox 1958 3340 3537 3416; baseline -0.004 -14"><span class='ocrx_word' id='word_1_762' title='bbox 1958 3348 2104 3403; x_wconf 89' lang='lat' dir='ltr'><strong>addit</strong></span> <span class='ocrx_word' id='word_1_763' title='bbox 2144 3346 2307 3402; x_wconf 88' lang='lat' dir='ltr'><strong>etiam</strong></span> <span class='ocrx_word' id='word_1_764' title='bbox 2339 3360 2460 3416; x_wconf 75' lang='lat' dir='ltr'><strong>quae</strong></span> <span class='ocrx_word' id='word_1_765' title='bbox 2495 3352 2621 3399; x_wconf 90' lang='lat' dir='ltr'><strong>sunt</strong></span> <span class='ocrx_word' id='word_1_766' title='bbox 2658 3343 2900 3413; x_wconf 82' lang='lat' dir='ltr'><strong>corporis</strong></span> <span class='ocrx_word' id='word_1_767' title='bbox 2922 3383 2939 3409; x_wconf 95' lang='lat'><strong>,</strong></span> <span class='ocrx_word' id='word_1_768' title='bbox 2981 3342 3097 3397; x_wconf 59' lang='lat' dir='ltr'><strong>haec</strong></span> <span class='ocrx_word' id='word_1_769' title='bbox 3118 3340 3448 3398; x_wconf 85' lang='lat' dir='ltr'><strong>declarans:</strong></span> <span class='ocrx_word' id='word_1_770' title='bbox 3477 3350 3537 3395; x_wconf 87' lang='lat' dir='ltr'><strong>ut</strong></span> 
     </span>
    </p>
   </div>
   <div class='ocr_carea' id='block_1_94' title="bbox 1956 3431 3531 3506">
    <p class='ocr_par' dir='ltr' id='par_1_94' title="bbox 1956 3431 3531 3506">
     <span class='ocr_line' id='line_1_94' title="bbox 1956 3431 3531 3506; baseline -0.005 -12"><span class='ocrx_word' id='word_1_771' title='bbox 1956 3452 2078 3493; x_wconf 91' lang='lat' dir='ltr'><strong>cum</strong></span> <span class='ocrx_word' id='word_1_772' title='bbox 2117 3453 2214 3493; x_wconf 88' lang='lat' dir='ltr'><strong>rex</strong></span> <span class='ocrx_word' id='word_1_773' title='bbox 2238 3436 2431 3506; x_wconf 88' lang='lat' dir='ltr'><strong>aliquis</strong></span> <span class='ocrx_word' id='word_1_774' title='bbox 2462 3435 2733 3505; x_wconf 87' lang='lat' dir='ltr'><strong>principes</strong></span> <span class='ocrx_word' id='word_1_775' title='bbox 2754 3448 2884 3489; x_wconf 87' lang='lat' dir='ltr'><strong>suos</strong></span> <span class='ocrx_word' id='word_1_776' title='bbox 2903 3474 2921 3498; x_wconf 94' lang='lat'><strong>,</strong></span> <span class='ocrx_word' id='word_1_777' title='bbox 2942 3432 3032 3503; x_wconf 88' lang='lat' dir='ltr'><strong>qui</strong></span> <span class='ocrx_word' id='word_1_778' title='bbox 3073 3447 3262 3502; x_wconf 82' lang='lat' dir='ltr'><strong>magna</strong></span> <span class='ocrx_word' id='word_1_779' title='bbox 3287 3431 3531 3502; x_wconf 70' lang='lat' dir='ltr'><strong>quiedam</strong></span> 
     </span>
    </p>
   </div>
   <div class='ocr_carea' id='block_1_95' title="bbox 1958 3524 3533 3601">
    <p class='ocr_par' dir='ltr' id='par_1_95' title="bbox 1958 3524 3533 3601">
     <span class='ocr_line' id='line_1_95' title="bbox 1958 3524 3533 3601; baseline -0.005 -14"><span class='ocrx_word' id='word_1_780' title='bbox 1958 3539 2175 3601; x_wconf 86' lang='lat' dir='ltr'><strong>peccata</strong></span> <span class='ocrx_word' id='word_1_781' title='bbox 2199 3529 2552 3592; x_wconf 87' lang='lat' dir='ltr'><strong>admiserunt,</strong></span> <span class='ocrx_word' id='word_1_782' title='bbox 2575 3528 2803 3597; x_wconf 88' lang='lat' dir='ltr'><strong>primum</strong></span> <span class='ocrx_word' id='word_1_783' title='bbox 2828 3527 2999 3597; x_wconf 81' lang='lat' dir='ltr'><strong>privat</strong></span> <span class='ocrx_word' id='word_1_784' title='bbox 3019 3524 3229 3592; x_wconf 82' lang='lat' dir='ltr'><strong>militia,</strong></span> <span class='ocrx_word' id='word_1_785' title='bbox 3246 3525 3533 3595; x_wconf 82' lang='lat' dir='ltr'><strong>ablataque</strong></span> 
     </span>
    </p>
   </div>
   <div class='ocr_carea' id='block_1_96' title="bbox 1954 3616 3533 3693">
    <p class='ocr_par' dir='ltr' id='par_1_96' title="bbox 1954 3616 3533 3693">
     <span class='ocr_line' id='line_1_96' title="bbox 1954 3616 3533 3693; baseline -0.003 -15"><span class='ocrx_word' id='word_1_786' title='bbox 1954 3623 2170 3693; x_wconf 88' lang='lat' dir='ltr'><strong>cingulo</strong></span> <span class='ocrx_word' id='word_1_787' title='bbox 2190 3632 2246 3677; x_wconf 88' lang='lat' dir='ltr'><strong>et</strong></span> <span class='ocrx_word' id='word_1_788' title='bbox 2273 3620 2595 3675; x_wconf 89' lang='lat' dir='ltr'><strong>auctoritate</strong></span> <span class='ocrx_word' id='word_1_789' title='bbox 2619 3627 2675 3674; x_wconf 91' lang='lat' dir='ltr'><strong>et</strong></span> <span class='ocrx_word' id='word_1_790' title='bbox 2705 3632 2952 3688; x_wconf 69' lang='lat' dir='ltr'><strong>primone</strong></span> <span class='ocrx_word' id='word_1_791' title='bbox 2974 3616 3211 3674; x_wconf 87' lang='lat' dir='ltr'><strong>adducto</strong></span> <span class='ocrx_word' id='word_1_792' title='bbox 3229 3657 3249 3685; x_wconf 93' lang='lat'><strong>,</strong></span> <span class='ocrx_word' id='word_1_793' title='bbox 3279 3627 3407 3673; x_wconf 91' lang='lat' dir='ltr'><strong>tunc</strong></span> <span class='ocrx_word' id='word_1_794' title='bbox 3433 3632 3533 3687; x_wconf 89' lang='lat' dir='ltr'><strong>pu—</strong></span> 
     </span>
    </p>
   </div>
   <div class='ocr_carea' id='block_1_97' title="bbox 1954 3702 3533 3781">
    <p class='ocr_par' dir='ltr' id='par_1_97' title="bbox 1954 3702 3533 3781">
     <span class='ocr_line' id='line_1_97' title="bbox 1954 3702 3533 3781; baseline -0.005 -11"><span class='ocrx_word' id='word_1_795' title='bbox 1954 3715 2035 3770; x_wconf 89' lang='lat' dir='ltr'><strong>nit</strong></span> <span class='ocrx_word' id='word_1_796' title='bbox 2064 3732 2079 3769; x_wconf 92' lang='lat'><strong>:</strong></span> <span class='ocrx_word' id='word_1_797' title='bbox 2109 3702 2181 3767; x_wconf 86' lang='lat' dir='ltr'><strong>ita</strong></span> <span class='ocrx_word' id='word_1_798' title='bbox 2230 3712 2316 3768; x_wconf 87' lang='lat' dir='ltr'><strong>hic</strong></span> <span class='ocrx_word' id='word_1_799' title='bbox 2353 3726 2573 3781; x_wconf 87' lang='lat' dir='ltr'><strong>quoque</strong></span> <span class='ocrx_word' id='word_1_800' title='bbox 2610 3710 2739 3765; x_wconf 72' lang='lat' dir='ltr'><strong>facit</strong></span> <span class='ocrx_word' id='word_1_801' title='bbox 2780 3708 2989 3779; x_wconf 84' lang='lat' dir='ltr'><strong>gladius</strong></span> <span class='ocrx_word' id='word_1_802' title='bbox 3024 3708 3279 3778; x_wconf 84' lang='lat' dir='ltr'><strong>Spiritus.</strong></span> <span class='ocrx_word' id='word_1_803' title='bbox 3328 3708 3533 3763; x_wconf 87' lang='lat' dir='ltr'><strong>Deinde</strong></span> 
     </span>
    </p>
   </div>
   <div class='ocr_carea' id='block_1_98' title="bbox 1954 3799 3527 3873">
    <p class='ocr_par' dir='ltr' id='par_1_98' title="bbox 1954 3799 3527 3873">
     <span class='ocr_line' id='line_1_98' title="bbox 1954 3799 3527 3873; baseline -0.004 -12"><span class='ocrx_word' id='word_1_804' title='bbox 1954 3804 2247 3861; x_wconf 87' lang='lat' dir='ltr'><strong>terribilius</strong></span> <span class='ocrx_word' id='word_1_805' title='bbox 2268 3803 2503 3873; x_wconf 89' lang='lat' dir='ltr'><strong>loquitur</strong></span> <span class='ocrx_word' id='word_1_806' title='bbox 2522 3802 2592 3857; x_wconf 91' lang='lat' dir='ltr'><strong>de</strong></span> <span class='ocrx_word' id='word_1_807' title='bbox 2612 3801 2747 3856; x_wconf 85' lang='lat' dir='ltr'><strong>Filio</strong></span> <span class='ocrx_word' id='word_1_808' title='bbox 2776 3819 2790 3856; x_wconf 92' lang='lat'><strong>:</strong></span> <span class='ocrx_word' id='word_1_809' title='bbox 2817 3800 2898 3854; x_wconf 81' lang='lat' dir='ltr'><strong>Ad</strong></span> <span class='ocrx_word' id='word_1_810' title='bbox 2915 3816 3059 3870; x_wconf 76' lang='lat' dir='ltr'><strong>quem</strong></span> <span class='ocrx_word' id='word_1_811' title='bbox 3080 3799 3223 3854; x_wconf 73' lang='lat' dir='ltr'><strong>nobis</strong></span> <span class='ocrx_word' id='word_1_812' title='bbox 3241 3809 3315 3854; x_wconf 90' lang='lat' dir='ltr'><strong>est</strong></span> <span class='ocrx_word' id='word_1_813' title='bbox 3338 3815 3527 3863; x_wconf 87' lang='lat' dir='ltr'><strong>sermo.</strong></span> 
     </span>
    </p>
   </div>
   <div class='ocr_carea' id='block_1_99' title="bbox 1952 3890 3530 3966">
    <p class='ocr_par' dir='ltr' id='par_1_99' title="bbox 1952 3890 3530 3966">
     <span class='ocr_line' id='line_1_99' title="bbox 1952 3890 3530 3966; baseline -0.004 -13"><span class='ocrx_word' id='word_1_814' title='bbox 1952 3896 2144 3966; x_wconf 89' lang='lat' dir='ltr'><strong>inquit.</strong></span> <span class='ocrx_word' id='word_1_815' title='bbox 2177 3892 2232 3949; x_wconf 89' lang='lat' dir='ltr'><strong>ld</strong></span> <span class='ocrx_word' id='word_1_816' title='bbox 2256 3903 2360 3959; x_wconf 88' lang='lat' dir='ltr'><strong>est,</strong></span> <span class='ocrx_word' id='word_1_817' title='bbox 2396 3892 2496 3962; x_wconf 90' lang='lat' dir='ltr'><strong>Ipsi</strong></span> <span class='ocrx_word' id='word_1_818' title='bbox 2520 3892 2779 3947; x_wconf 91' lang='lat' dir='ltr'><strong>debemus</strong></span> <span class='ocrx_word' id='word_1_819' title='bbox 2808 3891 3036 3947; x_wconf 90' lang='lat' dir='ltr'><strong>reddere</strong></span> <span class='ocrx_word' id='word_1_820' title='bbox 3056 3890 3319 3946; x_wconf 87' lang='lat' dir='ltr'><strong>rationem</strong></span> <span class='ocrx_word' id='word_1_821' title='bbox 3339 3906 3530 3947; x_wconf 86' lang='lat' dir='ltr'><strong>eorum</strong></span> 
     </span>
    </p>
   </div>
   <div class='ocr_carea' id='block_1_100' title="bbox 1949 3981 3527 4059">
    <p class='ocr_par' dir='ltr' id='par_1_100' title="bbox 1949 3981 3527 4059">
     <span class='ocr_line' id='line_1_100' title="bbox 1949 3981 3527 4059; baseline -0.005 -16"><span class='ocrx_word' id='word_1_822' title='bbox 1949 4004 2069 4059; x_wconf 66' lang='lat' dir='ltr'><strong>qua;</strong></span> <span class='ocrx_word' id='word_1_823' title='bbox 2112 3985 2393 4057; x_wconf 82' lang='lat' dir='ltr'><strong>gessimus.</strong></span> <span class='ocrx_word' id='word_1_824' title='bbox 2428 3984 2611 4053; x_wconf 87' lang='lat' dir='ltr'><strong>Itaque</strong></span> <span class='ocrx_word' id='word_1_825' title='bbox 2655 3998 2725 4038; x_wconf 89' lang='lat' dir='ltr'><strong>ne</strong></span> <span class='ocrx_word' id='word_1_826' title='bbox 2764 3982 3053 4049; x_wconf 76' lang='lat' dir='ltr'><strong>cudamus,</strong></span> <span class='ocrx_word' id='word_1_827' title='bbox 3082 3995 3258 4051; x_wconf 87' lang='lat' dir='ltr'><strong>neque</strong></span> <span class='ocrx_word' id='word_1_828' title='bbox 3291 3981 3527 4035; x_wconf 83' lang='lat' dir='ltr'><strong>animtuu</strong></span> 
     </span>
    </p>
   </div>
   <div class='ocr_carea' id='block_1_101' title="bbox 1947 4073 3529 4148">
    <p class='ocr_par' dir='ltr' id='par_1_101' title="bbox 1947 4073 3529 4148">
     <span class='ocr_line' id='line_1_101' title="bbox 1947 4073 3529 4148; baseline -0.003 -15"><span class='ocrx_word' id='word_1_829' title='bbox 1947 4077 2399 4148; x_wconf 88' lang='lat' dir='ltr'><strong>despondeamus.</strong></span> <span class='ocrx_word' id='word_1_830' title='bbox 2445 4073 2730 4130; x_wconf 78' lang='lat' dir='ltr'><strong>Sufﬁciunt</strong></span> <span class='ocrx_word' id='word_1_831' title='bbox 2776 4073 2992 4143; x_wconf 90' lang='lat' dir='ltr'><strong>quidem</strong></span> <span class='ocrx_word' id='word_1_832' title='bbox 3045 4074 3209 4129; x_wconf 87' lang='lat' dir='ltr'><strong>etiam</strong></span> <span class='ocrx_word' id='word_1_833' title='bbox 3259 4074 3351 4129; x_wconf 89' lang='lat' dir='ltr'><strong>illa</strong></span> <span class='ocrx_word' id='word_1_834' title='bbox 3404 4088 3529 4144; x_wconf 72' lang='lat' dir='ltr'><strong>qua:</strong></span> 
     </span>
    </p>
   </div>
   <div class='ocr_carea' id='block_1_102' title="bbox 1948 4164 3532 4225">
    <p class='ocr_par' dir='ltr' id='par_1_102' title="bbox 1948 4164 3532 4225">
     <span class='ocr_line' id='line_1_102' title="bbox 1948 4164 3532 4225; baseline -0.003 -1"><span class='ocrx_word' id='word_1_835' title='bbox 1948 4169 2089 4225; x_wconf 85' lang='lat' dir='ltr'><strong>dicta</strong></span> <span class='ocrx_word' id='word_1_836' title='bbox 2118 4179 2244 4225; x_wconf 91' lang='lat' dir='ltr'><strong>sunt</strong></span> <span class='ocrx_word' id='word_1_837' title='bbox 2269 4168 2336 4223; x_wconf 92' lang='lat' dir='ltr'><strong>ad</strong></span> <span class='ocrx_word' id='word_1_838' title='bbox 2364 4182 2464 4223; x_wconf 90' lang='lat' dir='ltr'><strong>nos</strong></span> <span class='ocrx_word' id='word_1_839' title='bbox 2487 4165 2815 4222; x_wconf 88' lang='lat' dir='ltr'><strong>erudiendos</strong></span> <span class='ocrx_word' id='word_1_840' title='bbox 2841 4181 2857 4219; x_wconf 90' lang='lat'><strong>:</strong></span> <span class='ocrx_word' id='word_1_841' title='bbox 2888 4165 2965 4221; x_wconf 88' lang='lat' dir='ltr'><strong>illi</strong></span> <span class='ocrx_word' id='word_1_842' title='bbox 2994 4180 3124 4222; x_wconf 92' lang='lat' dir='ltr'><strong>vero</strong></span> <span class='ocrx_word' id='word_1_843' title='bbox 3145 4180 3254 4222; x_wconf 87' lang='lat' dir='ltr'><strong>non</strong></span> <span class='ocrx_word' id='word_1_844' title='bbox 3274 4166 3408 4221; x_wconf 84' lang='lat' dir='ltr'><strong>satis</strong></span> <span class='ocrx_word' id='word_1_845' title='bbox 3436 4164 3532 4220; x_wconf 86' lang='lat' dir='ltr'><strong>illa</strong></span> 
     </span>
    </p>
   </div>
   <div class='ocr_carea' id='block_1_103' title="bbox 1947 4255 3525 4336">
    <p class='ocr_par' dir='ltr' id='par_1_103' title="bbox 1947 4255 3525 4336">
     <span class='ocr_line' id='line_1_103' title="bbox 1947 4255 3525 4336; baseline -0.005 -19"><span class='ocrx_word' id='word_1_846' title='bbox 1947 4269 2093 4329; x_wconf 88' lang='lat' dir='ltr'><strong>sunt,</strong></span> <span class='ocrx_word' id='word_1_847' title='bbox 2108 4260 2205 4316; x_wconf 91' lang='lat' dir='ltr'><strong>sed</strong></span> <span class='ocrx_word' id='word_1_848' title='bbox 2226 4260 2342 4314; x_wconf 63' lang='lat' dir='ltr'><strong>haec</strong></span> <span class='ocrx_word' id='word_1_849' title='bbox 2363 4257 2571 4329; x_wconf 87' lang='lat' dir='ltr'><strong>adjicit:</strong></span> <span class='ocrx_word' id='word_1_850' title='bbox 2592 4258 2677 4312; x_wconf 72' lang='grc'><strong>11.</strong></span> <span class='ocrx_word' id='word_1_851' title='bbox 2704 4255 2964 4311; x_wconf 77' lang='lat' dir='ltr'><strong>Habemus</strong></span> <span class='ocrx_word' id='word_1_852' title='bbox 2989 4267 3158 4312; x_wconf 77' lang='lat' dir='ltr'><strong>autem</strong></span> <span class='ocrx_word' id='word_1_853' title='bbox 3160 4258 3323 4336; x_wconf 50' lang='lat' dir='ltr'><strong>etiam</strong></span> <span class='ocrx_word' id='word_1_854' title='bbox 3347 4259 3525 4325; x_wconf 76' lang='lat' dir='ltr'><strong>ponti—</strong></span> 
     </span>
    </p>
   </div>
   <div class='ocr_carea' id='block_1_104' title="bbox 1946 4345 3536 4423">
    <p class='ocr_par' dir='ltr' id='par_1_104' title="bbox 1946 4345 3536 4423">
     <span class='ocr_line' id='line_1_104' title="bbox 1946 4345 3536 4423; baseline -0.002 -15"><span class='ocrx_word' id='word_1_855' title='bbox 1946 4355 2092 4422; x_wconf 77' lang='lat' dir='ltr'><strong>ﬁcem</strong></span> <span class='ocrx_word' id='word_1_856' title='bbox 2133 4368 2373 4423; x_wconf 84' lang='lat' dir='ltr'><strong>magnum</strong></span> <span class='ocrx_word' id='word_1_857' title='bbox 2419 4350 2505 4422; x_wconf 82' lang='lat' dir='ltr'><strong>qui</strong></span> <span class='ocrx_word' id='word_1_858' title='bbox 2556 4350 2833 4420; x_wconf 75' lang='lat' dir='ltr'><strong>penetravit</strong></span> <span class='ocrx_word' id='word_1_859' title='bbox 2878 4350 3051 4418; x_wconf 66' lang='lat' dir='ltr'><strong>cados,</strong></span> <span class='ocrx_word' id='word_1_860' title='bbox 3094 4345 3276 4404; x_wconf 73' lang='lat' dir='ltr'><strong>Iesum</strong></span> <span class='ocrx_word' id='word_1_861' title='bbox 3325 4347 3536 4407; x_wconf 68' lang='lat' dir='ltr'><strong>Filium</strong></span> 
     </span>
    </p>
   </div>
   <div class='ocr_carea' id='block_1_105' title="bbox 1950 4446 3512 4502">
    <p class='ocr_par' dir='ltr' id='par_1_105' title="bbox 1950 4446 3512 4502">
     <span class='ocr_line' id='line_1_105' title="bbox 1950 4446 3512 4502; baseline 0.005 -1"><span class='ocrx_word' id='word_1_862' title='bbox 1950 4446 2064 4502; x_wconf 86' lang='lat' dir='ltr'><strong>Dei.</strong></span> <span class='ocrx_word' id='word_1_863' title='bbox 3509 4484 3512 4489; x_wconf 82' lang='lat'><strong><em>~</em></strong></span> 
     </span>
    </p>
   </div>
   <div class='ocr_carea' id='block_1_106' title="bbox 2013 4529 3531 4609">
    <p class='ocr_par' dir='ltr' id='par_1_106' title="bbox 2013 4529 3531 4609">
     <span class='ocr_line' id='line_1_106' title="bbox 2013 4529 3531 4609; baseline -0.003 -16"><span class='ocrx_word' id='word_1_864' title='bbox 2013 4539 2070 4594; x_wconf 76' lang='lat'><strong>2.</strong></span> <span class='ocrx_word' id='word_1_865' title='bbox 2109 4536 2260 4606; x_wconf 87' lang='lat' dir='ltr'><strong>Quod</strong></span> <span class='ocrx_word' id='word_1_866' title='bbox 2285 4536 2428 4593; x_wconf 87' lang='lat' dir='ltr'><strong>enim</strong></span> <span class='ocrx_word' id='word_1_867' title='bbox 2466 4542 2749 4606; x_wconf 84' lang='lat' dir='ltr'><strong>propterea</strong></span> <span class='ocrx_word' id='word_1_868' title='bbox 2788 4532 2841 4589; x_wconf 90' lang='lat' dir='ltr'><strong>id</strong></span> <span class='ocrx_word' id='word_1_869' title='bbox 2880 4531 3155 4602; x_wconf 72' lang='lat' dir='ltr'><strong>adiecerit,</strong></span> <span class='ocrx_word' id='word_1_870' title='bbox 3199 4529 3476 4609; x_wconf 74' lang='lat' dir='ltr'><strong>subiunxit</strong></span> <span class='ocrx_word' id='word_1_871' title='bbox 3505 4550 3531 4597; x_wconf 90' lang='lat'><strong>:_</strong></span> 
     </span>
    </p>
   </div>
   <div class='ocr_carea' id='block_1_107' title="bbox 1947 4625 3521 4696">
    <p class='ocr_par' dir='ltr' id='par_1_107' title="bbox 1947 4625 3521 4696">
     <span class='ocr_line' id='line_1_107' title="bbox 1947 4625 3521 4696; baseline -0.006 -9"><span class='ocrx_word' id='word_1_872' title='bbox 1947 4632 2036 4687; x_wconf 83' lang='grc'><strong>15.</strong></span> <span class='ocrx_word' id='word_1_873' title='bbox 2068 4629 2193 4685; x_wconf 87' lang='lat' dir='ltr'><strong>Non</strong></span> <span class='ocrx_word' id='word_1_874' title='bbox 2220 4630 2353 4684; x_wconf 88' lang='lat' dir='ltr'><strong>enim</strong></span> <span class='ocrx_word' id='word_1_875' title='bbox 2380 4627 2621 4683; x_wconf 79' lang='lat' dir='ltr'><strong>habemus</strong></span> <span class='ocrx_word' id='word_1_876' title='bbox 2646 4626 2937 4696; x_wconf 77' lang='lat' dir='ltr'><strong>pontiﬁcem</strong></span> <span class='ocrx_word' id='word_1_877' title='bbox 2961 4626 3047 4692; x_wconf 79' lang='lat' dir='ltr'><strong>qui</strong></span> <span class='ocrx_word' id='word_1_878' title='bbox 3066 4640 3168 4679; x_wconf 82' lang='lat' dir='ltr'><strong>non</strong></span> <span class='ocrx_word' id='word_1_879' title='bbox 3197 4625 3356 4694; x_wconf 86' lang='lat' dir='ltr'><strong>possit</strong></span> <span class='ocrx_word' id='word_1_880' title='bbox 3376 4640 3521 4679; x_wconf 70' lang='lat' dir='ltr'><strong>como</strong></span> 
     </span>
    </p>
   </div>
   <div class='ocr_carea' id='block_1_108' title="bbox 1942 4702 3527 4793">
    <p class='ocr_par' dir='ltr' id='par_1_108' title="bbox 1942 4702 3527 4793">
     <span class='ocr_line' id='line_1_108' title="bbox 1942 4702 3527 4793; baseline -0.006 -14"><span class='ocrx_word' id='word_1_881' title='bbox 1942 4724 2052 4793; x_wconf 86' lang='lat' dir='ltr'><strong>pati</strong></span> <span class='ocrx_word' id='word_1_882' title='bbox 2094 4702 2477 4792; x_wconf 76' lang='lat' dir='ltr'><strong>inﬁrmitatibus</strong></span> <span class='ocrx_word' id='word_1_883' title='bbox 2516 4720 2722 4783; x_wconf 87' lang='lat' dir='ltr'><strong>nostris.</strong></span> <span class='ocrx_word' id='word_1_884' title='bbox 2773 4717 3063 4786; x_wconf 87' lang='lat' dir='ltr'><strong>Propterea</strong></span> <span class='ocrx_word' id='word_1_885' title='bbox 3109 4715 3320 4772; x_wconf 84' lang='lat' dir='ltr'><strong>dicebat</strong></span> <span class='ocrx_word' id='word_1_886' title='bbox 3357 4732 3527 4787; x_wconf 58' lang='lat' dir='ltr'><strong>supeq</strong></span> 
     </span>
    </p>
   </div>
   <div class='ocr_carea' id='block_1_109' title="bbox 1942 4809 3530 4883">
    <p class='ocr_par' dir='ltr' id='par_1_109' title="bbox 1942 4809 3530 4883">
     <span class='ocr_line' id='line_1_109' title="bbox 1942 4809 3530 4883; baseline -0.006 -12"><span class='ocrx_word' id='word_1_887' title='bbox 1942 4817 2053 4871; x_wconf 88' lang='lat' dir='ltr'><strong>rius</strong></span> <span class='ocrx_word' id='word_1_888' title='bbox 2080 4832 2093 4866; x_wconf 86' lang='lat'><strong>:</strong></span> <span class='ocrx_word' id='word_1_889' title='bbox 2126 4814 2195 4868; x_wconf 84' lang='lat' dir='ltr'><strong>In</strong></span> <span class='ocrx_word' id='word_1_890' title='bbox 2221 4830 2302 4880; x_wconf 93' lang='lat' dir='ltr'><strong>eo,</strong></span> <span class='ocrx_word' id='word_1_891' title='bbox 2332 4813 2387 4867; x_wconf 86' lang='lat' dir='ltr'><strong>in</strong></span> <span class='ocrx_word' id='word_1_892' title='bbox 2410 4828 2508 4883; x_wconf 85' lang='lat' dir='ltr'><strong>quo</strong></span> <span class='ocrx_word' id='word_1_893' title='bbox 2537 4825 2716 4883; x_wconf 82' lang='lat' dir='ltr'><strong>passus</strong></span> <span class='ocrx_word' id='word_1_894' title='bbox 2741 4817 2813 4863; x_wconf 88' lang='lat' dir='ltr'><strong>est</strong></span> <span class='ocrx_word' id='word_1_895' title='bbox 2840 4809 2952 4877; x_wconf 84' lang='lat' dir='ltr'><strong>ipse</strong></span> <span class='ocrx_word' id='word_1_896' title='bbox 2974 4816 3024 4862; x_wconf 86' lang='lat' dir='ltr'><strong>et</strong></span> <span class='ocrx_word' id='word_1_897' title='bbox 3062 4814 3302 4875; x_wconf 81' lang='lat' dir='ltr'><strong>tentatus,</strong></span> <span class='ocrx_word' id='word_1_898' title='bbox 3344 4817 3530 4878; x_wconf 68' lang='lat' dir='ltr'><strong>potens6</strong></span> 
     </span>
    </p>
   </div>
   <div class='ocr_carea' id='block_1_110' title="bbox 1940 4898 3532 4976">
    <p class='ocr_par' dir='ltr' id='par_1_110' title="bbox 1940 4898 3532 4976">
     <span class='ocr_line' id='line_1_110' title="bbox 1940 4898 3532 4976; baseline -0.004 -15"><span class='ocrx_word' id='word_1_899' title='bbox 1940 4916 2015 4961; x_wconf 91' lang='lat' dir='ltr'><strong>est</strong></span> <span class='ocrx_word' id='word_1_900' title='bbox 2043 4906 2113 4960; x_wconf 90' lang='lat' dir='ltr'><strong>eis</strong></span> <span class='ocrx_word' id='word_1_901' title='bbox 2133 4906 2219 4976; x_wconf 83' lang='lat' dir='ltr'><strong>qui</strong></span> <span class='ocrx_word' id='word_1_902' title='bbox 2245 4914 2499 4959; x_wconf 83' lang='lat' dir='ltr'><strong>tentantur</strong></span> <span class='ocrx_word' id='word_1_903' title='bbox 2518 4900 2783 4956; x_wconf 73' lang='lat' dir='ltr'><strong>auxiliari.</strong></span> <span class='ocrx_word' id='word_1_904' title='bbox 2816 4898 2948 4954; x_wconf 83' lang='lat' dir='ltr'><strong>Vide</strong></span> <span class='ocrx_word' id='word_1_905' title='bbox 2972 4913 3102 4970; x_wconf 85' lang='lat' dir='ltr'><strong>ergo</strong></span> <span class='ocrx_word' id='word_1_906' title='bbox 3126 4898 3396 4971; x_wconf 85' lang='lat' dir='ltr'><strong>quomodo</strong></span> <span class='ocrx_word' id='word_1_907' title='bbox 3418 4898 3532 4961; x_wconf 71' lang='lat' dir='ltr'><strong>hoc</strong></span> 
     </span>
    </p>
   </div>
   <div class='ocr_carea' id='block_1_111' title="bbox 1942 4989 3523 5068">
    <p class='ocr_par' dir='ltr' id='par_1_111' title="bbox 1942 4989 3523 5068">
     <span class='ocr_line' id='line_1_111' title="bbox 1942 4989 3523 5068; baseline -0.004 -15"><span class='ocrx_word' id='word_1_908' title='bbox 1942 4997 2115 5068; x_wconf 90' lang='lat' dir='ltr'><strong>ipsum</strong></span> <span class='ocrx_word' id='word_1_909' title='bbox 2145 4996 2229 5051; x_wconf 87' lang='lat' dir='ltr'><strong>hic</strong></span> <span class='ocrx_word' id='word_1_910' title='bbox 2253 5008 2464 5064; x_wconf 89' lang='lat' dir='ltr'><strong>quoque</strong></span> <span class='ocrx_word' id='word_1_911' title='bbox 2489 4991 2633 5047; x_wconf 77' lang='lat' dir='ltr'><strong>facit.</strong></span> <span class='ocrx_word' id='word_1_912' title='bbox 2658 4990 2808 5058; x_wconf 89' lang='lat' dir='ltr'><strong>Quod</strong></span> <span class='ocrx_word' id='word_1_913' title='bbox 2838 4998 3016 5047; x_wconf 88' lang='lat' dir='ltr'><strong>autem</strong></span> <span class='ocrx_word' id='word_1_914' title='bbox 3043 4990 3173 5046; x_wconf 86' lang='lat' dir='ltr'><strong>dicit</strong></span> <span class='ocrx_word' id='word_1_915' title='bbox 3218 4997 3305 5046; x_wconf 89' lang='lat' dir='ltr'><strong>est</strong></span> <span class='ocrx_word' id='word_1_916' title='bbox 3335 4989 3523 5062; x_wconf 55' lang='lat' dir='ltr'><strong>hujusa</strong></span> 
     </span>
    </p>
   </div>
   <div class='ocr_carea' id='block_1_112' title="bbox 1940 5081 3531 5154">
    <p class='ocr_par' dir='ltr' id='par_1_112' title="bbox 1940 5081 3531 5154">
     <span class='ocr_line' id='line_1_112' title="bbox 1940 5081 3531 5154; baseline -0.004 -7"><span class='ocrx_word' id='word_1_917' title='bbox 1940 5090 2085 5147; x_wconf 89' lang='lat' dir='ltr'><strong>modi</strong></span> <span class='ocrx_word' id='word_1_918' title='bbox 2114 5105 2129 5143; x_wconf 88' lang='lat'><strong>:</strong></span> <span class='ocrx_word' id='word_1_919' title='bbox 2158 5086 2435 5152; x_wconf 84' lang='lat' dir='ltr'><strong>Eamdem,</strong></span> <span class='ocrx_word' id='word_1_920' title='bbox 2468 5084 2658 5154; x_wconf 89' lang='lat' dir='ltr'><strong>inquit,</strong></span> <span class='ocrx_word' id='word_1_921' title='bbox 2700 5098 2859 5153; x_wconf 87' lang='lat' dir='ltr'><strong>quam</strong></span> <span class='ocrx_word' id='word_1_922' title='bbox 2902 5096 3001 5138; x_wconf 90' lang='lat' dir='ltr'><strong>nos</strong></span> <span class='ocrx_word' id='word_1_923' title='bbox 3046 5081 3185 5137; x_wconf 86' lang='lat' dir='ltr'><strong>viam</strong></span> <span class='ocrx_word' id='word_1_924' title='bbox 3222 5082 3363 5150; x_wconf 73' lang='lat' dir='ltr'><strong>iniit,</strong></span> <span class='ocrx_word' id='word_1_925' title='bbox 3412 5084 3531 5140; x_wconf 80' lang='lat' dir='ltr'><strong>imo</strong></span> 
     </span>
    </p>
   </div>
   <div class='ocr_carea' id='block_1_113' title="bbox 1940 5173 3527 5251">
    <p class='ocr_par' dir='ltr' id='par_1_113' title="bbox 1940 5173 3527 5251">
     <span class='ocr_line' id='line_1_113' title="bbox 1940 5173 3527 5251; baseline -0.006 -12"><span class='ocrx_word' id='word_1_926' title='bbox 1940 5198 2070 5238; x_wconf 85' lang='lat' dir='ltr'><strong>vero</strong></span> <span class='ocrx_word' id='word_1_927' title='bbox 2105 5179 2474 5251; x_wconf 85' lang='lat' dir='ltr'><strong>asperiorem;</strong></span> <span class='ocrx_word' id='word_1_928' title='bbox 2516 5192 2640 5232; x_wconf 89' lang='lat' dir='ltr'><strong>nam</strong></span> <span class='ocrx_word' id='word_1_929' title='bbox 2672 5176 2915 5231; x_wconf 85' lang='lat' dir='ltr'><strong>omnium</strong></span> <span class='ocrx_word' id='word_1_930' title='bbox 2942 5189 3124 5231; x_wconf 89' lang='lat' dir='ltr'><strong>rerum</strong></span> <span class='ocrx_word' id='word_1_931' title='bbox 3163 5173 3527 5238; x_wconf 81' lang='lat' dir='ltr'><strong>humanarum.</strong></span> 
     </span>
    </p>
   </div>
   <div class='ocr_carea' id='block_1_114' title="bbox 1939 5263 3525 5343">
    <p class='ocr_par' dir='ltr' id='par_1_114' title="bbox 1939 5263 3525 5343">
     <span class='ocr_line' id='line_1_114' title="bbox 1939 5263 3525 5343; baseline -0.007 -12"><span class='ocrx_word' id='word_1_932' title='bbox 1939 5274 2144 5343; x_wconf 80' lang='lat' dir='ltr'><strong>accepit</strong></span> <span class='ocrx_word' id='word_1_933' title='bbox 2163 5270 2569 5341; x_wconf 84' lang='lat' dir='ltr'><strong>experientiam.</strong></span> <span class='ocrx_word' id='word_1_934' title='bbox 2603 5268 2821 5323; x_wconf 81' lang='lat' dir='ltr'><strong>Dixerat</strong></span> <span class='ocrx_word' id='word_1_935' title='bbox 2862 5266 2990 5333; x_wconf 89' lang='lat' dir='ltr'><strong>illic,</strong></span> <span class='ocrx_word' id='word_1_936' title='bbox 3035 5263 3161 5322; x_wconf 80' lang='lat' dir='ltr'><strong>Non</strong></span> <span class='ocrx_word' id='word_1_937' title='bbox 3186 5275 3260 5321; x_wconf 89' lang='lat' dir='ltr'><strong>est</strong></span> <span class='ocrx_word' id='word_1_938' title='bbox 3287 5276 3525 5327; x_wconf 77' lang='lat' dir='ltr'><strong>creatura</strong></span> 
     </span>
    </p>
   </div>
   <div class='ocr_carea' id='block_1_115' title="bbox 1939 5358 3522 5431">
    <p class='ocr_par' dir='ltr' id='par_1_115' title="bbox 1939 5358 3522 5431">
     <span class='ocr_line' id='line_1_115' title="bbox 1939 5358 3522 5431; baseline -0.003 -10"><span class='ocrx_word' id='word_1_939' title='bbox 1939 5366 2199 5422; x_wconf 82' lang='lat' dir='ltr'><strong>invisibilis</strong></span> <span class='ocrx_word' id='word_1_940' title='bbox 2232 5366 2286 5417; x_wconf 88' lang='lat' dir='ltr'><strong>in</strong></span> <span class='ocrx_word' id='word_1_941' title='bbox 2322 5371 2595 5431; x_wconf 89' lang='lat' dir='ltr'><strong>conspectu</strong></span> <span class='ocrx_word' id='word_1_942' title='bbox 2622 5361 2754 5430; x_wconf 85' lang='lat' dir='ltr'><strong>ejus,</strong></span> <span class='ocrx_word' id='word_1_943' title='bbox 2784 5359 3121 5417; x_wconf 88' lang='lat' dir='ltr'><strong>divinitatem</strong></span> <span class='ocrx_word' id='word_1_944' title='bbox 3147 5358 3522 5417; x_wconf 61' lang='lat' dir='ltr'><strong>subind&#39;tcans.</strong></span> 
     </span>
    </p>
   </div>
   <div class='ocr_carea' id='block_1_116' title="bbox 1944 5450 3522 5526">
    <p class='ocr_par' dir='ltr' id='par_1_116' title="bbox 1944 5450 3522 5526">
     <span class='ocr_line' id='line_1_116' title="bbox 1944 5450 3522 5526; baseline -0.004 -13"><span class='ocrx_word' id='word_1_945' title='bbox 1944 5457 2142 5514; x_wconf 88' lang='lat' dir='ltr'><strong>Deinde</strong></span> <span class='ocrx_word' id='word_1_946' title='bbox 2193 5464 2469 5526; x_wconf 87' lang='lat' dir='ltr'><strong>postquam</strong></span> <span class='ocrx_word' id='word_1_947' title='bbox 2521 5453 2696 5523; x_wconf 87' lang='lat' dir='ltr'><strong>attigit</strong></span> <span class='ocrx_word' id='word_1_948' title='bbox 2745 5466 3000 5519; x_wconf 85' lang='lat' dir='ltr'><strong>carnem,</strong></span> <span class='ocrx_word' id='word_1_949' title='bbox 3050 5450 3286 5520; x_wconf 89' lang='lat' dir='ltr'><strong>loquitur</strong></span> <span class='ocrx_word' id='word_1_950' title='bbox 3330 5465 3522 5506; x_wconf 81' lang='lat' dir='ltr'><strong>rursus</strong></span> 
     </span>
    </p>
   </div>
   <div class='ocr_carea' id='block_1_117' title="bbox 1939 5540 3524 5613">
    <p class='ocr_par' dir='ltr' id='par_1_117' title="bbox 1939 5540 3524 5613">
     <span class='ocr_line' id='line_1_117' title="bbox 1939 5540 3524 5613; baseline -0.008 -7"><span class='ocrx_word' id='word_1_951' title='bbox 1939 5548 2255 5606; x_wconf 88' lang='lat' dir='ltr'><strong>submissius</strong></span> <span class='ocrx_word' id='word_1_952' title='bbox 2299 5556 2355 5603; x_wconf 90' lang='lat' dir='ltr'><strong>et</strong></span> <span class='ocrx_word' id='word_1_953' title='bbox 2401 5545 2654 5601; x_wconf 88' lang='lat' dir='ltr'><strong>humilius</strong></span> <span class='ocrx_word' id='word_1_954' title='bbox 2700 5561 2714 5599; x_wconf 91' lang='lat'><strong>:</strong></span> <span class='ocrx_word' id='word_1_955' title='bbox 2761 5540 3017 5599; x_wconf 76' lang='lat' dir='ltr'><strong>Habentes</strong></span> <span class='ocrx_word' id='word_1_956' title='bbox 3061 5557 3178 5613; x_wconf 81' lang='lat' dir='ltr'><strong>ergo</strong></span> <span class='ocrx_word' id='word_1_957' title='bbox 3225 5541 3524 5611; x_wconf 79' lang='lat' dir='ltr'><strong>pontiﬁcem</strong></span> 
     </span>
    </p>
   </div>
   <div class='ocr_carea' id='block_1_118' title="bbox 2004 5678 3521 5757">
    <p class='ocr_par' dir='ltr' id='par_1_118' title="bbox 2004 5678 3521 5757">
     <span class='ocr_line' id='line_1_118' title="bbox 2004 5678 3521 5757; baseline -0.005 -11"><span class='ocrx_word' id='word_1_958' title='bbox 2004 5697 2077 5757; x_wconf 79' lang='grc' dir='ltr'><strong>(η)</strong></span> <span class='ocrx_word' id='word_1_959' title='bbox 2100 5694 2227 5745; x_wconf 73' lang='lat' dir='ltr'><strong>Hinc</strong></span> <span class='ocrx_word' id='word_1_960' title='bbox 2252 5693 2301 5742; x_wconf 89' lang='lat' dir='ltr'><strong>in</strong></span> <span class='ocrx_word' id='word_1_961' title='bbox 2325 5689 2619 5757; x_wconf 77' lang='lat' dir='ltr'><strong>Colliertino,</strong></span> <span class='ocrx_word' id='word_1_962' title='bbox 2643 5693 2723 5754; x_wconf 86' lang='lat' dir='ltr'><strong>qui</strong></span> <span class='ocrx_word' id='word_1_963' title='bbox 2751 5689 2872 5753; x_wconf 83' lang='lat' dir='ltr'><strong>legit</strong></span> <span class='ocrx_word' id='word_1_964' title='bbox 2898 5687 3175 5752; x_wconf 82' lang='lat' dir='ltr'><strong>terribilem,</strong></span> <span class='ocrx_word' id='word_1_965' title='bbox 3201 5678 3327 5751; x_wconf 76' lang='lat' dir='ltr'><strong>loco,</strong></span> <span class='ocrx_word' id='word_1_966' title='bbox 3364 5690 3521 5747; x_wconf 43' lang='lat' dir='ltr'><strong>nimiis</strong></span> 
     </span>
    </p>
   </div>
   <div class='ocr_carea' id='block_1_119' title="bbox 1944 5753 2648 5823">
    <p class='ocr_par' dir='ltr' id='par_1_119' title="bbox 1944 5753 2648 5823">
     <span class='ocr_line' id='line_1_119' title="bbox 1944 5753 2648 5823; baseline -0.013 -12"><span class='ocrx_word' id='word_1_967' title='bbox 1944 5753 2131 5823; x_wconf 79' lang='lat' dir='ltr'><strong>festam,</strong></span> <span class='ocrx_word' id='word_1_968' title='bbox 2153 5767 2355 5817; x_wconf 78' lang='lat' dir='ltr'><strong>utagnns</strong></span> <span class='ocrx_word' id='word_1_969' title='bbox 2376 5759 2453 5806; x_wconf 84' lang='lat' dir='ltr'><strong>est</strong></span> <span class='ocrx_word' id='word_1_970' title='bbox 2476 5753 2648 5803; x_wconf 81' lang='lat' dir='ltr'><strong>hiatus.</strong></span> 
     </span>
    </p>
   </div>
  </div>
