4064 6590
534 411 603 465 63
1295 411 1354 451 δ.
1394 411 1669 449 "unum
1706 411 2130 442 bllulOUOIua

550 516 788 572 magnum
822 500 907 567 qui
946 492 1219 566 penetrauit
1260 489 1410 543 castos
1446 502 1463 539 :
1500 494 1556 541 et
1594 484 1853 553 majorem
1896 477 2130 534 ostendit

549 610 755 656 curam,
789 606 855 648 eo
880 588 1023 661 quod
1050 600 1144 642 eos
1174 594 1443 651 tamquam
1485 592 1613 633 suos
1647 574 1900 632 defendat
1924 582 1978 627 et
2009 586 2132 641 pro-

551 697 711 755 tegat,
744 698 843 738 nec
867 681 996 735 velit
1031 688 1089 733 ut
1128 676 1226 747 ipsi
1253 672 1463 728 cadant.
1493 669 1624 724 Nam
1653 667 1865 739 Moyses
1889 662 2125 735 quidem,

548 784 741 855 inquit,
772 796 876 835 non
906 780 1180 847 ingressus
1206 780 1291 828 est
1316 772 1369 824 in
1407 767 1672 837 requiem,
1705 764 1819 832 ipse
1845 758 2128 855 autem-est

546 847 819 944 ingressus
848 888 863 924 :
892 877 949 924 et
970 863 1264 937 quomodo,
1288 875 1390 931 ego
1415 859 1614 942 dicam.
1636 853 1791 922 Quod
1817 861 1997 906 autem
2021 847 2130 944 hoc

545 938 805 1032 nusquam
848 957 1114 1030 posuerit,
1150 969 1255 1008 non
1284 961 1370 1006 est
1405 939 1722 1003 admirabile
1749 959 1765 997 :
1799 956 1921 996 nam
1949 938 2035 994 vel
2064 951 2132 991 ne

546 1053 828 1115 videantur
856 1047 1101 1103 invenire
1132 1042 1520 1103 defensionem,
1548 1038 1723 1107 ipsum
1753 1047 1856 1087 una
1884 1044 2132 1099 compre-

548 1141 774 1201 hendit;
806 1138 891 1195 vel
936 1152 1005 1192 ne
1043 1136 1217 1189 virum
1265 1130 1537 1184 videretur
1574 1138 1849 1186 accusare,
1882 1120 1985 1174 hoc
2026 1132 2131 1172 non

549 1233 686 1287 dixit
712 1238 921 1300 aperte.
962 1226 1094 1282 Nam
1122 1226 1190 1287 si,
1237 1236 1358 1277 cum
1402 1217 1534 1274 nihil
1580 1216 1767 1268 horum
1799 1211 1998 1265 dictum
2040 1207 2131 1273 sit,

554 1316 669 1378 huic
690 1299 1039 1391 objicicbant,
1072 1316 1333 1378 dicentes,
1374 1311 1490 1379 ipse
1527 1307 1662 1361 dixit
1690 1303 1952 1358 adversus
1984 1299 2133 1369 Moy-

553 1430 668 1470 sem
709 1422 766 1469 et
805 1412 1063 1466 adversus
1114 1408 1281 1475 legem
1314 1421 1329 1460 :
1359 1401 1525 1457 multo
1570 1398 1759 1467 magis,
1804 1394 1849 1448 si
1887 1393 2132 1471 dixisset,

554 1508 670 1562 Non
696 1516 778 1562 est
804 1503 1122 1565 Palaestina,
1152 1498 1245 1553 sed
1274 1496 1482 1560 cmlum,
1517 1494 1600 1546 his
1626 1490 1825 1558 majora
1849 1486 2136 1540 dixissent.

553 1603 658 1660 Sed
686 1616 790 1656 non
821 1599 1128 1653 universum
1161 1592 1345 1646 tribuit
1372 1585 1658 1648 sacerdoti,
1691 1580 1786 1635 sed
1827 1580 1986 1633 etiam
2017 1590 2137 1646 qua:

554 1713 586 1751 a
617 1694 771 1751 nobis
813 1698 938 1746 sunt
983 1681 1287 1756 prmstanda
1332 1675 1576 1747 requirit,
1620 1669 2014 1726 confessionem
2055 1665 2135 1718 in-

555 1802 737 1858 quam.
798 1780 1049 1836 Habentes
1104 1776 1270 1834 enim.
1319 1767 1511 1839 inquit,
1556 1762 1845 1858 pontificem
1876 1772 2134 1829 magnum,

556 1852 644 1949 qui
690 1873 963 1947 penetravit
1008 1869 1181 1931 caelos,
1237 1862 1416 1917 Jesum
1467 1857 1662 1949 Filium
1713 1852 1831 1949 Dei,
1883 1860 2139 1949 te-netﬂtmus

560 1936 945 2038 confessionem.
995 1960 1291 2035 Quamnam
1340 1950 1469 2005 dicit
1513 1941 1945 2001 confessionem?
1986 1936 2139 2038 Quod

561 2058 633 2112 sit
662 2029 1004 2114 resurrectio,
1024 2029 1177 2119 quod
1202 2046 1271 2099 sit
1301 2038 1681 2102 remuneratio,
1704 2032 1845 2104 quod
1873 2032 2009 2085 bona
2034 2029 2141 2082 sint

563 2144 985 2207 innumerabilia,
1015 2139 1157 2211 quod
1187 2136 1433 2193 Christus
1458 2132 1529 2187 sit
1556 2131 1715 2192 Deus,
1743 2125 1883 2211 qt_iod
1914 2124 1982 2178 sit
2008 2122 2143 2176 fides

563 2144 985 2207 innumerabilia,
1015 2144 1157 2211 quod
1187 2144 1433 2193 Christus
1458 2144 1529 2187 su
1556 2144 1715 2192 ueus,
1743 2144 1883 2285 Ἕνα
1914 2144 1982 2178 sn
2008 2144 2140 2176 nues

563 2248 708 2296 recta
738 2256 751 2292 :
785 2236 901 2291 hmo
927 2232 1299 2292 confiteantur,
1330 2227 1445 2280 hmc
1474 2231 1767 2278 teneamus.
1841 2216 1941 2272 uod
1963 2223 2140 2269 autem

565 2332 683 2385 hmo
706 2344 831 2383 vera
869 2327 997 2392 sint,
1024 2332 1107 2379 est
1145 2320 1483 2391 perspicuum
1515 2331 1581 2371 ex
1622 2329 1687 2369 eo
1714 2311 1858 2383 quod
1902 2312 2045 2365 intus
2074 2308 2144 2363 sit

566 2422 825 2494 pontifex.
869 2419 1009 2488 Ergo
1051 2414 1190 2487 quod
1224 2428 1331 2469 non
1376 2410 1690 2473 excidimus,
1736 2404 2088 2460 confiteantur
2126 2418 2141 2456 :

566 2492 776 2568 etiamsi
806 2525 893 2565 res
922 2522 1026 2563 non
1066 2505 1272 2569 adsint,
1321 2516 1417 2555 nos
1462 2509 1637 2553 tamen
1673 2496 2062 2551 confiteamur:
2095 2492 2143 2546 si

569 2602 731 2659 modo
754 2600 1020 2662 adessent,
1050 2595 1239 2649 falsum
1283 2598 1443 2647 esset.
1487 2586 1843 2655 Quamobrem
1875 2583 1978 2639 hoc
2001 2597 2138 2663 quo:

568 2708 675 2765 que
721 2678 908 2747 verum
954 2696 1039 2742 est
1084 2683 1226 2755 quod
1275 2680 1634 2736 differantur:
1668 2676 1865 2730 etenim
1911 2672 2147 2743 pontifex

569 2794 755 2841 uoster
792 2790 877 2837 est
912 2792 1136 2849 magnus
1166 2794 1181 2829 :
1216 2774 1338 2829 Non
1380 2772 1513 2826 enim
1552 2770 1790 2823 habemus
1826 2766 2147 2835 pontiﬁcem,

569 2877 656 2942 qui
680 2891 783 2929 non
814 2872 968 2942 possit
994 2868 1218 2933 compati
1254 2862 1627 2933 inﬁrmitatibus
1667 2860 1870 2913 nostris.
1900 2857 2016 2911 Non
2046 2865 2147 2919 est,

572 2966 763 3037 inquit,
792 2963 881 3034 qui
910 2976 997 3017 res
1027 2968 1238 3014 nostras
1270 2956 1498 3025 ignoret,
1526 2953 1665 3007 sicut
1694 2948 1843 3004 multi
1875 2946 2151 3017 pontifices

571 3061 663 3131 qui
712 3059 955 3114 nesciunt
1000 3068 1096 3108 eos
1132 3052 1222 3120 qui
1265 3049 1375 3102 sint
1420 3047 1472 3101 in
1521 3042 1922 3106 afflictionibus,
1976 3053 2153 3107 neque

572 3150 829 3223 quidnam
870 3148 940 3203 sit
978 3142 1219 3199 afflictio.
1269 3139 1400 3194 Nam
1445 3136 1583 3207 apud
1630 3134 1875 3189 homines
1902 3131 2015 3186 fieri
2046 3146 2151 3184 non

575 3222 753 3316 potest
778 3250 837 3297 ut
860 3240 1001 3311 ejus,
1034 3236 1122 3307 qui
1165 3234 1323 3289 malis
1348 3240 1592 3293 vexatur,
1636 3227 1777 3281 norit
1815 3222 2150 3280 vexationem

576 3338 622 3392 is
646 3336 735 3406 qui
766 3348 871 3388 non
901 3328 1032 3386 fecit
1070 3324 1391 3398 periculum,
1422 3330 1477 3374 et
1503 3334 1608 3373 non
1647 3315 1856 3372 transiit
1895 3330 1991 3384 per
2028 3328 2153 3367 seno

574 3423 963 3485 sibilia.0mnia
978 3420 1121 3477 enim
1141 3415 1393 3474 sustinuit
1406 3422 1586 3469 nOSter
1604 3408 1835 3482 pontifex
1854 3424 1868 3461 :
1888 3422 2010 3462 nam
2030 3420 2155 3475 pro-

576 3530 761 3591 pterea
790 3516 1019 3587 primum
1047 3508 1317 3572 sustinuit,
1348 3514 1403 3560 et
1428 3514 1553 3559 tunc
1580 3501 1842 3565 ascendit,
1878 3508 1937 3553 ut
1977 3505 2158 3567 posset

577 3588 971 3667 commiserari.
1020 3603 1288 3657 Tentatum
1316 3608 1485 3651 autem
1515 3611 1604 3665 per
1632 3592 1803 3647 omnia
1847 3607 1940 3661 pro
1981 3588 2161 3643 simili-

524 3700 532 3720 ⁴
582 3703 756 3759 tudine
778 3698 961 3767 absque
986 3701 1211 3765 peccato.
1245 3688 1375 3744 Vide
1396 3684 1665 3758 quomodo
1691 3684 1851 3739 etiam
1878 3695 2036 3769 supra
2064 3694 2159 3749 po-

586 3802 716 3864 suit,
746 3798 945 3861 Simile,
977 3802 1032 3850 et
1055 3792 1163 3860 hic,
1200 3788 1304 3844 Pro
1330 3784 1682 3843 similitudine.
1710 3782 1821 3837 lloc
1845 3790 1950 3847 est,
1979 3792 2166 3850 passus

586 3900 671 3947 est
700 3887 1191 3960 persequutionem,
1234 3880 1332 3935 fuit
1369 3885 1684 3945 consputus,
1711 3881 2011 3937 accusatus,
2042 3870 2172 3926 irri-

589 3999 704 4049 sus,
756 3978 1040 4036 calumniis
1086 3974 1375 4044 appetitus,
1430 3969 1656 4038 eiectus,
1705 3973 1980 4036 postremo
2025 3962 2172 4018 cruci

590 4077 805 4132 afﬁxus.
838 4071 943 4126 Pro
984 4056 1317 4125 similitudine
1358 4061 1542 4132 absque
1592 4069 1817 4130 peccato.
1871 4056 1969 4112 Hic
2010 4055 2172 4110 etiam

583 4158 736 4221 aliud
767 4162 1089 4225 subindicat,
1123 4172 1315 4227 nempe
1339 4154 1482 4226 quod
1515 4152 1627 4207 fieri
1654 4158 1850 4222 potest,
1881 4158 1937 4204 ut
1974 4148 2063 4220 qui
2090 4156 2176 4203 est

594 4259 647 4313 in
677 4252 1075 4316 afﬂictionibus,
1107 4264 1199 4305 cas
1227 4246 1461 4319 perferat
1483 4245 1685 4314 absque
1711 4252 1945 4312 peccato.
1968 4241 2165 4309 Quam-

594 4347 780 4401 obrem
812 4344 970 4410 etiam
996 4340 1210 4413 quando
1236 4339 1386 4403 dicit,
1414 4335 1479 4390 In
1500 4334 1829 4390 similitudine
1852 4334 2037 4399 carnis,
2068 4346 2175 4386 non

594 4436 701 4493 hoc
724 4436 874 4502 dicit,
902 4434 1043 4505 quod
1077 4430 1345 4502 acceperit
1386 4427 1564 4483 carnis
1605 4425 2031 4488 similitudinem,
2076 4422 2173 4478 sed

596 4544 835 4585 carnem.
876 4528 982 4582 Cur
1010 4539 1140 4595 ergo
1180 4521 1332 4588 dixit,
1381 4520 1449 4574 In
1498 4518 1871 4573 similitudine?
1912 4515 2173 4583 Quoniam

597 4620 731 4675 dixit
761 4618 830 4674 de
872 4632 1033 4674 carne
1075 4613 1375 4685 peccatrice
1408 4628 1423 4666 :
1454 4621 1570 4667 erat
1612 4610 1755 4665 enim
1788 4618 1987 4663 nostra:
2021 4607 2175 4661 simi-

598 4713 683 4769 lis.
733 4710 865 4766 Nam
914 4716 1101 4763 natura
1154 4704 1371 4777 quidem
1418 4711 1536 4758 erat
1584 4701 1771 4756 eadem
1810 4715 1930 4770 qum
1970 4707 2177 4766 nostra,

599 4811 817 4875 peccato
844 4809 1023 4857 autem
1051 4810 1385 4867 nequaquam
1415 4792 1622 4847 eadem.
1656 4792 1742 4847 l6.
1770 4790 2023 4845 Adeamus
2062 4804 2181 4859 ergo

597 4912 712 4950 cum
742 4893 928 4963 ﬁducia
956 4892 1024 4944 ad
1051 4891 1291 4944 thronum
1327 4885 1510 4958 gratia!
1534 4887 1665 4956 ejus,
1698 4893 1751 4936 ut
1779 4882 2180 4936 misericordiam

597 4998 977 5053 consequamur,
1010 4990 1059 5035 et
1085 4980 1301 5050 gratiam
1327 4976 1638 5030 inveniamus
1675 4976 1729 5027 in
1762 4975 1955 5027 auxilio
1992 4988 2182 5044 appor-

598 5088 742 5131 tuno.
774 5076 1069 5142 Quemnam
1097 5072 1225 5126 dicit
1251 5070 1503 5124 thronum
1533 5069 1761 5138 gratim?
1786 5068 2061 5122 Thronum
2090 5082 2180 5123 reo

599 5169 764 5237 gium,
812 5163 879 5220 de
923 5178 1031 5234 quo
1074 5162 1248 5217 dicit:
1280 5160 1424 5215 Dixit
1463 5160 1712 5214 Dominus
1759 5160 1977 5215 Domino
2026 5176 2183 5216 meo:

602 5258 793 5314 Sedea
819 5256 1012 5311 dextris
1042 5253 1188 5319 meis,
1228 5251 1387 5306 donec
1428 5267 1615 5321 ponam
1654 5252 1885 5306 inimicos
1924 5260 2033 5306 tuos
2071 5267 2185 5306 sca-

602 5351 789 5404 bellum
819 5347 1005 5417 pedum
1038 5353 1240 5398 tuorum
1276 5341 1449 5414 (Psal.
1479 5342 1601 5398 i09.
1634 5342 1713 5414 1).
1748 5344 1827 5398 Ac
1869 5343 1911 5398 si
1954 5344 2179 5409 diceret,

603 5442 875 5497 Adeamus
898 5452 1020 5494 cum
1050 5436 1266 5501 fiducia,
1296 5435 1546 5507 quoniam
1581 5436 1838 5491 habemus
1873 5435 2183 5506 pontificem

606 5534 734 5589 nulli
778 5541 1000 5603 peccato
1028 5529 1242 5585 affinem
1265 5569 1281 5597 ,
1317 5528 1406 5600 qui
1450 5529 1723 5605 superavit
1749 5528 1933 5583 orbem
1979 5538 2135 5583 terrm
2170 5546 2183 5583 :

605 5626 855 5694 Conﬁdite
883 5624 1044 5691 enim,
1092 5624 1279 5694 inquit,
1311 5639 1402 5693 ego
1446 5623 1540 5675 vici
1587 5622 1830 5676 mundum
1868 5620 2049 5691 (Joan.
2097 5621 2183 5678 lli.

608 5716 724 5782 35).
750 5715 860 5771 lloc
880 5700 1031 5773 cnim
1056 5724 1159 5783 est,
1189 5715 1366 5769 omnia
1394 5729 1514 5769 esse
1546 5696 1782 5783 passum,
1812 5712 2063 5767 mundum
2095 5728 2190 5769 au-

612 5819 718 5865 tcm
746 5821 867 5865 esse
894 5822 921 5860 a
953 5814 1191 5878 peccato.
1218 5805 1354 5874 Etsi,
1388 5804 1580 5875 inquit,
1605 5819 1702 5863 nos
1727 5819 1911 5862 sumus
1934 5804 2035 5861 sub
2062 5820 2186 5875 pec-

1294 396 1354 451 S.
1394 389 1669 449 JOANNIS
1706 374 2175 442 CHRYSOSTOSII
2206 370 2521 429 ARCIIIEP.
2560 366 3091 424 CONSTANTINOP.
3754 372 3819 432 δέ

2252 462 2394 519 cato,
2414 461 2470 507 et
2482 456 2593 523 ipse
2606 461 2786 508 tamen
2806 468 2911 508 non
2924 463 3007 507 est
3028 465 3246 523 peccato
3260 457 3546 527 obnoxius,
3565 472 3818 529 ῳιοιιιυιιο

2240 561 2558 617 accedamus
2607 579 2730 619 cum
2782 564 3025 619 fiducia?
3079 565 3231 621 Nunc
3275 574 3357 621 est
3414 566 3569 622 sedes
3620 570 3812 637 gratim,

2253 670 2357 708 non
2380 654 2535 710 sedes
2556 656 2764 726 judicii.
3352 685 3363 693 ι
3652 682 3655 683 ⁷

2318 748 2669 803 Misericordia
2704 749 2800 803 Dei
2828 751 3018 803 donum
3048 749 3462 821 regale.--ldeo
3498 749 3818 818 Accedimus,

2246 838 2435 910 inquit,
2464 856 2580 893 cum
2606 840 2817 908 ﬁducia,
2859 850 2914 893 ut
2939 842 3248 911 accipiamus
3276 842 3673 895 misericordiam
3701 858 3814 909 qun-

2244 930 2342 985 lem
2365 932 2655 996 quaerimus.
2699 931 3074 986 Munificentim
3101 934 3243 987 enim
3273 948 3359 987 res
3385 942 3487 999 est,
3512 932 3710 987 donum
3743 949 3809 985 re-

2243 1024 2378 1093 gale.
2406 1022 2472 1077 Et
2486 1025 2703 1094 gratiam
2726 1024 3038 1078 inveniamus
3064 1025 3117 1077 in
3136 1025 3327 1077 auxilio
3354 1033 3662 1094 opportuno.
3690 1023 3824 1078 Bene

2244 1115 2391 1179 dicit,
2440 1115 2509 1170 In
2549 1116 2743 1171 auxilio
2771 1126 3076 1186 Opportuna.
3106 1117 3162 1173 Si
3193 1133 3351 1182 nunc,
3385 1118 3575 1188 inquit,
3610 1118 3822 1181 adieris,

2244 1207 2475 1276 accipies
2520 1218 2571 1263 et
2625 1209 2849 1277 gratiam
2906 1219 2961 1263 et
3013 1209 3472 1275 miscricordiam;
3524 1221 3824 1280 opportune

2246 1314 2477 1369 namque
2521 1300 2732 1356 accedis
2775 1318 2788 1353 :
2831 1302 2913 1357 sin
2965 1311 3142 1357 autem
3194 1312 3320 1357 tunc
3357 1301 3577 1365 adieris,
3626 1317 3826 1372 nequa~

2245 1406 2445 1461 quam;
2492 1393 2831 1463 importunus
2870 1395 3011 1449 enim
3056 1404 3137 1449 est
3172 1406 3297 1449 tunc
3340 1395 3555 1457 aditus;
3602 1410 3711 1466 non
3754 1402 3832 1448 est

2245 1482 2390 1536 enim
2420 1491 2545 1538 tunc
2575 1482 2804 1538 thronus
2838 1486 3043 1555 gratim.
3084 1486 3330 1555 ansque
3376 1486 3517 1539 enim
3559 1496 3639 1539 est
3678 1484 3831 1540 sedes

2245 1573 2451 1643 gratim,
2481 1590 2758 1645 quousque
2790 1576 2943 1631 sedet
2983 1576 3093 1631 Rex
3136 1576 3271 1631 dans
3312 1577 3537 1647 gratiam
3571 1594 3585 1635 :
3618 1577 3833 1647 quando

2247 1675 2426 1720 autem
2456 1676 2538 1721 est
2562 1669 2976 1732 consummatio,
3004 1678 3129 1723 tunc
3155 1670 3418 1723 excitatur
3446 1670 3509 1723 ad
3528 1670 3789 1739 judicium
3818 1687 3830 1723 :

2248 1755 2483 1828 Exsurge
2510 1760 2677 1824 enim,
2712 1758 2905 1829 inquit,
2935 1759 3092 1826 Deus,
3119 1760 3293 1827 iudica
3322 1771 3508 1815 terram
3538 1761 3714 1832 (Psal.
3748 1764 3834 1816 8!.

2250 1847 2283 1902 8
2310 1850 2348 1916 ).
2382 1848 2538 1903 Aliud
2566 1850 2727 1905 etiam
2759 1850 3044 1905 dicendum
3080 1861 3180 1906 est.
3204 1852 3476 1916 Adeamus,
3507 1854 3701 1923 inquit,
3722 1871 3835 1907 cum

2251 1940 2477 2010 ﬁducia;
2506 1941 2557 1995 id
2585 1951 2688 2007 est,
2719 1942 2918 1995 nullius
2948 1944 3023 1998 rei
3069 1945 3225 1998 malm
3265 1945 3420 1999 nobis
3463 1947 3685 2012 conscii,
3732 1963 3836 2001 non

2248 2033 2559 2088 dubitantes
2590 2048 2605 2086 :
2637 2050 2759 2088 nam
2783 2035 2870 2104 qui
2902 2044 2985 2089 est
3009 2036 3295 2101 ejusmodi,
3330 2053 3433 2091 non
3464 2048 3639 2107 potest
3678 2054 3836 2092 acce-

2249 2125 2377 2181 dere
2406 2141 2529 2180 cnm
2560 2126 2772 2180 fiducia.
2806 2125 2929 2181 Ideo
2970 2126 3094 2181 alihi
3134 2144 3347 2199 quoque
3388 2129 3555 2183 dicit:
3589 2129 3842 2200 Tempore

2251 2230 2537 2289 opportuno
2563 2218 2800 2273 exaudiri
2827 2228 2894 2285 te,
2928 2228 2973 2273 et
3004 2220 3057 2273 in
3085 2220 3167 2273 die
3194 2222 3372 2275 salutis
3398 2222 3575 2291 adjuvi
3602 2233 3650 2277 te
3680 2222 3732 2292 (1
3740 2242 3815 2277 sa.

2250 2315 2341 2370 49.
2375 2312 2453 2384 8).
2500 2312 2632 2368 Nam
2662 2313 2803 2382 quod
2850 2329 2993 2369 nunc
3032 2330 3243 2384 quoque
3286 2317 3375 2386 qui
3420 2327 3534 2387 post
3566 2318 3842 2373 lavacrum

2252 2414 2497 2476 peccant,
2543 2405 2821 2460 inveniant
2864 2406 3258 2476 pmnitcntiam,
3289 2417 3371 2463 est
3400 2409 3601 2478 gratim.
3631 2409 3710 2465 Ne
3749 2426 3842 2463 au-

2255 2509 2362 2555 tem
2389 2498 2616 2554 audiens
2644 2498 2975 2568 pontificem,
3008 2498 3286 2554 existimes
3310 2515 3433 2555 eum
3458 2508 3620 2563 stare,
3660 2502 3843 2554 statim

2254 2590 2401 2648 ducit
2427 2590 2493 2646 ad
2520 2589 2702 2645 sedem
2733 2607 2747 2643 :
2782 2588 3035 2644 sacerdos
3059 2599 3239 2645 autem
3264 2605 3368 2644 non
3398 2590 3567 2657 sedet,
3593 2591 3688 2645 sed
3712 2601 3845 2645 stat.

2258 2682 2421 2739 Vides
2446 2682 2722 2754 quoniam,
2753 2680 2895 2752 quod
2922 2682 3091 2737 factus
3116 2683 3185 2737 sit
3215 2682 3472 2752 pontifex,
3503 2697 3607 2736 non
3640 2693 3721 2736 est
3746 2698 3845 2736 na-

2267 2791 2420 2849 turae,
2470 2784 2564 2837 sed
2608 2784 2792 2851 gratim
2838 2794 2891 2839 et
2936 2785 3277 2839 demissionis
3323 2794 3378 2838 et
3419 2782 3848 2838 exinanitionis?

2267 2873 2378 2929 Hoc
2404 2875 2559 2930 nobis
2585 2892 2795 2947 quoque
2834 2887 3191 2948 opportunum
3222 2887 3305 2931 est
3334 2876 3532 2943 dicere,
3575 2876 3850 2932 Adeamus

2267 2979 2388 3019 cum
2421 2964 2613 3020 ﬁducia
2643 2975 2888 3037 petentes
2918 2985 2931 3022 :
2965 2966 3322 3023 solumJidem
3352 2966 3659 3030 offeramus,
3682 2977 3737 3021 et
3758 2967 3851 3021 dat

2267 3056 2467 3112 omnia.
2495 3055 2650 3112 Nunc
2674 3068 2762 3113 est
2787 3067 2996 3128 tempus
3033 3058 3180 3125 doni,
3213 3074 3369 3115 nemo
3394 3058 3461 3114 dc
3489 3074 3547 3114 se
3571 3058 3847 3128 deSperet.

2269 3145 2419 3200 Tunc
2444 3156 2525 3202 est
2551 3156 2759 3217 tempus
2785 3149 3195 3219 desperationis,
3220 3150 3433 3221 quando
3453 3149 3665 3204 clausus
3688 3149 3853 3205 fuerit

2271 3237 2554 3307 thalamus,
2586 3239 2797 3311 quando
2827 3240 2940 3296 Rex
2968 3240 3129 3297 fuerit
3168 3241 3441 3312 ingressus
3477 3241 3543 3295 ad
3586 3241 3852 3297 videndos

2270 3344 2363 3383 eos
2400 3330 2489 3399 qui
2530 3331 2869 3398 accumbunt,
2917 3332 3130 3401 quando
3171 3333 3321 3387 sinus
3361 3332 3677 3402 patriarcha:
3720 3342 3853 3386 sunt

2270 3423 2539 3492 accepturi
2582 3438 2676 3479 eos
2712 3424 2802 3494 qui
2855 3424 2920 3478 iis
2964 3432 3090 3479 sunt
3135 3424 3383 3495 dignandi
3426 3441 3439 3479 :
3484 3438 3627 3478 nunc
3666 3433 3852 3479 autem

2275 3514 2508 3569 nondum
2542 3531 2556 3567 :
2588 3514 2764 3570 adhuc
2787 3516 2929 3571 enim
2971 3515 3215 3570 consistit
3242 3515 3528 3582 theatrum,
3558 3513 3735 3569 adhuc
3763 3514 3851 3569 in-

2271 3616 2377 3661 stat
2404 3616 2695 3673 certamen,
2725 3607 2900 3663 adhuc
2928 3610 3123 3679 pendet
3151 3609 3452 3680 prmmium.

2340 3701 2399 3755 3.
2437 3700 2775 3756 Festinamus
2800 3713 2928 3771 ergo
2958 3717 2971 3753 :
3004 3700 3202 3756 Paulus
3227 3701 3368 3756 enim
3392 3699 3540 3765 dicit,
3567 3699 3657 3754 Sic
3675 3715 3847 3767 curro,

2272 3809 2372 3846 non
2398 3793 2545 3862 quasi
2573 3792 2625 3846 in
2646 3792 2892 3847 incertum
2919 3792 2995 3865 (l.
3026 3791 3147 3847 Cor.
3174 3792 3227 3847 9.
3255 3793 3371 3862 26).
3394 3791 3563 3847 Cursu
3590 3806 3724 3861 Opus
3744 3802 3854 3858 est,

2274 3899 2447 3955 eoque
2471 3883 2795 3940 vehementi.
2827 3884 2929 3952 Qui
2956 3883 3145 3949 currit,
3175 3883 3381 3938 nullum
3409 3882 3550 3938 videt
3573 3898 3640 3937 ex
3671 3882 3854 3936 omni-

2276 3976 2391 4043 bus,
2421 3978 2630 4032 etiamsi
2670 3976 2997 4047 ingrediatur
3030 3991 3128 4047 per
3157 3986 3330 4047 prata,
3372 3974 3582 4030 etiamsi
3614 3990 3708 4044 per
3734 3974 3853 4030 loca

2274 4066 2422 4122 arida
2449 4075 2503 4123 ct
2532 4081 2721 4138 aspera
2752 4083 2765 4119 :
2796 4063 2888 4137 qui
2935 4069 3124 4132 currit,
3154 4082 3260 4121 non
3304 4066 3495 4135 aspicit
3527 4065 3593 4120 ad
3638 4076 3854 4134 specta-

2277 4168 2439 4224 tores,
2466 4157 2562 4213 sed
2591 4156 2658 4213 ad
2690 4158 2965 4228 prmmium
2991 4174 3006 4223 ;
3036 4157 3246 4212 etiamsi
3277 4156 3385 4211 sint
3407 4156 3619 4222 divites,
3656 4155 3852 4210 etiam-

2275 4250 2320 4305 si
2366 4264 2648 4321 pauperes,
2702 4249 2911 4305 ctiamsi
2964 4251 3083 4317 quis
3124 4250 3363 4313 irrideat,
3400 4248 3606 4303 etiamsi
3651 4247 3853 4315 laudet,

2276 4341 2483 4397 etiamsi
2510 4341 2832 4396 contumelia
2861 4340 3073 4405 afficiat,
3104 4340 3310 4395 etiamsi
3333 4340 3593 4410 lapidibus
3618 4349 3851 4410 appetat,

2276 4434 2486 4489 etiamsi
2510 4432 2728 4490 domum
2752 4433 2987 4505 diripiat,
3015 4432 3223 4488 etiamsi
3246 4431 3440 4488 viderit
3464 4432 3621 4497 ﬁlios,
3644 4431 3855 4487 etiamsi

2278 4541 2525 4592 uxorem,
2555 4527 2765 4582 etiamsi
2795 4526 3092 4597 quodlibet,
3121 4541 3227 4582 non
3248 4526 3537 4591 avertitur;
3562 4525 3611 4579 in
3642 4524 3743 4579 hoc
3768 4540 3859 4581 so-

2279 4617 2387 4672 lum
2416 4628 2497 4673 est
2523 4628 2581 4673 ut
2613 4627 2816 4686 currat,
2847 4627 2905 4673 ut
2940 4619 3214 4688 prmmium
3252 4617 3498 4689 accipiat.
3534 4617 3632 4684 Qui
3665 4616 3857 4681 currit,

2279 4724 2540 4779 nusquam
2585 4718 2687 4765 stat
2723 4727 2736 4763 :
2768 4725 2890 4764 nam
2938 4711 2981 4765 si
3026 4710 3113 4765 vel
3160 4724 3344 4780 parum
3397 4709 3575 4781 segnis
3606 4708 3760 4763 fuerit
3803 4718 3859 4763 et

2278 4801 2455 4868 deses,
2483 4809 2651 4856 totum
2681 4801 2884 4871 perdet.
2907 4801 3005 4869 Qui
3030 4801 3216 4865 currit,
3260 4816 3364 4854 non
3390 4800 3561 4854 solum
3597 4798 3726 4854 nihil
3764 4813 3857 4854 re-

2281 4894 2441 4948 mittit
2476 4903 2603 4948 ante
2643 4892 2827 4959 finem,
2872 4891 2966 4947 sed
2996 4891 3159 4947 etiam
3191 4900 3316 4946 tunc
3358 4889 3587 4945 maxime
3634 4904 3852 4944 cursum

2281 4985 2525 5040 intendit.
2573 4984 2686 5040 Hoc
2723 5000 2754 5039 a
2797 4999 2883 5039 me
2904 4982 3101 5039 dictum
3123 4991 3203 5037 est
3231 4982 3297 5035 ad
3325 4996 3417 5037 eos
3440 4981 3527 5051 qui
3557 4979 3757 5047 dicunt,
3800 4980 3857 5034 ln

2278 5079 2553 5150 juventute
2578 5092 2677 5132 nos
2713 5076 3069 5140 exercuimus,
3096 5075 3149 5128 in
3182 5072 3856 5144 juventutejejunavimus,

2285 5186 2426 5227 nunc
2451 5168 2850 5225 consenuimns.
2894 5167 3047 5222 Nunc
3089 5166 3319 5220 maxime
3360 5173 3572 5235 oportet
3604 5163 3859 5233 pietatem

2286 5262 2581 5318 intendere.
2625 5259 2703 5315 Ne
2742 5259 2870 5314 mihi
2920 5273 3202 5314 enumeres
3247 5272 3366 5326 qum
3409 5256 3535 5309 olim
3561 5262 3673 5309 ate
3714 5263 3860 5308 recte

2286 5364 2410 5411 sunt
2436 5362 2583 5425 gusta
2609 5371 2623 5419 ;
2659 5369 2799 5408 nunc
2827 5361 2877 5407 te
2904 5351 3081 5422 prmbe
3106 5350 3358 5420 juvenem
3384 5348 3772 5419 florentemque
3809 5356 3865 5402 et

2288 5458 2555 5516 vegetum.
2586 5444 2715 5499 Nam
2744 5445 2974 5499 maxime
2999 5442 3213 5513 quidem
3240 5441 3328 5511 qui
3356 5439 3691 5509 corporalem
3722 5438 3866 5493 hunc

2288 5541 2455 5595 currit
2492 5555 2729 5604 cursum,
2774 5548 3052 5608 postquam
3101 5551 3223 5592 eum
3265 5534 3683 5606 apprehenderit
3718 5535 3865 5587 cani-

2293 5632 2411 5700 ties,
2450 5647 2556 5686 non
2593 5640 2770 5702 potest
2816 5643 2966 5700 mque
3011 5642 3228 5684 currere
3274 5646 3286 5682 :
3330 5642 3452 5681 nam
3497 5626 3751 5697 quidquid
3782 5636 3865 5681 est

2266 5724 2620 5793 -tertamiiiis,
2645 5730 2729 5780 est
2757 5723 2807 5777 in
2836 5736 3079 5790 corpore.

2360 5827 2516 5887 Scncs
2547 5838 2599 5883 ut
2619 5829 2828 5899 juvenes
2858 5841 3055 5882 currere
3083 5822 3256 5878 debent
3286 5822 3335 5874 in
3367 5819 3445 5875 via
3472 5816 3665 5873 salutis.
3688 5843 3755 5856 --
3778 5811 3860 5869 Tu
