  <div class='ocr_page' id='page_1' title='image "/cluster/home/n/w/nwhite01/storage/ocr_20150623/63/hvd.32044013655725/072.png"; bbox 0 0 4064 6590; ppageno 0'>
   <div class='ocr_carea' id='block_1_1' title="bbox 245 425 3518 495">
    <p class='ocr_par' dir='ltr' id='par_1_1' title="bbox 245 425 3518 495">
     <span class='ocr_line' id='line_1_1' title="bbox 245 425 3518 495; baseline 0.002 -16"><span class='ocrx_word' id='word_1_1' title='bbox 245 429 302 485; x_wconf 74' lang='lat'><em>63</em></span> <span class='ocrx_word' id='word_1_2' title='bbox 1054 425 1117 481; x_wconf 79' lang='lat' dir='ltr'>IN</span> <span class='ocrx_word' id='word_1_3' title='bbox 1159 425 1381 483; x_wconf 80' lang='lat' dir='ltr'>EPIST.</span> <span class='ocrx_word' id='word_1_4' title='bbox 1413 427 1505 482; x_wconf 80' lang='lat' dir='ltr'>AD</span> <span class='ocrx_word' id='word_1_5' title='bbox 1544 426 1915 485; x_wconf 67' lang='lat' dir='ltr'>HEBBEOS.</span> <span class='ocrx_word' id='word_1_6' title='bbox 1957 428 2110 484; x_wconf 80' lang='lat' dir='ltr'>CAP.</span> <span class='ocrx_word' id='word_1_7' title='bbox 2153 428 2243 485; x_wconf 80' lang='lat' dir='ltr'>IV.</span> <span class='ocrx_word' id='word_1_8' title='bbox 2278 429 2514 486; x_wconf 77' lang='lat' dir='ltr'>IIOMIL.</span> <span class='ocrx_word' id='word_1_9' title='bbox 2552 429 2667 486; x_wconf 72' lang='lat' dir='ltr'>VII.</span> <span class='ocrx_word' id='word_1_10' title='bbox 3445 439 3518 495; x_wconf 60' lang='grc'>64</span> 
     </span>
    </p>
   </div>
   <div class='ocr_carea' id='block_1_2' title="bbox 243 534 1820 612">
    <p class='ocr_par' dir='ltr' id='par_1_2' title="bbox 243 534 1820 612">
     <span class='ocr_line' id='line_1_2' title="bbox 243 534 1820 612; baseline 0.001 -21"><span class='ocrx_word' id='word_1_11' title='bbox 243 538 345 592; x_wconf 75' lang='grc' dir='ltr'>ὁδὸν</span> <span class='ocrx_word' id='word_1_12' title='bbox 371 538 442 608; x_wconf 76' lang='grc' dir='ltr'>ἢν</span> <span class='ocrx_word' id='word_1_13' title='bbox 489 537 591 589; x_wconf 75' lang='grc' dir='ltr'>καὶ</span> <span class='ocrx_word' id='word_1_14' title='bbox 622 537 793 606; x_wconf 75' lang='grc' dir='ltr'>ἡμεῖς</span> <span class='ocrx_word' id='word_1_15' title='bbox 829 534 946 598; x_wconf 88' lang='grc' dir='ltr'>νῦν,</span> <span class='ocrx_word' id='word_1_16' title='bbox 980 537 1182 609; x_wconf 80' lang='grc' dir='ltr'>μᾶλλον</span> <span class='ocrx_word' id='word_1_17' title='bbox 1225 542 1282 594; x_wconf 77' lang='grc' dir='ltr'>δὲ</span> <span class='ocrx_word' id='word_1_18' title='bbox 1322 542 1416 596; x_wconf 80' lang='grc' dir='ltr'>καὶ</span> <span class='ocrx_word' id='word_1_19' title='bbox 1447 541 1820 612; x_wconf 78' lang='grc' dir='ltr'>τραχυτέραν·</span> 
     </span>
    </p>
   </div>
   <div class='ocr_carea' id='block_1_3' title="bbox 243 619 1829 696">
    <p class='ocr_par' dir='ltr' id='par_1_3' title="bbox 243 619 1829 696">
     <span class='ocr_line' id='line_1_3' title="bbox 243 619 1829 696; baseline 0.001 -23"><span class='ocrx_word' id='word_1_20' title='bbox 243 623 446 674; x_wconf 84' lang='grc' dir='ltr'>πάντων</span> <span class='ocrx_word' id='word_1_21' title='bbox 483 621 603 690; x_wconf 81' lang='grc' dir='ltr'>γάρ</span> <span class='ocrx_word' id='word_1_22' title='bbox 641 619 806 672; x_wconf 76' lang='grc' dir='ltr'>ἔλαϐε</span> <span class='ocrx_word' id='word_1_23' title='bbox 837 619 947 673; x_wconf 87' lang='grc' dir='ltr'>τῶν</span> <span class='ocrx_word' id='word_1_24' title='bbox 975 621 1339 692; x_wconf 76' lang='grc' dir='ltr'>ἀνθρωπίνων</span> <span class='ocrx_word' id='word_1_25' title='bbox 1389 628 1609 696; x_wconf 87' lang='grc' dir='ltr'>πεῖραν.</span> <span class='ocrx_word' id='word_1_26' title='bbox 1661 620 1829 677; x_wconf 75' lang='grc' dir='ltr'>Εἶπεν</span> 
     </span>
    </p>
   </div>
   <div class='ocr_carea' id='block_1_4' title="bbox 242 702 1829 778">
    <p class='ocr_par' dir='ltr' id='par_1_4' title="bbox 242 702 1829 778">
     <span class='ocr_line' id='line_1_4' title="bbox 242 702 1829 778; baseline 0.001 -21"><span class='ocrx_word' id='word_1_27' title='bbox 242 706 362 758; x_wconf 70' lang='grc' dir='ltr'>ἐκεῖ·</span> <span class='ocrx_word' id='word_1_28' title='bbox 393 703 521 757; x_wconf 77' lang='grc' dir='ltr'>οὐκ</span> <span class='ocrx_word' id='word_1_29' title='bbox 551 702 690 756; x_wconf 82' lang='grc' dir='ltr'>ἐστι</span> <span class='ocrx_word' id='word_1_30' title='bbox 717 703 920 770; x_wconf 80' lang='grc' dir='ltr'>κτίσις</span> <span class='ocrx_word' id='word_1_31' title='bbox 949 704 1192 774; x_wconf 67' lang='grc' dir='ltr'>ἀφανὴς</span> <span class='ocrx_word' id='word_1_32' title='bbox 1215 707 1474 762; x_wconf 75' lang='grc' dir='ltr'>ἐνώπιον</span> <span class='ocrx_word' id='word_1_33' title='bbox 1497 707 1710 774; x_wconf 84' lang='grc' dir='ltr'>αὐτοῦ,</span> <span class='ocrx_word' id='word_1_34' title='bbox 1727 707 1829 778; x_wconf 83' lang='grc' dir='ltr'>τὴν</span> 
     </span>
    </p>
   </div>
   <div class='ocr_carea' id='block_1_5' title="bbox 242 783 1830 863">
    <p class='ocr_par' dir='ltr' id='par_1_5' title="bbox 242 783 1830 863">
     <span class='ocr_line' id='line_1_5' title="bbox 242 783 1830 863; baseline 0.001 -23"><span class='ocrx_word' id='word_1_35' title='bbox 242 786 461 855; x_wconf 85' lang='grc' dir='ltr'>θεότητα</span> <span class='ocrx_word' id='word_1_36' title='bbox 495 783 614 858; x_wconf 74' lang='grc'><strong>[741</strong></span> <span class='ocrx_word' id='word_1_37' title='bbox 643 786 1040 857; x_wconf 79' lang='grc' dir='ltr'>αἰνιττόμενος.</span> <span class='ocrx_word' id='word_1_38' title='bbox 1078 785 1235 854; x_wconf 76' lang='grc' dir='ltr'>Εἶτα,</span> <span class='ocrx_word' id='word_1_39' title='bbox 1272 791 1464 863; x_wconf 78' lang='grc' dir='ltr'>ἐπειδὴ</span> <span class='ocrx_word' id='word_1_40' title='bbox 1493 793 1594 862; x_wconf 83' lang='grc' dir='ltr'>τῆς</span> <span class='ocrx_word' id='word_1_41' title='bbox 1623 789 1830 863; x_wconf 79' lang='grc' dir='ltr'>σαρκὸς</span> 
     </span>
    </p>
   </div>
   <div class='ocr_carea' id='block_1_6' title="bbox 239 868 1831 944">
    <p class='ocr_par' dir='ltr' id='par_1_6' title="bbox 239 868 1831 944">
     <span class='ocr_line' id='line_1_6' title="bbox 239 868 1831 944; baseline 0.001 -21"><span class='ocrx_word' id='word_1_42' title='bbox 239 869 557 932; x_wconf 77' lang='grc' dir='ltr'>ἐπελάϐετο,</span> <span class='ocrx_word' id='word_1_43' title='bbox 575 868 1201 943; x_wconf 81' lang='grc' dir='ltr'>συγκαταϐατικώτερον</span> <span class='ocrx_word' id='word_1_44' title='bbox 1223 873 1384 928; x_wconf 89' lang='grc' dir='ltr'>πάλιν</span> <span class='ocrx_word' id='word_1_45' title='bbox 1404 873 1717 944; x_wconf 82' lang='grc' dir='ltr'>διαλέγεται</span> <span class='ocrx_word' id='word_1_46' title='bbox 1749 872 1831 925; x_wconf 65' lang='lat'><em>16-</em></span> 
     </span>
    </p>
   </div>
   <div class='ocr_carea' id='block_1_7' title="bbox 237 947 1832 1026">
    <p class='ocr_par' dir='ltr' id='par_1_7' title="bbox 237 947 1832 1026">
     <span class='ocr_line' id='line_1_7' title="bbox 237 947 1832 1026; baseline 0.006 -26"><span class='ocrx_word' id='word_1_47' title='bbox 237 966 370 1017; x_wconf 82' lang='grc' dir='ltr'>γων·</span> <span class='ocrx_word' id='word_1_48' title='bbox 410 954 708 1020; x_wconf 81' lang='grc' dir='ltr'>Ἔχοντες</span> <span class='ocrx_word' id='word_1_49' title='bbox 732 947 850 1006; x_wconf 86' lang='grc' dir='ltr'>οὖν</span> <span class='ocrx_word' id='word_1_50' title='bbox 869 952 1150 1021; x_wconf 81' lang='grc' dir='ltr'>ἀρχιερέα</span> <span class='ocrx_word' id='word_1_51' title='bbox 1167 953 1382 1026; x_wconf 74' lang='grc' dir='ltr'>μέγαν,</span> <span class='ocrx_word' id='word_1_52' title='bbox 1426 957 1832 1025; x_wconf 69' lang='grc' dir='ltr'>διεληλυθότα</span> 
     </span>
    </p>
   </div>
   <div class='ocr_carea' id='block_1_8' title="bbox 235 1032 1830 1112">
    <p class='ocr_par' dir='ltr' id='par_1_8' title="bbox 235 1032 1830 1112">
     <span class='ocr_line' id='line_1_8' title="bbox 235 1032 1830 1112; baseline 0.004 -26"><span class='ocrx_word' id='word_1_53' title='bbox 235 1033 369 1095; x_wconf 83' lang='grc' dir='ltr'>τοὺς</span> <span class='ocrx_word' id='word_1_54' title='bbox 397 1032 738 1101; x_wconf 78' lang='grc' dir='ltr'>οὐρανούς·</span> <span class='ocrx_word' id='word_1_55' title='bbox 774 1036 870 1086; x_wconf 72' lang='grc' dir='ltr'>καὶ</span> <span class='ocrx_word' id='word_1_56' title='bbox 906 1036 1135 1105; x_wconf 75' lang='grc' dir='ltr'>μείζονα</span> <span class='ocrx_word' id='word_1_57' title='bbox 1161 1039 1408 1093; x_wconf 86' lang='grc' dir='ltr'>δείκνυσι</span> <span class='ocrx_word' id='word_1_58' title='bbox 1445 1041 1547 1112; x_wconf 83' lang='grc' dir='ltr'>τὴν</span> <span class='ocrx_word' id='word_1_59' title='bbox 1585 1040 1830 1111; x_wconf 85' lang='grc' dir='ltr'>κηδεμο-</span> 
     </span>
    </p>
   </div>
   <div class='ocr_carea' id='block_1_9' title="bbox 234 1117 1833 1192">
    <p class='ocr_par' dir='ltr' id='par_1_9' title="bbox 234 1117 1833 1192">
     <span class='ocr_line' id='line_1_9' title="bbox 234 1117 1833 1192; baseline 0.005 -23"><span class='ocrx_word' id='word_1_60' title='bbox 234 1118 374 1180; x_wconf 83' lang='grc' dir='ltr'>νίαν,</span> <span class='ocrx_word' id='word_1_61' title='bbox 408 1117 504 1168; x_wconf 75' lang='grc' dir='ltr'>καὶ</span> <span class='ocrx_word' id='word_1_62' title='bbox 528 1117 613 1170; x_wconf 84' lang='grc' dir='ltr'>ὅτι</span> <span class='ocrx_word' id='word_1_63' title='bbox 633 1117 828 1188; x_wconf 84' lang='grc' dir='ltr'>ὥσπερ</span> <span class='ocrx_word' id='word_1_64' title='bbox 847 1119 1066 1172; x_wconf 78' lang='grc' dir='ltr'>οίκείων</span> <span class='ocrx_word' id='word_1_65' title='bbox 1089 1123 1438 1192; x_wconf 82' lang='grc' dir='ltr'>προῖσταται,</span> <span class='ocrx_word' id='word_1_66' title='bbox 1468 1125 1564 1178; x_wconf 71' lang='grc' dir='ltr'>καὶ</span> <span class='ocrx_word' id='word_1_67' title='bbox 1592 1124 1654 1177; x_wconf 93' lang='grc' dir='ltr'>οὐ</span> <span class='ocrx_word' id='word_1_68' title='bbox 1687 1123 1833 1177; x_wconf 82' lang='grc' dir='ltr'>θέλει</span> 
     </span>
    </p>
   </div>
   <div class='ocr_carea' id='block_1_10' title="bbox 231 1201 1832 1277">
    <p class='ocr_par' dir='ltr' id='par_1_10' title="bbox 231 1201 1832 1277">
     <span class='ocr_line' id='line_1_10' title="bbox 231 1201 1832 1277; baseline 0.005 -25"><span class='ocrx_word' id='word_1_69' title='bbox 231 1201 430 1262; x_wconf 72' lang='grc' dir='ltr'>αὐτοὺς</span> <span class='ocrx_word' id='word_1_70' title='bbox 480 1201 766 1255; x_wconf 73' lang='grc' dir='ltr'>ἐκπεσεῖν.</span> <span class='ocrx_word' id='word_1_71' title='bbox 819 1202 1064 1273; x_wconf 81' lang='grc' dir='ltr'>Μωῦσῆς</span> <span class='ocrx_word' id='word_1_72' title='bbox 1122 1204 1223 1275; x_wconf 84' lang='grc' dir='ltr'>μὲν</span> <span class='ocrx_word' id='word_1_73' title='bbox 1279 1205 1412 1277; x_wconf 80' lang='grc' dir='ltr'>γὰρ,</span> <span class='ocrx_word' id='word_1_74' title='bbox 1467 1206 1657 1277; x_wconf 76' lang='grc' dir='ltr'>φησὶν,</span> <span class='ocrx_word' id='word_1_75' title='bbox 1729 1207 1832 1260; x_wconf 87' lang='grc' dir='ltr'>οὐκ</span> 
     </span>
    </p>
   </div>
   <div class='ocr_carea' id='block_1_11' title="bbox 231 1283 1832 1360">
    <p class='ocr_par' dir='ltr' id='par_1_11' title="bbox 231 1283 1832 1360">
     <span class='ocr_line' id='line_1_11' title="bbox 231 1283 1832 1360; baseline 0.005 -26"><span class='ocrx_word' id='word_1_76' title='bbox 231 1283 485 1354; x_wconf 73' lang='grc' dir='ltr'>εἰσῆλθεν</span> <span class='ocrx_word' id='word_1_77' title='bbox 504 1286 589 1346; x_wconf 83' lang='grc' dir='ltr'>είς</span> <span class='ocrx_word' id='word_1_78' title='bbox 625 1286 730 1356; x_wconf 84' lang='grc' dir='ltr'>τὴν</span> <span class='ocrx_word' id='word_1_79' title='bbox 759 1287 1128 1352; x_wconf 84' lang='grc' dir='ltr'>κατάπαυσιν,</span> <span class='ocrx_word' id='word_1_80' title='bbox 1159 1289 1323 1353; x_wconf 76' lang='grc' dir='ltr'>αὐτὸς</span> <span class='ocrx_word' id='word_1_81' title='bbox 1353 1289 1409 1342; x_wconf 89' lang='grc' dir='ltr'>δὲ</span> <span class='ocrx_word' id='word_1_82' title='bbox 1443 1290 1694 1360; x_wconf 72' lang='grc' dir='ltr'>εἰσῆλθε·</span> <span class='ocrx_word' id='word_1_83' title='bbox 1739 1289 1832 1342; x_wconf 78' lang='grc' dir='ltr'>καὶ</span> 
     </span>
    </p>
   </div>
   <div class='ocr_carea' id='block_1_12' title="bbox 231 1367 1832 1443">
    <p class='ocr_par' dir='ltr' id='par_1_12' title="bbox 231 1367 1832 1443">
     <span class='ocr_line' id='line_1_12' title="bbox 231 1367 1832 1443; baseline 0.003 -23"><span class='ocrx_word' id='word_1_84' title='bbox 231 1367 375 1430; x_wconf 79' lang='grc' dir='ltr'>πῶς,</span> <span class='ocrx_word' id='word_1_85' title='bbox 413 1367 527 1436; x_wconf 69' lang='grc' dir='ltr'>ἐγὼ</span> <span class='ocrx_word' id='word_1_86' title='bbox 560 1367 732 1436; x_wconf 84' lang='grc' dir='ltr'>λέγω.</span> <span class='ocrx_word' id='word_1_87' title='bbox 768 1370 844 1422; x_wconf 87' lang='grc' dir='ltr'>Οὑ</span> <span class='ocrx_word' id='word_1_88' title='bbox 873 1368 1190 1440; x_wconf 81' lang='grc' dir='ltr'>θαυμαστὸν</span> <span class='ocrx_word' id='word_1_89' title='bbox 1220 1373 1298 1439; x_wconf 85' lang='grc' dir='ltr'>δὲ,</span> <span class='ocrx_word' id='word_1_90' title='bbox 1340 1375 1388 1427; x_wconf 85' lang='grc' dir='ltr'>εί</span> <span class='ocrx_word' id='word_1_91' title='bbox 1426 1372 1666 1443; x_wconf 78' lang='grc' dir='ltr'>οὐδαμοῦ</span> <span class='ocrx_word' id='word_1_92' title='bbox 1699 1373 1832 1428; x_wconf 81' lang='grc' dir='ltr'>αὐτὸ</span> 
     </span>
    </p>
   </div>
   <div class='ocr_carea' id='block_1_13' title="bbox 226 1451 1829 1528">
    <p class='ocr_par' dir='ltr' id='par_1_13' title="bbox 226 1451 1829 1528">
     <span class='ocr_line' id='line_1_13' title="bbox 226 1451 1829 1528; baseline 0.004 -24"><span class='ocrx_word' id='word_1_93' title='bbox 226 1452 480 1505; x_wconf 73' lang='grc' dir='ltr'>τέθεικεν</span> <span class='ocrx_word' id='word_1_94' title='bbox 500 1468 516 1481; x_wconf 90' lang='grc'>·</span> <span class='ocrx_word' id='word_1_95' title='bbox 541 1451 576 1524; x_wconf 79' lang='grc' dir='ltr'>ἢ</span> <span class='ocrx_word' id='word_1_96' title='bbox 603 1452 716 1524; x_wconf 79' lang='grc' dir='ltr'>γάρ</span> <span class='ocrx_word' id='word_1_97' title='bbox 737 1451 824 1504; x_wconf 75' lang='grc' dir='ltr'>ἴνα</span> <span class='ocrx_word' id='word_1_98' title='bbox 853 1453 928 1524; x_wconf 77' lang='grc' dir='ltr'>μὴ</span> <span class='ocrx_word' id='word_1_99' title='bbox 956 1453 1182 1518; x_wconf 80' lang='grc' dir='ltr'>δόξωσιν</span> <span class='ocrx_word' id='word_1_100' title='bbox 1209 1455 1507 1526; x_wconf 85' lang='grc' dir='ltr'>ἀπολογίαν</span> <span class='ocrx_word' id='word_1_101' title='bbox 1529 1457 1829 1528; x_wconf 75' lang='grc' dir='ltr'>εὑρίσκειν,</span> 
     </span>
    </p>
   </div>
   <div class='ocr_carea' id='block_1_14' title="bbox 229 1534 1873 1613">
    <p class='ocr_par' dir='ltr' id='par_1_14' title="bbox 229 1534 1873 1613">
     <span class='ocr_line' id='line_1_14' title="bbox 229 1534 1873 1613; baseline 0.005 -26"><span class='ocrx_word' id='word_1_102' title='bbox 229 1534 647 1605; x_wconf 77' lang='grc' dir='ltr'>συμπιριέλαϐε</span> <span class='ocrx_word' id='word_1_103' title='bbox 693 1536 794 1589; x_wconf 65' lang='grc' dir='ltr'>καὶ</span> <span class='ocrx_word' id='word_1_104' title='bbox 825 1537 1016 1590; x_wconf 86' lang='grc' dir='ltr'>αὐτόν·</span> <span class='ocrx_word' id='word_1_105' title='bbox 1052 1537 1085 1609; x_wconf 77' lang='grc' dir='ltr'>ἢ</span> <span class='ocrx_word' id='word_1_106' title='bbox 1123 1538 1209 1591; x_wconf 74' lang='grc' dir='ltr'>ἵνα</span> <span class='ocrx_word' id='word_1_107' title='bbox 1241 1539 1316 1610; x_wconf 83' lang='grc' dir='ltr'>μὴ</span> <span class='ocrx_word' id='word_1_108' title='bbox 1343 1540 1472 1613; x_wconf 78' lang='grc' dir='ltr'>δόξῃ</span> <span class='ocrx_word' id='word_1_109' title='bbox 1496 1543 1831 1612; x_wconf 79' lang='grc' dir='ltr'>κατηγορεῖν</span> <span class='ocrx_word' id='word_1_110' title='bbox 1869 1557 1873 1560; x_wconf 83' lang='grc'>·</span> 
     </span>
    </p>
   </div>
   <div class='ocr_carea' id='block_1_15' title="bbox 225 1619 1830 1694">
    <p class='ocr_par' dir='ltr' id='par_1_15' title="bbox 225 1619 1830 1694">
     <span class='ocr_line' id='line_1_15' title="bbox 225 1619 1830 1694; baseline 0.002 -21"><span class='ocrx_word' id='word_1_111' title='bbox 225 1619 326 1673; x_wconf 82' lang='grc' dir='ltr'>τοῦ</span> <span class='ocrx_word' id='word_1_112' title='bbox 356 1620 574 1688; x_wconf 74' lang='grc' dir='ltr'>ἀνδρὸς,</span> <span class='ocrx_word' id='word_1_113' title='bbox 600 1619 858 1692; x_wconf 80' lang='grc' dir='ltr'>φανερῶς</span> <span class='ocrx_word' id='word_1_114' title='bbox 878 1621 1012 1673; x_wconf 86' lang='grc' dir='ltr'>αὐτὸ</span> <span class='ocrx_word' id='word_1_115' title='bbox 1034 1624 1135 1674; x_wconf 84' lang='grc' dir='ltr'>οὐκ</span> <span class='ocrx_word' id='word_1_116' title='bbox 1168 1619 1347 1676; x_wconf 75' lang='grc' dir='ltr'>εἶπεν.</span> <span class='ocrx_word' id='word_1_117' title='bbox 1373 1624 1434 1677; x_wconf 79' lang='grc' dir='ltr'>Εἰ</span> <span class='ocrx_word' id='word_1_118' title='bbox 1461 1624 1593 1694; x_wconf 80' lang='grc' dir='ltr'>γὰρ,</span> <span class='ocrx_word' id='word_1_119' title='bbox 1615 1623 1830 1688; x_wconf 86' lang='grc' dir='ltr'>οὐδενὸς</span> 
     </span>
    </p>
   </div>
   <div class='ocr_carea' id='block_1_16' title="bbox 225 1703 1832 1778">
    <p class='ocr_par' dir='ltr' id='par_1_16' title="bbox 225 1703 1832 1778">
     <span class='ocr_line' id='line_1_16' title="bbox 225 1703 1832 1778; baseline 0.004 -22"><span class='ocrx_word' id='word_1_120' title='bbox 225 1704 442 1758; x_wconf 78' lang='grc' dir='ltr'>τούτων</span> <span class='ocrx_word' id='word_1_121' title='bbox 471 1703 782 1774; x_wconf 84' lang='grc' dir='ltr'>λεχθέντος,</span> <span class='ocrx_word' id='word_1_122' title='bbox 801 1703 978 1757; x_wconf 87' lang='grc' dir='ltr'>ταῦτα</span> <span class='ocrx_word' id='word_1_123' title='bbox 1007 1706 1338 1778; x_wconf 82' lang='grc' dir='ltr'>προέφερον,</span> <span class='ocrx_word' id='word_1_124' title='bbox 1372 1707 1646 1776; x_wconf 86' lang='grc' dir='ltr'>λέγοντες,</span> <span class='ocrx_word' id='word_1_125' title='bbox 1672 1709 1832 1762; x_wconf 80' lang='grc' dir='ltr'>Κατᾶ</span> 
     </span>
    </p>
   </div>
   <div class='ocr_carea' id='block_1_17' title="bbox 226 1785 1827 1864">
    <p class='ocr_par' dir='ltr' id='par_1_17' title="bbox 226 1785 1827 1864">
     <span class='ocr_line' id='line_1_17' title="bbox 226 1785 1827 1864; baseline 0.002 -23"><span class='ocrx_word' id='word_1_126' title='bbox 226 1787 324 1841; x_wconf 84' lang='grc' dir='ltr'>τοῦ</span> <span class='ocrx_word' id='word_1_127' title='bbox 382 1789 668 1852; x_wconf 83' lang='grc' dir='ltr'>Μωῦσέως</span> <span class='ocrx_word' id='word_1_128' title='bbox 699 1789 797 1842; x_wconf 80' lang='grc' dir='ltr'>καὶ</span> <span class='ocrx_word' id='word_1_129' title='bbox 845 1789 988 1843; x_wconf 86' lang='grc' dir='ltr'>κατά</span> <span class='ocrx_word' id='word_1_130' title='bbox 1031 1789 1128 1843; x_wconf 85' lang='grc' dir='ltr'>τοῦ</span> <span class='ocrx_word' id='word_1_131' title='bbox 1174 1792 1344 1862; x_wconf 88' lang='grc' dir='ltr'>νόμου</span> <span class='ocrx_word' id='word_1_132' title='bbox 1397 1785 1556 1856; x_wconf 75' lang='grc' dir='ltr'>οὗτος</span> <span class='ocrx_word' id='word_1_133' title='bbox 1601 1791 1827 1864; x_wconf 76' lang='grc' dir='ltr'>εἴρηκε·</span> 
     </span>
    </p>
   </div>
   <div class='ocr_carea' id='block_1_18' title="bbox 228 1870 1830 1946">
    <p class='ocr_par' dir='ltr' id='par_1_18' title="bbox 228 1870 1830 1946">
     <span class='ocr_line' id='line_1_18' title="bbox 228 1870 1830 1946; baseline 0.002 -20"><span class='ocrx_word' id='word_1_134' title='bbox 228 1871 414 1940; x_wconf 62' lang='grc' dir='ltr'>πολλῷ</span> <span class='ocrx_word' id='word_1_135' title='bbox 449 1872 658 1943; x_wconf 81' lang='grc' dir='ltr'>μᾶλλον</span> <span class='ocrx_word' id='word_1_136' title='bbox 704 1874 754 1926; x_wconf 78' lang='grc' dir='ltr'>εἰ</span> <span class='ocrx_word' id='word_1_137' title='bbox 783 1870 977 1927; x_wconf 76' lang='grc' dir='ltr'>εἷπεν·</span> <span class='ocrx_word' id='word_1_138' title='bbox 1015 1876 1128 1929; x_wconf 86' lang='grc' dir='ltr'>Οὐκ</span> <span class='ocrx_word' id='word_1_139' title='bbox 1181 1875 1295 1929; x_wconf 85' lang='grc' dir='ltr'>έστι</span> <span class='ocrx_word' id='word_1_140' title='bbox 1324 1875 1681 1946; x_wconf 81' lang='grc' dir='ltr'>Παλαιστίνη,</span> <span class='ocrx_word' id='word_1_141' title='bbox 1715 1875 1830 1930; x_wconf 84' lang='grc' dir='ltr'>ἀλλ’</span> 
     </span>
    </p>
   </div>
   <div class='ocr_carea' id='block_1_19' title="bbox 228 1955 1857 2026">
    <p class='ocr_par' dir='ltr' id='par_1_19' title="bbox 228 1955 1857 2026">
     <span class='ocr_line' id='line_1_19' title="bbox 228 1955 1857 2026; baseline 0.002 -16"><span class='ocrx_word' id='word_1_142' title='bbox 228 1956 481 2026; x_wconf 79' lang='grc' dir='ltr'>οὐρανὸς,</span> <span class='ocrx_word' id='word_1_143' title='bbox 520 1955 754 2026; x_wconf 73' lang='grc' dir='ltr'>μείζονα</span> <span class='ocrx_word' id='word_1_144' title='bbox 795 1956 864 2012; x_wconf 74' lang='grc' dir='ltr'>ἂν</span> <span class='ocrx_word' id='word_1_145' title='bbox 892 1956 1102 2012; x_wconf 80' lang='grc' dir='ltr'>τούτων</span> <span class='ocrx_word' id='word_1_146' title='bbox 1131 1955 1310 2015; x_wconf 79' lang='grc' dir='ltr'>εἷπον.</span> <span class='ocrx_word' id='word_1_147' title='bbox 1356 1960 1497 2014; x_wconf 87' lang='grc' dir='ltr'>Ἀλλ’</span> <span class='ocrx_word' id='word_1_148' title='bbox 1523 1961 1584 2013; x_wconf 78' lang='grc' dir='ltr'>οὐ</span> <span class='ocrx_word' id='word_1_149' title='bbox 1614 1959 1674 2012; x_wconf 80' lang='grc' dir='ltr'>τὸ</span> <span class='ocrx_word' id='word_1_150' title='bbox 1723 1961 1857 2014; x_wconf 75' lang='grc' dir='ltr'>πᾶν·</span> 
     </span>
    </p>
   </div>
   <div class='ocr_carea' id='block_1_20' title="bbox 229 2039 1828 2115">
    <p class='ocr_par' dir='ltr' id='par_1_20' title="bbox 229 2039 1828 2115">
     <span class='ocr_line' id='line_1_20' title="bbox 229 2039 1828 2115; baseline 0.003 -23"><span class='ocrx_word' id='word_1_151' title='bbox 229 2039 313 2110; x_wconf 81' lang='grc' dir='ltr'>τῷ</span> <span class='ocrx_word' id='word_1_152' title='bbox 367 2041 504 2108; x_wconf 80' lang='grc' dir='ltr'>ἱερεῖ</span> <span class='ocrx_word' id='word_1_153' title='bbox 553 2040 794 2103; x_wconf 87' lang='grc' dir='ltr'>δίδωσιν,</span> <span class='ocrx_word' id='word_1_154' title='bbox 831 2040 972 2094; x_wconf 80' lang='grc' dir='ltr'>ἀλλὰ</span> <span class='ocrx_word' id='word_1_155' title='bbox 1017 2042 1116 2096; x_wconf 82' lang='grc' dir='ltr'>καὶ</span> <span class='ocrx_word' id='word_1_156' title='bbox 1153 2041 1222 2097; x_wconf 83' lang='grc' dir='ltr'>τά</span> <span class='ocrx_word' id='word_1_157' title='bbox 1271 2044 1405 2114; x_wconf 85' lang='grc' dir='ltr'>παρ’</span> <span class='ocrx_word' id='word_1_158' title='bbox 1443 2042 1606 2115; x_wconf 81' lang='grc' dir='ltr'>ἡμῶν</span> <span class='ocrx_word' id='word_1_159' title='bbox 1653 2044 1828 2114; x_wconf 80' lang='grc' dir='ltr'>ζητεῖ,</span> 
     </span>
    </p>
   </div>
   <div class='ocr_carea' id='block_1_21' title="bbox 233 2122 1830 2199">
    <p class='ocr_par' dir='ltr' id='par_1_21' title="bbox 233 2122 1830 2199">
     <span class='ocr_line' id='line_1_21' title="bbox 233 2122 1830 2199; baseline 0.003 -23"><span class='ocrx_word' id='word_1_160' title='bbox 233 2123 382 2193; x_wconf 83' lang='grc' dir='ltr'>λέγω</span> <span class='ocrx_word' id='word_1_161' title='bbox 409 2124 470 2194; x_wconf 75' lang='grc' dir='ltr'>δή</span> <span class='ocrx_word' id='word_1_162' title='bbox 503 2122 605 2194; x_wconf 78' lang='grc' dir='ltr'>τὴν</span> <span class='ocrx_word' id='word_1_163' title='bbox 635 2122 949 2194; x_wconf 80' lang='grc' dir='ltr'>ὁμολογίαν.</span> <span class='ocrx_word' id='word_1_164' title='bbox 980 2127 1269 2195; x_wconf 83' lang='grc' dir='ltr'>Ἔχοντες</span> <span class='ocrx_word' id='word_1_165' title='bbox 1298 2123 1413 2193; x_wconf 76' lang='grc' dir='ltr'>οὖν,</span> <span class='ocrx_word' id='word_1_166' title='bbox 1462 2130 1651 2199; x_wconf 68' lang='grc' dir='ltr'>φησιν,</span> <span class='ocrx_word' id='word_1_167' title='bbox 1680 2130 1830 2197; x_wconf 80' lang='grc' dir='ltr'>ἀρχ-</span> 
     </span>
    </p>
   </div>
   <div class='ocr_carea' id='block_1_22' title="bbox 237 2206 1832 2280">
    <p class='ocr_par' dir='ltr' id='par_1_22' title="bbox 237 2206 1832 2280">
     <span class='ocr_line' id='line_1_22' title="bbox 237 2206 1832 2280; baseline 0.002 -17"><span class='ocrx_word' id='word_1_168' title='bbox 237 2208 397 2276; x_wconf 80' lang='grc' dir='ltr'>ιερέα</span> <span class='ocrx_word' id='word_1_169' title='bbox 409 2206 624 2277; x_wconf 78' lang='grc' dir='ltr'>μέγαν,</span> <span class='ocrx_word' id='word_1_170' title='bbox 641 2207 1048 2276; x_wconf 74' lang='grc' dir='ltr'>διεληλυθότα</span> <span class='ocrx_word' id='word_1_171' title='bbox 1076 2209 1220 2277; x_wconf 87' lang='grc' dir='ltr'>τοὺς</span> <span class='ocrx_word' id='word_1_172' title='bbox 1245 2212 1567 2280; x_wconf 83' lang='grc' dir='ltr'>οὐρανοὺς,</span> <span class='ocrx_word' id='word_1_173' title='bbox 1595 2211 1832 2280; x_wconf 81' lang='grc' dir='ltr'>Ἰησοῦν</span> 
     </span>
    </p>
   </div>
   <div class='ocr_carea' id='block_1_23' title="bbox 235 2290 1825 2364">
    <p class='ocr_par' dir='ltr' id='par_1_23' title="bbox 235 2290 1825 2364">
     <span class='ocr_line' id='line_1_23' title="bbox 235 2290 1825 2364; baseline 0.002 -19"><span class='ocrx_word' id='word_1_174' title='bbox 235 2292 345 2345; x_wconf 79' lang='grc' dir='ltr'>τὸν</span> <span class='ocrx_word' id='word_1_175' title='bbox 389 2292 522 2345; x_wconf 79' lang='grc' dir='ltr'>ηόν</span> <span class='ocrx_word' id='word_1_176' title='bbox 574 2290 686 2345; x_wconf 84' lang='grc' dir='ltr'>τοῦ</span> <span class='ocrx_word' id='word_1_177' title='bbox 736 2292 909 2358; x_wconf 85' lang='grc' dir='ltr'>Θεοῦ,</span> <span class='ocrx_word' id='word_1_178' title='bbox 963 2290 1272 2362; x_wconf 78' lang='grc' dir='ltr'>κρατῶμεν</span> <span class='ocrx_word' id='word_1_179' title='bbox 1320 2291 1431 2362; x_wconf 78' lang='grc' dir='ltr'>τῆς</span> <span class='ocrx_word' id='word_1_180' title='bbox 1480 2295 1825 2364; x_wconf 78' lang='grc' dir='ltr'>ὁμολογίας.</span> 
     </span>
    </p>
   </div>
   <div class='ocr_carea' id='block_1_24' title="bbox 237 2373 1829 2444">
    <p class='ocr_par' dir='ltr' id='par_1_24' title="bbox 237 2373 1829 2444">
     <span class='ocr_line' id='line_1_24' title="bbox 237 2373 1829 2444; baseline 0.003 -17"><span class='ocrx_word' id='word_1_181' title='bbox 237 2375 404 2428; x_wconf 80' lang='grc' dir='ltr'>Ποίαν</span> <span class='ocrx_word' id='word_1_182' title='bbox 437 2373 734 2444; x_wconf 81' lang='grc' dir='ltr'>ὁμολογίαν</span> <span class='ocrx_word' id='word_1_183' title='bbox 765 2373 952 2444; x_wconf 87' lang='grc' dir='ltr'>λέγει;</span> <span class='ocrx_word' id='word_1_184' title='bbox 1008 2375 1132 2428; x_wconf 87' lang='grc' dir='ltr'>Ὅτι</span> <span class='ocrx_word' id='word_1_185' title='bbox 1181 2375 1480 2438; x_wconf 84' lang='grc' dir='ltr'>ἀνάστασίς</span> <span class='ocrx_word' id='word_1_186' title='bbox 1522 2378 1694 2440; x_wconf 81' lang='grc' dir='ltr'>ἐστιν,</span> <span class='ocrx_word' id='word_1_187' title='bbox 1745 2378 1829 2431; x_wconf 80' lang='grc' dir='ltr'>ὅτι</span> 
     </span>
    </p>
   </div>
   <div class='ocr_carea' id='block_1_25' title="bbox 241 2458 1829 2532">
    <p class='ocr_par' dir='ltr' id='par_1_25' title="bbox 241 2458 1829 2532">
     <span class='ocr_line' id='line_1_25' title="bbox 241 2458 1829 2532; baseline 0.001 -19"><span class='ocrx_word' id='word_1_188' title='bbox 241 2458 614 2522; x_wconf 78' lang='grc' dir='ltr'>ἀνταπόδοσις,</span> <span class='ocrx_word' id='word_1_189' title='bbox 649 2461 734 2513; x_wconf 83' lang='grc' dir='ltr'>ὅτι</span> <span class='ocrx_word' id='word_1_190' title='bbox 775 2459 944 2532; x_wconf 87' lang='grc' dir='ltr'>μυρία</span> <span class='ocrx_word' id='word_1_191' title='bbox 977 2458 1181 2528; x_wconf 82' lang='grc' dir='ltr'>ἀγαθὰ,</span> <span class='ocrx_word' id='word_1_192' title='bbox 1220 2460 1304 2513; x_wconf 84' lang='grc' dir='ltr'>ὅτι</span> <span class='ocrx_word' id='word_1_193' title='bbox 1354 2461 1383 2512; x_wconf 90' lang='lat'>6</span> <span class='ocrx_word' id='word_1_194' title='bbox 1418 2460 1656 2531; x_wconf 81' lang='grc' dir='ltr'>Χριστὸς</span> <span class='ocrx_word' id='word_1_195' title='bbox 1696 2461 1829 2525; x_wconf 85' lang='grc' dir='ltr'>Θεός</span> 
     </span>
    </p>
   </div>
   <div class='ocr_carea' id='block_1_26' title="bbox 245 2542 1850 2615">
    <p class='ocr_par' dir='ltr' id='par_1_26' title="bbox 245 2542 1850 2615">
     <span class='ocr_line' id='line_1_26' title="bbox 245 2542 1850 2615; baseline 0.002 -20"><span class='ocrx_word' id='word_1_196' title='bbox 245 2544 499 2607; x_wconf 74' lang='grc' dir='ltr'>έστιν,ὃτι</span> <span class='ocrx_word' id='word_1_197' title='bbox 524 2545 560 2614; x_wconf 85' lang='grc' dir='ltr'>ή</span> <span class='ocrx_word' id='word_1_198' title='bbox 589 2543 774 2608; x_wconf 87' lang='grc' dir='ltr'>πίστις</span> <span class='ocrx_word' id='word_1_199' title='bbox 796 2544 928 2615; x_wconf 85' lang='grc' dir='ltr'>ὁρθή</span> <span class='ocrx_word' id='word_1_200' title='bbox 945 2560 960 2574; x_wconf 82' lang='grc'><strong><em>⁸</em></strong></span> <span class='ocrx_word' id='word_1_201' title='bbox 985 2543 1160 2598; x_wconf 89' lang='grc' dir='ltr'>ταῦτα</span> <span class='ocrx_word' id='word_1_202' title='bbox 1179 2543 1627 2614; x_wconf 83' lang='grc' dir='ltr'>ὁμολογήσωμεν,</span> <span class='ocrx_word' id='word_1_203' title='bbox 1653 2542 1850 2598; x_wconf 82' lang='grc' dir='ltr'>ταῦτα</span> 
     </span>
    </p>
   </div>
   <div class='ocr_carea' id='block_1_27' title="bbox 247 2625 1828 2699">
    <p class='ocr_par' dir='ltr' id='par_1_27' title="bbox 247 2625 1828 2699">
     <span class='ocr_line' id='line_1_27' title="bbox 247 2625 1828 2699; baseline 0.001 -19"><span class='ocrx_word' id='word_1_204' title='bbox 247 2626 580 2698; x_wconf 75' lang='grc' dir='ltr'>κατέχωμεν.</span> <span class='ocrx_word' id='word_1_205' title='bbox 615 2627 740 2683; x_wconf 81' lang='grc' dir='ltr'>Ὀτι</span> <span class='ocrx_word' id='word_1_206' title='bbox 783 2628 843 2681; x_wconf 79' lang='grc' dir='ltr'>δὲ</span> <span class='ocrx_word' id='word_1_207' title='bbox 895 2627 1070 2682; x_wconf 87' lang='grc' dir='ltr'>ταῦτα</span> <span class='ocrx_word' id='word_1_208' title='bbox 1099 2627 1301 2699; x_wconf 81' lang='grc' dir='ltr'>ἀληθῆ,</span> <span class='ocrx_word' id='word_1_209' title='bbox 1325 2627 1487 2698; x_wconf 81' lang='grc' dir='ltr'>δῆλον</span> <span class='ocrx_word' id='word_1_210' title='bbox 1518 2628 1582 2681; x_wconf 82' lang='grc' dir='ltr'>ὲκ</span> <span class='ocrx_word' id='word_1_211' title='bbox 1608 2625 1705 2680; x_wconf 88' lang='grc' dir='ltr'>τοῦ</span> <span class='ocrx_word' id='word_1_212' title='bbox 1734 2627 1828 2682; x_wconf 82' lang='grc' dir='ltr'>τὸν</span> 
     </span>
    </p>
   </div>
   <div class='ocr_carea' id='block_1_28' title="bbox 250 2707 1824 2782">
    <p class='ocr_par' dir='ltr' id='par_1_28' title="bbox 250 2707 1824 2782">
     <span class='ocr_line' id='line_1_28' title="bbox 250 2707 1824 2782; baseline 0.001 -20"><span class='ocrx_word' id='word_1_213' title='bbox 250 2709 502 2782; x_wconf 76' lang='grc' dir='ltr'>ἀρχιερέα</span> <span class='ocrx_word' id='word_1_214' title='bbox 534 2709 689 2765; x_wconf 79' lang='grc' dir='ltr'>ένδον</span> <span class='ocrx_word' id='word_1_215' title='bbox 729 2707 894 2766; x_wconf 75' lang='grc' dir='ltr'>εἶναι.</span> <span class='ocrx_word' id='word_1_216' title='bbox 937 2710 1150 2774; x_wconf 84' lang='grc' dir='ltr'>Οὐκοῦν</span> <span class='ocrx_word' id='word_1_217' title='bbox 1181 2711 1265 2764; x_wconf 83' lang='grc' dir='ltr'>ὅτι</span> <span class='ocrx_word' id='word_1_218' title='bbox 1316 2711 1419 2763; x_wconf 88' lang='grc' dir='ltr'>οὐκ</span> <span class='ocrx_word' id='word_1_219' title='bbox 1471 2709 1824 2782; x_wconf 78' lang='grc' dir='ltr'>ὲξεπέσομεν,</span> 
     </span>
    </p>
   </div>
   <div class='ocr_carea' id='block_1_29' title="bbox 251 2794 1824 2871">
    <p class='ocr_par' dir='ltr' id='par_1_29' title="bbox 251 2794 1824 2871">
     <span class='ocr_line' id='line_1_29' title="bbox 251 2794 1824 2871; baseline 0.001 -24"><span class='ocrx_word' id='word_1_220' title='bbox 251 2795 699 2866; x_wconf 73' lang='grc' dir='ltr'>ὁμολογήσωμεν·</span> <span class='ocrx_word' id='word_1_221' title='bbox 741 2797 791 2849; x_wconf 85' lang='grc' dir='ltr'>εί</span> <span class='ocrx_word' id='word_1_222' title='bbox 845 2796 938 2851; x_wconf 76' lang='grc' dir='ltr'>καὶ</span> <span class='ocrx_word' id='word_1_223' title='bbox 986 2796 1081 2871; x_wconf 63' lang='grc' dir='ltr'>μδ</span> <span class='ocrx_word' id='word_1_224' title='bbox 1116 2795 1354 2868; x_wconf 85' lang='grc' dir='ltr'>πάρεστι</span> <span class='ocrx_word' id='word_1_225' title='bbox 1399 2794 1467 2850; x_wconf 82' lang='grc' dir='ltr'>τά</span> <span class='ocrx_word' id='word_1_226' title='bbox 1498 2795 1824 2868; x_wconf 86' lang='grc' dir='ltr'>πράγματα,</span> 
     </span>
    </p>
   </div>
   <div class='ocr_carea' id='block_1_30' title="bbox 254 2877 1828 2951">
    <p class='ocr_par' dir='ltr' id='par_1_30' title="bbox 254 2877 1828 2951">
     <span class='ocr_line' id='line_1_30' title="bbox 254 2877 1828 2951; baseline 0.002 -22"><span class='ocrx_word' id='word_1_227' title='bbox 254 2877 362 2930; x_wconf 81' lang='grc' dir='ltr'>ἀλλ’</span> <span class='ocrx_word' id='word_1_228' title='bbox 397 2879 554 2947; x_wconf 84' lang='grc' dir='ltr'>ήμείς</span> <span class='ocrx_word' id='word_1_229' title='bbox 587 2879 1020 2951; x_wconf 86' lang='grc' dir='ltr'>ὁμολογήσωμεν</span> <span class='ocrx_word' id='word_1_230' title='bbox 1042 2895 1059 2914; x_wconf 79' lang='grc' dir='ltr'><strong><em>ο</em></strong></span> <span class='ocrx_word' id='word_1_231' title='bbox 1120 2879 1175 2932; x_wconf 79' lang='grc' dir='ltr'>εἴ</span> <span class='ocrx_word' id='word_1_232' title='bbox 1224 2879 1352 2950; x_wconf 81' lang='grc' dir='ltr'>ἄρτι</span> <span class='ocrx_word' id='word_1_233' title='bbox 1392 2878 1602 2950; x_wconf 81' lang='grc' dir='ltr'>παρῆν,</span> <span class='ocrx_word' id='word_1_234' title='bbox 1632 2879 1828 2950; x_wconf 74' lang='grc' dir='ltr'>ψεῦδος</span> 
     </span>
    </p>
   </div>
   <div class='ocr_carea' id='block_1_31' title="bbox 253 2954 1827 3032">
    <p class='ocr_par' dir='ltr' id='par_1_31' title="bbox 253 2954 1827 3032">
     <span class='ocr_line' id='line_1_31' title="bbox 253 2954 1827 3032; baseline 0.003 -21"><span class='ocrx_word' id='word_1_235' title='bbox 253 2954 336 3030; x_wconf 72' lang='grc' dir='ltr'>ἦν.</span> <span class='ocrx_word' id='word_1_236' title='bbox 367 2963 522 3014; x_wconf 82' lang='grc' dir='ltr'>Ὥστε</span> <span class='ocrx_word' id='word_1_237' title='bbox 561 2962 659 3016; x_wconf 76' lang='grc' dir='ltr'>καὶ</span> <span class='ocrx_word' id='word_1_238' title='bbox 701 2961 861 3016; x_wconf 88' lang='grc' dir='ltr'>τοῦτο</span> <span class='ocrx_word' id='word_1_239' title='bbox 895 2962 1140 3032; x_wconf 80' lang='grc' dir='ltr'>ἀληθὲς,·</span> <span class='ocrx_word' id='word_1_240' title='bbox 1164 2961 1228 3016; x_wconf 77' lang='grc' dir='ltr'>τὸ</span> <span class='ocrx_word' id='word_1_241' title='bbox 1264 2962 1687 3032; x_wconf 78' lang='grc' dir='ltr'>ὑπερτίθεσθαι·</span> <span class='ocrx_word' id='word_1_242' title='bbox 1733 2965 1827 3018; x_wconf 69' lang='grc' dir='ltr'>καὶ</span> 
     </span>
    </p>
   </div>
   <div class='ocr_carea' id='block_1_32' title="bbox 257 3045 1828 3119">
    <p class='ocr_par' dir='ltr' id='par_1_32' title="bbox 257 3045 1828 3119">
     <span class='ocr_line' id='line_1_32' title="bbox 257 3045 1828 3119; baseline 0.013 -23"><span class='ocrx_word' id='word_1_243' title='bbox 257 3045 355 3114; x_wconf 71' lang='grc' dir='ltr'>γάρ</span> <span class='ocrx_word' id='word_1_244' title='bbox 379 3045 405 3097; x_wconf 89' lang='grc' dir='ltr'>ὁ</span> <span class='ocrx_word' id='word_1_245' title='bbox 432 3047 728 3118; x_wconf 83' lang='grc' dir='ltr'>ἀρχιερεὺς</span> <span class='ocrx_word' id='word_1_246' title='bbox 754 3047 912 3119; x_wconf 87' lang='grc' dir='ltr'>ήμῶν</span> <span class='ocrx_word' id='word_1_247' title='bbox 948 3047 1126 3119; x_wconf 81' lang='grc' dir='ltr'>μέγας</span> <span class='ocrx_word' id='word_1_248' title='bbox 1145 3063 1160 3077; x_wconf 86' lang='grc'>·</span> <span class='ocrx_word' id='word_1_249' title='bbox 1189 3049 1271 3100; x_wconf 82' lang='grc' dir='ltr'>Οὐ</span> <span class='ocrx_word' id='word_1_250' title='bbox 1298 3049 1408 3116; x_wconf 77' lang='grc' dir='ltr'>γὰρ</span> <span class='ocrx_word' id='word_1_251' title='bbox 1443 3045 1664 3116; x_wconf 79' lang='grc' dir='ltr'>ἔχομεν</span> <span class='ocrx_word' id='word_1_252' title='bbox 1685 3048 1828 3117; x_wconf 84' lang='grc' dir='ltr'>ἀρχ-</span> 
     </span>
    </p>
   </div>
   <div class='ocr_carea' id='block_1_33' title="bbox 261 3127 1829 3200">
    <p class='ocr_par' dir='ltr' id='par_1_33' title="bbox 261 3127 1829 3200">
     <span class='ocr_line' id='line_1_33' title="bbox 261 3127 1829 3200; baseline 0.003 -20"><span class='ocrx_word' id='word_1_253' title='bbox 261 3127 398 3196; x_wconf 80' lang='grc' dir='ltr'>ιερέα</span> <span class='ocrx_word' id='word_1_254' title='bbox 441 3129 526 3199; x_wconf 83' lang='grc' dir='ltr'>μὴ</span> <span class='ocrx_word' id='word_1_255' title='bbox 574 3129 922 3200; x_wconf 79' lang='grc' dir='ltr'>δυνάμενον</span> <span class='ocrx_word' id='word_1_256' title='bbox 994 3129 1396 3200; x_wconf 82' lang='grc' dir='ltr'>συμπαθῆσαι</span> <span class='ocrx_word' id='word_1_257' title='bbox 1467 3132 1597 3197; x_wconf 82' lang='grc' dir='ltr'>ταῖς</span> <span class='ocrx_word' id='word_1_258' title='bbox 1650 3131 1829 3186; x_wconf 83' lang='grc' dir='ltr'>ἀσθε-</span> 
     </span>
    </p>
   </div>
   <div class='ocr_carea' id='block_1_34' title="bbox 258 3212 1826 3286">
    <p class='ocr_par' dir='ltr' id='par_1_34' title="bbox 258 3212 1826 3286">
     <span class='ocr_line' id='line_1_34' title="bbox 258 3212 1826 3286; baseline 0 -20"><span class='ocrx_word' id='word_1_259' title='bbox 258 3213 425 3280; x_wconf 83' lang='grc' dir='ltr'>νείαις</span> <span class='ocrx_word' id='word_1_260' title='bbox 451 3212 648 3283; x_wconf 76' lang='grc' dir='ltr'>ἡμῶν.</span> <span class='ocrx_word' id='word_1_261' title='bbox 669 3215 784 3268; x_wconf 86' lang='grc' dir='ltr'>υύκ</span> <span class='ocrx_word' id='word_1_262' title='bbox 819 3213 958 3278; x_wconf 75' lang='grc' dir='ltr'>ἐστι,</span> <span class='ocrx_word' id='word_1_263' title='bbox 987 3215 1172 3286; x_wconf 76' lang='grc' dir='ltr'>φησὶν,</span> <span class='ocrx_word' id='word_1_264' title='bbox 1206 3212 1420 3283; x_wconf 84' lang='grc' dir='ltr'>ἀγνοῶν</span> <span class='ocrx_word' id='word_1_265' title='bbox 1464 3212 1531 3267; x_wconf 82' lang='grc' dir='ltr'>τὰ</span> <span class='ocrx_word' id='word_1_266' title='bbox 1555 3213 1826 3285; x_wconf 81' lang='grc' dir='ltr'>ἡμέτερα,</span> 
     </span>
    </p>
   </div>
   <div class='ocr_carea' id='block_1_35' title="bbox 258 3295 1829 3370">
    <p class='ocr_par' dir='ltr' id='par_1_35' title="bbox 258 3295 1829 3370">
     <span class='ocr_line' id='line_1_35' title="bbox 258 3295 1829 3370; baseline 0.001 -22"><span class='ocrx_word' id='word_1_267' title='bbox 258 3295 325 3357; x_wconf 75' lang='grc' dir='ltr'>ὡς</span> <span class='ocrx_word' id='word_1_268' title='bbox 350 3297 530 3351; x_wconf 74' lang='grc' dir='ltr'>πολλοὶ</span> <span class='ocrx_word' id='word_1_269' title='bbox 574 3297 685 3350; x_wconf 86' lang='grc' dir='ltr'>τῶν</span> <span class='ocrx_word' id='word_1_270' title='bbox 725 3299 1056 3370; x_wconf 87' lang='grc' dir='ltr'>ἀρχιερέων,</span> <span class='ocrx_word' id='word_1_271' title='bbox 1089 3297 1139 3351; x_wconf 76' lang='grc' dir='ltr'>οἳ</span> <span class='ocrx_word' id='word_1_272' title='bbox 1177 3298 1308 3362; x_wconf 77' lang='grc' dir='ltr'>τοὺς</span> <span class='ocrx_word' id='word_1_273' title='bbox 1353 3297 1411 3351; x_wconf 82' lang='grc' dir='ltr'>ὲν</span> <span class='ocrx_word' id='word_1_274' title='bbox 1447 3295 1695 3367; x_wconf 78' lang='grc' dir='ltr'>θλίψεσιν</span> <span class='ocrx_word' id='word_1_275' title='bbox 1727 3297 1829 3351; x_wconf 88' lang='grc' dir='ltr'>οὐκ</span> 
     </span>
    </p>
   </div>
   <div class='ocr_carea' id='block_1_36' title="bbox 261 3378 1829 3453">
    <p class='ocr_par' dir='ltr' id='par_1_36' title="bbox 261 3378 1829 3453">
     <span class='ocr_line' id='line_1_36' title="bbox 261 3378 1829 3453; baseline 0.003 -23"><span class='ocrx_word' id='word_1_276' title='bbox 261 3378 440 3445; x_wconf 75' lang='grc' dir='ltr'>ἴσασιν,</span> <span class='ocrx_word' id='word_1_277' title='bbox 492 3379 614 3435; x_wconf 82' lang='grc' dir='ltr'>ἀλλ’</span> <span class='ocrx_word' id='word_1_278' title='bbox 663 3381 786 3434; x_wconf 82' lang='grc' dir='ltr'>οὐδὲ</span> <span class='ocrx_word' id='word_1_279' title='bbox 817 3382 846 3435; x_wconf 85' lang='grc' dir='ltr'><strong>ὅ</strong></span> <span class='ocrx_word' id='word_1_280' title='bbox 879 3381 933 3435; x_wconf 90' lang='grc' dir='ltr'>τί</span> <span class='ocrx_word' id='word_1_281' title='bbox 965 3381 1100 3435; x_wconf 84' lang='grc' dir='ltr'>ποτέ</span> <span class='ocrx_word' id='word_1_282' title='bbox 1135 3381 1253 3435; x_wconf 76' lang='grc' dir='ltr'>ἐστι</span> <span class='ocrx_word' id='word_1_283' title='bbox 1307 3379 1510 3451; x_wconf 67' lang='grc' dir='ltr'>θλίψις.</span> <span class='ocrx_word' id='word_1_284' title='bbox 1558 3381 1685 3434; x_wconf 74' lang='grc' dir='ltr'>Ἐπὶ</span> <span class='ocrx_word' id='word_1_285' title='bbox 1721 3380 1829 3453; x_wconf 83' lang='grc' dir='ltr'>γὰρ</span> 
     </span>
    </p>
   </div>
   <div class='ocr_carea' id='block_1_37' title="bbox 256 3462 1828 3537">
    <p class='ocr_par' dir='ltr' id='par_1_37' title="bbox 256 3462 1828 3537">
     <span class='ocr_line' id='line_1_37' title="bbox 256 3462 1828 3537; baseline 0 -21"><span class='ocrx_word' id='word_1_286' title='bbox 256 3462 354 3517; x_wconf 78' lang='grc' dir='ltr'>τῶν</span> <span class='ocrx_word' id='word_1_287' title='bbox 390 3463 700 3537; x_wconf 84' lang='grc' dir='ltr'>ἀνθρώπων</span> <span class='ocrx_word' id='word_1_288' title='bbox 731 3466 997 3520; x_wconf 82' lang='grc' dir='ltr'>ἀδύνατον</span> <span class='ocrx_word' id='word_1_289' title='bbox 1026 3465 1227 3520; x_wconf 74' lang='grc' dir='ltr'>εἰδέναι</span> <span class='ocrx_word' id='word_1_290' title='bbox 1277 3466 1378 3537; x_wconf 81' lang='grc' dir='ltr'>τὴν</span> <span class='ocrx_word' id='word_1_291' title='bbox 1435 3463 1684 3519; x_wconf 80' lang='grc' dir='ltr'>κάκωσιν</span> <span class='ocrx_word' id='word_1_292' title='bbox 1731 3463 1828 3518; x_wconf 81' lang='grc' dir='ltr'>τοῦ</span> 
     </span>
    </p>
   </div>
   <div class='ocr_carea' id='block_1_38' title="bbox 257 3548 1828 3622">
    <p class='ocr_par' dir='ltr' id='par_1_38' title="bbox 257 3548 1828 3622">
     <span class='ocr_line' id='line_1_38' title="bbox 257 3548 1828 3622; baseline 0.001 -22"><span class='ocrx_word' id='word_1_293' title='bbox 257 3548 584 3619; x_wconf 77' lang='grc' dir='ltr'>κακουμένου</span> <span class='ocrx_word' id='word_1_294' title='bbox 616 3548 711 3603; x_wconf 79' lang='grc' dir='ltr'>τὸν</span> <span class='ocrx_word' id='word_1_295' title='bbox 741 3550 816 3620; x_wconf 88' lang='grc' dir='ltr'>μὴ</span> <span class='ocrx_word' id='word_1_296' title='bbox 853 3554 1049 3622; x_wconf 86' lang='grc' dir='ltr'>πεῖραν</span> <span class='ocrx_word' id='word_1_297' title='bbox 1079 3549 1316 3604; x_wconf 83' lang='grc' dir='ltr'>λαϐόντα</span> <span class='ocrx_word' id='word_1_298' title='bbox 1352 3549 1448 3603; x_wconf 73' lang='grc' dir='ltr'>καὶ</span> <span class='ocrx_word' id='word_1_299' title='bbox 1479 3549 1570 3603; x_wconf 81' lang='grc' dir='ltr'>διὰ</span> <span class='ocrx_word' id='word_1_300' title='bbox 1594 3548 1705 3602; x_wconf 86' lang='grc' dir='ltr'>τῶν</span> <span class='ocrx_word' id='word_1_301' title='bbox 1739 3549 1828 3602; x_wconf 76' lang='lat' dir='ltr'>al-</span> 
     </span>
    </p>
   </div>
   <div class='ocr_carea' id='block_1_39' title="bbox 255 3631 1828 3704">
    <p class='ocr_par' dir='ltr' id='par_1_39' title="bbox 255 3631 1828 3704">
     <span class='ocr_line' id='line_1_39' title="bbox 255 3631 1828 3704; baseline 0.001 -20"><span class='ocrx_word' id='word_1_302' title='bbox 255 3631 455 3702; x_wconf 86' lang='grc' dir='ltr'>σθητῶν</span> <span class='ocrx_word' id='word_1_303' title='bbox 486 3632 733 3686; x_wconf 72' lang='grc' dir='ltr'>ἐλθόντα.</span> <span class='ocrx_word' id='word_1_304' title='bbox 775 3634 963 3688; x_wconf 83' lang='grc' dir='ltr'>Πάντα</span> <span class='ocrx_word' id='word_1_305' title='bbox 993 3632 1204 3702; x_wconf 80' lang='grc' dir='ltr'>ὑπέστη</span> <span class='ocrx_word' id='word_1_306' title='bbox 1249 3634 1279 3685; x_wconf 92' lang='lat'>6</span> <span class='ocrx_word' id='word_1_307' title='bbox 1319 3633 1612 3704; x_wconf 81' lang='grc' dir='ltr'>ἀρχιερεὺς</span> <span class='ocrx_word' id='word_1_308' title='bbox 1643 3634 1671 3684; x_wconf 97' lang='lat'>6</span> <span class='ocrx_word' id='word_1_309' title='bbox 1691 3632 1828 3703; x_wconf 81' lang='grc' dir='ltr'>ὴμέ-</span> 
     </span>
    </p>
   </div>
   <div class='ocr_carea' id='block_1_40' title="bbox 251 3714 1826 3789">
    <p class='ocr_par' dir='ltr' id='par_1_40' title="bbox 251 3714 1826 3789">
     <span class='ocr_line' id='line_1_40' title="bbox 251 3714 1826 3789; baseline -0.004 -18"><span class='ocrx_word' id='word_1_310' title='bbox 251 3730 396 3785; x_wconf 79' lang='grc' dir='ltr'>τερος</span> <span class='ocrx_word' id='word_1_311' title='bbox 413 3728 428 3743; x_wconf 81' lang='grc'><strong><em>⁸</em></strong></span> <span class='ocrx_word' id='word_1_312' title='bbox 451 3715 542 3770; x_wconf 77' lang='grc' dir='ltr'>διά</span> <span class='ocrx_word' id='word_1_313' title='bbox 562 3717 673 3789; x_wconf 87' lang='grc' dir='ltr'>γὰρ</span> <span class='ocrx_word' id='word_1_314' title='bbox 695 3715 853 3770; x_wconf 86' lang='grc' dir='ltr'>τοῦτο</span> <span class='ocrx_word' id='word_1_315' title='bbox 872 3715 1092 3787; x_wconf 81' lang='grc' dir='ltr'>πρῶτον</span> <span class='ocrx_word' id='word_1_316' title='bbox 1114 3715 1348 3787; x_wconf 88' lang='grc' dir='ltr'>ὑπέστη,</span> <span class='ocrx_word' id='word_1_317' title='bbox 1379 3716 1472 3770; x_wconf 74' lang='grc' dir='ltr'>καὶ</span> <span class='ocrx_word' id='word_1_318' title='bbox 1492 3715 1612 3768; x_wconf 86' lang='grc' dir='ltr'>τότε</span> <span class='ocrx_word' id='word_1_319' title='bbox 1634 3714 1826 3784; x_wconf 80' lang='grc' dir='ltr'>ἀνέϐη,</span> 
     </span>
    </p>
   </div>
   <div class='ocr_carea' id='block_1_41' title="bbox 252 3797 1830 3871">
    <p class='ocr_par' dir='ltr' id='par_1_41' title="bbox 252 3797 1830 3871">
     <span class='ocr_line' id='line_1_41' title="bbox 252 3797 1830 3871; baseline 0.001 -20"><span class='ocrx_word' id='word_1_320' title='bbox 252 3798 329 3852; x_wconf 81' lang='grc' dir='ltr'>ῖνα</span> <span class='ocrx_word' id='word_1_321' title='bbox 355 3800 582 3871; x_wconf 70' lang='grc' dir='ltr'>δύνηται</span> <span class='ocrx_word' id='word_1_322' title='bbox 639 3799 966 3871; x_wconf 81' lang='grc' dir='ltr'>συμπαθεῖν.</span> <span class='ocrx_word' id='word_1_323' title='bbox 1021 3799 1516 3870; x_wconf 79' lang='grc' dir='ltr'>Πεπειρασμένον</span> <span class='ocrx_word' id='word_1_324' title='bbox 1560 3797 1630 3852; x_wconf 80' lang='grc' dir='ltr'>δὲ</span> <span class='ocrx_word' id='word_1_325' title='bbox 1677 3799 1830 3852; x_wconf 79' lang='grc' dir='ltr'>κατὰ</span> 
     </span>
    </p>
   </div>
   <div class='ocr_carea' id='block_1_42' title="bbox 247 3880 1828 3954">
    <p class='ocr_par' dir='ltr' id='par_1_42' title="bbox 247 3880 1828 3954">
     <span class='ocr_line' id='line_1_42' title="bbox 247 3880 1828 3954; baseline -0.003 -18"><span class='ocrx_word' id='word_1_326' title='bbox 247 3882 436 3936; x_wconf 65' lang='grc' dir='ltr'>πάντα</span> <span class='ocrx_word' id='word_1_327' title='bbox 472 3885 603 3939; x_wconf 86' lang='grc' dir='ltr'>καθ’</span> <span class='ocrx_word' id='word_1_328' title='bbox 630 3885 950 3953; x_wconf 76' lang='grc' dir='ltr'>ὁμοιότητα</span> <span class='ocrx_word' id='word_1_329' title='bbox 984 3885 1165 3954; x_wconf 81' lang='grc' dir='ltr'>χωρίς</span> <span class='ocrx_word' id='word_1_330' title='bbox 1195 3884 1508 3952; x_wconf 83' lang='grc' dir='ltr'>ἁμαρτίας.</span> <span class='ocrx_word' id='word_1_331' title='bbox 1537 3881 1682 3954; x_wconf 87' lang='grc' dir='ltr'>Ὅρα</span> <span class='ocrx_word' id='word_1_332' title='bbox 1710 3880 1828 3944; x_wconf 88' lang='grc' dir='ltr'>πῶς</span> 
     </span>
    </p>
   </div>
   <div class='ocr_carea' id='block_1_43' title="bbox 247 3962 1828 4037">
    <p class='ocr_par' dir='ltr' id='par_1_43' title="bbox 247 3962 1828 4037">
     <span class='ocr_line' id='line_1_43' title="bbox 247 3962 1828 4037; baseline -0.001 -20"><span class='ocrx_word' id='word_1_333' title='bbox 247 3967 336 4018; x_wconf 77' lang='grc' dir='ltr'>καὶ</span> <span class='ocrx_word' id='word_1_334' title='bbox 367 3965 480 4020; x_wconf 81' lang='grc' dir='ltr'>ἀνω</span> <span class='ocrx_word' id='word_1_335' title='bbox 522 3967 607 4031; x_wconf 79' lang='grc' dir='ltr'>τὸ,</span> <span class='ocrx_word' id='word_1_336' title='bbox 642 3968 1109 4036; x_wconf 83' lang='grc' dir='ltr'>Παραπλησίως,</span> <span class='ocrx_word' id='word_1_337' title='bbox 1141 3966 1330 4037; x_wconf 73' lang='grc' dir='ltr'>ἔθηκε,</span> <span class='ocrx_word' id='word_1_338' title='bbox 1353 3966 1446 4020; x_wconf 76' lang='grc' dir='ltr'>καὶ</span> <span class='ocrx_word' id='word_1_339' title='bbox 1481 3964 1715 4020; x_wconf 74' lang='grc' dir='ltr'>ἐνταῦθα</span> <span class='ocrx_word' id='word_1_340' title='bbox 1743 3962 1828 4030; x_wconf 74' lang='grc' dir='ltr'>τὸ,</span> 
     </span>
    </p>
   </div>
   <div class='ocr_carea' id='block_1_44' title="bbox 245 4047 1827 4122">
    <p class='ocr_par' dir='ltr' id='par_1_44' title="bbox 245 4047 1827 4122">
     <span class='ocr_line' id='line_1_44' title="bbox 245 4047 1827 4122; baseline -0.003 -16"><span class='ocrx_word' id='word_1_341' title='bbox 245 4051 380 4106; x_wconf 80' lang='grc' dir='ltr'>Καθ’</span> <span class='ocrx_word' id='word_1_342' title='bbox 441 4051 786 4122; x_wconf 79' lang='grc' dir='ltr'>ὁμοιότητα.</span> <span class='ocrx_word' id='word_1_343' title='bbox 823 4051 1142 4118; x_wconf 88' lang='grc' dir='ltr'>Τουτέστιν,</span> <span class='ocrx_word' id='word_1_344' title='bbox 1192 4050 1446 4122; x_wconf 76' lang='grc' dir='ltr'>ἐδιώχθη,</span> <span class='ocrx_word' id='word_1_345' title='bbox 1498 4047 1827 4119; x_wconf 81' lang='grc' dir='ltr'>ὲνεπτὺσθη,</span> 
     </span>
    </p>
   </div>
   <div class='ocr_carea' id='block_1_45' title="bbox 246 4131 1829 4208">
    <p class='ocr_par' dir='ltr' id='par_1_45' title="bbox 246 4131 1829 4208">
     <span class='ocr_line' id='line_1_45' title="bbox 246 4131 1829 4208; baseline -0.002 -20"><span class='ocrx_word' id='word_1_346' title='bbox 246 4135 625 4208; x_wconf 77' lang='grc' dir='ltr'>κατηγορήθη,</span> <span class='ocrx_word' id='word_1_347' title='bbox 665 4133 948 4207; x_wconf 73' lang='grc' dir='ltr'>ἐσκώφθη,</span> <span class='ocrx_word' id='word_1_348' title='bbox 993 4135 1431 4206; x_wconf 81' lang='grc' dir='ltr'>ὲσυκοφαντήθη,</span> <span class='ocrx_word' id='word_1_349' title='bbox 1463 4133 1744 4204; x_wconf 83' lang='grc' dir='ltr'>ἀπηλάθη,</span> <span class='ocrx_word' id='word_1_350' title='bbox 1768 4131 1829 4185; x_wconf 85' lang='grc' dir='ltr'>τὸ</span> 
     </span>
    </p>
   </div>
   <div class='ocr_carea' id='block_1_46' title="bbox 244 4219 1825 4292">
    <p class='ocr_par' dir='ltr' id='par_1_46' title="bbox 244 4219 1825 4292">
     <span class='ocr_line' id='line_1_46' title="bbox 244 4219 1825 4292; baseline -0.001 -20"><span class='ocrx_word' id='word_1_351' title='bbox 244 4219 390 4286; x_wconf 75' lang='grc' dir='ltr'>τέλος</span> <span class='ocrx_word' id='word_1_352' title='bbox 420 4219 770 4292; x_wconf 75' lang='grc' dir='ltr'>ἐσταυρώθη.</span> <span class='ocrx_word' id='word_1_353' title='bbox 797 4219 938 4276; x_wconf 79' lang='grc' dir='ltr'>Καθ’</span> <span class='ocrx_word' id='word_1_354' title='bbox 967 4222 1289 4292; x_wconf 80' lang='grc' dir='ltr'>ὁμοιότητα</span> <span class='ocrx_word' id='word_1_355' title='bbox 1309 4219 1489 4290; x_wconf 76' lang='grc' dir='ltr'>χωρὶς</span> <span class='ocrx_word' id='word_1_356' title='bbox 1515 4221 1825 4289; x_wconf 79' lang='grc' dir='ltr'>ἁμαρτίας.</span> 
     </span>
    </p>
   </div>
   <div class='ocr_carea' id='block_1_47' title="bbox 248 4303 1827 4379">
    <p class='ocr_par' dir='ltr' id='par_1_47' title="bbox 248 4303 1827 4379">
     <span class='ocr_line' id='line_1_47' title="bbox 248 4303 1827 4379; baseline -0.002 -21"><span class='ocrx_word' id='word_1_357' title='bbox 248 4303 361 4379; x_wconf 77' lang='grc'>[75]</span> <span class='ocrx_word' id='word_1_358' title='bbox 400 4305 670 4361; x_wconf 81' lang='grc' dir='ltr'>Ἐνταῦθα</span> <span class='ocrx_word' id='word_1_359' title='bbox 690 4305 785 4360; x_wconf 75' lang='grc' dir='ltr'>καὶ</span> <span class='ocrx_word' id='word_1_360' title='bbox 805 4305 934 4362; x_wconf 85' lang='grc' dir='ltr'>ἀλλο</span> <span class='ocrx_word' id='word_1_361' title='bbox 958 4305 1276 4370; x_wconf 79' lang='grc' dir='ltr'>αἰνίττεται,</span> <span class='ocrx_word' id='word_1_362' title='bbox 1295 4305 1376 4364; x_wconf 85' lang='grc' dir='ltr'>ὅτι</span> <span class='ocrx_word' id='word_1_363' title='bbox 1401 4304 1624 4358; x_wconf 85' lang='grc' dir='ltr'>δυνατὸν</span> <span class='ocrx_word' id='word_1_364' title='bbox 1654 4304 1827 4375; x_wconf 71' lang='grc' dir='ltr'>χωρὶς</span> 
     </span>
    </p>
   </div>
   <div class='ocr_carea' id='block_1_48' title="bbox 250 4389 1828 4462">
    <p class='ocr_par' dir='ltr' id='par_1_48' title="bbox 250 4389 1828 4462">
     <span class='ocr_line' id='line_1_48' title="bbox 250 4389 1828 4462; baseline -0.001 -18"><span class='ocrx_word' id='word_1_365' title='bbox 250 4391 540 4460; x_wconf 81' lang='grc' dir='ltr'>ἁμαρτίας,</span> <span class='ocrx_word' id='word_1_366' title='bbox 560 4391 660 4445; x_wconf 80' lang='grc' dir='ltr'>καὶ</span> <span class='ocrx_word' id='word_1_367' title='bbox 687 4393 744 4445; x_wconf 79' lang='grc' dir='ltr'>ὲν</span> <span class='ocrx_word' id='word_1_368' title='bbox 769 4391 1016 4462; x_wconf 78' lang='grc' dir='ltr'>θλίψεσιν</span> <span class='ocrx_word' id='word_1_369' title='bbox 1037 4391 1168 4446; x_wconf 77' lang='grc' dir='ltr'>ὄντα</span> <span class='ocrx_word' id='word_1_370' title='bbox 1194 4391 1517 4461; x_wconf 87' lang='grc' dir='ltr'>διενεγκεῖν.</span> <span class='ocrx_word' id='word_1_371' title='bbox 1545 4389 1710 4443; x_wconf 84' lang='grc' dir='ltr'>Ὥστε</span> <span class='ocrx_word' id='word_1_372' title='bbox 1733 4391 1828 4443; x_wconf 77' lang='grc' dir='ltr'>καὶ</span> 
     </span>
    </p>
   </div>
   <div class='ocr_carea' id='block_1_49' title="bbox 251 4474 1823 4552">
    <p class='ocr_par' dir='ltr' id='par_1_49' title="bbox 251 4474 1823 4552">
     <span class='ocr_line' id='line_1_49' title="bbox 251 4474 1823 4552; baseline 0 -24"><span class='ocrx_word' id='word_1_373' title='bbox 251 4474 372 4530; x_wconf 80' lang='grc' dir='ltr'>ὃταν</span> <span class='ocrx_word' id='word_1_374' title='bbox 391 4477 548 4552; x_wconf 81' lang='grc' dir='ltr'>λέγῃ,</span> <span class='ocrx_word' id='word_1_375' title='bbox 590 4478 696 4532; x_wconf 79' lang='grc' dir='ltr'>ἐν</span> <span class='ocrx_word' id='word_1_376' title='bbox 725 4476 1044 4548; x_wconf 77' lang='grc' dir='ltr'>ὁμοιώματι</span> <span class='ocrx_word' id='word_1_377' title='bbox 1072 4477 1324 4547; x_wconf 83' lang='grc' dir='ltr'>σαρκὸς,</span> <span class='ocrx_word' id='word_1_378' title='bbox 1351 4476 1412 4530; x_wconf 91' lang='grc' dir='ltr'>οὑ</span> <span class='ocrx_word' id='word_1_379' title='bbox 1446 4474 1607 4530; x_wconf 89' lang='grc' dir='ltr'>τοῦτο</span> <span class='ocrx_word' id='word_1_380' title='bbox 1637 4477 1823 4546; x_wconf 71' lang='grc' dir='ltr'>φησὶν,</span> 
     </span>
    </p>
   </div>
   <div class='ocr_carea' id='block_1_50' title="bbox 249 4561 1825 4636">
    <p class='ocr_par' dir='ltr' id='par_1_50' title="bbox 249 4561 1825 4636">
     <span class='ocr_line' id='line_1_50' title="bbox 249 4561 1825 4636; baseline -0.001 -21"><span class='ocrx_word' id='word_1_381' title='bbox 249 4561 326 4615; x_wconf 77' lang='grc' dir='ltr'>δτι</span> <span class='ocrx_word' id='word_1_382' title='bbox 352 4562 604 4636; x_wconf 86' lang='grc' dir='ltr'>ὁμοίωμα</span> <span class='ocrx_word' id='word_1_383' title='bbox 639 4563 868 4635; x_wconf 80' lang='grc' dir='ltr'>σαρκὸς,</span> <span class='ocrx_word' id='word_1_384' title='bbox 893 4563 1011 4618; x_wconf 78' lang='grc' dir='ltr'>ἀλλ’</span> <span class='ocrx_word' id='word_1_385' title='bbox 1045 4563 1129 4618; x_wconf 85' lang='grc' dir='ltr'>ὃτι</span> <span class='ocrx_word' id='word_1_386' title='bbox 1158 4563 1338 4636; x_wconf 83' lang='grc' dir='ltr'>σάρκα</span> <span class='ocrx_word' id='word_1_387' title='bbox 1369 4561 1622 4617; x_wconf 85' lang='grc' dir='ltr'>ἀνέλαϐε.</span> <span class='ocrx_word' id='word_1_388' title='bbox 1655 4562 1754 4615; x_wconf 86' lang='grc' dir='ltr'>Διά</span> <span class='ocrx_word' id='word_1_389' title='bbox 1773 4561 1825 4614; x_wconf 89' lang='grc' dir='ltr'>τί</span> 
     </span>
    </p>
   </div>
   <div class='ocr_carea' id='block_1_51' title="bbox 253 4639 1826 4720">
    <p class='ocr_par' dir='ltr' id='par_1_51' title="bbox 253 4639 1826 4720">
     <span class='ocr_line' id='line_1_51' title="bbox 253 4639 1826 4720; baseline 0 -22"><span class='ocrx_word' id='word_1_390' title='bbox 253 4639 340 4701; x_wconf 77' lang='grc' dir='ltr'>οὐν</span> <span class='ocrx_word' id='word_1_391' title='bbox 364 4643 537 4701; x_wconf 77' lang='grc' dir='ltr'>εἶπεν·</span> <span class='ocrx_word' id='word_1_392' title='bbox 583 4647 687 4703; x_wconf 83' lang='grc' dir='ltr'>Ἐν</span> <span class='ocrx_word' id='word_1_393' title='bbox 717 4647 1071 4719; x_wconf 78' lang='grc' dir='ltr'>ὁμοιώματι;</span> <span class='ocrx_word' id='word_1_394' title='bbox 1099 4648 1236 4720; x_wconf 82' lang='grc' dir='ltr'>Περὶ</span> <span class='ocrx_word' id='word_1_395' title='bbox 1263 4644 1592 4720; x_wconf 84' lang='grc' dir='ltr'>ἀμαρτωλοῦ</span> <span class='ocrx_word' id='word_1_396' title='bbox 1622 4645 1826 4718; x_wconf 82' lang='grc' dir='ltr'>σαρκὸς</span> 
     </span>
    </p>
   </div>
   <div class='ocr_carea' id='block_1_52' title="bbox 253 4726 1828 4804">
    <p class='ocr_par' dir='ltr' id='par_1_52' title="bbox 253 4726 1828 4804">
     <span class='ocr_line' id='line_1_52' title="bbox 253 4726 1828 4804; baseline 0 -22"><span class='ocrx_word' id='word_1_397' title='bbox 253 4728 429 4800; x_wconf 70' lang='grc' dir='ltr'>ἔλεγεν</span> <span class='ocrx_word' id='word_1_398' title='bbox 449 4747 464 4761; x_wconf 89' lang='grc'>·</span> <span class='ocrx_word' id='word_1_399' title='bbox 490 4732 660 4803; x_wconf 88' lang='grc' dir='ltr'>ὁμοία</span> <span class='ocrx_word' id='word_1_400' title='bbox 689 4732 800 4804; x_wconf 80' lang='grc' dir='ltr'>γάρ</span> <span class='ocrx_word' id='word_1_401' title='bbox 830 4726 900 4803; x_wconf 79' lang='grc' dir='ltr'>ἦν</span> <span class='ocrx_word' id='word_1_402' title='bbox 930 4734 997 4802; x_wconf 75' lang='grc' dir='ltr'>τῇ</span> <span class='ocrx_word' id='word_1_403' title='bbox 1032 4732 1198 4802; x_wconf 73' lang='grc' dir='ltr'>σαρκὶ</span> <span class='ocrx_word' id='word_1_404' title='bbox 1216 4733 1284 4802; x_wconf 82' lang='grc' dir='ltr'>τῇ</span> <span class='ocrx_word' id='word_1_405' title='bbox 1313 4729 1592 4801; x_wconf 78' lang='grc' dir='ltr'>ἡμετέρᾳ·</span> <span class='ocrx_word' id='word_1_406' title='bbox 1626 4731 1712 4799; x_wconf 74' lang='grc' dir='ltr'>τῇ,</span> <span class='ocrx_word' id='word_1_407' title='bbox 1731 4729 1828 4799; x_wconf 85' lang='grc' dir='ltr'>μὲν</span> 
     </span>
    </p>
   </div>
   <div class='ocr_carea' id='block_1_53' title="bbox 254 4811 1828 4888">
    <p class='ocr_par' dir='ltr' id='par_1_53' title="bbox 254 4811 1828 4888">
     <span class='ocr_line' id='line_1_53' title="bbox 254 4811 1828 4888; baseline 0 -22"><span class='ocrx_word' id='word_1_408' title='bbox 254 4816 356 4886; x_wconf 72' lang='grc' dir='ltr'>γάρ</span> <span class='ocrx_word' id='word_1_409' title='bbox 386 4815 548 4884; x_wconf 78' lang='grc' dir='ltr'>φύσει</span> <span class='ocrx_word' id='word_1_410' title='bbox 576 4818 611 4888; x_wconf 84' lang='grc' dir='ltr'>ἡ</span> <span class='ocrx_word' id='word_1_411' title='bbox 651 4817 791 4885; x_wconf 85' lang='grc' dir='ltr'>αὐτὴ</span> <span class='ocrx_word' id='word_1_412' title='bbox 839 4811 908 4886; x_wconf 79' lang='grc' dir='ltr'>ἦν</span> <span class='ocrx_word' id='word_1_413' title='bbox 940 4817 1092 4887; x_wconf 80' lang='grc' dir='ltr'>ἡμῖν,</span> <span class='ocrx_word' id='word_1_414' title='bbox 1117 4817 1184 4887; x_wconf 73' lang='grc' dir='ltr'>τῇ</span> <span class='ocrx_word' id='word_1_415' title='bbox 1217 4815 1274 4869; x_wconf 82' lang='grc' dir='ltr'>δὲ</span> <span class='ocrx_word' id='word_1_416' title='bbox 1315 4814 1565 4886; x_wconf 78' lang='grc' dir='ltr'>ἁμαρτίᾳ</span> <span class='ocrx_word' id='word_1_417' title='bbox 1579 4812 1766 4868; x_wconf 87' lang='grc' dir='ltr'>οὐκέτι</span> <span class='ocrx_word' id='word_1_418' title='bbox 1793 4815 1828 4884; x_wconf 79' lang='grc' dir='ltr'><strong>ἡ</strong></span> 
     </span>
    </p>
   </div>
   <div class='ocr_carea' id='block_1_54' title="bbox 255 4894 1831 4970">
    <p class='ocr_par' dir='ltr' id='par_1_54' title="bbox 255 4894 1831 4970">
     <span class='ocr_line' id='line_1_54' title="bbox 255 4894 1831 4970; baseline 0 -18"><span class='ocrx_word' id='word_1_419' title='bbox 255 4899 407 4970; x_wconf 83' lang='grc' dir='ltr'>αὐτή,</span> <span class='ocrx_word' id='word_1_420' title='bbox 452 4900 925 4970; x_wconf 83' lang='grc' dir='ltr'>ΙΙροσερχώμεθα</span> <span class='ocrx_word' id='word_1_421' title='bbox 978 4894 1093 4955; x_wconf 84' lang='grc' dir='ltr'>οὖν</span> <span class='ocrx_word' id='word_1_422' title='bbox 1146 4899 1296 4970; x_wconf 83' lang='grc' dir='ltr'>μετὰ</span> <span class='ocrx_word' id='word_1_423' title='bbox 1350 4899 1693 4969; x_wconf 77' lang='grc' dir='ltr'>παρρησίας</span> <span class='ocrx_word' id='word_1_424' title='bbox 1749 4896 1831 4963; x_wconf 84' lang='grc' dir='ltr'>τῷ</span> 
     </span>
    </p>
   </div>
   <div class='ocr_carea' id='block_1_55' title="bbox 255 4982 1828 5054">
    <p class='ocr_par' dir='ltr' id='par_1_55' title="bbox 255 4982 1828 5054">
     <span class='ocr_line' id='line_1_55' title="bbox 255 4982 1828 5054; baseline 0.001 -18"><span class='ocrx_word' id='word_1_425' title='bbox 255 4985 435 5050; x_wconf 78' lang='grc' dir='ltr'>θρόνῳ</span> <span class='ocrx_word' id='word_1_426' title='bbox 459 4982 569 5053; x_wconf 83' lang='grc' dir='ltr'>τῆς</span> <span class='ocrx_word' id='word_1_427' title='bbox 587 4983 833 5053; x_wconf 81' lang='grc' dir='ltr'>χάριτος</span> <span class='ocrx_word' id='word_1_428' title='bbox 855 4982 1066 5051; x_wconf 88' lang='grc' dir='ltr'>αὐτοῦ,</span> <span class='ocrx_word' id='word_1_429' title='bbox 1089 4984 1192 5039; x_wconf 75' lang='grc' dir='ltr'>ἵνα</span> <span class='ocrx_word' id='word_1_430' title='bbox 1212 4982 1488 5054; x_wconf 82' lang='grc' dir='ltr'>λάϐωμεν</span> <span class='ocrx_word' id='word_1_431' title='bbox 1505 4982 1704 5050; x_wconf 75' lang='grc' dir='ltr'>ἔλεον,</span> <span class='ocrx_word' id='word_1_432' title='bbox 1729 4982 1828 5038; x_wconf 73' lang='grc' dir='ltr'>καὶ</span> 
     </span>
    </p>
   </div>
   <div class='ocr_carea' id='block_1_56' title="bbox 253 5065 1828 5139">
    <p class='ocr_par' dir='ltr' id='par_1_56' title="bbox 253 5065 1828 5139">
     <span class='ocr_line' id='line_1_56' title="bbox 253 5065 1828 5139; baseline 0 -19"><span class='ocrx_word' id='word_1_433' title='bbox 253 5065 418 5136; x_wconf 78' lang='grc' dir='ltr'>χάριν</span> <span class='ocrx_word' id='word_1_434' title='bbox 437 5067 706 5138; x_wconf 76' lang='grc' dir='ltr'>εὕρωμεν</span> <span class='ocrx_word' id='word_1_435' title='bbox 730 5070 818 5134; x_wconf 84' lang='grc' dir='ltr'>είς</span> <span class='ocrx_word' id='word_1_436' title='bbox 838 5068 1122 5136; x_wconf 83' lang='grc' dir='ltr'>εὔκαιρον</span> <span class='ocrx_word' id='word_1_437' title='bbox 1142 5067 1457 5135; x_wconf 77' lang='grc' dir='ltr'>βοήθειαν.</span> <span class='ocrx_word' id='word_1_438' title='bbox 1492 5067 1695 5139; x_wconf 83' lang='grc' dir='ltr'>Θρόνον</span> <span class='ocrx_word' id='word_1_439' title='bbox 1726 5067 1828 5138; x_wconf 87' lang='grc' dir='ltr'>χά-</span> 
     </span>
    </p>
   </div>
   <div class='ocr_carea' id='block_1_57' title="bbox 257 5145 1828 5231">
    <p class='ocr_par' dir='ltr' id='par_1_57' title="bbox 257 5145 1828 5231">
     <span class='ocr_line' id='line_1_57' title="bbox 257 5145 1828 5231; baseline 0 -26"><span class='ocrx_word' id='word_1_440' title='bbox 257 5169 394 5224; x_wconf 84' lang='grc' dir='ltr'>ριτος</span> <span class='ocrx_word' id='word_1_441' title='bbox 417 5153 537 5207; x_wconf 88' lang='grc' dir='ltr'>τίνα</span> <span class='ocrx_word' id='word_1_442' title='bbox 571 5153 742 5223; x_wconf 85' lang='grc' dir='ltr'>φησί;</span> <span class='ocrx_word' id='word_1_443' title='bbox 767 5153 871 5206; x_wconf 84' lang='grc' dir='ltr'>Τὸν</span> <span class='ocrx_word' id='word_1_444' title='bbox 916 5153 1106 5225; x_wconf 86' lang='grc' dir='ltr'>θρόνον</span> <span class='ocrx_word' id='word_1_445' title='bbox 1154 5153 1246 5208; x_wconf 81' lang='grc' dir='ltr'>τὸν</span> <span class='ocrx_word' id='word_1_446' title='bbox 1281 5153 1564 5224; x_wconf 77' lang='grc' dir='ltr'>βασιλικὸν</span> <span class='ocrx_word' id='word_1_447' title='bbox 1604 5152 1734 5231; x_wconf 74' lang='grc' dir='ltr'>περὶ</span> <span class='ocrx_word' id='word_1_448' title='bbox 1767 5145 1828 5206; x_wconf 79' lang='grc' dir='ltr'>οὑ</span> 
     </span>
    </p>
   </div>
   <div class='ocr_carea' id='block_1_58' title="bbox 253 5235 1830 5308">
    <p class='ocr_par' dir='ltr' id='par_1_58' title="bbox 253 5235 1830 5308">
     <span class='ocr_line' id='line_1_58' title="bbox 253 5235 1830 5308; baseline -0.001 -17"><span class='ocrx_word' id='word_1_449' title='bbox 253 5253 406 5308; x_wconf 73' lang='grc' dir='ltr'>φησιν</span> <span class='ocrx_word' id='word_1_450' title='bbox 426 5256 440 5270; x_wconf 88' lang='grc'>·</span> <span class='ocrx_word' id='word_1_451' title='bbox 465 5235 652 5293; x_wconf 78' lang='grc' dir='ltr'>Εἶπεν</span> <span class='ocrx_word' id='word_1_452' title='bbox 685 5241 720 5292; x_wconf 87' lang='grc' dir='ltr'>ό</span> <span class='ocrx_word' id='word_1_453' title='bbox 749 5238 964 5306; x_wconf 84' lang='grc' dir='ltr'>Κύριος</span> <span class='ocrx_word' id='word_1_454' title='bbox 1011 5237 1093 5303; x_wconf 84' lang='grc' dir='ltr'>τῷ</span> <span class='ocrx_word' id='word_1_455' title='bbox 1137 5239 1333 5306; x_wconf 82' lang='grc' dir='ltr'>Κυρίῳ</span> <span class='ocrx_word' id='word_1_456' title='bbox 1365 5251 1502 5308; x_wconf 83' lang='grc' dir='ltr'>μου·</span> <span class='ocrx_word' id='word_1_457' title='bbox 1536 5235 1736 5292; x_wconf 85' lang='grc' dir='ltr'>Κάθου</span> <span class='ocrx_word' id='word_1_458' title='bbox 1763 5236 1830 5293; x_wconf 80' lang='grc' dir='ltr'>ἐκ</span> 
     </span>
    </p>
   </div>
   <div class='ocr_carea' id='block_1_59' title="bbox 253 5319 1831 5392">
    <p class='ocr_par' dir='ltr' id='par_1_59' title="bbox 253 5319 1831 5392">
     <span class='ocr_line' id='line_1_59' title="bbox 253 5319 1831 5392; baseline 0 -19"><span class='ocrx_word' id='word_1_459' title='bbox 253 5319 457 5386; x_wconf 83' lang='grc' dir='ltr'>δεξιῶν</span> <span class='ocrx_word' id='word_1_460' title='bbox 480 5340 625 5392; x_wconf 79' lang='grc' dir='ltr'>μου,</span> <span class='ocrx_word' id='word_1_461' title='bbox 654 5321 769 5387; x_wconf 83' lang='grc' dir='ltr'>ἓως</span> <span class='ocrx_word' id='word_1_462' title='bbox 797 5321 874 5376; x_wconf 82' lang='grc' dir='ltr'>ἂν</span> <span class='ocrx_word' id='word_1_463' title='bbox 893 5319 976 5379; x_wconf 83' lang='grc' dir='ltr'>θῶ</span> <span class='ocrx_word' id='word_1_464' title='bbox 997 5321 1138 5388; x_wconf 89' lang='grc' dir='ltr'>τοὺς</span> <span class='ocrx_word' id='word_1_465' title='bbox 1164 5321 1416 5390; x_wconf 83' lang='grc' dir='ltr'>ἐχθρούς</span> <span class='ocrx_word' id='word_1_466' title='bbox 1454 5339 1572 5376; x_wconf 91' lang='grc' dir='ltr'>σου</span> <span class='ocrx_word' id='word_1_467' title='bbox 1604 5321 1831 5375; x_wconf 82' lang='grc' dir='ltr'>ὑποπό-</span> 
     </span>
    </p>
   </div>
   <div class='ocr_carea' id='block_1_60' title="bbox 252 5403 1829 5478">
    <p class='ocr_par' dir='ltr' id='par_1_60' title="bbox 252 5403 1829 5478">
     <span class='ocr_line' id='line_1_60' title="bbox 252 5403 1829 5478; baseline -0.001 -20"><span class='ocrx_word' id='word_1_468' title='bbox 252 5403 375 5460; x_wconf 82' lang='grc' dir='ltr'>διον</span> <span class='ocrx_word' id='word_1_469' title='bbox 408 5408 530 5462; x_wconf 79' lang='grc' dir='ltr'>τῶν</span> <span class='ocrx_word' id='word_1_470' title='bbox 555 5405 764 5478; x_wconf 67' lang='grc' dir='ltr'>ποδῶν</span> <span class='ocrx_word' id='word_1_471' title='bbox 795 5421 934 5461; x_wconf 85' lang='grc' dir='ltr'>σου.</span> <span class='ocrx_word' id='word_1_472' title='bbox 975 5406 1123 5459; x_wconf 74' lang='grc' dir='ltr'>Ὠσεὶ</span> <span class='ocrx_word' id='word_1_473' title='bbox 1163 5405 1349 5475; x_wconf 80' lang='grc' dir='ltr'>ἔλεγε·</span> <span class='ocrx_word' id='word_1_474' title='bbox 1386 5403 1829 5478; x_wconf 86' lang='grc' dir='ltr'>Προσερχώμεθα</span> 
     </span>
    </p>
   </div>
   <div class='ocr_carea' id='block_1_61' title="bbox 256 5476 1825 5565">
    <p class='ocr_par' dir='ltr' id='par_1_61' title="bbox 256 5476 1825 5565">
     <span class='ocr_line' id='line_1_61' title="bbox 256 5476 1825 5565; baseline -0.001 -20"><span class='ocrx_word' id='word_1_475' title='bbox 256 5492 382 5561; x_wconf 70' lang='grc' dir='ltr'>μετὰ</span> <span class='ocrx_word' id='word_1_476' title='bbox 413 5476 751 5565; x_wconf 52' lang='grc' dir='ltr'>παρρησίας,</span> <span class='ocrx_word' id='word_1_477' title='bbox 784 5493 867 5545; x_wconf 76' lang='grc' dir='ltr'>ὅτι</span> <span class='ocrx_word' id='word_1_478' title='bbox 897 5491 1288 5562; x_wconf 85' lang='grc' dir='ltr'>ἀναμάρτητον</span> <span class='ocrx_word' id='word_1_479' title='bbox 1313 5476 1510 5562; x_wconf 75' lang='grc' dir='ltr'>ἔχομεν</span> <span class='ocrx_word' id='word_1_480' title='bbox 1539 5491 1825 5562; x_wconf 79' lang='grc' dir='ltr'>ἀρχιερέα,</span> 
     </span>
    </p>
   </div>
   <div class='ocr_carea' id='block_1_62' title="bbox 255 5575 1825 5649">
    <p class='ocr_par' dir='ltr' id='par_1_62' title="bbox 255 5575 1825 5649">
     <span class='ocr_line' id='line_1_62' title="bbox 255 5575 1825 5649; baseline -0.002 -18"><span class='ocrx_word' id='word_1_481' title='bbox 255 5579 754 5649; x_wconf 74' lang='grc' dir='ltr'>καταγωνιζόμενον</span> <span class='ocrx_word' id='word_1_482' title='bbox 797 5577 898 5648; x_wconf 78' lang='grc' dir='ltr'>τὴν</span> <span class='ocrx_word' id='word_1_483' title='bbox 956 5577 1309 5647; x_wconf 85' lang='grc' dir='ltr'>οἰκουμένην.</span> <span class='ocrx_word' id='word_1_484' title='bbox 1364 5575 1646 5643; x_wconf 80' lang='grc' dir='ltr'>Θαρσεῖτε</span> <span class='ocrx_word' id='word_1_485' title='bbox 1694 5576 1825 5644; x_wconf 76' lang='grc' dir='ltr'>γὰρ,</span> 
     </span>
    </p>
   </div>
   <div class='ocr_carea' id='block_1_63' title="bbox 253 5659 1829 5734">
    <p class='ocr_par' dir='ltr' id='par_1_63' title="bbox 253 5659 1829 5734">
     <span class='ocr_line' id='line_1_63' title="bbox 253 5659 1829 5734; baseline -0.002 -17"><span class='ocrx_word' id='word_1_486' title='bbox 253 5666 428 5734; x_wconf 76' lang='grc' dir='ltr'>φησὶν,</span> <span class='ocrx_word' id='word_1_487' title='bbox 454 5663 570 5734; x_wconf 82' lang='grc' dir='ltr'>ἐγὼ</span> <span class='ocrx_word' id='word_1_488' title='bbox 607 5665 906 5731; x_wconf 79' lang='grc' dir='ltr'>νενίκηκα</span> <span class='ocrx_word' id='word_1_489' title='bbox 960 5663 1069 5716; x_wconf 77' lang='grc' dir='ltr'>τὸν</span> <span class='ocrx_word' id='word_1_490' title='bbox 1114 5663 1369 5731; x_wconf 63' lang='grc' dir='ltr'>κόσμον.</span> <span class='ocrx_word' id='word_1_491' title='bbox 1402 5661 1476 5714; x_wconf 84' lang='grc' dir='ltr'>Τὸ</span> <span class='ocrx_word' id='word_1_492' title='bbox 1507 5659 1618 5733; x_wconf 81' lang='grc' dir='ltr'>γὰρ</span> <span class='ocrx_word' id='word_1_493' title='bbox 1651 5663 1829 5716; x_wconf 89' lang='grc' dir='ltr'>πάντα</span> 
     </span>
    </p>
   </div>
   <div class='ocr_carea' id='block_1_64' title="bbox 255 5742 1831 5819">
    <p class='ocr_par' dir='ltr' id='par_1_64' title="bbox 255 5742 1831 5819">
     <span class='ocr_line' id='line_1_64' title="bbox 255 5742 1831 5819; baseline -0.001 -18"><span class='ocrx_word' id='word_1_494' title='bbox 255 5749 349 5817; x_wconf 75' lang='grc' dir='ltr'>μὲν</span> <span class='ocrx_word' id='word_1_495' title='bbox 376 5749 592 5816; x_wconf 85' lang='grc' dir='ltr'>παθεῖν,</span> <span class='ocrx_word' id='word_1_496' title='bbox 620 5749 868 5819; x_wconf 75' lang='grc' dir='ltr'>καθαρὸν</span> <span class='ocrx_word' id='word_1_497' title='bbox 919 5747 974 5800; x_wconf 82' lang='grc' dir='ltr'>δὲ</span> <span class='ocrx_word' id='word_1_498' title='bbox 1008 5742 1148 5800; x_wconf 75' lang='grc' dir='ltr'>εἶναι</span> <span class='ocrx_word' id='word_1_499' title='bbox 1203 5746 1642 5819; x_wconf 85' lang='grc' dir='ltr'>ἁμαρτημάτων,</span> <span class='ocrx_word' id='word_1_500' title='bbox 1672 5746 1831 5800; x_wconf 89' lang='grc' dir='ltr'>τοῦτό</span> 
     </span>
    </p>
   </div>
   <div class='ocr_carea' id='block_1_65' title="bbox 253 5830 1828 5904">
    <p class='ocr_par' dir='ltr' id='par_1_65' title="bbox 253 5830 1828 5904">
     <span class='ocr_line' id='line_1_65' title="bbox 253 5830 1828 5904; baseline 0 -18"><span class='ocrx_word' id='word_1_501' title='bbox 253 5830 410 5890; x_wconf 67' lang='grc' dir='ltr'>ἔστιν.</span> <span class='ocrx_word' id='word_1_502' title='bbox 445 5833 512 5891; x_wconf 75' lang='grc' dir='ltr'>ΕΞ</span> <span class='ocrx_word' id='word_1_503' title='bbox 551 5834 721 5904; x_wconf 76' lang='grc' dir='ltr'>ἡμεῖς</span> <span class='ocrx_word' id='word_1_504' title='bbox 765 5831 872 5886; x_wconf 73' lang='grc' dir='ltr'>ὑπὸ</span> <span class='ocrx_word' id='word_1_505' title='bbox 900 5830 1177 5903; x_wconf 81' lang='grc' dir='ltr'>ἁμαρτίαν</span> <span class='ocrx_word' id='word_1_506' title='bbox 1204 5831 1393 5903; x_wconf 80' lang='grc' dir='ltr'>ἐσμὲν,</span> <span class='ocrx_word' id='word_1_507' title='bbox 1436 5831 1623 5904; x_wconf 71' lang='grc' dir='ltr'>φησὶν,</span> <span class='ocrx_word' id='word_1_508' title='bbox 1666 5830 1828 5897; x_wconf 73' lang='grc' dir='ltr'>αὐτὸς</span> 
     </span>
    </p>
   </div>
   <div class='ocr_carea' id='block_1_66' title="bbox 800 5953 906 5984">
    <p class='ocr_par' dir='ltr' id='par_1_66' title="bbox 800 5953 906 5984">
     <span class='ocr_line' id='line_1_66' title="bbox 800 5953 906 5984; baseline 0 0"><span class='ocrx_word' id='word_1_509' title='bbox 800 5974 804 5978; x_wconf 88' lang='lat'><strong><em>-</em></strong></span> <span class='ocrx_word' id='word_1_510' title='bbox 883 5953 906 5984; x_wconf 89' lang='lat'>\</span> 
     </span>
    </p>
   </div>
   <div class='ocr_carea' id='block_1_67' title="bbox 1930 539 3518 626">
    <p class='ocr_par' dir='ltr' id='par_1_67' title="bbox 1930 539 3518 626">
     <span class='ocr_line' id='line_1_67' title="bbox 1930 539 3518 626; baseline 0.01 -34"><span class='ocrx_word' id='word_1_511' title='bbox 1930 539 1989 593; x_wconf 82' lang='grc' dir='ltr'>δὲ</span> <span class='ocrx_word' id='word_1_512' title='bbox 2039 541 2445 626; x_wconf 82' lang='grc' dir='ltr'>ἀναμάρτητος,</span> <span class='ocrx_word' id='word_1_513' title='bbox 2500 545 2618 608; x_wconf 85' lang='grc' dir='ltr'>πῶς</span> <span class='ocrx_word' id='word_1_514' title='bbox 2675 547 3112 619; x_wconf 86' lang='grc' dir='ltr'>προσερχώμεθα</span> <span class='ocrx_word' id='word_1_515' title='bbox 3173 551 3310 620; x_wconf 85' lang='grc' dir='ltr'>μετά</span> <span class='ocrx_word' id='word_1_516' title='bbox 3377 557 3518 626; x_wconf 80' lang='grc' dir='ltr'>παῤ-</span> 
     </span>
    </p>
   </div>
   <div class='ocr_carea' id='block_1_68' title="bbox 1933 624 3516 720">
    <p class='ocr_par' dir='ltr' id='par_1_68' title="bbox 1933 624 3516 720">
     <span class='ocr_line' id='line_1_68' title="bbox 1933 624 3516 720; baseline 0.01 -45"><span class='ocrx_word' id='word_1_517' title='bbox 1933 624 2165 720; x_wconf 83' lang='grc' dir='ltr'>ρησίας</span> <span class='ocrx_word' id='word_1_518' title='bbox 2199 625 2323 679; x_wconf 76' lang='grc' dir='ltr'>Ὅτι</span> <span class='ocrx_word' id='word_1_519' title='bbox 2353 626 2545 698; x_wconf 80' lang='grc' dir='ltr'>θρόνος</span> <span class='ocrx_word' id='word_1_520' title='bbox 2594 627 2817 700; x_wconf 83' lang='grc' dir='ltr'>χάριτός</span> <span class='ocrx_word' id='word_1_521' title='bbox 2847 631 3018 698; x_wconf 79' lang='grc' dir='ltr'>ἐστιν,</span> <span class='ocrx_word' id='word_1_522' title='bbox 3061 632 3121 686; x_wconf 87' lang='grc' dir='ltr'>οὐ</span> <span class='ocrx_word' id='word_1_523' title='bbox 3171 633 3359 705; x_wconf 84' lang='grc' dir='ltr'>θρόνος</span> <span class='ocrx_word' id='word_1_524' title='bbox 3391 624 3516 709; x_wconf 77' lang='grc' dir='ltr'>κρί-</span> 
     </span>
    </p>
   </div>
   <div class='ocr_carea' id='block_1_69' title="bbox 1933 723 2221 771">
    <p class='ocr_par' dir='ltr' id='par_1_69' title="bbox 1933 723 2221 771">
     <span class='ocr_line' id='line_1_69' title="bbox 1933 723 2221 771; baseline 0.014 -12"><span class='ocrx_word' id='word_1_525' title='bbox 1933 723 2074 771; x_wconf 87' lang='grc' dir='ltr'>σεως</span> <span class='ocrx_word' id='word_1_526' title='bbox 2103 725 2221 764; x_wconf 80' lang='grc' dir='ltr'>νυν.</span> 
     </span>
    </p>
   </div>
   <div class='ocr_carea' id='block_1_70' title="bbox 2002 871 3522 948">
    <p class='ocr_par' dir='ltr' id='par_1_70' title="bbox 2002 871 3522 948">
     <span class='ocr_line' id='line_1_70' title="bbox 2002 871 3522 948; baseline 0.008 -23"><span class='ocrx_word' id='word_1_527' title='bbox 2002 871 2102 926; x_wconf 74' lang='grc' dir='ltr'>Διά</span> <span class='ocrx_word' id='word_1_528' title='bbox 2133 873 2299 926; x_wconf 83' lang='grc' dir='ltr'>τοῦτο</span> <span class='ocrx_word' id='word_1_529' title='bbox 2319 874 2796 944; x_wconf 77' lang='grc' dir='ltr'>Προσερχώμεθα</span> <span class='ocrx_word' id='word_1_530' title='bbox 2824 877 2974 944; x_wconf 81' lang='grc' dir='ltr'>μετὰ</span> <span class='ocrx_word' id='word_1_531' title='bbox 3012 881 3375 948; x_wconf 75' lang='grc' dir='ltr'>παρρησίας,</span> <span class='ocrx_word' id='word_1_532' title='bbox 3420 885 3522 937; x_wconf 78' lang='grc' dir='ltr'>ἵνα</span> 
     </span>
    </p>
   </div>
   <div class='ocr_carea' id='block_1_71' title="bbox 1929 953 3522 1038">
    <p class='ocr_par' dir='ltr' id='par_1_71' title="bbox 1929 953 3522 1038">
     <span class='ocr_line' id='line_1_71' title="bbox 1929 953 3522 1038; baseline 0.006 -26"><span class='ocrx_word' id='word_1_533' title='bbox 1929 957 2220 1026; x_wconf 81' lang='grc' dir='ltr'>λάϐωμεν</span> <span class='ocrx_word' id='word_1_534' title='bbox 2253 958 2452 1024; x_wconf 77' lang='grc' dir='ltr'>ἔλεον,</span> <span class='ocrx_word' id='word_1_535' title='bbox 2503 953 2635 1012; x_wconf 77' lang='grc' dir='ltr'>οἶον</span> <span class='ocrx_word' id='word_1_536' title='bbox 2686 959 2998 1028; x_wconf 70' lang='grc' dir='ltr'>ζητοῦμεν,</span> <span class='ocrx_word' id='word_1_537' title='bbox 3037 965 3192 1034; x_wconf 81' lang='grc' dir='ltr'>φησί.</span> <span class='ocrx_word' id='word_1_538' title='bbox 3234 967 3522 1038; x_wconf 79' lang='grc' dir='ltr'>Φιλοτιμία.</span> 
     </span>
    </p>
   </div>
   <div class='ocr_carea' id='block_1_72' title="bbox 1929 1042 3522 1120">
    <p class='ocr_par' dir='ltr' id='par_1_72' title="bbox 1929 1042 3522 1120">
     <span class='ocr_line' id='line_1_72' title="bbox 1929 1042 3522 1120; baseline 0.003 -26"><span class='ocrx_word' id='word_1_539' title='bbox 1929 1042 2040 1112; x_wconf 79' lang='grc' dir='ltr'>γάρ</span> <span class='ocrx_word' id='word_1_540' title='bbox 2058 1042 2119 1094; x_wconf 85' lang='grc' dir='ltr'>τὸ</span> <span class='ocrx_word' id='word_1_541' title='bbox 2142 1043 2379 1113; x_wconf 78' lang='grc' dir='ltr'>πρᾶγμά</span> <span class='ocrx_word' id='word_1_542' title='bbox 2402 1043 2540 1108; x_wconf 79' lang='grc' dir='ltr'>ἐστι,</span> <span class='ocrx_word' id='word_1_543' title='bbox 2566 1044 2662 1096; x_wconf 64' lang='grc' dir='ltr'>καὶ</span> <span class='ocrx_word' id='word_1_544' title='bbox 2688 1043 2868 1114; x_wconf 88' lang='grc' dir='ltr'>δωρεά</span> <span class='ocrx_word' id='word_1_545' title='bbox 2891 1044 3173 1116; x_wconf 83' lang='grc' dir='ltr'>βασιλική.</span> <span class='ocrx_word' id='word_1_546' title='bbox 3209 1052 3320 1104; x_wconf 80' lang='grc' dir='ltr'>Καὶ</span> <span class='ocrx_word' id='word_1_547' title='bbox 3345 1052 3522 1120; x_wconf 71' lang='grc' dir='ltr'>χάριν</span> 
     </span>
    </p>
   </div>
   <div class='ocr_carea' id='block_1_73' title="bbox 1929 1124 3516 1204">
    <p class='ocr_par' dir='ltr' id='par_1_73' title="bbox 1929 1124 3516 1204">
     <span class='ocr_line' id='line_1_73' title="bbox 1929 1124 3516 1204; baseline 0.007 -28"><span class='ocrx_word' id='word_1_548' title='bbox 1929 1124 2195 1194; x_wconf 84' lang='grc' dir='ltr'>εὕρωμεν</span> <span class='ocrx_word' id='word_1_549' title='bbox 2243 1129 2332 1192; x_wconf 80' lang='grc' dir='ltr'>είς</span> <span class='ocrx_word' id='word_1_550' title='bbox 2377 1125 2666 1194; x_wconf 83' lang='grc' dir='ltr'>εὔκαιρον</span> <span class='ocrx_word' id='word_1_551' title='bbox 2686 1125 3000 1192; x_wconf 76' lang='grc' dir='ltr'>βοήθειαν.</span> <span class='ocrx_word' id='word_1_552' title='bbox 3038 1130 3236 1194; x_wconf 82' lang='grc' dir='ltr'>Καλῶς</span> <span class='ocrx_word' id='word_1_553' title='bbox 3274 1134 3516 1204; x_wconf 79' lang='grc' dir='ltr'>εἴρηκεν·</span> 
     </span>
    </p>
   </div>
   <div class='ocr_carea' id='block_1_74' title="bbox 1930 1208 3517 1287">
    <p class='ocr_par' dir='ltr' id='par_1_74' title="bbox 1930 1208 3517 1287">
     <span class='ocr_line' id='line_1_74' title="bbox 1930 1208 3517 1287; baseline 0.006 -27"><span class='ocrx_word' id='word_1_554' title='bbox 1930 1209 2031 1274; x_wconf 85' lang='grc' dir='ltr'>Είς</span> <span class='ocrx_word' id='word_1_555' title='bbox 2065 1208 2348 1278; x_wconf 74' lang='grc' dir='ltr'>εὔκαιρον</span> <span class='ocrx_word' id='word_1_556' title='bbox 2377 1209 2695 1278; x_wconf 79' lang='grc' dir='ltr'>βοήθειαν.</span> <span class='ocrx_word' id='word_1_557' title='bbox 2723 1211 2822 1262; x_wconf 79' lang='grc' dir='ltr'>Ἂν</span> <span class='ocrx_word' id='word_1_558' title='bbox 2865 1209 2961 1263; x_wconf 83' lang='grc' dir='ltr'>νῦν</span> <span class='ocrx_word' id='word_1_559' title='bbox 3002 1214 3329 1285; x_wconf 75' lang='grc' dir='ltr'>προσέλθῃς,</span> <span class='ocrx_word' id='word_1_560' title='bbox 3362 1220 3517 1287; x_wconf 79' lang='grc' dir='ltr'>φησὶ,</span> 
     </span>
    </p>
   </div>
   <div class='ocr_carea' id='block_1_75' title="bbox 1929 1291 3516 1370">
    <p class='ocr_par' dir='ltr' id='par_1_75' title="bbox 1929 1291 3516 1370">
     <span class='ocr_line' id='line_1_75' title="bbox 1929 1291 3516 1370; baseline 0.01 -31"><span class='ocrx_word' id='word_1_561' title='bbox 1929 1291 2078 1364; x_wconf 73' lang='grc' dir='ltr'>λήψῃ</span> <span class='ocrx_word' id='word_1_562' title='bbox 2098 1293 2196 1345; x_wconf 71' lang='grc' dir='ltr'>καὶ</span> <span class='ocrx_word' id='word_1_563' title='bbox 2227 1295 2393 1365; x_wconf 87' lang='grc' dir='ltr'>χάριν</span> <span class='ocrx_word' id='word_1_564' title='bbox 2422 1294 2516 1346; x_wconf 75' lang='grc' dir='ltr'>καὶ</span> <span class='ocrx_word' id='word_1_565' title='bbox 2547 1293 2696 1348; x_wconf 77' lang='grc' dir='ltr'>ἔλεον</span> <span class='ocrx_word' id='word_1_566' title='bbox 2715 1312 2730 1326; x_wconf 91' lang='grc'>·</span> <span class='ocrx_word' id='word_1_567' title='bbox 2753 1295 3030 1367; x_wconf 81' lang='grc' dir='ltr'>εὐκαίρως</span> <span class='ocrx_word' id='word_1_568' title='bbox 3058 1297 3167 1368; x_wconf 73' lang='grc' dir='ltr'>γάρ</span> <span class='ocrx_word' id='word_1_569' title='bbox 3199 1299 3480 1370; x_wconf 81' lang='grc' dir='ltr'>προσέρχῃ</span> <span class='ocrx_word' id='word_1_570' title='bbox 3501 1319 3516 1332; x_wconf 74' lang='grc' dir='ltr'><strong><em>ο</em></strong></span> 
     </span>
    </p>
   </div>
   <div class='ocr_carea' id='block_1_76' title="bbox 1932 1376 3518 1453">
    <p class='ocr_par' dir='ltr' id='par_1_76' title="bbox 1932 1376 3518 1453">
     <span class='ocr_line' id='line_1_76' title="bbox 1932 1376 3518 1453; baseline 0.004 -25"><span class='ocrx_word' id='word_1_571' title='bbox 1932 1376 2000 1429; x_wconf 84' lang='grc' dir='ltr'>ἂν</span> <span class='ocrx_word' id='word_1_572' title='bbox 2030 1376 2087 1429; x_wconf 77' lang='grc' dir='ltr'>δὲ</span> <span class='ocrx_word' id='word_1_573' title='bbox 2136 1377 2261 1430; x_wconf 87' lang='grc' dir='ltr'>τότε</span> <span class='ocrx_word' id='word_1_574' title='bbox 2291 1376 2620 1449; x_wconf 78' lang='grc' dir='ltr'>προσέλθῃς,</span> <span class='ocrx_word' id='word_1_575' title='bbox 2665 1379 2889 1431; x_wconf 86' lang='grc' dir='ltr'>οὐκέτι·</span> <span class='ocrx_word' id='word_1_576' title='bbox 2929 1379 3162 1450; x_wconf 79' lang='grc' dir='ltr'>ἄκαιρος</span> <span class='ocrx_word' id='word_1_577' title='bbox 3192 1381 3303 1451; x_wconf 83' lang='grc' dir='ltr'>γάρ</span> <span class='ocrx_word' id='word_1_578' title='bbox 3335 1383 3453 1435; x_wconf 85' lang='grc' dir='ltr'>τότε</span> <span class='ocrx_word' id='word_1_579' title='bbox 3484 1386 3518 1453; x_wconf 78' lang='grc' dir='ltr'>ἡ</span> 
     </span>
    </p>
   </div>
   <div class='ocr_carea' id='block_1_77' title="bbox 1931 1459 3520 1537">
    <p class='ocr_par' dir='ltr' id='par_1_77' title="bbox 1931 1459 3520 1537">
     <span class='ocr_line' id='line_1_77' title="bbox 1931 1459 3520 1537; baseline 0.005 -25"><span class='ocrx_word' id='word_1_580' title='bbox 1931 1459 2192 1531; x_wconf 82' lang='grc' dir='ltr'>πρόσοδος</span> <span class='ocrx_word' id='word_1_581' title='bbox 2213 1476 2232 1492; x_wconf 75' lang='grc' dir='ltr'><strong>ο</strong></span> <span class='ocrx_word' id='word_1_582' title='bbox 2263 1461 2324 1514; x_wconf 91' lang='grc' dir='ltr'>οὐ</span> <span class='ocrx_word' id='word_1_583' title='bbox 2355 1462 2466 1534; x_wconf 91' lang='grc' dir='ltr'>γάρ</span> <span class='ocrx_word' id='word_1_584' title='bbox 2501 1463 2618 1514; x_wconf 70' lang='grc' dir='ltr'>ἐστι</span> <span class='ocrx_word' id='word_1_585' title='bbox 2643 1461 2772 1515; x_wconf 87' lang='grc' dir='ltr'>τότε</span> <span class='ocrx_word' id='word_1_586' title='bbox 2815 1463 3007 1534; x_wconf 88' lang='grc' dir='ltr'>θρόνος</span> <span class='ocrx_word' id='word_1_587' title='bbox 3039 1465 3283 1535; x_wconf 80' lang='grc' dir='ltr'>χάριτος.</span> <span class='ocrx_word' id='word_1_588' title='bbox 3317 1466 3520 1537; x_wconf 85' lang='grc' dir='ltr'>Θρόνος</span> 
     </span>
    </p>
   </div>
   <div class='ocr_carea' id='block_1_78' title="bbox 1929 1543 3516 1619">
    <p class='ocr_par' dir='ltr' id='par_1_78' title="bbox 1929 1543 3516 1619">
     <span class='ocr_line' id='line_1_78' title="bbox 1929 1543 3516 1619; baseline 0.004 -24"><span class='ocrx_word' id='word_1_589' title='bbox 1929 1543 2152 1613; x_wconf 88' lang='grc' dir='ltr'>χάριτός</span> <span class='ocrx_word' id='word_1_590' title='bbox 2181 1545 2350 1610; x_wconf 74' lang='grc' dir='ltr'>ἐστιν,</span> <span class='ocrx_word' id='word_1_591' title='bbox 2374 1544 2480 1608; x_wconf 70' lang='grc' dir='ltr'>ἕως</span> <span class='ocrx_word' id='word_1_592' title='bbox 2511 1545 2747 1615; x_wconf 87' lang='grc' dir='ltr'>κάθηται</span> <span class='ocrx_word' id='word_1_593' title='bbox 2780 1547 3141 1619; x_wconf 78' lang='grc' dir='ltr'>χαριζόμενος</span> <span class='ocrx_word' id='word_1_594' title='bbox 3171 1551 3199 1601; x_wconf 91' lang='grc' dir='ltr'>ὁ</span> <span class='ocrx_word' id='word_1_595' title='bbox 3227 1549 3516 1613; x_wconf 82' lang='grc' dir='ltr'>Βασιλεύς·</span> 
     </span>
    </p>
   </div>
   <div class='ocr_carea' id='block_1_79' title="bbox 1929 1626 3522 1705">
    <p class='ocr_par' dir='ltr' id='par_1_79' title="bbox 1929 1626 3522 1705">
     <span class='ocr_line' id='line_1_79' title="bbox 1929 1626 3522 1705; baseline 0.004 -25"><span class='ocrx_word' id='word_1_596' title='bbox 1929 1627 2056 1680; x_wconf 82' lang='grc' dir='ltr'>ὅταν</span> <span class='ocrx_word' id='word_1_597' title='bbox 2075 1626 2132 1680; x_wconf 87' lang='grc' dir='ltr'>δὲ</span> <span class='ocrx_word' id='word_1_598' title='bbox 2161 1626 2502 1696; x_wconf 84' lang='grc' dir='ltr'>ήσυντέλεια</span> <span class='ocrx_word' id='word_1_599' title='bbox 2532 1628 2778 1698; x_wconf 89' lang='grc' dir='ltr'>γένηται,</span> <span class='ocrx_word' id='word_1_600' title='bbox 2818 1630 2938 1682; x_wconf 90' lang='grc' dir='ltr'>τότε</span> <span class='ocrx_word' id='word_1_601' title='bbox 2968 1631 3244 1702; x_wconf 78' lang='grc' dir='ltr'>ἐγείρεται</span> <span class='ocrx_word' id='word_1_602' title='bbox 3275 1635 3354 1696; x_wconf 81' lang='grc' dir='ltr'>είς</span> <span class='ocrx_word' id='word_1_603' title='bbox 3399 1634 3522 1705; x_wconf 83' lang='grc' dir='ltr'>κρί-</span> 
     </span>
    </p>
   </div>
   <div class='ocr_carea' id='block_1_80' title="bbox 1933 1709 3516 1786">
    <p class='ocr_par' dir='ltr' id='par_1_80' title="bbox 1933 1709 3516 1786">
     <span class='ocr_line' id='line_1_80' title="bbox 1933 1709 3516 1786; baseline 0.006 -24"><span class='ocrx_word' id='word_1_604' title='bbox 1933 1725 2018 1762; x_wconf 94' lang='grc' dir='ltr'>σιν</span> <span class='ocrx_word' id='word_1_605' title='bbox 2041 1725 2058 1742; x_wconf 77' lang='grc' dir='ltr'><strong><em>ο</em></strong></span> <span class='ocrx_word' id='word_1_606' title='bbox 2099 1709 2364 1764; x_wconf 81' lang='grc' dir='ltr'>Ἀνάστα</span> <span class='ocrx_word' id='word_1_607' title='bbox 2381 1711 2511 1782; x_wconf 84' lang='grc' dir='ltr'>γὰρ,</span> <span class='ocrx_word' id='word_1_608' title='bbox 2543 1713 2731 1781; x_wconf 77' lang='grc' dir='ltr'>φησὶν,</span> <span class='ocrx_word' id='word_1_609' title='bbox 2760 1715 2793 1767; x_wconf 86' lang='grc' dir='ltr'>ό</span> <span class='ocrx_word' id='word_1_610' title='bbox 2824 1713 2990 1779; x_wconf 78' lang='grc' dir='ltr'>Θεὸς,</span> <span class='ocrx_word' id='word_1_611' title='bbox 3016 1715 3225 1784; x_wconf 78' lang='grc' dir='ltr'>κρῖνον</span> <span class='ocrx_word' id='word_1_612' title='bbox 3245 1716 3361 1785; x_wconf 83' lang='grc' dir='ltr'>τὴν</span> <span class='ocrx_word' id='word_1_613' title='bbox 3382 1715 3516 1786; x_wconf 81' lang='grc' dir='ltr'>γῆν.</span> 
     </span>
    </p>
   </div>
   <div class='ocr_carea' id='block_1_81' title="bbox 1935 1793 3518 1872">
    <p class='ocr_par' dir='ltr' id='par_1_81' title="bbox 1935 1793 3518 1872">
     <span class='ocr_line' id='line_1_81' title="bbox 1935 1793 3518 1872; baseline 0.004 -27"><span class='ocrx_word' id='word_1_614' title='bbox 1935 1793 2091 1846; x_wconf 83' lang='grc' dir='ltr'>Ἔστι</span> <span class='ocrx_word' id='word_1_615' title='bbox 2123 1793 2216 1847; x_wconf 82' lang='grc' dir='ltr'>καὶ</span> <span class='ocrx_word' id='word_1_616' title='bbox 2263 1794 2454 1864; x_wconf 74' lang='grc' dir='ltr'>ἔτερόν</span> <span class='ocrx_word' id='word_1_617' title='bbox 2485 1812 2538 1848; x_wconf 87' lang='grc' dir='ltr'>τι</span> <span class='ocrx_word' id='word_1_618' title='bbox 2577 1797 2786 1849; x_wconf 80' lang='grc' dir='ltr'>εἰπεῖν·</span> <span class='ocrx_word' id='word_1_619' title='bbox 2834 1799 3326 1867; x_wconf 81' lang='grc' dir='ltr'>Προσερχώμεθα,</span> <span class='ocrx_word' id='word_1_620' title='bbox 3360 1801 3518 1872; x_wconf 73' lang='grc' dir='ltr'>φησὶ,</span> 
     </span>
    </p>
   </div>
   <div class='ocr_carea' id='block_1_82' title="bbox 1923 1877 3520 1951">
    <p class='ocr_par' dir='ltr' id='par_1_82' title="bbox 1923 1877 3520 1951">
     <span class='ocr_line' id='line_1_82' title="bbox 1923 1877 3520 1951; baseline 0.004 -21"><span class='ocrx_word' id='word_1_621' title='bbox 1923 1877 2074 1946; x_wconf 83' lang='grc' dir='ltr'>μετὰ</span> <span class='ocrx_word' id='word_1_622' title='bbox 2110 1879 2473 1946; x_wconf 72' lang='grc' dir='ltr'>παρρησίας,</span> <span class='ocrx_word' id='word_1_623' title='bbox 2509 1879 2780 1942; x_wconf 87' lang='grc' dir='ltr'>τουτέστι,</span> <span class='ocrx_word' id='word_1_624' title='bbox 2821 1879 2990 1950; x_wconf 87' lang='grc' dir='ltr'>μηδὲν</span> <span class='ocrx_word' id='word_1_625' title='bbox 3029 1881 3246 1951; x_wconf 77' lang='grc' dir='ltr'>ἔχοντες</span> <span class='ocrx_word' id='word_1_626' title='bbox 3280 1885 3520 1948; x_wconf 83' lang='grc' dir='ltr'>συνειδδς</span> 
     </span>
    </p>
   </div>
   <div class='ocr_carea' id='block_1_83' title="bbox 1930 1961 3523 2040">
    <p class='ocr_par' dir='ltr' id='par_1_83' title="bbox 1930 1961 3523 2040">
     <span class='ocr_line' id='line_1_83' title="bbox 1930 1961 3523 2040; baseline 0.005 -27"><span class='ocrx_word' id='word_1_627' title='bbox 1930 1961 2190 2033; x_wconf 77' lang='grc' dir='ltr'>πονηρὸν,</span> <span class='ocrx_word' id='word_1_628' title='bbox 2219 1962 2294 2033; x_wconf 81' lang='grc' dir='ltr'>μὴ</span> <span class='ocrx_word' id='word_1_629' title='bbox 2315 1961 2692 2026; x_wconf 79' lang='grc' dir='ltr'>διστάζοντες·</span> <span class='ocrx_word' id='word_1_630' title='bbox 2719 1964 2781 2017; x_wconf 86' lang='grc' dir='ltr'>οὐ</span> <span class='ocrx_word' id='word_1_631' title='bbox 2817 1965 2922 2038; x_wconf 79' lang='grc' dir='ltr'>γὰρ</span> <span class='ocrx_word' id='word_1_632' title='bbox 2957 1964 3181 2018; x_wconf 79' lang='grc' dir='ltr'>δύναται</span> <span class='ocrx_word' id='word_1_633' title='bbox 3215 1967 3355 2036; x_wconf 86' lang='grc' dir='ltr'>μετὰ</span> <span class='ocrx_word' id='word_1_634' title='bbox 3380 1970 3523 2040; x_wconf 77' lang='grc' dir='ltr'>παῤ-</span> 
     </span>
    </p>
   </div>
   <div class='ocr_carea' id='block_1_84' title="bbox 1931 2045 3520 2117">
    <p class='ocr_par' dir='ltr' id='par_1_84' title="bbox 1931 2045 3520 2117">
     <span class='ocr_line' id='line_1_84' title="bbox 1931 2045 3520 2117; baseline 0.005 -20"><span class='ocrx_word' id='word_1_635' title='bbox 1931 2045 2127 2117; x_wconf 79' lang='grc' dir='ltr'>ρησίας</span> <span class='ocrx_word' id='word_1_636' title='bbox 2169 2047 2198 2099; x_wconf 91' lang='grc' dir='ltr'>ὁ</span> <span class='ocrx_word' id='word_1_637' title='bbox 2223 2047 2460 2110; x_wconf 87' lang='grc' dir='ltr'>τοιοῦτος</span> <span class='ocrx_word' id='word_1_638' title='bbox 2494 2047 2836 2117; x_wconf 85' lang='grc' dir='ltr'>προσελθεῖν.</span> <span class='ocrx_word' id='word_1_639' title='bbox 2876 2047 2974 2102; x_wconf 77' lang='grc' dir='ltr'>Διά</span> <span class='ocrx_word' id='word_1_640' title='bbox 3025 2048 3185 2102; x_wconf 90' lang='grc' dir='ltr'>τοῦτο</span> <span class='ocrx_word' id='word_1_641' title='bbox 3220 2051 3315 2104; x_wconf 75' lang='grc' dir='ltr'>καὶ</span> <span class='ocrx_word' id='word_1_642' title='bbox 3349 2051 3520 2105; x_wconf 85' lang='grc' dir='ltr'>ἀλλα-</span> 
     </span>
    </p>
   </div>
   <div class='ocr_carea' id='block_1_85' title="bbox 1929 2127 3614 2205">
    <p class='ocr_par' dir='ltr' id='par_1_85' title="bbox 1929 2127 3614 2205">
     <span class='ocr_line' id='line_1_85' title="bbox 1929 2127 3614 2205; baseline 0.005 -25"><span class='ocrx_word' id='word_1_643' title='bbox 1929 2127 2026 2198; x_wconf 89' lang='grc' dir='ltr'>χοῦ</span> <span class='ocrx_word' id='word_1_644' title='bbox 2075 2127 2253 2198; x_wconf 86' lang='grc' dir='ltr'>λέγει·</span> <span class='ocrx_word' id='word_1_645' title='bbox 2279 2127 2478 2202; x_wconf 76' lang='grc' dir='ltr'>Καιρῷ</span> <span class='ocrx_word' id='word_1_646' title='bbox 2521 2128 2713 2195; x_wconf 83' lang='grc' dir='ltr'>δεκτῷ</span> <span class='ocrx_word' id='word_1_647' title='bbox 2751 2127 3075 2197; x_wconf 77' lang='grc' dir='ltr'>ἐπήκουσὰ</span> <span class='ocrx_word' id='word_1_648' title='bbox 3112 2148 3253 2199; x_wconf 88' lang='grc' dir='ltr'>σου,</span> <span class='ocrx_word' id='word_1_649' title='bbox 3303 2134 3401 2187; x_wconf 79' lang='grc' dir='ltr'>καί</span> <span class='ocrx_word' id='word_1_650' title='bbox 3450 2135 3523 2188; x_wconf 83' lang='grc' dir='ltr'>ἐν</span> <span class='ocrx_word' id='word_1_651' title='bbox 3612 2203 3614 2205; x_wconf 6' lang='grc' dir='ltr'>γ</span> 
     </span>
    </p>
   </div>
   <div class='ocr_carea' id='block_1_86' title="bbox 1929 2210 3524 2282">
    <p class='ocr_par' dir='ltr' id='par_1_86' title="bbox 1929 2210 3524 2282">
     <span class='ocr_line' id='line_1_86' title="bbox 1929 2210 3524 2282; baseline 0.004 -18"><span class='ocrx_word' id='word_1_652' title='bbox 1929 2210 2118 2279; x_wconf 72' lang='grc' dir='ltr'>ἡμέρῃ</span> <span class='ocrx_word' id='word_1_653' title='bbox 2157 2211 2456 2279; x_wconf 86' lang='grc' dir='ltr'>σωτηρίας</span> <span class='ocrx_word' id='word_1_654' title='bbox 2481 2211 2788 2282; x_wconf 83' lang='grc' dir='ltr'>ἐϐοήθησά</span> <span class='ocrx_word' id='word_1_655' title='bbox 2830 2230 2951 2267; x_wconf 91' lang='grc' dir='ltr'>σοι.</span> <span class='ocrx_word' id='word_1_656' title='bbox 2996 2213 3152 2267; x_wconf 74' lang='grc' dir='ltr'>Ἐπεὶ</span> <span class='ocrx_word' id='word_1_657' title='bbox 3193 2217 3287 2269; x_wconf 76' lang='grc' dir='ltr'>καὶ</span> <span class='ocrx_word' id='word_1_658' title='bbox 3320 2216 3417 2270; x_wconf 93' lang='grc' dir='ltr'>νῦν</span> <span class='ocrx_word' id='word_1_659' title='bbox 3458 2217 3524 2271; x_wconf 83' lang='grc' dir='ltr'>τὸ</span> 
     </span>
    </p>
   </div>
   <div class='ocr_carea' id='block_1_87' title="bbox 1933 2293 3519 2368">
    <p class='ocr_par' dir='ltr' id='par_1_87' title="bbox 1933 2293 3519 2368">
     <span class='ocr_line' id='line_1_87' title="bbox 1933 2293 3519 2368; baseline 0.006 -23"><span class='ocrx_word' id='word_1_660' title='bbox 1933 2294 2072 2364; x_wconf 87' lang='grc' dir='ltr'>μετά</span> <span class='ocrx_word' id='word_1_661' title='bbox 2097 2293 2157 2346; x_wconf 79' lang='grc' dir='ltr'>τὸ</span> <span class='ocrx_word' id='word_1_662' title='bbox 2182 2293 2408 2366; x_wconf 76' lang='grc' dir='ltr'>λουτρὸν</span> <span class='ocrx_word' id='word_1_663' title='bbox 2439 2295 2861 2366; x_wconf 84' lang='grc' dir='ltr'>ἁμαρτάνοντας</span> <span class='ocrx_word' id='word_1_664' title='bbox 2883 2296 3164 2368; x_wconf 82' lang='grc' dir='ltr'>εὑρίσκειν</span> <span class='ocrx_word' id='word_1_665' title='bbox 3201 2300 3519 2368; x_wconf 87' lang='grc' dir='ltr'>μετάνοιαν,</span> 
     </span>
    </p>
   </div>
   <div class='ocr_carea' id='block_1_88' title="bbox 1929 2375 3518 2452">
    <p class='ocr_par' dir='ltr' id='par_1_88' title="bbox 1929 2375 3518 2452">
     <span class='ocr_line' id='line_1_88' title="bbox 1929 2375 3518 2452; baseline 0.005 -24"><span class='ocrx_word' id='word_1_666' title='bbox 1929 2375 2154 2448; x_wconf 87' lang='grc' dir='ltr'>χάριτός</span> <span class='ocrx_word' id='word_1_667' title='bbox 2199 2378 2368 2433; x_wconf 77' lang='grc' dir='ltr'>ἐστιν.</span> <span class='ocrx_word' id='word_1_668' title='bbox 2402 2377 2522 2431; x_wconf 84' lang='grc' dir='ltr'>Ἵνα</span> <span class='ocrx_word' id='word_1_669' title='bbox 2555 2377 2611 2431; x_wconf 85' lang='grc' dir='ltr'>δὲ</span> <span class='ocrx_word' id='word_1_670' title='bbox 2647 2377 2722 2448; x_wconf 78' lang='grc' dir='ltr'>μὴ</span> <span class='ocrx_word' id='word_1_671' title='bbox 2757 2378 3000 2442; x_wconf 87' lang='grc' dir='ltr'>ἀκούσας</span> <span class='ocrx_word' id='word_1_672' title='bbox 3033 2380 3198 2433; x_wconf 76' lang='grc' dir='ltr'>αὐτὸν</span> <span class='ocrx_word' id='word_1_673' title='bbox 3231 2383 3518 2452; x_wconf 84' lang='grc' dir='ltr'>ἀρχιερέα,</span> 
     </span>
    </p>
   </div>
   <div class='ocr_carea' id='block_1_89' title="bbox 1928 2461 3514 2533">
    <p class='ocr_par' dir='ltr' id='par_1_89' title="bbox 1928 2461 3514 2533">
     <span class='ocr_line' id='line_1_89' title="bbox 1928 2461 3514 2533; baseline 0.005 -22"><span class='ocrx_word' id='word_1_674' title='bbox 1928 2461 2160 2531; x_wconf 89' lang='grc' dir='ltr'>νομίσῃς</span> <span class='ocrx_word' id='word_1_675' title='bbox 2190 2461 2436 2523; x_wconf 79' lang='grc' dir='ltr'>ἑστάναι,</span> <span class='ocrx_word' id='word_1_676' title='bbox 2471 2461 2674 2525; x_wconf 67' lang='grc' dir='ltr'>εὐθέως</span> <span class='ocrx_word' id='word_1_677' title='bbox 2701 2462 2865 2515; x_wconf 81' lang='grc' dir='ltr'>αὑτὸν</span> <span class='ocrx_word' id='word_1_678' title='bbox 2894 2463 2988 2514; x_wconf 69' lang='grc' dir='ltr'>ἐπὶ</span> <span class='ocrx_word' id='word_1_679' title='bbox 3016 2462 3107 2515; x_wconf 82' lang='grc' dir='ltr'>τὸν</span> <span class='ocrx_word' id='word_1_680' title='bbox 3141 2461 3332 2532; x_wconf 90' lang='grc' dir='ltr'>θρόνον</span> <span class='ocrx_word' id='word_1_681' title='bbox 3356 2465 3478 2533; x_wconf 81' lang='grc' dir='ltr'>ἄγει</span> <span class='ocrx_word' id='word_1_682' title='bbox 3500 2485 3514 2500; x_wconf 76' lang='grc' dir='ltr'><strong><em>ο</em></strong></span> 
     </span>
    </p>
   </div>
   <div class='ocr_carea' id='block_1_90' title="bbox 1927 2543 3524 2617">
    <p class='ocr_par' dir='ltr' id='par_1_90' title="bbox 1927 2543 3524 2617">
     <span class='ocr_line' id='line_1_90' title="bbox 1927 2543 3524 2617; baseline 0.004 -21"><span class='ocrx_word' id='word_1_683' title='bbox 1927 2544 1955 2596; x_wconf 97' lang='lat'>6</span> <span class='ocrx_word' id='word_1_684' title='bbox 1990 2543 2048 2594; x_wconf 84' lang='grc' dir='ltr'>δὲ</span> <span class='ocrx_word' id='word_1_685' title='bbox 2083 2545 2264 2615; x_wconf 74' lang='grc' dir='ltr'>ἱερεὺς</span> <span class='ocrx_word' id='word_1_686' title='bbox 2295 2545 2355 2597; x_wconf 89' lang='grc' dir='ltr'>οὐ</span> <span class='ocrx_word' id='word_1_687' title='bbox 2391 2544 2648 2614; x_wconf 89' lang='grc' dir='ltr'>κάθηται,</span> <span class='ocrx_word' id='word_1_688' title='bbox 2681 2544 2796 2598; x_wconf 79' lang='grc' dir='ltr'>ἀλλ’</span> <span class='ocrx_word' id='word_1_689' title='bbox 2820 2545 3072 2614; x_wconf 71' lang='grc' dir='ltr'>ἕστηκεν.</span> <span class='ocrx_word' id='word_1_690' title='bbox 3115 2545 3282 2617; x_wconf 81' lang='grc' dir='ltr'>Ὁρᾷς</span> <span class='ocrx_word' id='word_1_691' title='bbox 3326 2549 3408 2601; x_wconf 83' lang='grc' dir='ltr'>ὅτι</span> <span class='ocrx_word' id='word_1_692' title='bbox 3459 2551 3524 2603; x_wconf 78' lang='grc' dir='ltr'>τὸ</span> 
     </span>
    </p>
   </div>
   <div class='ocr_carea' id='block_1_91' title="bbox 1926 2625 3524 2702">
    <p class='ocr_par' dir='ltr' id='par_1_91' title="bbox 1926 2625 3524 2702">
     <span class='ocr_line' id='line_1_91' title="bbox 1926 2625 3524 2702; baseline 0.004 -23"><span class='ocrx_word' id='word_1_693' title='bbox 1926 2625 2180 2693; x_wconf 89' lang='grc' dir='ltr'>γενέσθαι</span> <span class='ocrx_word' id='word_1_694' title='bbox 2207 2627 2467 2700; x_wconf 84' lang='grc' dir='ltr'>ἀρχιερέα</span> <span class='ocrx_word' id='word_1_695' title='bbox 2487 2629 2549 2681; x_wconf 84' lang='grc' dir='ltr'>οὐ</span> <span class='ocrx_word' id='word_1_696' title='bbox 2575 2627 2790 2697; x_wconf 79' lang='grc' dir='ltr'>φύσεώς</span> <span class='ocrx_word' id='word_1_697' title='bbox 2820 2630 2990 2695; x_wconf 80' lang='grc' dir='ltr'>ἐστιν,</span> <span class='ocrx_word' id='word_1_698' title='bbox 3019 2629 3156 2683; x_wconf 71' lang='grc' dir='ltr'>ἀλλὰ</span> <span class='ocrx_word' id='word_1_699' title='bbox 3178 2632 3402 2702; x_wconf 83' lang='grc' dir='ltr'>χάριτος</span> <span class='ocrx_word' id='word_1_700' title='bbox 3422 2634 3524 2687; x_wconf 74' lang='grc' dir='ltr'>καὶ</span> 
     </span>
    </p>
   </div>
   <div class='ocr_carea' id='block_1_92' title="bbox 1928 2707 3520 2787">
    <p class='ocr_par' dir='ltr' id='par_1_92' title="bbox 1928 2707 3520 2787">
     <span class='ocr_line' id='line_1_92' title="bbox 1928 2707 3520 2787; baseline 0.004 -25"><span class='ocrx_word' id='word_1_701' title='bbox 1928 2707 2043 2782; x_wconf 84' lang='grc'>[76]</span> <span class='ocrx_word' id='word_1_702' title='bbox 2079 2711 2547 2779; x_wconf 86' lang='grc' dir='ltr'>συγκαταϐάσεως</span> <span class='ocrx_word' id='word_1_703' title='bbox 2578 2713 2673 2766; x_wconf 76' lang='grc' dir='ltr'>καὶ</span> <span class='ocrx_word' id='word_1_704' title='bbox 2703 2712 2990 2775; x_wconf 85' lang='grc' dir='ltr'>κενώσεως</span> <span class='ocrx_word' id='word_1_705' title='bbox 3020 2731 3033 2778; x_wconf 91' lang='grc'>;</span> <span class='ocrx_word' id='word_1_706' title='bbox 3071 2712 3244 2767; x_wconf 88' lang='grc' dir='ltr'>Τοῦτο</span> <span class='ocrx_word' id='word_1_707' title='bbox 3271 2717 3366 2768; x_wconf 78' lang='grc' dir='ltr'>καὶ</span> <span class='ocrx_word' id='word_1_708' title='bbox 3388 2719 3520 2787; x_wconf 88' lang='grc' dir='ltr'>ήμῖν</span> 
     </span>
    </p>
   </div>
   <div class='ocr_carea' id='block_1_93' title="bbox 1927 2792 3519 2872">
    <p class='ocr_par' dir='ltr' id='par_1_93' title="bbox 1927 2792 3519 2872">
     <span class='ocr_line' id='line_1_93' title="bbox 1927 2792 3519 2872; baseline 0.004 -26"><span class='ocrx_word' id='word_1_709' title='bbox 1927 2792 2185 2865; x_wconf 85' lang='grc' dir='ltr'>εὐκαιρον</span> <span class='ocrx_word' id='word_1_710' title='bbox 2211 2793 2306 2848; x_wconf 90' lang='grc' dir='ltr'>νῦν</span> <span class='ocrx_word' id='word_1_711' title='bbox 2323 2795 2499 2848; x_wconf 68' lang='grc' dir='ltr'>εἰπεῖν</span> <span class='ocrx_word' id='word_1_712' title='bbox 2520 2813 2534 2825; x_wconf 86' lang='grc'>·</span> <span class='ocrx_word' id='word_1_713' title='bbox 2562 2793 2998 2867; x_wconf 81' lang='grc' dir='ltr'>προσερχώμεθα</span> <span class='ocrx_word' id='word_1_714' title='bbox 3028 2797 3170 2868; x_wconf 87' lang='grc' dir='ltr'>μετά</span> <span class='ocrx_word' id='word_1_715' title='bbox 3201 2800 3519 2872; x_wconf 78' lang='grc' dir='ltr'>παρρησίας</span> 
     </span>
    </p>
   </div>
   <div class='ocr_carea' id='block_1_94' title="bbox 1928 2883 3518 2957">
    <p class='ocr_par' dir='ltr' id='par_1_94' title="bbox 1928 2883 3518 2957">
     <span class='ocr_line' id='line_1_94' title="bbox 1928 2883 3518 2957; baseline 0.005 -22"><span class='ocrx_word' id='word_1_716' title='bbox 1928 2883 2207 2946; x_wconf 82' lang='grc' dir='ltr'>αἰτοῦντες</span> <span class='ocrx_word' id='word_1_717' title='bbox 2228 2899 2243 2915; x_wconf 78' lang='grc' dir='ltr'><strong>ο</strong></span> <span class='ocrx_word' id='word_1_718' title='bbox 2290 2883 2451 2954; x_wconf 91' lang='grc' dir='ltr'>μόνον</span> <span class='ocrx_word' id='word_1_719' title='bbox 2485 2884 2671 2938; x_wconf 88' lang='grc' dir='ltr'>πίστιν</span> <span class='ocrx_word' id='word_1_720' title='bbox 2700 2886 3172 2957; x_wconf 86' lang='grc' dir='ltr'>προσαγάγωμεν,</span> <span class='ocrx_word' id='word_1_721' title='bbox 3205 2890 3301 2942; x_wconf 72' lang='grc' dir='ltr'>καὶ</span> <span class='ocrx_word' id='word_1_722' title='bbox 3340 2889 3518 2943; x_wconf 88' lang='grc' dir='ltr'>πάντα</span> 
     </span>
    </p>
   </div>
   <div class='ocr_carea' id='block_1_95' title="bbox 1928 2965 3518 3042">
    <p class='ocr_par' dir='ltr' id='par_1_95' title="bbox 1928 2965 3518 3042">
     <span class='ocr_line' id='line_1_95' title="bbox 1928 2965 3518 3042; baseline 0.006 -24"><span class='ocrx_word' id='word_1_723' title='bbox 1928 2965 2133 3020; x_wconf 88' lang='grc' dir='ltr'>δίδωσι.</span> <span class='ocrx_word' id='word_1_724' title='bbox 2164 2965 2280 3020; x_wconf 85' lang='grc' dir='ltr'>Νῦν</span> <span class='ocrx_word' id='word_1_725' title='bbox 2307 2968 2336 3020; x_wconf 90' lang='lat'>6</span> <span class='ocrx_word' id='word_1_726' title='bbox 2359 2967 2457 3036; x_wconf 79' lang='grc' dir='ltr'>τῆς</span> <span class='ocrx_word' id='word_1_727' title='bbox 2480 2967 2692 3039; x_wconf 80' lang='grc' dir='ltr'>δωρεᾶς</span> <span class='ocrx_word' id='word_1_728' title='bbox 2717 2970 2835 3022; x_wconf 76' lang='grc' dir='ltr'>ἐστι</span> <span class='ocrx_word' id='word_1_729' title='bbox 2862 2970 3076 3041; x_wconf 83' lang='grc' dir='ltr'>καιρὸς,</span> <span class='ocrx_word' id='word_1_730' title='bbox 3107 2971 3298 3042; x_wconf 74' lang='grc' dir='ltr'>μηδεὶς</span> <span class='ocrx_word' id='word_1_731' title='bbox 3322 2974 3518 3028; x_wconf 78' lang='grc' dir='ltr'>ἑαυτοῦ</span> 
     </span>
    </p>
   </div>
   <div class='ocr_carea' id='block_1_96' title="bbox 1928 3049 3520 3127">
    <p class='ocr_par' dir='ltr' id='par_1_96' title="bbox 1928 3049 3520 3127">
     <span class='ocr_line' id='line_1_96' title="bbox 1928 3049 3520 3127; baseline 0.004 -25"><span class='ocrx_word' id='word_1_732' title='bbox 1928 3049 2371 3114; x_wconf 85' lang='grc' dir='ltr'>ἁπογινωσκέτω.</span> <span class='ocrx_word' id='word_1_733' title='bbox 2398 3050 2532 3102; x_wconf 88' lang='grc' dir='ltr'>Τότε</span> <span class='ocrx_word' id='word_1_734' title='bbox 2563 3054 2663 3121; x_wconf 85' lang='grc' dir='ltr'>τῆς</span> <span class='ocrx_word' id='word_1_735' title='bbox 2691 3051 3061 3120; x_wconf 83' lang='grc' dir='ltr'>ἀπογνώσεως</span> <span class='ocrx_word' id='word_1_736' title='bbox 3091 3054 3118 3106; x_wconf 91' lang='lat'>6</span> <span class='ocrx_word' id='word_1_737' title='bbox 3148 3055 3361 3127; x_wconf 83' lang='grc' dir='ltr'>καιρὸς,</span> <span class='ocrx_word' id='word_1_738' title='bbox 3387 3057 3520 3109; x_wconf 79' lang='grc' dir='ltr'>ὅταν</span> 
     </span>
    </p>
   </div>
   <div class='ocr_carea' id='block_1_97' title="bbox 1927 3131 3646 3209">
    <p class='ocr_par' dir='ltr' id='par_1_97' title="bbox 1927 3131 3646 3209">
     <span class='ocr_line' id='line_1_97' title="bbox 1927 3131 3646 3209; baseline 0.005 -23"><span class='ocrx_word' id='word_1_739' title='bbox 1927 3134 1955 3186; x_wconf 92' lang='lat'>6</span> <span class='ocrx_word' id='word_1_740' title='bbox 2001 3131 2229 3202; x_wconf 85' lang='grc' dir='ltr'>νυμφὼν</span> <span class='ocrx_word' id='word_1_741' title='bbox 2283 3133 2553 3201; x_wconf 86' lang='grc' dir='ltr'>κλείηται,</span> <span class='ocrx_word' id='word_1_742' title='bbox 2599 3134 2730 3187; x_wconf 82' lang='grc' dir='ltr'>ὅταν</span> <span class='ocrx_word' id='word_1_743' title='bbox 2785 3135 3006 3209; x_wconf 83' lang='grc' dir='ltr'>εἰσέλθῃ</span> <span class='ocrx_word' id='word_1_744' title='bbox 3037 3139 3065 3190; x_wconf 92' lang='grc' dir='ltr'>ὁ</span> <span class='ocrx_word' id='word_1_745' title='bbox 3105 3137 3360 3208; x_wconf 82' lang='grc' dir='ltr'>βασιλεὺς</span> <span class='ocrx_word' id='word_1_746' title='bbox 3393 3141 3519 3203; x_wconf 77' lang='grc' dir='ltr'>τοῦς</span> <span class='ocrx_word' id='word_1_747' title='bbox 3635 3197 3646 3200; x_wconf 90' lang='lat'><em>_</em></span> 
     </span>
    </p>
   </div>
   <div class='ocr_carea' id='block_1_98' title="bbox 1927 3214 3519 3286">
    <p class='ocr_par' dir='ltr' id='par_1_98' title="bbox 1927 3214 3519 3286">
     <span class='ocr_line' id='line_1_98' title="bbox 1927 3214 3519 3286; baseline 0.004 -17"><span class='ocrx_word' id='word_1_748' title='bbox 1927 3214 2320 3285; x_wconf 82' lang='grc' dir='ltr'>ἀνακειμένους</span> <span class='ocrx_word' id='word_1_749' title='bbox 2368 3217 2520 3282; x_wconf 77' lang='grc' dir='ltr'>ἰδεῖν,</span> <span class='ocrx_word' id='word_1_750' title='bbox 2563 3218 2693 3272; x_wconf 79' lang='grc' dir='ltr'>ὅταν</span> <span class='ocrx_word' id='word_1_751' title='bbox 2730 3219 3048 3272; x_wconf 87' lang='grc' dir='ltr'>ἀπολάϐωσι</span> <span class='ocrx_word' id='word_1_752' title='bbox 3097 3221 3227 3286; x_wconf 83' lang='grc' dir='ltr'>τοὺς</span> <span class='ocrx_word' id='word_1_753' title='bbox 3283 3221 3519 3284; x_wconf 84' lang='grc' dir='ltr'>κόλπους</span> 
     </span>
    </p>
   </div>
   <div class='ocr_carea' id='block_1_99' title="bbox 1929 3298 3522 3372">
    <p class='ocr_par' dir='ltr' id='par_1_99' title="bbox 1929 3298 3522 3372">
     <span class='ocr_line' id='line_1_99' title="bbox 1929 3298 3522 3372; baseline 0.006 -22"><span class='ocrx_word' id='word_1_754' title='bbox 1929 3298 2022 3351; x_wconf 86' lang='grc' dir='ltr'>τοῦ</span> <span class='ocrx_word' id='word_1_755' title='bbox 2059 3299 2403 3372; x_wconf 87' lang='grc' dir='ltr'>πατριάρχου</span> <span class='ocrx_word' id='word_1_756' title='bbox 2430 3302 2480 3352; x_wconf 83' lang='grc' dir='ltr'>οἱ</span> <span class='ocrx_word' id='word_1_757' title='bbox 2515 3301 2802 3370; x_wconf 84' lang='grc' dir='ltr'>μέλλοντες</span> <span class='ocrx_word' id='word_1_758' title='bbox 2829 3300 3036 3356; x_wconf 82' lang='grc' dir='ltr'>τούτων</span> <span class='ocrx_word' id='word_1_759' title='bbox 3063 3302 3349 3367; x_wconf 83' lang='grc' dir='ltr'>ἀξιοῦσθαι</span> <span class='ocrx_word' id='word_1_760' title='bbox 3375 3321 3389 3335; x_wconf 67' lang='grc' dir='ltr'>θ</span> <span class='ocrx_word' id='word_1_761' title='bbox 3424 3306 3522 3358; x_wconf 85' lang='grc' dir='ltr'>νῦν</span> 
     </span>
    </p>
   </div>
   <div class='ocr_carea' id='block_1_100' title="bbox 1928 3380 3521 3457">
    <p class='ocr_par' dir='ltr' id='par_1_100' title="bbox 1928 3380 3521 3457">
     <span class='ocr_line' id='line_1_100' title="bbox 1928 3380 3521 3457; baseline 0.005 -24"><span class='ocrx_word' id='word_1_762' title='bbox 1928 3380 1986 3433; x_wconf 82' lang='grc' dir='ltr'>δὲ</span> <span class='ocrx_word' id='word_1_763' title='bbox 2041 3380 2223 3435; x_wconf 87' lang='grc' dir='ltr'>οὐπω·</span> <span class='ocrx_word' id='word_1_764' title='bbox 2260 3381 2340 3435; x_wconf 78' lang='grc' dir='ltr'>ἔτι</span> <span class='ocrx_word' id='word_1_765' title='bbox 2388 3382 2498 3451; x_wconf 83' lang='grc' dir='ltr'>γάρ</span> <span class='ocrx_word' id='word_1_766' title='bbox 2549 3384 2611 3436; x_wconf 80' lang='grc' dir='ltr'>τὸ</span> <span class='ocrx_word' id='word_1_767' title='bbox 2665 3382 2894 3453; x_wconf 90' lang='grc' dir='ltr'>θέατρον</span> <span class='ocrx_word' id='word_1_768' title='bbox 2952 3385 3311 3457; x_wconf 87' lang='grc' dir='ltr'>συνέστηκεν,</span> <span class='ocrx_word' id='word_1_769' title='bbox 3367 3387 3450 3440; x_wconf 81' lang='grc' dir='ltr'>ἔτι</span> <span class='ocrx_word' id='word_1_770' title='bbox 3488 3390 3521 3441; x_wconf 89' lang='grc' dir='ltr'>ὁ</span> 
     </span>
    </p>
   </div>
   <div class='ocr_carea' id='block_1_101' title="bbox 1929 3465 3199 3540">
    <p class='ocr_par' dir='ltr' id='par_1_101' title="bbox 1929 3465 3199 3540">
     <span class='ocr_line' id='line_1_101' title="bbox 1929 3465 3199 3540; baseline 0.001 -18"><span class='ocrx_word' id='word_1_771' title='bbox 1929 3465 2081 3537; x_wconf 87' lang='grc' dir='ltr'>ἀγὼν</span> <span class='ocrx_word' id='word_1_772' title='bbox 2106 3466 2362 3539; x_wconf 76' lang='grc' dir='ltr'>ἔστηκεν,</span> <span class='ocrx_word' id='word_1_773' title='bbox 2404 3466 2482 3521; x_wconf 84' lang='grc' dir='ltr'>έτι</span> <span class='ocrx_word' id='word_1_774' title='bbox 2511 3467 2573 3521; x_wconf 73' lang='grc' dir='ltr'>τὺ</span> <span class='ocrx_word' id='word_1_775' title='bbox 2605 3466 2862 3539; x_wconf 83' lang='grc' dir='ltr'>βραϐεῖον</span> <span class='ocrx_word' id='word_1_776' title='bbox 2896 3470 3199 3540; x_wconf 87' lang='grc' dir='ltr'>μετέωρον.</span> 
     </span>
    </p>
   </div>
   <div class='ocr_carea' id='block_1_102' title="bbox 1999 3620 3521 3701">
    <p class='ocr_par' dir='ltr' id='par_1_102' title="bbox 1999 3620 3521 3701">
     <span class='ocr_line' id='line_1_102' title="bbox 1999 3620 3521 3701; baseline 0.005 -21"><span class='ocrx_word' id='word_1_777' title='bbox 1999 3625 2076 3695; x_wconf 86' lang='grc' dir='ltr'>γ’.</span> <span class='ocrx_word' id='word_1_778' title='bbox 2100 3624 2502 3696; x_wconf 86' lang='grc' dir='ltr'>Σπουδάσωμεν</span> <span class='ocrx_word' id='word_1_779' title='bbox 2521 3620 2634 3681; x_wconf 80' lang='grc' dir='ltr'>οὖν·</span> <span class='ocrx_word' id='word_1_780' title='bbox 2657 3627 2752 3680; x_wconf 64' lang='grc' dir='ltr'>καί⁹</span> <span class='ocrx_word' id='word_1_781' title='bbox 2776 3627 2886 3699; x_wconf 88' lang='grc' dir='ltr'>γὰρ</span> <span class='ocrx_word' id='word_1_782' title='bbox 2904 3628 3118 3694; x_wconf 83' lang='grc' dir='ltr'>Ιῐαῦλός</span> <span class='ocrx_word' id='word_1_783' title='bbox 3138 3647 3324 3701; x_wconf 89' lang='grc' dir='ltr'>φησιν·</span> <span class='ocrx_word' id='word_1_784' title='bbox 3347 3630 3521 3688; x_wconf 85' lang='grc' dir='ltr'>Οὕτω</span> 
     </span>
    </p>
   </div>
   <div class='ocr_carea' id='block_1_103' title="bbox 1929 3708 3516 3788">
    <p class='ocr_par' dir='ltr' id='par_1_103' title="bbox 1929 3708 3516 3788">
     <span class='ocr_line' id='line_1_103' title="bbox 1929 3708 3516 3788; baseline 0.005 -26"><span class='ocrx_word' id='word_1_785' title='bbox 1929 3708 2249 3780; x_wconf 13' lang='grc' dir='ltr'>τρέχω,ῠώς</span> <span class='ocrx_word' id='word_1_786' title='bbox 2277 3711 2388 3763; x_wconf 80' lang='grc' dir='ltr'>οὐκ</span> <span class='ocrx_word' id='word_1_787' title='bbox 2416 3709 2678 3777; x_wconf 80' lang='grc' dir='ltr'>ἀδήλως.</span> <span class='ocrx_word' id='word_1_788' title='bbox 2710 3711 2926 3782; x_wconf 88' lang='grc' dir='ltr'>Δρόμου</span> <span class='ocrx_word' id='word_1_789' title='bbox 2965 3713 3147 3784; x_wconf 89' lang='grc' dir='ltr'>χρεία,</span> <span class='ocrx_word' id='word_1_790' title='bbox 3175 3716 3271 3769; x_wconf 78' lang='grc' dir='ltr'>καὶ</span> <span class='ocrx_word' id='word_1_791' title='bbox 3302 3715 3516 3788; x_wconf 87' lang='grc' dir='ltr'>δρόμου</span> 
     </span>
    </p>
   </div>
   <div class='ocr_carea' id='block_1_104' title="bbox 1932 3793 3520 3870">
    <p class='ocr_par' dir='ltr' id='par_1_104' title="bbox 1932 3793 3520 3870">
     <span class='ocr_line' id='line_1_104' title="bbox 1932 3793 3520 3870; baseline 0.004 -23"><span class='ocrx_word' id='word_1_792' title='bbox 1932 3793 2186 3865; x_wconf 78' lang='grc' dir='ltr'>σφοδροῦ.</span> <span class='ocrx_word' id='word_1_793' title='bbox 2226 3794 2284 3848; x_wconf 84' lang='grc' dir='ltr'>ὐ</span> <span class='ocrx_word' id='word_1_794' title='bbox 2315 3795 2528 3866; x_wconf 86' lang='grc' dir='ltr'>τρέχων</span> <span class='ocrx_word' id='word_1_795' title='bbox 2553 3795 2743 3850; x_wconf 80' lang='grc' dir='ltr'>οὐδένα</span> <span class='ocrx_word' id='word_1_796' title='bbox 2773 3795 2886 3849; x_wconf 86' lang='grc' dir='ltr'>τῶν</span> <span class='ocrx_word' id='word_1_797' title='bbox 2911 3797 3169 3852; x_wconf 78' lang='grc' dir='ltr'>ἁπάντων</span> <span class='ocrx_word' id='word_1_798' title='bbox 3203 3809 3225 3837; x_wconf 77' lang='grc' dir='ltr'><strong>ο</strong></span> <span class='ocrx_word' id='word_1_799' title='bbox 3257 3799 3382 3870; x_wconf 79' lang='grc' dir='ltr'>ὁρᾷ,</span> <span class='ocrx_word' id='word_1_800' title='bbox 3411 3801 3520 3853; x_wconf 77' lang='grc' dir='ltr'>κᾶν</span> 
     </span>
    </p>
   </div>
   <div class='ocr_carea' id='block_1_105' title="bbox 1929 3876 3520 3956">
    <p class='ocr_par' dir='ltr' id='par_1_105' title="bbox 1929 3876 3520 3956">
     <span class='ocr_line' id='line_1_105' title="bbox 1929 3876 3520 3956; baseline 0.004 -24"><span class='ocrx_word' id='word_1_801' title='bbox 1929 3878 2018 3932; x_wconf 81' lang='grc' dir='ltr'>διὰ</span> <span class='ocrx_word' id='word_1_802' title='bbox 2044 3876 2347 3949; x_wconf 86' lang='grc' dir='ltr'>λειμώνων,</span> <span class='ocrx_word' id='word_1_803' title='bbox 2369 3880 2474 3934; x_wconf 72' lang='grc' dir='ltr'>κᾶν</span> <span class='ocrx_word' id='word_1_804' title='bbox 2513 3879 2582 3932; x_wconf 91' lang='grc' dir='ltr'>δι’</span> <span class='ocrx_word' id='word_1_805' title='bbox 2625 3880 2934 3953; x_wconf 78' lang='grc' dir='ltr'>αὐχμηρῶν</span> <span class='ocrx_word' id='word_1_806' title='bbox 2955 3881 3140 3936; x_wconf 89' lang='grc' dir='ltr'>τόπων</span> <span class='ocrx_word' id='word_1_807' title='bbox 3171 3881 3423 3956; x_wconf 82' lang='grc' dir='ltr'>διαϐαίνῃ</span> <span class='ocrx_word' id='word_1_808' title='bbox 3448 3901 3462 3914; x_wconf 89' lang='grc'>·</span> <span class='ocrx_word' id='word_1_809' title='bbox 3487 3885 3520 3938; x_wconf 89' lang='lat'>6</span> 
     </span>
    </p>
   </div>
   <div class='ocr_carea' id='block_1_106' title="bbox 1930 3961 3519 4039">
    <p class='ocr_par' dir='ltr' id='par_1_106' title="bbox 1930 3961 3519 4039">
     <span class='ocr_line' id='line_1_106' title="bbox 1930 3961 3519 4039; baseline 0.005 -25"><span class='ocrx_word' id='word_1_810' title='bbox 1930 3962 2140 4034; x_wconf 85' lang='grc' dir='ltr'>τρέχων</span> <span class='ocrx_word' id='word_1_811' title='bbox 2172 3963 2233 4016; x_wconf 90' lang='grc' dir='ltr'>οὐ</span> <span class='ocrx_word' id='word_1_812' title='bbox 2269 3961 2404 4035; x_wconf 87' lang='grc' dir='ltr'>πρὸς</span> <span class='ocrx_word' id='word_1_813' title='bbox 2430 3963 2556 4028; x_wconf 82' lang='grc' dir='ltr'>τοῦς</span> <span class='ocrx_word' id='word_1_814' title='bbox 2574 3963 2773 4029; x_wconf 87' lang='grc' dir='ltr'>θεατάς</span> <span class='ocrx_word' id='word_1_815' title='bbox 2797 3965 2922 4036; x_wconf 78' lang='grc' dir='ltr'>ὁρᾷ,</span> <span class='ocrx_word' id='word_1_816' title='bbox 2953 3963 3088 4018; x_wconf 85' lang='grc' dir='ltr'>ἀλλά</span> <span class='ocrx_word' id='word_1_817' title='bbox 3121 3965 3258 4036; x_wconf 83' lang='grc' dir='ltr'>πρὸς</span> <span class='ocrx_word' id='word_1_818' title='bbox 3282 3966 3344 4020; x_wconf 83' lang='grc' dir='ltr'>τὸ</span> <span class='ocrx_word' id='word_1_819' title='bbox 3383 3967 3519 4039; x_wconf 80' lang='grc' dir='ltr'>βρα-</span> 
     </span>
    </p>
   </div>
   <div class='ocr_carea' id='block_1_107' title="bbox 1931 4041 3522 4124">
    <p class='ocr_par' dir='ltr' id='par_1_107' title="bbox 1931 4041 3522 4124">
     <span class='ocr_line' id='line_1_107' title="bbox 1931 4041 3522 4124; baseline 0.004 -26"><span class='ocrx_word' id='word_1_820' title='bbox 1931 4045 2075 4100; x_wconf 87' lang='grc' dir='ltr'>ϐεῖον</span> <span class='ocrx_word' id='word_1_821' title='bbox 2096 4062 2109 4076; x_wconf 84' lang='grc'>·</span> <span class='ocrx_word' id='word_1_822' title='bbox 2129 4045 2232 4100; x_wconf 78' lang='grc' dir='ltr'>κᾶν</span> <span class='ocrx_word' id='word_1_823' title='bbox 2264 4045 2531 4112; x_wconf 85' lang='grc' dir='ltr'>πλούσιοι,</span> <span class='ocrx_word' id='word_1_824' title='bbox 2563 4047 2667 4100; x_wconf 76' lang='grc' dir='ltr'>κᾶν</span> <span class='ocrx_word' id='word_1_825' title='bbox 2700 4047 2936 4118; x_wconf 86' lang='grc' dir='ltr'>πένητες</span> <span class='ocrx_word' id='word_1_826' title='bbox 2974 4041 3100 4114; x_wconf 80' lang='grc' dir='ltr'>ὦσι,</span> <span class='ocrx_word' id='word_1_827' title='bbox 3131 4049 3235 4104; x_wconf 70' lang='grc' dir='ltr'>κάν</span> <span class='ocrx_word' id='word_1_828' title='bbox 3290 4048 3522 4124; x_wconf 74' lang='grc' dir='ltr'>σκώπτῃ</span> 
     </span>
    </p>
   </div>
   <div class='ocr_carea' id='block_1_108' title="bbox 1931 4129 3520 4206">
    <p class='ocr_par' dir='ltr' id='par_1_108' title="bbox 1931 4129 3520 4206">
     <span class='ocr_line' id='line_1_108' title="bbox 1931 4129 3520 4206; baseline 0.005 -26"><span class='ocrx_word' id='word_1_829' title='bbox 1931 4145 2034 4194; x_wconf 84' lang='grc' dir='ltr'>τις,</span> <span class='ocrx_word' id='word_1_830' title='bbox 2081 4129 2183 4183; x_wconf 82' lang='grc' dir='ltr'>κᾶν</span> <span class='ocrx_word' id='word_1_831' title='bbox 2216 4133 2440 4202; x_wconf 78' lang='grc' dir='ltr'>ἐπαινῇ,</span> <span class='ocrx_word' id='word_1_832' title='bbox 2467 4131 2572 4185; x_wconf 71' lang='grc' dir='ltr'>κᾶν</span> <span class='ocrx_word' id='word_1_833' title='bbox 2602 4129 2820 4203; x_wconf 77' lang='grc' dir='ltr'>ὑϐρίζῃ,</span> <span class='ocrx_word' id='word_1_834' title='bbox 2847 4132 2951 4185; x_wconf 83' lang='grc' dir='ltr'>κᾶν</span> <span class='ocrx_word' id='word_1_835' title='bbox 2980 4131 3148 4195; x_wconf 86' lang='grc' dir='ltr'>λίθοις</span> <span class='ocrx_word' id='word_1_836' title='bbox 3193 4131 3384 4206; x_wconf 85' lang='grc' dir='ltr'>βάλλῃ,</span> <span class='ocrx_word' id='word_1_837' title='bbox 3416 4134 3520 4188; x_wconf 76' lang='grc' dir='ltr'>κᾶν</span> 
     </span>
    </p>
   </div>
   <div class='ocr_carea' id='block_1_109' title="bbox 1930 4213 3518 4289">
    <p class='ocr_par' dir='ltr' id='par_1_109' title="bbox 1930 4213 3518 4289">
     <span class='ocr_line' id='line_1_109' title="bbox 1930 4213 3518 4289; baseline 0.003 -23"><span class='ocrx_word' id='word_1_838' title='bbox 1930 4213 2029 4286; x_wconf 82' lang='grc' dir='ltr'>τὴν</span> <span class='ocrx_word' id='word_1_839' title='bbox 2083 4214 2262 4268; x_wconf 73' lang='grc' dir='ltr'>οὶκίαν</span> <span class='ocrx_word' id='word_1_840' title='bbox 2311 4213 2614 4288; x_wconf 81' lang='grc' dir='ltr'>διαρπάζῃ,</span> <span class='ocrx_word' id='word_1_841' title='bbox 2677 4215 2783 4268; x_wconf 78' lang='grc' dir='ltr'>κᾶν</span> <span class='ocrx_word' id='word_1_842' title='bbox 2859 4216 3058 4279; x_wconf 88' lang='grc' dir='ltr'>παῖδας</span> <span class='ocrx_word' id='word_1_843' title='bbox 3106 4215 3211 4289; x_wconf 77' lang='grc' dir='ltr'>ἴδῃ,</span> <span class='ocrx_word' id='word_1_844' title='bbox 3258 4217 3362 4270; x_wconf 69' lang='grc' dir='ltr'>κᾶν</span> <span class='ocrx_word' id='word_1_845' title='bbox 3414 4235 3518 4287; x_wconf 83' lang='grc' dir='ltr'>γυ-</span> 
     </span>
    </p>
   </div>
   <div class='ocr_carea' id='block_1_110' title="bbox 1932 4298 3520 4370">
    <p class='ocr_par' dir='ltr' id='par_1_110' title="bbox 1932 4298 3520 4370">
     <span class='ocr_line' id='line_1_110' title="bbox 1932 4298 3520 4370; baseline 0.001 -18"><span class='ocrx_word' id='word_1_846' title='bbox 1932 4301 2117 4364; x_wconf 85' lang='grc' dir='ltr'>ναῖκα,</span> <span class='ocrx_word' id='word_1_847' title='bbox 2149 4300 2254 4354; x_wconf 83' lang='grc' dir='ltr'>κᾶν</span> <span class='ocrx_word' id='word_1_848' title='bbox 2285 4298 2486 4365; x_wconf 88' lang='grc' dir='ltr'>ὁτιοῦν,</span> <span class='ocrx_word' id='word_1_849' title='bbox 2516 4299 2769 4370; x_wconf 78' lang='grc' dir='ltr'>οὐδαμῶς</span> <span class='ocrx_word' id='word_1_850' title='bbox 2797 4299 3219 4368; x_wconf 79' lang='grc' dir='ltr'>ἐπιστρέφεται,</span> <span class='ocrx_word' id='word_1_851' title='bbox 3255 4299 3371 4353; x_wconf 86' lang='grc' dir='ltr'>ἀλλ’</span> <span class='ocrx_word' id='word_1_852' title='bbox 3401 4301 3520 4365; x_wconf 73' lang='grc' dir='ltr'>ἐνὸς</span> 
     </span>
    </p>
   </div>
   <div class='ocr_carea' id='block_1_111' title="bbox 1931 4381 3516 4456">
    <p class='ocr_par' dir='ltr' id='par_1_111' title="bbox 1931 4381 3516 4456">
     <span class='ocr_line' id='line_1_111' title="bbox 1931 4381 3516 4456; baseline 0 -17"><span class='ocrx_word' id='word_1_853' title='bbox 1931 4386 2142 4455; x_wconf 86' lang='grc' dir='ltr'>γίνεται</span> <span class='ocrx_word' id='word_1_854' title='bbox 2167 4383 2354 4454; x_wconf 86' lang='grc' dir='ltr'>μόνου,</span> <span class='ocrx_word' id='word_1_855' title='bbox 2386 4381 2480 4435; x_wconf 89' lang='grc' dir='ltr'>τοῦ</span> <span class='ocrx_word' id='word_1_856' title='bbox 2509 4383 2749 4454; x_wconf 84' lang='grc' dir='ltr'>τρέχειν,</span> <span class='ocrx_word' id='word_1_857' title='bbox 2791 4382 2887 4436; x_wconf 85' lang='grc' dir='ltr'>τοῦ</span> <span class='ocrx_word' id='word_1_858' title='bbox 2930 4382 3119 4437; x_wconf 86' lang='grc' dir='ltr'>λαϐεῖν</span> <span class='ocrx_word' id='word_1_859' title='bbox 3146 4383 3207 4436; x_wconf 70' lang='grc' dir='ltr'>τι</span> <span class='ocrx_word' id='word_1_860' title='bbox 3240 4383 3516 4456; x_wconf 87' lang='grc' dir='ltr'>βραϐεῖον.</span> 
     </span>
    </p>
   </div>
   <div class='ocr_carea' id='block_1_112' title="bbox 1942 4465 3519 4542">
    <p class='ocr_par' dir='ltr' id='par_1_112' title="bbox 1942 4465 3519 4542">
     <span class='ocr_line' id='line_1_112' title="bbox 1942 4465 3519 4542; baseline -0.002 -17"><span class='ocrx_word' id='word_1_861' title='bbox 1942 4472 2002 4524; x_wconf 86' lang='lat'>&#39;0</span> <span class='ocrx_word' id='word_1_862' title='bbox 2031 4469 2241 4542; x_wconf 87' lang='grc' dir='ltr'>τρέχων</span> <span class='ocrx_word' id='word_1_863' title='bbox 2265 4465 2506 4538; x_wconf 88' lang='grc' dir='ltr'>οὐδαμοῦ</span> <span class='ocrx_word' id='word_1_864' title='bbox 2540 4468 2757 4521; x_wconf 79' lang='grc' dir='ltr'>ἵσταται</span> <span class='ocrx_word' id='word_1_865' title='bbox 2777 4484 2790 4498; x_wconf 76' lang='grc' dir='ltr'><strong>ο</strong></span> <span class='ocrx_word' id='word_1_866' title='bbox 2825 4467 2949 4520; x_wconf 76' lang='grc' dir='ltr'>ἐπεὶ</span> <span class='ocrx_word' id='word_1_867' title='bbox 2979 4467 3085 4521; x_wconf 82' lang='grc' dir='ltr'>κᾶν</span> <span class='ocrx_word' id='word_1_868' title='bbox 3126 4469 3324 4539; x_wconf 85' lang='grc' dir='ltr'>μικρὸν</span> <span class='ocrx_word' id='word_1_869' title='bbox 3354 4469 3519 4542; x_wconf 71' lang='grc' dir='ltr'>ρᾳθυο</span> 
     </span>
    </p>
   </div>
   <div class='ocr_carea' id='block_1_113' title="bbox 1933 4551 3519 4628">
    <p class='ocr_par' dir='ltr' id='par_1_113' title="bbox 1933 4551 3519 4628">
     <span class='ocr_line' id='line_1_113' title="bbox 1933 4551 3519 4628; baseline -0.001 -20"><span class='ocrx_word' id='word_1_870' title='bbox 1933 4557 2105 4628; x_wconf 83' lang='grc' dir='ltr'>μήσῃ,</span> <span class='ocrx_word' id='word_1_871' title='bbox 2136 4555 2199 4608; x_wconf 82' lang='grc' dir='ltr'>τὸ</span> <span class='ocrx_word' id='word_1_872' title='bbox 2237 4555 2346 4608; x_wconf 83' lang='grc' dir='ltr'>πᾶν</span> <span class='ocrx_word' id='word_1_873' title='bbox 2378 4551 2681 4608; x_wconf 84' lang='grc' dir='ltr'>ἀπώλεσεν.</span> <span class='ocrx_word' id='word_1_874' title='bbox 2725 4553 2785 4606; x_wconf 87' lang='lat'>&#39;0</span> <span class='ocrx_word' id='word_1_875' title='bbox 2811 4552 3020 4624; x_wconf 84' lang='grc' dir='ltr'>τρέχων</span> <span class='ocrx_word' id='word_1_876' title='bbox 3059 4553 3120 4606; x_wconf 91' lang='grc' dir='ltr'>οὐ</span> <span class='ocrx_word' id='word_1_877' title='bbox 3166 4553 3328 4623; x_wconf 91' lang='grc' dir='ltr'>μόνον</span> <span class='ocrx_word' id='word_1_878' title='bbox 3366 4553 3519 4608; x_wconf 81' lang='grc' dir='ltr'>οὐδὲν</span> 
     </span>
    </p>
   </div>
   <div class='ocr_carea' id='block_1_114' title="bbox 1932 4634 3519 4713">
    <p class='ocr_par' dir='ltr' id='par_1_114' title="bbox 1932 4634 3519 4713">
     <span class='ocr_line' id='line_1_114' title="bbox 1932 4634 3519 4713; baseline -0.003 -20"><span class='ocrx_word' id='word_1_879' title='bbox 1932 4640 2156 4711; x_wconf 80' lang='grc' dir='ltr'>ὑφαιρεῖ</span> <span class='ocrx_word' id='word_1_880' title='bbox 2189 4638 2296 4713; x_wconf 86' lang='grc' dir='ltr'>πρὸ</span> <span class='ocrx_word' id='word_1_881' title='bbox 2325 4637 2417 4691; x_wconf 88' lang='grc' dir='ltr'>τοῦ</span> <span class='ocrx_word' id='word_1_882' title='bbox 2441 4636 2650 4703; x_wconf 87' lang='grc' dir='ltr'>τέλους,</span> <span class='ocrx_word' id='word_1_883' title='bbox 2670 4636 2808 4690; x_wconf 88' lang='grc' dir='ltr'>ἀλλά</span> <span class='ocrx_word' id='word_1_884' title='bbox 2835 4635 2933 4690; x_wconf 75' lang='grc' dir='ltr'>καὶ</span> <span class='ocrx_word' id='word_1_885' title='bbox 2969 4636 3092 4689; x_wconf 86' lang='grc' dir='ltr'>τότε</span> <span class='ocrx_word' id='word_1_886' title='bbox 3134 4634 3372 4706; x_wconf 83' lang='grc' dir='ltr'>μάλιστα</span> <span class='ocrx_word' id='word_1_887' title='bbox 3398 4637 3519 4690; x_wconf 76' lang='grc' dir='ltr'>ἑπι-</span> 
     </span>
    </p>
   </div>
   <div class='ocr_carea' id='block_1_115' title="bbox 1929 4720 3517 4793">
    <p class='ocr_par' dir='ltr' id='par_1_115' title="bbox 1929 4720 3517 4793">
     <span class='ocr_line' id='line_1_115' title="bbox 1929 4720 3517 4793; baseline -0.004 -15"><span class='ocrx_word' id='word_1_888' title='bbox 1929 4724 2099 4778; x_wconf 87' lang='grc' dir='ltr'>τείνει</span> <span class='ocrx_word' id='word_1_889' title='bbox 2140 4722 2233 4776; x_wconf 82' lang='grc' dir='ltr'>τὸν</span> <span class='ocrx_word' id='word_1_890' title='bbox 2271 4721 2496 4793; x_wconf 85' lang='grc' dir='ltr'>δρόμον.</span> <span class='ocrx_word' id='word_1_891' title='bbox 2530 4721 2704 4775; x_wconf 90' lang='grc' dir='ltr'>Τοῦτό</span> <span class='ocrx_word' id='word_1_892' title='bbox 2734 4739 2826 4793; x_wconf 91' lang='grc' dir='ltr'>μοι</span> <span class='ocrx_word' id='word_1_893' title='bbox 2852 4721 3067 4792; x_wconf 76' lang='grc' dir='ltr'>εἴρηται</span> <span class='ocrx_word' id='word_1_894' title='bbox 3099 4720 3236 4790; x_wconf 85' lang='grc' dir='ltr'>πρὸς</span> <span class='ocrx_word' id='word_1_895' title='bbox 3263 4720 3390 4784; x_wconf 83' lang='grc' dir='ltr'>τοὺς</span> <span class='ocrx_word' id='word_1_896' title='bbox 3424 4720 3517 4772; x_wconf 86' lang='grc' dir='ltr'>λέ-</span> 
     </span>
    </p>
   </div>
   <div class='ocr_carea' id='block_1_116' title="bbox 1931 4804 3518 4879">
    <p class='ocr_par' dir='ltr' id='par_1_116' title="bbox 1931 4804 3518 4879">
     <span class='ocr_line' id='line_1_116' title="bbox 1931 4804 3518 4879; baseline -0.004 -16"><span class='ocrx_word' id='word_1_897' title='bbox 1931 4826 2129 4878; x_wconf 88' lang='grc' dir='ltr'>γοντας</span> <span class='ocrx_word' id='word_1_898' title='bbox 2145 4824 2159 4837; x_wconf 93' lang='grc'>·</span> <span class='ocrx_word' id='word_1_899' title='bbox 2210 4807 2300 4861; x_wconf 86' lang='grc' dir='ltr'>Ἐν</span> <span class='ocrx_word' id='word_1_900' title='bbox 2325 4807 2543 4878; x_wconf 83' lang='grc' dir='ltr'>νεότητι</span> <span class='ocrx_word' id='word_1_901' title='bbox 2571 4809 2919 4879; x_wconf 73' lang='grc' dir='ltr'>ἠσκήσαμεν,</span> <span class='ocrx_word' id='word_1_902' title='bbox 2935 4807 2993 4858; x_wconf 83' lang='grc' dir='ltr'>ὲν</span> <span class='ocrx_word' id='word_1_903' title='bbox 3017 4805 3232 4874; x_wconf 91' lang='grc' dir='ltr'>νεότητι</span> <span class='ocrx_word' id='word_1_904' title='bbox 3255 4804 3518 4875; x_wconf 81' lang='grc' dir='ltr'>ὲνηστεύ-</span> 
     </span>
    </p>
   </div>
   <div class='ocr_carea' id='block_1_117' title="bbox 1931 4888 3521 5049">
    <p class='ocr_par' dir='ltr' id='par_1_117' title="bbox 1931 4888 3521 5049">
     <span class='ocr_line' id='line_1_117' title="bbox 1933 4888 3520 4973; baseline -0.003 -24"><span class='ocrx_word' id='word_1_905' title='bbox 1933 4912 2127 4973; x_wconf 81' lang='grc' dir='ltr'>σαμεν,</span> <span class='ocrx_word' id='word_1_906' title='bbox 2145 4894 2540 4964; x_wconf 87' lang='grc' dir='ltr'>γεγηράκαμεν</span> <span class='ocrx_word' id='word_1_907' title='bbox 2557 4893 2674 4948; x_wconf 88' lang='grc' dir='ltr'>νῦν.</span> <span class='ocrx_word' id='word_1_908' title='bbox 2699 4891 2963 4947; x_wconf 86' lang='grc' dir='ltr'>Μάλιστα</span> <span class='ocrx_word' id='word_1_909' title='bbox 2985 4889 3083 4944; x_wconf 89' lang='grc' dir='ltr'>νῦν</span> <span class='ocrx_word' id='word_1_910' title='bbox 3103 4889 3203 4961; x_wconf 79' lang='grc' dir='ltr'>τὴν</span> <span class='ocrx_word' id='word_1_911' title='bbox 3225 4888 3520 4944; x_wconf 84' lang='grc' dir='ltr'>εὐλάϐειαν</span> 
     </span>
     <span class='ocr_line' id='line_1_118' title="bbox 1931 4973 3521 5049; baseline -0.003 -17"><span class='ocrx_word' id='word_1_912' title='bbox 1931 4979 2224 5034; x_wconf 70' lang='grc' dir='ltr'>ἐπιτείνειν</span> <span class='ocrx_word' id='word_1_913' title='bbox 2270 4979 2399 5048; x_wconf 87' lang='grc' dir='ltr'>χρή.</span> <span class='ocrx_word' id='word_1_914' title='bbox 2433 4979 2526 5049; x_wconf 84' lang='grc' dir='ltr'>Μή</span> <span class='ocrx_word' id='word_1_915' title='bbox 2581 4994 2672 5047; x_wconf 91' lang='grc' dir='ltr'>μοι</span> <span class='ocrx_word' id='word_1_916' title='bbox 2707 4975 2778 5029; x_wconf 87' lang='grc' dir='ltr'>τά</span> <span class='ocrx_word' id='word_1_917' title='bbox 2806 4973 3018 5029; x_wconf 84' lang='grc' dir='ltr'>παλαιὰ</span> <span class='ocrx_word' id='word_1_918' title='bbox 3063 4974 3290 5046; x_wconf 84' lang='grc' dir='ltr'>ἀρίθμει</span> <span class='ocrx_word' id='word_1_919' title='bbox 3323 4992 3521 5047; x_wconf 83' lang='grc' dir='ltr'>κατορ-</span> 
     </span>
    </p>
   </div>
   <div class='ocr_carea' id='block_1_118' title="bbox 1933 5057 3520 5134">
    <p class='ocr_par' dir='ltr' id='par_1_118' title="bbox 1933 5057 3520 5134">
     <span class='ocr_line' id='line_1_119' title="bbox 1933 5057 3520 5134; baseline -0.004 -15"><span class='ocrx_word' id='word_1_920' title='bbox 1933 5063 2186 5134; x_wconf 82' lang='grc' dir='ltr'>θώματα,</span> <span class='ocrx_word' id='word_1_921' title='bbox 2242 5063 2403 5127; x_wconf 80' lang='grc' dir='ltr'>νέαζε</span> <span class='ocrx_word' id='word_1_922' title='bbox 2447 5062 2546 5115; x_wconf 75' lang='grc' dir='ltr'>καὶ</span> <span class='ocrx_word' id='word_1_923' title='bbox 2593 5058 2810 5131; x_wconf 76' lang='grc' dir='ltr'>ἀκμαζε</span> <span class='ocrx_word' id='word_1_924' title='bbox 2864 5059 2975 5121; x_wconf 47' lang='grc' dir='ltr'>νῦν,</span> <span class='ocrx_word' id='word_1_925' title='bbox 3018 5057 3244 5129; x_wconf 84' lang='grc' dir='ltr'>μᾶλλον.</span> <span class='ocrx_word' id='word_1_926' title='bbox 3301 5058 3360 5112; x_wconf 87' lang='lat' dir='ltr'>&#39;U</span> <span class='ocrx_word' id='word_1_927' title='bbox 3415 5059 3520 5128; x_wconf 77' lang='grc' dir='ltr'>μὲν</span> 
     </span>
    </p>
   </div>
   <div class='ocr_carea' id='block_1_119' title="bbox 1933 5141 3517 5219">
    <p class='ocr_par' dir='ltr' id='par_1_119' title="bbox 1933 5141 3517 5219">
     <span class='ocr_line' id='line_1_120' title="bbox 1933 5141 3517 5219; baseline -0.006 -16"><span class='ocrx_word' id='word_1_928' title='bbox 1933 5149 2046 5219; x_wconf 77' lang='grc' dir='ltr'>γὰρ</span> <span class='ocrx_word' id='word_1_929' title='bbox 2077 5149 2174 5202; x_wconf 84' lang='grc' dir='ltr'>τὸν</span> <span class='ocrx_word' id='word_1_930' title='bbox 2209 5146 2528 5216; x_wconf 75' lang='grc' dir='ltr'>σωματικὸν</span> <span class='ocrx_word' id='word_1_931' title='bbox 2551 5144 2744 5198; x_wconf 88' lang='grc' dir='ltr'>τοῦτον</span> <span class='ocrx_word' id='word_1_932' title='bbox 2767 5143 2980 5215; x_wconf 87' lang='grc' dir='ltr'>τρέχων</span> <span class='ocrx_word' id='word_1_933' title='bbox 3008 5141 3232 5213; x_wconf 86' lang='grc' dir='ltr'>δρόμον,</span> <span class='ocrx_word' id='word_1_934' title='bbox 3270 5141 3517 5208; x_wconf 72' lang='grc' dir='ltr'>εἰκότως,</span> 
     </span>
    </p>
   </div>
   <div class='ocr_carea' id='block_1_120' title="bbox 1933 5227 3520 5304">
    <p class='ocr_par' dir='ltr' id='par_1_120' title="bbox 1933 5227 3520 5304">
     <span class='ocr_line' id='line_1_121' title="bbox 1933 5227 3520 5304; baseline -0.006 -14"><span class='ocrx_word' id='word_1_935' title='bbox 1933 5235 2219 5304; x_wconf 81' lang='grc' dir='ltr'>έπειδάνή</span> <span class='ocrx_word' id='word_1_936' title='bbox 2257 5230 2422 5286; x_wconf 88' lang='grc' dir='ltr'>πολιά</span> <span class='ocrx_word' id='word_1_937' title='bbox 2453 5228 2762 5301; x_wconf 86' lang='grc' dir='ltr'>καταλάϐῃ,</span> <span class='ocrx_word' id='word_1_938' title='bbox 2810 5228 2996 5282; x_wconf 87' lang='grc' dir='ltr'>οὐκέτι</span> <span class='ocrx_word' id='word_1_939' title='bbox 3053 5227 3256 5299; x_wconf 86' lang='grc' dir='ltr'>ὁμοίως</span> <span class='ocrx_word' id='word_1_940' title='bbox 3303 5227 3520 5297; x_wconf 84' lang='grc' dir='ltr'>τρέχειν</span> 
     </span>
    </p>
   </div>
   <div class='ocr_carea' id='block_1_121' title="bbox 1930 5310 3518 5388">
    <p class='ocr_par' dir='ltr' id='par_1_121' title="bbox 1930 5310 3518 5388">
     <span class='ocr_line' id='line_1_122' title="bbox 1930 5310 3518 5388; baseline -0.008 -13"><span class='ocrx_word' id='word_1_941' title='bbox 1930 5323 2194 5376; x_wconf 84' lang='grc' dir='ltr'>δύναται·</span> <span class='ocrx_word' id='word_1_942' title='bbox 2241 5319 2299 5372; x_wconf 80' lang='grc' dir='ltr'>ὲν</span> <span class='ocrx_word' id='word_1_943' title='bbox 2343 5317 2450 5388; x_wconf 82' lang='grc' dir='ltr'>γὰρ</span> <span class='ocrx_word' id='word_1_944' title='bbox 2495 5315 2574 5387; x_wconf 81' lang='grc' dir='ltr'>τῷ</span> <span class='ocrx_word' id='word_1_945' title='bbox 2614 5313 2829 5386; x_wconf 89' lang='grc' dir='ltr'>σώματι</span> <span class='ocrx_word' id='word_1_946' title='bbox 2877 5312 2938 5368; x_wconf 81' lang='grc' dir='ltr'>τὸ</span> <span class='ocrx_word' id='word_1_947' title='bbox 2996 5313 3108 5367; x_wconf 80' lang='grc' dir='ltr'>πᾶν</span> <span class='ocrx_word' id='word_1_948' title='bbox 3148 5310 3244 5364; x_wconf 84' lang='grc' dir='ltr'>τοῦ</span> <span class='ocrx_word' id='word_1_949' title='bbox 3303 5311 3518 5380; x_wconf 84' lang='grc' dir='ltr'>’ἀγῶνός</span> 
     </span>
    </p>
   </div>
   <div class='ocr_carea' id='block_1_122' title="bbox 1932 5422 2070 5461">
    <p class='ocr_par' dir='ltr' id='par_1_122' title="bbox 1932 5422 2070 5461">
     <span class='ocr_line' id='line_1_123' title="bbox 1932 5422 2070 5461; baseline -0.014 0"><span class='ocrx_word' id='word_1_950' title='bbox 1932 5422 2070 5461; x_wconf 86' lang='grc' dir='ltr'>εστι.</span> 
     </span>
    </p>
   </div>
   <div class='ocr_carea' id='block_1_123' title="bbox 2005 5563 3514 5637">
    <p class='ocr_par' dir='ltr' id='par_1_123' title="bbox 2005 5563 3514 5637">
     <span class='ocr_line' id='line_1_124' title="bbox 2005 5563 3514 5637; baseline -0.006 -11"><span class='ocrx_word' id='word_1_951' title='bbox 2005 5572 2078 5626; x_wconf 78' lang='grc' dir='ltr'>Σὺ</span> <span class='ocrx_word' id='word_1_952' title='bbox 2106 5571 2164 5625; x_wconf 80' lang='grc' dir='ltr'>δὲ</span> <span class='ocrx_word' id='word_1_953' title='bbox 2183 5569 2324 5633; x_wconf 84' lang='grc' dir='ltr'>τίνος</span> <span class='ocrx_word' id='word_1_954' title='bbox 2353 5568 2541 5623; x_wconf 77' lang='grc' dir='ltr'>ἕνεκεν</span> <span class='ocrx_word' id='word_1_955' title='bbox 2571 5567 2819 5632; x_wconf 75' lang='grc' dir='ltr'>ὲλαττοῖς</span> <span class='ocrx_word' id='word_1_956' title='bbox 2839 5565 2931 5621; x_wconf 78' lang='grc' dir='ltr'>τὸν</span> <span class='ocrx_word' id='word_1_957' title='bbox 2951 5564 3152 5637; x_wconf 87' lang='grc' dir='ltr'>δρόμον</span> <span class='ocrx_word' id='word_1_958' title='bbox 3169 5581 3184 5631; x_wconf 90' lang='grc'>;</span> <span class='ocrx_word' id='word_1_959' title='bbox 3203 5563 3384 5635; x_wconf 74' lang='grc' dir='ltr'>ψυχῆς</span> <span class='ocrx_word' id='word_1_960' title='bbox 3403 5564 3514 5636; x_wconf 79' lang='grc' dir='ltr'>γὰρ</span> 
     </span>
    </p>
   </div>
   <div class='ocr_carea' id='block_1_124' title="bbox 1935 5651 3517 5748">
    <p class='ocr_par' dir='ltr' id='par_1_124' title="bbox 1935 5651 3517 5748">
     <span class='ocr_line' id='line_1_125' title="bbox 1935 5651 3517 5748; baseline -0.007 -34"><span class='ocrx_word' id='word_1_961' title='bbox 1935 5657 2173 5714; x_wconf 78' lang='grc' dir='ltr'>ἐνταῦθα</span> <span class='ocrx_word' id='word_1_962' title='bbox 2207 5656 2388 5729; x_wconf 89' lang='grc' dir='ltr'>χρεία,</span> <span class='ocrx_word' id='word_1_963' title='bbox 2414 5655 2594 5726; x_wconf 80' lang='grc' dir='ltr'>ψυχῆς</span> <span class='ocrx_word' id='word_1_964' title='bbox 2643 5651 3084 5724; x_wconf 81' lang='grc' dir='ltr'>διεγηγερμένη·</span> <span class='ocrx_word' id='word_1_965' title='bbox 3107 5654 3141 5724; x_wconf 84' lang='grc' dir='ltr'>ἡ</span> <span class='ocrx_word' id='word_1_966' title='bbox 3177 5652 3236 5708; x_wconf 80' lang='grc' dir='ltr'>δὲ</span> <span class='ocrx_word' id='word_1_967' title='bbox 3273 5651 3421 5748; x_wconf 78' lang='grc' dir='ltr'>ψυχὴ</span> <span class='ocrx_word' id='word_1_968' title='bbox 3457 5653 3517 5703; x_wconf 82' lang='grc' dir='ltr'>ἐν</span> 
     </span>
    </p>
   </div>
   <div class='ocr_carea' id='block_1_125' title="bbox 1997 5819 3199 5898">
    <p class='ocr_par' dir='ltr' id='par_1_125' title="bbox 1997 5819 3199 5898">
     <span class='ocr_line' id='line_1_126' title="bbox 1997 5819 3199 5898; baseline -0.014 -9"><span class='ocrx_word' id='word_1_969' title='bbox 1997 5842 2016 5871; x_wconf 71' lang='grc' dir='ltr'><strong><em>ο</em></strong></span> <span class='ocrx_word' id='word_1_970' title='bbox 2051 5835 2203 5898; x_wconf 72' lang='lat' dir='ltr'>Marg.</span> <span class='ocrx_word' id='word_1_971' title='bbox 2227 5830 2380 5884; x_wconf 73' lang='lat' dir='ltr'>Sav&#39;u.</span> <span class='ocrx_word' id='word_1_972' title='bbox 2417 5835 2469 5882; x_wconf 78' lang='lat' dir='ltr'><strong>et</strong></span> <span class='ocrx_word' id='word_1_973' title='bbox 2495 5829 2835 5892; x_wconf 60' lang='lat' dir='ltr'>mm.,zav</span> <span class='ocrx_word' id='word_1_974' title='bbox 2864 5819 3199 5876; x_wconf 75' lang='grc' dir='ltr'>ἀπαντώντων.</span> 
     </span>
    </p>
   </div>
  </div>
