4060 6440
112 292 133 311 ,
167 241 244 295 65
455 281 461 287 -
1052 254 1114 312 IN
1151 256 1367 315 EPIST.
1408 258 1503 314 AD
1540 256 1900 317 nemos.
1939 258 2091 315 CAP.
2134 259 2223 317 IV.
2264 261 2500 320 IIOMIL.
2544 262 2649 318 \‘ll.
3362 280 3433 334 66

163 354 351 399 autem
380 360 612 415 quanam
641 348 710 405 de
731 365 893 408 causa
913 367 1130 411 cursum
1152 359 1382 415 minuisl
1407 363 1582 418 anima
1605 367 1747 420 enim

165 431 257 485 hic
286 450 424 504 opus
442 446 547 503 est,
574 440 748 495 anima
768 442 997 498 excitata
1026 454 1082 500 et
1107 458 1288 503 erecta
1318 465 1332 503 :
1360 452 1538 507 anima
1568 464 1748 509 autem

163 525 456 583 roboratur
476 530 526 583 in
555 541 865 601 senectute;
894 535 1006 591 imo
1033 546 1161 594 tunc
1190 542 1422 598 maxime
1442 545 1603 615 viget,
1624 557 1750 602 tunc

162 618 422 674 exsultat.
439 621 591 677 Sicut
610 625 752 682 enim
783 640 999 697 corpus,
1033 630 1281 699 quamdiu
1298 635 1513 703 quidem
1536 645 1748 691 tenetur

160 707 412 766 febribus
457 713 773 785 crebrisque
817 726 873 771 et
916 718 1023 774 sibi
1060 718 1293 778 invicem
1336 724 1750 782 succedentibus

157 802 394 867 morbis,
444 802 654 859 etiamsi
698 806 770 861 sit
812 806 950 864 forte
995 818 1053 866 et
1101 812 1417 879 robustum,
1452 824 1536 871 est
1570 798 1749 873 tamen

157 888 425 945 amictum
445 909 471 958 ;'
508 903 787 965 postquam
834 907 1015 954 autem
1056 898 1221 956 fuerit
1250 902 1533 960 liberatum
1560 906 1629 960 ab
1658 907 1745 961 illa

157 980 483 1049 obsidione,
527 998 654 1039 suas
702 986 847 1041 vires
888 999 1215 1061 recuperat:
1246 992 1319 1047 ita
1361 995 1522 1050 etiam
1564 996 1743 1052 anima

158 1072 438 1129 febricitat
483 1076 533 1129 in
574 1076 889 1146 jnventute,
938 1088 993 1136 et
1017 1096 1136 1137 eam
1161 1083 1396 1145 maxime
1427 1096 1569 1143 tenet
1592 1103 1746 1143 amor

154 1166 349 1234 gloria:
377 1177 431 1222 et
457 1169 766 1226 deliciarum
796 1180 849 1227 et
873 1173 948 1229 rei
967 1189 1209 1231 venerem
1229 1186 1284 1233 et
1302 1178 1533 1235 aliorum
1548 1180 1744 1235 multo-

156 1274 281 1313 rum
321 1260 647 1327 atl'ectuum;
674 1278 796 1318 cum
823 1263 1105 1321 advenerit
1131 1276 1309 1323 autem
1333 1278 1618 1337 senectus,
1677 1286 1740 1326 ea

152 1348 387 1419 expellit
432 1350 546 1405 lucc
576 1353 752 1407 omnia
783 1369 906 1425 qua:
934 1364 1060 1412 sunt
1082 1358 1363 1428 corporis,
1394 1360 1588 1429 partim
1629 1360 1749 1431 qui-

157 1440 284 1493 dem
311 1454 437 1495 eum
467 1451 708 1512 tempore
726 1484 744 1511 ,
776 1445 973 1515 partim
999 1456 1180 1504 autem
1207 1463 1304 1519 per
1329 1449 1741 1520 philosophiam.

158 1529 443 1589 latensum
470 1534 615 1590 enim
642 1537 808 1592 robur
836 1539 1080 1608 corporis
1116 1540 1424 1612 deprimens
1446 1552 1696 1604 senectus
1723 1583 1740 1611 ,

161 1639 233 1677 ne
271 1623 364 1680 his
393 1626 614 1695 quidem
645 1628 911 1684 volentem
940 1630 1016 1684 uti
1040 1630 1167 1685 sinit
1192 1632 1461 1698 animam;
1486 1632 1580 1688 sed
1608 1644 1746 1688 tum-

160 1735 325 1787 quam
349 1736 514 1776 omne
541 1737 712 1793 genus
737 1722 985 1781 hostibus
1011 1729 1367 1798 compressis,
1391 1744 1510 1785 eam
1537 1730 1742 1786 consti-

164 1811 263 1863 tuit
304 1813 360 1865 in
404 1812 524 1868 loco
564 1829 700 1884 puro
728 1830 758 1870 a
804 1817 1146 1884 tumultibus,
1194 1828 1248 1875 et
1294 1836 1539 1892 magnam
1578 1822 1744 1878 efﬁcit

164 1902 626 1971 tranquillitatem,
649 1914 704 1961 et
729 1905 987 1977 majorem
1023 1908 1179 1964 affert
1215 1912 1483 1966 timorem.
1512 1911 1568 1968 Si
1594 1912 1738 1967 enim

166 1996 346 2050 nullus
372 1995 509 2051 alius
527 2035 546 2063 ,
576 2006 633 2052 at
656 2013 816 2054 senes
851 2001 1067 2072 quidem
1086 2011 1233 2059 certe
1265 2015 1462 2060 norunt
1484 2020 1543 2061 se
1569 2006 1739 2071 mori-

168 2095 339 2152 turos,
379 2098 432 2142 et
458 2089 619 2144 morti
672 2092 895 2173 omnino
946 2108 1089 2173 esse
1126 2095 1469 2167 propinquos.
1519 2097 1743 2164 Quando

177 2179 333 2248 igitur
352 2198 464 2252 quae
488 2183 555 2236 ad
600 2171 737 2240 hanc
767 2186 927 2241 vitam
974 2171 1247 2257 pertinent
1295 2190 1553 2247 recedunt
1588 2192 1741 2262 cupi-

182 2270 375 2326 ditates
411 2288 473 2328 ac
520 2274 793 2343 libidines,
849 2277 1030 2333 subito
1071 2288 1252 2334 autem
1307 2281 1504 2352 ingruit
1547 2297 1741 2354 διενυ-

171 2364 333 2417 ctatio
382 2365 613 2432 judicii,
684 2368 1042 2437 pervicaciam
1112 2372 1305 2427 animae
1366 2373 1611 2430 molliens
1679 2384 1734 2432 et

164 2454 614 2525 inobcdiemiam,
662 2475 843 2514 annon
881 2460 941 2516 fit
990 2464 1241 2518 attentior
1301 2465 1344 2520 si
1392 2466 1553 2521 velit?
1601 2466 1735 2536 Quid

158 2560 289 2600 vero
310 2587 329 2612 ,
363 2548 573 2618 inquit,
603 2551 743 2620 quod
791 2551 1033 2608 videmus
1077 2568 1233 2610 senes
1269 2554 1556 2624 juvenibus
1584 2557 1733 2614 dete-

152 2638 376 2694 riores?
419 2639 696 2696 Summam
738 2644 868 2698 mihi
912 2644 1047 2700 dicis
1084 2645 1198 2700 vitii
1228 2647 1690 2719 exsuperationem
1721 2667 1735 2704 :

152 2743 277 2783 nam
319 2739 380 2784 et
416 2730 647 2786 furiosos
678 2732 921 2788 videmus
974 2735 1120 2790 nullo
1170 2736 1477 2807 impellente
1519 2754 1578 2794 se
1606 2738 1735 2795 dare

152 2820 487 2889 pratcipites.
536 2822 761 2888 Quando
799 2839 931 2896 ergo
984 2825 1070 2880 vel
1120 2841 1287 2882 senex
1342 2828 1549 2883 laborat
1594 2844 1732 2884 mor-

149 2911 230 2965 bis
253 2911 522 2981 juvennm
545 2954 562 2979 ,
606 2914 657 2969 id
689 2929 953 2970 summum
981 2925 1064 2972 est
1088 2916 1275 2973 vitium
1304 2936 1319 2974 :
1350 2933 1449 2974 nec
1476 2920 1529 2975 in
1544 2919 1736 2990 juven-

149 3010 262 3057 tute
298 3002 523 3073 quidem
544 3044 561 3069 ,
610 3006 697 3074 qui
730 3014 815 3061 est
850 3004 1195 3077 bujusmodi,
1223 3010 1618 3066 excusationem
1646 3010 1741 3065 ha-

147 3090 327 3147 buerit
360 3111 377 3149 :
410 3110 519 3149 non
564 3105 742 3165 potest
780 3097 922 3153 enim
962 3096 1182 3167 dicere,
1225 3099 1428 3156 Delicta
1459 3102 1739 3173 juventutis

150 3203 274 3242 mea
298 3198 352 3243 et
383 3189 696 3260 ignorantia:
722 3208 857 3246 meas
883 3208 946 3247 ne
971 3193 1259 3250 memineris
1303 3192 1490 3266 (Psal.
1523 3194 1616 3255 24.
1647 3196 1677 3249 7
1696 3196 1736 3267 ).

147 3283 273 3340 Nam
324 3288 421 3355 qui
474 3297 653 3342 manet
690 3287 830 3343 idem
871 3288 925 3343 in
968 3296 1275 3352 senectute,
1311 3287 1546 3342 ostendit
1600 3286 1742 3357 quod

149 3379 305 3434 etiam
342 3380 401 3433 in
426 3379 709 3449 juventute
737 3394 841 3435 non
866 3387 1085 3450 propter
1109 3377 1523 3449 ignorationem,
1557 3395 1734 3448 neque

148 3479 373 3539 propter
432 3470 793 3540 imperitiam,
836 3484 1010 3541 neque
1055 3478 1275 3541 propter
1313 3476 1526 3524 :etatem
1575 3469 1736 3525 fuerit

148 3558 446 3628 ejusmodi,
491 3560 587 3615 sed
628 3570 849 3632 propter
887 3561 1214 3616 socordiam.
1256 3560 1349 3615 Ille
1375 3562 1522 3616 enim
1555 3569 1735 3631 potest

143 3650 348 3715 dicere,
388 3648 589 3704 Delicta
606 3652 887 3721 juventutt's
928 3666 1052 3705 mete
1075 3660 1122 3704 et
1162 3650 1479 3722 ignorantia:
1506 3667 1644 3704 meas
1670 3666 1736 3704 ne

140 3744 462 3809 maniueris,
499 3742 588 3809 qui
620 3742 881 3814 facitque:
910 3744 1025 3799 seni
1054 3745 1401 3811 conveniunt,
1433 3744 1523 3815 qui
1557 3754 1731 3798 muta-

140 3844 222 3888 tur
242 3835 296 3889 iu
334 3843 620 3915 senectute
644 3853 659 3891 :
682 3833 725 3890 si
757 3845 934 3890 autem
966 3836 1126 3891 etiam
1155 3836 1206 3891 in
1235 3843 1517 3891 senectute
1539 3835 1727 3890 eadem

136 3925 383 3979 admittit
419 3924 611 3996 probra
639 3936 694 3981 et
714 3925 977 3981 dedecora
999 3965 1015 3992 ,
1063 3924 1333 3997 quomodo
1366 3940 1461 3996 par
1488 3934 1570 3980 est
1597 3933 1655 3980 ut
1686 3925 1729 3980 is

139 4022 458 4075 nominetur
485 4034 674 4084 senex,
704 4019 793 4089 qui
827 4034 894 4075 ne
916 4028 1128 4074 aetatem
1154 4019 1367 4090 quidem
1398 4028 1674 4075 reveretur
1704 4018 1730 4072 ?

136 4109 263 4165 Nam
295 4113 403 4180 qui
432 4110 600 4178 dicit,
647 4108 849 4164 Delicta
866 4111 1150 4182 juventutis
1183 4124 1306 4165 meae
1336 4121 1383 4164 et
1415 4112 1729 4182 ignorantia:

143 4220 273 4257 uaeas
302 4220 379 4257 ne
401 4202 707 4267 memineris,
734 4202 849 4259 bzec
878 4202 1039 4272 dicit,
1068 4212 1339 4275 tamquam
1368 4204 1423 4259 in
1445 4213 1728 4261 senectute

137 4306 192 4348 se
221 4300 385 4348 recte
412 4307 631 4363 gerens.

212 4382 356 4437 Vitia
388 4400 563 4438 unum
589 4392 809 4454 tempore
851 4382 1217 4455 Chrysostomi.
1245 4414 1318 4426 -—
1345 4385 1424 4441 Ne
1448 4399 1575 4457 ergo
1597 4400 1725 4457 pro-

136 4483 254 4544 pter
278 4490 377 4541 ea,
408 4490 528 4546 qure
559 4477 692 4530 fiunt
719 4476 771 4531 in
799 4484 1095 4544 senectute,
1116 4477 1345 4548 teipsum
1369 4478 1544 4548 prives
1565 4479 1726 4534 etiam

138 4568 288 4621 venia
320 4576 674 4637 peccatorum
695 4608 710 4631 ,
738 4583 858 4638 qua:
882 4549 1145 4623 admisisti
1178 4569 1229 4623 in
1253 4568 1554 4639 juventute.
1580 4569 1729 4637 Quo.

140 4659 299 4715 modo
330 4646 482 4715 enim
514 4659 566 4714 id
599 4674 705 4714 non
745 4669 828 4715 est
865 4658 1153 4716 absurdum
1189 4673 1245 4718 et
1287 4661 1440 4733 pejus
1483 4678 1640 4733 quam
1673 4672 1732 4717 ut

143 4759 426 4805 mercatur
468 4750 680 4806 veniam
705 4751 731 4805 ?
766 4765 932 4806 senex
974 4752 1157 4807 ebrius
1185 4761 1289 4820 est,
1337 4753 1490 4809 sedet
1514 4753 1566 4810 in
1596 4768 1727 4809 cau-

142 4843 320 4910 ponis,
365 4857 532 4898 senex
570 4850 825 4914 properat
853 4842 921 4898 ad
950 4836 1210 4914 equorum
1237 4845 1591 4912 curriculum,
1635 4859 1725 4901 se-

138 4948 239 4988 nex
263 4934 523 4990 ascendit
556 4936 609 4990 in
658 4936 958 5001 theatrum,
1006 4944 1277 5007 tamquam
1325 4952 1460 5008 puer
1500 4951 1727 4993 currens

136 5038 256 5079 cum
299 5024 490 5095 vulgo.
522 5025 665 5081 Vere
699 5035 781 5082 est
815 5026 989 5097 pudor
1027 5036 1079 5082 et
1109 5040 1197 5082 res
1229 5026 1484 5095 ridicula,
1520 5028 1726 5084 extrin-

99 5177 113 5205 ι
138 5130 295 5173 secus
328 5116 551 5187 quidem
584 5118 767 5173 ornari
800 5117 1014 5185 canitie,
1049 5118 1368 5174 intrinsecus
1387 5126 1566 5174 autem
1596 5134 1724 5174 sen-

134 5222 248 5262 sum
279 5210 486 5263 habere
516 5209 692 5279 pueri.
726 5209 791 5265 Et
820 5210 864 5265 si
896 5211 1159 5281 quispiam
1188 5210 1403 5280 juvenis
1440 5224 1563 5267 eum
1594 5216 1725 5268 cen-

136 5300 355 5354 tumelia
389 5299 659 5365 affecerit,
694 5302 873 5355 Statim
906 5302 1088 5371 objicit
1115 5316 1301 5358 canos.
1329 5301 1411 5357 'l‘u
1453 5318 1546 5359 eos
1572 5303 1720 5375 prior

136 5403 391 5445 reverere
442 5408 454 5443 :
504 5390 547 5446 si
600 5398 656 5445 tu
702 5400 879 5446 autem
909 5400 1025 5446 tuos
1053 5406 1159 5446 non
1188 5392 1485 5447 reverearis
1509 5435 1524 5459 ,
1554 5392 1718 5464 idque

134 5493 251 5532 cum
305 5481 387 5535 sis
430 5496 598 5536 senex
620 5523 635 5546 ,
684 5482 955 5551 quomodo
984 5498 1194 5553 acquum
1217 5498 1405 5540 censes
1433 5492 1489 5538 ut
1506 5484 1721 5554 juvenis

139 5578 255 5624 tuos
283 5572 638 5625 revereatur?
665 5570 781 5625 Non
812 5572 1075 5628 revereris
1116 5588 1278 5628 canos
1297 5614 1312 5641 ,
1351 5572 1445 5629 sed
1469 5589 1563 5630 eos
1594 5589 1717 5645 pro-

138 5659 230 5715 bro
260 5670 317 5715 et
358 5659 622 5719 dedecore
650 5660 839 5719 officis.
883 5662 1028 5721 Deus
1069 5674 1123 5721 te
1159 5661 1444 5720 honoravit
1485 5664 1718 5723 candore

1850 379 2100 447 pilorum,
2134 390 2377 448 magnam
2406 378 2499 433 tibi
2524 379 2669 433 dedit
2699 377 3103 448 prterogativam
3132 394 3146 432 :
3174 375 3285 432 Cur
3308 393 3431 447 pro-

1850 469 1934 521 dis
1954 469 2245 522 honorem?
2264 468 2539 535 Quomodo
2563 479 2616 523 te
2638 469 2970 524 reverebitur
2990 468 3227 538 juvenis,
3253 482 3429 537 quan-

1852 558 1922 613 do
1946 574 2006 613 es
2032 573 2102 614 eo
2127 559 2284 626 longe
2309 560 2610 627 protervior
2634 572 2687 614 et
2718 558 3261 615 Iascivior?Canities
3283 558 3431 613 enim

1854 659 1981 706 tunc
2003 660 2086 705 est
2110 650 2401 705 reverenda
2427 693 2443 716 ,
2489 651 2706 721 quando
2731 653 2840 721 agit
2864 668 2984 722 quae
3014 659 3140 707 sunt
3164 652 3380 705 canitiei
3411 667 3427 703 :

1853 741 2066 811 quando
2092 752 2271 795 autem
2297 740 2405 811 agit
2425 758 2545 810 qua:
2567 749 2694 794 sunt
2721 742 2997 809 jnvenum,
3024 745 3192 811 magis
3221 743 3324 797 erit
3354 741 3431 796 ri-

1853 834 2027 888 dicula
2074 848 2233 903 quam
2274 833 2518 901 juvenes.
2559 832 2842 900 Quomodo
2872 850 2999 903 ergo
3031 835 3273 903 poteritis
3317 833 3435 886 lucc

1854 925 2079 980 suadere
2094 924 2401 992 juvenibus,
2429 938 2524 977 vos
2566 937 2725 977 senes
2759 924 3033 978 temulenti
3065 925 3134 977 ob
3166 924 3431 978 immode-

1855 1017 2054 1072 stiam‘l
2078 1016 2194 1071 Non
2221 1031 2379 1071 senes
2404 1030 2666 1071 accusans
2699 1016 2813 1069 haec
2844 1016 2967 1068 dico
2990 1057 3003 1076 ,
3036 1016 3191 1077 absit,
3229 1016 3324 1070 sed
3347 1015 3434 1084 ju-

1859 1123 2045 1162 venes.
2074 1106 2205 1161 Nam
2231 1106 2319 1177 qui
2352 1106 2466 1159 lucc
2492 1114 2675 1174 agunt,
2702 1105 2910 1159 etiamsi
2938 1104 3003 1157 ad
3029 1120 3223 1157 annum
3253 1115 3435 1159 cente-

1857 1198 2050 1252 simum
2077 1199 2438 1267 pervenerint,
2461 1197 2591 1251 mihi
2612 1206 2736 1250 sunt
2752 1197 3009 1265 juvenes:
3034 1196 3433 1266 sicutjuvenes,

1857 1288 2065 1343 etiamsi
2093 1290 2201 1343 sint
2231 1290 2377 1358 parvi
2406 1289 2579 1358 pueri.
2609 1289 2716 1342 sint
2756 1296 2934 1342 autem
2965 1286 3191 1342 modesti
3216 1296 3272 1342 et
3298 1296 3435 1342 tem-

1858 1387 2131 1450 perautes,
2153 1388 2281 1433 sunt
2308 1378 2561 1434 meliores
2588 1378 2827 1434 senibus.
2854 1377 2964 1433 Nec
2992 1393 3167 1432 meum
3186 1372 3267 1433 est
3294 1379 3434 1446 quod

1862 1470 2076 1536 dicitur,
2124 1470 2219 1525 sed
2261 1470 2400 1524 hanc
2444 1483 2655 1538 quoque
2693 1468 3072 1523 discretionem
3104 1470 3249 1521 novit
3288 1468 3435 1522 Scri-

1862 1569 2014 1632 ptura
2050 1578 2064 1615 :
2096 1559 2340 1615 Senectus
2368 1559 2684 1624 venerabilis,
2718 1558 2905 1626 inquit,
2937 1575 3038 1612 non
3068 1558 3305 1612 diuturno
3324 1599 3341 1625 ,
3389 1568 3438 1611 et

1860 1665 1986 1707 tetas
2011 1650 2275 1705 senectutis
2303 1651 2404 1703 vita
2430 1651 2758 1704 immaculata
2782 1648 2938 1718 (Sap.
2965 1651 3018 1704 ι.
3042 1647 3119 1721 9).

1932 1743 1986 1798 4.
2030 1744 2132 1810 Qui
2175 1743 2240 1797 sit
2269 1744 2431 1796 honor
2458 1741 2745 1795 senectutis.
2770 1771 2841 1781 —
2868 1739 3044 1800 Canos
3074 1741 3217 1796 enim
3264 1739 3436 1795 hono-

1862 1848 2072 1897 ramus,
2118 1848 2223 1887 non
2256 1834 2377 1901 quia
2407 1832 2585 1887 album
2616 1832 2852 1887 colorem
2888 1831 3042 1903 nigro
3066 1832 3400 1901 praeferimus
3420 1873 3436 1897 ,

1862 1925 1955 1981 sed
1985 1926 2107 1995 quia
2133 1934 2217 1979 est
2242 1924 2451 1995 signum
2479 1924 2601 1977 vita:
2631 1939 2749 1994 quae
2779 1938 2843 1977 ex
2880 1922 3076 1978 virtute
3121 1923 3295 1992 agitur
3317 1963 3333 1989 ,
3386 1932 3441 1977 et

1862 2031 1984 2073 cum
2014 2015 2277 2081 videmus,
2319 2014 2558 2070 internos
2587 2028 2752 2069 cauos
2779 2029 2843 2067 ex
2872 2028 2936 2066 eo
2967 2013 3285 2080 conjicimus
3319 2016 3438 2069 :sin

1861 2117 2039 2162 autem
2066 2121 2128 2161 ea
2149 2116 2339 2177 gerunt
2364 2122 2482 2175 qua:
2509 2105 2723 2160 canitiei
2747 2113 2874 2159 sunt
2893 2105 3184 2171 contraria,
3206 2114 3440 2175 propter-

1861 2215 1926 2257 ea
1971 2199 2139 2270 magis
2182 2198 2317 2254 ﬁunt
2340 2197 2574 2253 ridiculi.
2616 2195 2748 2253 Nam
2777 2205 2833 2252 et
2865 2211 3044 2267 regem
3075 2197 3400 2253 honoramus
3420 2238 3441 2265 ,

1860 2298 1918 2347 et
1944 2302 2255 2361 purpuram,
2286 2297 2341 2344 et
2369 2286 2637 2352 diadema,
2664 2287 2917 2357 quoniam
2949 2296 3072 2340 sunt
3096 2286 3246 2356 signa
3269 2287 3440 2357 impe-

1858 2382 1930 2439 rii
1966 2400 1981 2437 :
2009 2381 2103 2437 sed
2141 2380 2186 2435 si
2219 2396 2341 2436 eum
2370 2380 2663 2435 viderimus
2689 2394 2811 2434 cum
2845 2394 3076 2448 purpura
3100 2380 3360 2450 conspui,
3410 2396 3440 2433 a

1862 2474 2183 2532 satellitibus
2207 2471 2533 2538 conculcari,
2555 2470 2826 2534 suffocari,
2856 2471 2907 2523 in
2932 2485 3202 2525 carcerem
3225 2470 3439 2539 conjici,

1862 2566 2092 2636 discerpi
2114 2578 2177 2620 ac
2192 2563 2442 2628 convelli,
2474 2561 2730 2633 numquid
2759 2561 3124 2617 reverebimur
3148 2576 3443 2633 purpuram

1863 2663 1956 2710 aut
1982 2654 2259 2719 diadema,
2309 2668 2409 2709 nec
2450 2653 2613 2708 etiam
2663 2652 2836 2721 ipsum
2868 2651 3105 2705 habitum
3133 2651 3442 2721 deplorabi-

1865 2747 2023 2802 mus?
2059 2745 2137 2801 Ne
2160 2746 2297 2801 velis
2322 2758 2450 2815 ergo
2477 2743 2730 2798 honorari
2757 2752 2976 2813 propter
2997 2742 3248 2797 canitiem
3272 2783 3287 2809 ,
3321 2759 3442 2796 cum

1864 2857 1920 2903 tu
1948 2849 2061 2918 ipse
2105 2846 2154 2902 ei
2196 2844 2361 2900 facias
2402 2842 2650 2913 injuriam
2697 2856 2711 2894 :
2760 2855 2882 2895 nam
2908 2844 3019 2908 ipsa
3045 2852 3257 2908 quoque
3285 2836 3352 2892 de
3387 2846 3440 2890 te

1860 2939 2018 2994 debet
2038 2950 2225 3007 poenas
2243 2949 2481 3001 sumere,
2506 2932 2647 3005 quod
2672 2932 2912 2986 habitum
2939 2929 3073 2984 adeo
3101 2926 3439 2997 splendidum

1857 3039 1908 3084 et
1933 3030 2223 3099 pretiosum
2258 3026 2452 3096 probro
2482 3023 2704 3079 afﬁcias.
2739 3020 2853 3075 Non
2887 3018 3001 3074 haec
3034 3027 3218 3074 contra
3250 3031 3441 3071 omnes

1856 3120 2122 3189 dicimus,
2159 3131 2260 3172 nec
2288 3116 2532 3171 absolute
2558 3129 2587 3168 a
2614 3128 2700 3168 me
2729 3111 2890 3167 verba
2921 3110 3055 3164 fiunt
3075 3108 3332 3163 adversus
3353 3121 3440 3161 se-

1856 3218 2155 3271 nectutem;
2185 3222 2293 3262 non
2319 3222 2437 3261 sum
2468 3204 2602 3259 adeo
2625 3205 2874 3267 insanus;
2898 3193 2991 3255 sed
3012 3198 3439 3267 adversusjuve—

1857 3302 2017 3356 nilem
2071 3300 2326 3363 animam,
2380 3312 2500 3367 quae
2542 3293 2809 3350 dedecore
2853 3291 3020 3348 afticit
3058 3296 3434 3346 senectutem:

1855 3407 2029 3463 neque
2054 3391 2122 3447 de
2149 3391 2214 3445 iis
2241 3388 2330 3460 qui
2352 3395 2748 3443 consenuerunt
2774 3383 2890 3439 ιιειιο
2915 3382 3158 3437 dolentes
3184 3380 3433 3441 dicimus,

1854 3483 1949 3539 sed
1975 3484 2043 3539 de
2077 3483 2140 3536 iis
2164 3480 2251 3550 qui
2283 3479 2534 3535 canitiem
2561 3476 2912 3532 dedecorant.
2963 3473 3137 3529 Senex
3169 3472 3314 3527 enim
3351 3479 3436 3526 est

1854 3590 1965 3640 rex,
1995 3574 2039 3627 si
2070 3572 2227 3637 velit,
2250 3580 2305 3626 et
2334 3585 2400 3626 eo
2426 3568 2515 3640 qui
2543 3575 2626 3623 est
2649 3566 2869 3622 indutus
2891 3578 3121 3635 purpura
3152 3562 3320 3632 magis
3342 3576 3447 3619 τεο-

1850 3666 2005 3737 galis,
2025 3664 2068 3720 si
2099 3663 2324 3733 imperet
2343 3661 2502 3715 animi
2529 3656 3035 3730 perturbationibus,
3059 3662 3113 3709 et
3138 3654 3263 3708 vitia
3292 3661 3432 3725 tant-

1851 3770 2010 3827 quam
2044 3752 2303 3809 satellites
2332 3750 2432 3805 sibi
2463 3748 2715 3819 subjiciat
2744 3765 2759 3802 :
2790 3747 2872 3803 sin
2895 3755 3076 3800 autem
3109 3743 3349 3797 trahatur
3376 3751 3433 3797 et

1849 3862 1880 3901 a
1907 3844 2034 3900 sede
2062 3843 2360 3914 dejiciatur,
2392 3850 2447 3898 et
2478 3839 2739 3912 pecunizn,
2770 3837 2990 3903 amoris,
3019 3835 3203 3906 gloria:
3230 3834 3427 3900 inanis,

1849 3948 1903 3994 ct
1944 3938 2131 3993 fucatze
2172 3936 2452 4009 elegantiae
2499 3932 2921 4000 deliciarumque
2959 3937 3013 3984 et
3055 3926 3330 3982 ebrietatis
3374 3934 3439 3981 et

1850 4031 1942 4085 irze
1968 4038 2022 4085 et
2047 4028 2124 4083 rei
2150 4042 2395 4082 venerea:
2426 4024 2515 4079 ﬁat
2545 4037 2734 4079 servus
2755 4062 2770 4086 ,
2795 4029 2851 4076 et
2879 4019 3016 4089 pilos
3044 4017 3243 4072 infucet
3271 4018 3426 4082 oleo,

1848 4128 1904 4176 et
1926 4120 2177 4175 ostendat
2207 4126 2419 4172 aetatem
2443 4131 2470 4167 a
2502 4115 2674 4168 libero
2705 4111 2869 4166 animi
2901 4109 3125 4164 arbitrio
3144 4115 3427 4163 contume-

1849 4210 1919 4265 lia
1945 4209 2188 4266 all‘ectam
2207 4250 2221 4274 ,
2256 4223 2363 4276 quo
2392 4220 2498 4261 non
2528 4203 2686 4259 fuerit
2716 4203 2760 4258 is
2789 4200 2981 4271 dignus
3019 4199 3283 4270 supplicio
3303 4197 3381 4269 (a)
3401 4197 3428 4252 ἲ

1846 4300 1952 4356 Sed
1980 4315 2093 4365 vos,
2132 4300 2383 4369 juvenes,
2416 4310 2483 4351 ne
2516 4295 2635 4349 sitis
2665 4293 2798 4348 tales
2831 4310 2846 4346 :
2878 4306 3051 4362 neque
3096 4291 3239 4346 enim
3274 4289 3427 4345 vobis

1846 4389 2137 4464 ignoscitur
2186 4388 2229 4443 si
2275 4386 2529 4458 peccatis.
2575 4382 2969 4452 Quamobrem?
3007 4380 3269 4449 Quoniam
3296 4380 3451 4436 licet

1844 4498 1966 4540 esse
1996 4497 2179 4538 senem
2212 4482 2263 4536 in
2288 4479 2612 4551 juventute;
2661 4490 2726 4532 ac
2768 4476 2907 4531 sicut
2952 4483 3074 4529 sunt
3103 4474 3329 4545 juvenes
3366 4474 3422 4530 in

1841 4581 2153 4638 senectute,
2186 4572 2255 4626 ita
2284 4579 2337 4627 et
2365 4580 2573 4626 contra.
2606 4566 2756 4623 Sicut
2789 4566 2932 4621 enim
2963 4565 3068 4619 illic
3107 4565 3245 4635 pilus
3268 4564 3422 4619 deal-

1842 4667 1999 4723 batus
2028 4665 2295 4720 neminem
2323 4671 2539 4730 servat,
2581 4661 2661 4716 sic
2703 4674 2803 4715 nec
2840 4656 2929 4713 hic
2955 4658 3107 4728 niger
3152 4657 3421 4713 neminem

1841 4756 2080 4828 impedit.
2124 4755 2256 4812 Nam
2293 4754 2395 4810 etsi
2429 4755 2544 4809 haec
2569 4766 2691 4824 quae
2720 4747 2830 4806 dixi
2857 4764 3044 4805 senem
3075 4748 3309 4803 reddunt
3338 4749 3422 4803 in-

1839 4849 2201 4909 bonestiorem
2230 4848 2397 4903 multo
2422 4845 2592 4916 magis
2617 4858 2775 4914 quam
2796 4840 3084 4912 juvenem;
3116 4840 3210 4896 sed
3243 4852 3421 4896 latnt-ll

1839 4956 1939 5001 nec
1980 4941 2191 5013 juvenis
2233 4940 2371 4996 liber
2412 4947 2495 4994 est
2529 4952 2558 4991 a
2604 4934 3048 5007 reprehensione.
3079 4933 3211 4989 Nam
3236 4933 3421 5003 juveni

1839 5046 1965 5092 tunc
2001 5034 2173 5090 solum
2218 5030 2393 5087 danda
2427 5038 2509 5087 est
2540 5028 2717 5095 venia,
2746 5026 2963 5099 quando
2988 5037 3216 5083 vocatur
3241 5028 3307 5082 ad
3338 5044 3423 5083 re-
3514 5048 3519 5051 ι

1838 5144 1956 5183 rum
1978 5124 2518 5188 administrationem,
2549 5136 2671 5178 cum
2699 5122 2769 5177 sit
2794 5121 3091 5193 imperitus,
3126 5137 3244 5175 cum
3287 5132 3421 5177 tem-

1837 5232 1969 5289 pore
2015 5232 2148 5289 opus
2211 5215 2406 5271 habeat
2450 5221 2506 5271 et
2552 5212 2882 5283 experientia
2931 5231 2946 5270 :
2983 5211 3195 5284 quando
3239 5222 3419 5268 autem

1836 5318 2047 5379 Oportet
2093 5306 2377 5362 ostendere
2426 5304 2729 5360 virilitatem
2776 5303 3179 5374 temperantize,
3218 5318 3420 5371 nequa-

1836 5417 2028 5474 quam,
2061 5417 2234 5472 ncque
2260 5398 2472 5471 quando
2494 5406 2709 5469 oportet
2733 5396 2973 5468 pecuniis
3000 5398 3283 5466 imperare.
3322 5397 3419 5452 Est

1834 5496 1975 5551 enim
2006 5493 2091 5550 ubi
2114 5493 2327 5564 juvenis
2355 5491 2526 5561 magis
2571 5488 2981 5560 reprehenditur
3022 5503 3181 5559 quam
3224 5504 3414 5543 senex.
3444 5500 3465 5515 ’λ

1836 5588 1965 5644 Nam
1993 5603 2154 5644 senex
2177 5586 2395 5657 quidem
2427 5583 2593 5640 multa
2623 5597 2759 5655 opus
2789 5582 2948 5637 habet
2974 5582 3268 5649 curatione,
3292 5594 3413 5637 cum

1882 5698 1955 5762 (a)
1980 5699 2035 5748 in
2057 5701 2162 5748 haec
2185 5698 2333 5750 verba
2357 5697 2536 5748 desinit
2560 5698 2664 5747 bccc
2698 5669 2898 5747 bomilia
2916 5699 2961 5748 in
2986 5697 3121 5749 Colb.
