4064 6584
245 330 299 391 67
1093 326 1158 380 ΙΝ
1197 325 1415 382 EPIST.
1449 326 1539 379 ΛΙ)
1578 326 1816 382 111⁸3111ὶᾶ

1916 333 1942 380 ι.
1981 326 2207 383 CAP.V.

244 445 315 498 καὶ
341 443 706 515 σφοδρότερον
734 445 896 499 αὑτὸν
925 443 1019 495 τοῦ
1041 442 1296 511 γέροντος
1325 442 1358 510 ή
1402 439 1669 509 ἐπιθυμία
1714 442 1802 493 ἐνο

240 527 383 597 οχλεῖ,
415 527 537 580 ἀλλ’
569 529 724 598 ὅμως
755 527 872 579 ἐστὶ
903 525 1093 582 πολλὰ.
1118 523 1155 576 ἃ.
1183 522 1386 592 μᾶλλον
1427 521 1522 574 τοῦ
1547 523 1803 592 γέροντος

238 610 444 678 ποιῆσαι
468 611 788 678 δυνήσεται,
807 608 903 660 x61
917 608 1139 678 ἐπᾴδειν
1162 607 1224 658 :6
1241 605 1431 675 θηρίον
1445 605 1644 658 ἐκεῖνο.
1669 606 1804 659 Ποῖα

235 692 284 762 δὴ
310 690 486 745 ταῦτά
518 692 678 757 ἐστι;
704 690 885 756 Πόνοι,
923 687 1261 757 ἀναγνώσεις
1283 727 1298 751 ,
1333 687 1678 756 παννυχίδες,
1706 705 1803 758 νη-

236 775 413 827 στεῖαι.

293 855 404 928 [30]
436 858 507 911 Τί
524 853 622 912 οῦν
639 857 778 927 πρὸς
798 857 949 928 ἡμᾶς
970 854 1146 910 ταῦτα
1172 857 1279 927 φῂς
1294 856 1420 920 τοὺς
1447 855 1522 927 μὴ
1547 852 1804 926 μονάζον-

230 957 314 1002 :6;
333 959 346 1003 ;
366 940 562 994 Ταῦτα
581 940 704 1010 ἐμοὶ
720 939 919 1008 λέγεις
943 937 1064 992 εἱπὲ
1083 939 1301 1008 Παύλῳ,
1323 940 1450 992 ὅταν
1469 939 1627 1008 λέγῃ,
1645 937 1804 1006 'Arp-

237 1023 572 1088 ιιπνοῦντες
594 1023 664 1076 ἐν
692 1021 863 1090 πάσῃ
895 1019 1408 1090 προσκαρτερήσει
1442 1022 1537 1074 καὶ
1570 1019 1800 1086 δεήσει’

230 1108 348 1160 ὅταν
375 1107 536 1179 λέγῃο
574 1104 691 1172 Τῆς
724 1104 954 1174 σαρκὸς
976 1106 1264 1173 πρόνοιαν
1286 1104 1373 1172 μὴ
1421 1103 1686 1158 ποιεῖσθε
1717 1105 1806 1169 εἰς

233 1192 542 1259 ἐπιθυμίας
567 1208 582 1221 ο
606 1190 668 1242 οὐ
689 1190 798 1260 γὰρ
814 1189 881 1260 δὴ
900 1189 1158 1260 μοναχοῖς
1183 1186 1358 1242 ταῦτα
1393 1188 1600 1258 ἔγραφε
1621 1187 1802 1258 μόνον,

234 1275 362 1326 ἀλλὰ
392 1273 532 1328 πᾶσι
577 1275 692 1336 τοῖς
724 1267 878 1326 οὖσιν
921 1273 979 1324 ἐν
1003 1273 1123 1335 ταῖς
1167 1270 1377 1324 πόλεσι.
1406 1269 1498 1340 Μὴ
1528 1269 1682 1341 γὰρό
1713 1287 1806 1322 κο-

238 1359 422 1428 σμικδς
454 1357 663 1424 ὀφείλει
690 1375 740 1411 τι
771 1355 917 1427 ἔχειν
972 1354 1136 1410 πλέον
1163 1353 1258 1407 τοῦ
1304 1352 1631 1424 μονάζοντος
1653 1393 1668 1418 ,
1689 1353 1724 1423 ἦ
1746 1352 1809 1406 :6

236 1442 450 1509 γυναικὶ
477 1441 751 1494 συνοικεῖν
783 1439 978 1510 μόνον;
1016 1438 1252 1493 ἐνταῦθα
1279 1437 1393 1507 ἔχει
1420 1437 1519 1508 τὴν
1556 1434 1807 1505 συγγνώ-

241 1543 366 1596 μην,
388 1526 445 1578 ἐν
477 1524 534 1576 δὲ
560 1526 676 1589 τοῖς
729 1523 912 1587 ἄλλοις
960 1523 1166 1590 οὐκέτι,
1221 1521 1357 1576 ἀλλὰ
1401 1522 1578 1576 πάντα
1599 1522 1659 1586 ἐξ
1687 1519 1810 1590 ίσης

239 1613 313 1684 τῷ
343 1612 627 1682 μονάζοντι
669 1611 937 1682 πράττειν
984 1609 1145 1664 αὑτὸν
1181 1609 1446 1681 προσῆκε.
1491 1607 1602 1660 Καὶ
1617 1608 1670 1659 οἱ
1702 1622 1808 1676 μα-

246 1696 494 1767 καρισμοὶ
521 1695 644 1749 δὲοὶ
673 1693 826 1764 παρὰ
853 1693 949 1747 τοῦ
972 1691 1209 1764 Χριστοῦ
1237 1692 1295 1744 οὐ
1325 1691 1616 1762 μονάζουσι
1645 1689 1807 1759 μόνον

251 1779 376 1831 εἰσὶν
397 1777 678 1849 εἰρημένοι
703 1793 716 1807 °
737 1777 862 1830 ἐπεὶ
876 1776 938 1829 :6
960 1777 1068 1829 πᾶν
1085 1773 1332 1830 ἀπώλετο
1347 1775 1444 1845 τῆς
1461 1772 1806 1842 οἰκουμένης,

253 1867 337 1919 καὶ
396 1863 858 1933 κατηγορήσαμεν
888 1860 1252 1931 ἂνώμότητα
1308 1858 1402 1911 τοῦ
1451 1856 1609 1909 Θεοῦ.
1659 1856 1722 1908 Εί
1751 1854 1809 1907 δέ

254 1951 298 2000 οἱ
327 1945 662 2016 μακαρισμοὶ
688 1947 800 2008 τοῖς
828 1942 1153 2015 μονάζουσίν
1181 1943 1288 1995 εἰσι
1309 1941 1490 2011 μόνοις
1507 1937 1809 2009 εἰρημένοι,

257 2033 339 2084 καὶ
359 2032 444 2082 τὸν
473 2029 740 2099 κοσμικὺν
766 2029 827 2082 οὐ
851 2026 1074 2082 δυνατὸν
1095 2026 1294 2089 αὐτοὺς
1323 2022 1693 2094 κατορθῶσαι,
1713 2019 1811 2074 αύ-

2305 328 2538 385 ιιοιιιι..
2576 330 2708 388 vm.
3418 341 3489 400 σε

1902 441 1994 503 :6;
2018 441 2076 492 δέ
2101 441 2194 493 τὸν
2224 443 2402 510 γάμον
2418 444 2738 513 ἐπέτρεψεν,
2764 443 2876 515 ἄρα
2929 443 3092 508 αὐτὸς
3140 447 3351 512 πάντας
3377 451 3482 504 61:-

1901 522 2124 588 ώλεσεν.
2167 524 2229 575 Εἱ
2249 524 2360 592 γὰρ
2379 526 2442 578 οὺ
2459 526 2684 578 δυνατὸν
2715 527 2853 596 μετὰ
2903 527 3086 595 γάμου
3115 530 3183 581 τὰ
3206 530 3316 582 τῶν
3371 549 3472 600 μο-

1901 606 2173 670 ναζόντων
2195 609 2390 670 ποιεῖν,
2414 607 2594 660 πάντα
2609 609 2858 662 ἀπόλωλε
2889 609 2988 661 1:61
3006 610 3352 681 διέφθαρται,
3385 614 3482 666 καὶ

1901 692 1982 754 είς
2002 689 2187 744 στενὸν
2203 690 2562 759 κατεκλείσθη
2589 692 2656 744 :6
2679 693 2777 762 τῆς
2793 692 3013 762 ἀρετῆς.
3044 693 3180 757 [ιῶς¹
3197 695 3252 747 δὲ
3281 697 3376 749 καὶ
3403 697 3484 749 τί-

1906 790 2027 844 μιος
2050 771 2292 842 όγάμος,
2315 774 2344 826 6
2359 772 2612 826 τοσοῦτον
2636 774 2946 843 ἐμποδίζων
2982 777 3148 844 ήμῖν;
3180 776 3246 828 Τί
3262 773 3357 830 οὖν
3383 779 3480 831 έσ-

1903 873 1987 910 τιν
2007 856 2212 921 εἱπεῖν;
2236 856 2492 920 Δυνατδν,
2523 857 2618 910 καὶ
2639 856 2842 927 σφόδρα
2857 857 3081 910 δυνατὸν
3098 860 3192 912 καὶ
3216 862 3481 927 γυναῖκας

1904 939 2127 1008 ἔχοντας
2173 937 2273 1008 τὴν
2327 938 2528 1009 ἀρετὴν
2576 941 2842 1008 μετιέναι,
2893 939 2988 993 ἐὰν
3024 940 3290 1011 θέλωμεν.
3322 944 3477 1008 Πῶς;

1917 1021 2043 1074 Ἐὰν
2067 1020 2281 1090 ἔχοντες
2307 1022 2565 1089 γυναῖκα,
2589 1020 2665 1084 ὡς
2698 1021 2772 1090 μὴ
2800 1019 3020 1091 ἔχοντες
3051 1016 3202 1092 ὦμεν
3223 1040 3236 1053 ·
3273 1025 3370 1078 ἐὰν
3402 1027 3478 1097 μὴ

1905 1103 2187 1174 χαίρωμεν
2223 1102 2318 1156 ἐπὶ
2361 1105 2638 1173 κτήσεσιν,
2676 1103 2772 1156 ἐὰν
2799 1104 2876 1173 τῷ
2904 1103 3092 1174 κόσμῳ
3121 1105 3381 1176 χρώμεθα
3404 1107 3481 1170 ώς

1910 1189 1984 1258 μὴ
2027 1187 2464 1259 καταχρώμενοι.
2508 1188 2570 1241 El
2599 1187 2656 1241 δέ
2708 1204 2854 1249 τινες
2908 1187 3329 1258 ἐνεποδίσθησαν
3376 1190 3480 1242 ὑπὸ

1906 1271 2109 1341 γάμου,
2146 1271 2402 1324 ἱδέτωσαν
2449 1271 2529 1324 ὅτι
2561 1271 2661 1340 οὐχ
2689 1272 2718 1324 6
2746 1271 2922 1340 γάμος
2949 1269 3228 1338 ἐμπόδιον,
3276 1270 3393 1323 ἀλλ’
3447 1274 3479 1342 ή
3559 1333 3567 1336 ν

1907 1354 2226 1425 προαίρεσις
2255 1357 2288 1424 ὴ
2319 1353 2506 1417 κακῶς
2535 1354 2858 1423 χρησαμένη
2889 1352 2967 1422 τῷ
2984 1353 3148 1422 γάμῳ
3168 1368 3180 1382 ·
3207 1353 3330 1406 ἐπεὶ
3358 1354 3480 1407 οὑδέ

1905 1437 1935 1489 6
1968 1432 2109 1500 οἶνος
2136 1439 2281 1490 ποιεῖ
2329 1437 2428 1508 τήν
2462 1437 2652 1507 μέθην,
2703 1437 2818 1490 ἀλλ’
2858 1438 2891 1506 ὴ
2940 1435 3083 1507 κακή
3137 1437 3477 1507 προαίρεσις,

1909 1522 2005 1576 καὶ
2031 1521 2094 1574 :6
2115 1520 2260 1590 πέρα
2287 1519 2380 1574 τοῦ
2414 1520 2614 1591 μέτρου
2637 1520 2873 1590 χρῆσθαι
2900 1535 2912 1549 °
2941 1519 3081 1589 μετὰ
3137 1520 3482 1590 συμμετρίας

1909 1603 1988 1673 τῷ
2017 1603 2180 1674 γάμῳ
2205 1603 2340 1673 χρῶ,
2396 1604 2491 1656 καὶ
2527 1603 2744 1674 πρῶτος
2772 1605 2832 1655 ἐν
2862 1606 2934 1672 τῇ
2959 1601 3207 1674 βασιλεία
3237 1601 3357 1672 ἔσῃ,
3386 1603 3484 1656 1:61

1913 1686 2131 1740 πάντων
2151 1685 2480 1750 ἀπολαύσεις
2502 1686 2610 1740 τῶν
2643 1682 2896 1754 ἀγαθῶν·
2929 1679 3003 1738 ὦν
3037 1685 3245 1753 γένοιτο
3273 1684 3480 1747 πάντας

1909 1771 2058 1840 ἡμᾶς
2083 1771 2381 1840 ἐπιτυχεῖν,
2412 1770 2596 1841 χάριτι
2627 1771 2722 1824 καὶ
2737 1769 3118 1841 φιλανθρωπίᾳ
3146 1768 3241 1822 τοῦ
3275 1769 3481 1840 Κυρίου

1913 1852 2070 1924 ήμῶν
2114 1853 2290 1924 Ἰησοῦ
2355 1853 2594 1924 Χριστοῦ
2615 1895 2630 1918 ,
2663 1854 2781 1923 μεθ’
2813 1845 2876 1905 οῦ
2912 1854 2990 1924 τῷ
3023 1851 3199 1924 Πατρὶ
3257 1853 3375 1922 ἅμα
3405 1850 3485 1922 τῷ

1914 1939 2053 2008 ἁγίῳ
2074 1937 2352 2006 Πνεύματι
2377 1938 2525 2004 δόξα,
2558 1939 2780 2010 κράτος,
2804 1939 2962 2008 τιμὴ,
2999 1936 3094 1990 νῦν
3123 1937 3219 1990 καὶ
3247 1937 3355 1998 ἀεὶ,
3385 1937 3483 1989 καὶ
3569 2010 3571 2012 η

1912 2024 1990 2087 εἱς
2019 2024 2147 2086 τοὺς
2176 2024 2377 2086 αἰῶνας
2403 2022 2511 2076 τῶν
2542 2022 2775 2079 αἰώνων.
2819 2023 3016 2094 Ἀμήν.

1723 2510 1918 2564 ΟΜῙΛῙ
1929 2513 1967 2564 Α
2009 2506 2093 2564 11'.

265 2702 365 2778 [8|]
389 2707 504 2772 Πᾶς
528 2705 636 2778 γὰρ
651 2699 966 2778 ἰίρχιερεὺς
989 2698 1060 2763 ἐξ
1081 2696 1408 2778 ἀνθρώπων
1437 2693 1814 2778 λαμϐανόμε-

324 2762 437 2843 νος,
465 2762 616 2843 ὖέέρ
656 2762 982 2843 ἀνθρώπων
1001 2762 1377 2843 *καθίσταται
1413 2765 1485 2843 τὰ
1518 2762 1691 2843 πρὸς·
1710 2762 1816 2843 τόν

327 2832 480 2910 Θεὲν,
507 2832 608 2898 1νᾶ
639 2832 946 2913 προσφέρῃ
991 2838 1088 2913 δῷ,
1111 2838 1149 2890 ἁ
1177 2853 1239 2913 τε
1285 2834 1381 2913 καί
1413 2835 1638 2913 θυσίας
1662 2832 1814 2913 ὑπὲρ

320 2915 608 2986 ἁμαρτιῶν
631 2957 645 2978 ,
694 2915 1108 2986 μετριοπαθεῖν
1157 2915 1386 2986 puga“:

325 2973 518 3041 νοοῦσι
551 2973 647 3038 καὶ
686 2973 1116 3049 πλανωμένοις,
1143 2977 1280 3049 ἐετεὶΔ
1308 2973 1404 3027 και
1437 2973 1618 3049 αὐτος
1648 2973 1815 3040 περί-

325 3073 493 3110 κειται
522 3055 846 3110 ἁσθένειαν
869 3045 1013 3103 σ’καὶ
1041 3048 1138 3102 διὰ
1176 3046 1402 3112 ταύτην
1434 3045 1680 3113 ὀφείλει,
1711 3058 1816 3096 και

328 3126 429 3191 θὼς
448 3127 574 3195 περὶ
602 3125 709 3178 τοῦ
727 3121 901 3195 λαοῦ,
926 3119 1077 3195 οὕτω
1101 3119 1198 3172 καὶ
1229 3116 1360 3184 περὶ
1391 3114 1606 3170 ἑαυτοῦ
1626 3128 1813 3181 προσ-

321 3188 688 3265 φέρειν’ὐπὲρ
713 3188 1033 3261 ἁμαρτιῶν.

321 3343 382 3388 α’.
396 3336 546 3388 Θέλει
567 3333 740 3397 δεῖξαι
752 3331 938 3385 λοιπὸν
952 3331 980 3380 6
997 3328 1266 3399 μακάριος
1285 3325 1514 3391 Παῦλος,
1533 3325 1614 3392 ὅτι
1638 3322 1816 3393 πολλῷ

269 3418 462 3486 βελτίων
491 3419 526 3488 ή
555 3417 801 3486 Διαοήκη
824 3414 961 3484 αὕτη
986 3413 1083 3482 τῆς
1098 3411 1336 3473 παλαιᾶς
1354 3426 1368 3439 ·
1402 3411 1546 3462 ποιεῖ
1564 3408 1617 3461 δὲ
1637 3407 1819 3470 τοῦτο,-

267 3501 522 3573 πόῤῥωθεν
559 3498 1024 3570 προκαταῶλλων
1064 3497 1192 3558 τοὺς
1237 3493 1550 3564 λογισμούς.
1597 3493 1814 3564 Ἐπειδὴ

263 3587 355 3656 γὰρ
393 3583 545 3638 οὐδὲν
575 3579 645 3654 ἦν
678 3581 1012 3652 σωματικὸν,
1049 3581 1082 3650 ἢ
1126 3578 1491 3649 φανταστικὸν
1515 3618 1529 3642 ,
1573 3573 1686 3631 οἷον
1710 3616 1724 3641 ,
1753 3578 1814 3630 οὐ

258 3669 512 3739 ναὸςξοὺχ
540 3668 674 3736 ἅγια
705 3668 899 3735 ἁγίων,
935 3667 1031 3734 οὐχ
1061 3663 1239 3735 ἱερεὺς
1263 3662 1530 3732 τοσαύτην
1552 3661 1690 3731 ἔχων
1718 3678 1817 3713 κα-

256 3754 533 3822 τασκευὴν,
564 3752 625 3804 ού
655 3752 1066 3821 παρατηρήσεις
1096 3747 1338 3817 ωμικαὶ,
1368 3747 1481 3800 ἀλλ’
1509 3746 1817 3816 ὑψηλότερα

254 3835 342 3887 καὶ
369 3835 678 3905 τελειότερα
711 3833 907 3896 πάντα,
936 3832 1030 3886 καὶ
1063 3831 1215 3884 οὐδὲν
1241 3831 1348 3883 τῶν
1379 3829 1724 3899 σωματικῶν,
1755 3825 1817 3879 :6

250 3918 303 3969 δέ
327 3921 427 3972 πᾶν
455 3920 514 3972 ἐν
539 3921 652 3981 τοῖς
680 3918 1070 3987 πνευματικοῖς
1095 3911 1185 3986 ἦν,
1207 3914 1306 3986 οὐχ
1327 3913 1470 3967 οὕτω
1490 3913 1546 3967 δὲ
1566 3913 1636 3966 τὰ
1662 3927 1818 3965 πνευ-

251 4003 448 4071 ματικὰ
475 4004 604 4065 τοὺς
628 3999 1052 4070 ἀσθενεστέρους
1084 3999 1343 4069 ἐπήγετο,
1373 3997 1448 4060 ώς
1479 3996 1548 4050 :6
1574 4012 1817 4066 σωματι-

248 4086 320 4138 κά
342 4103 358 4116 °
401 4084 592 4140 τούτου
618 4084 780 4155 χάριν
815 4083 1006 4137 τοῦτον
1033 4083 1323 4137 ὅλονοκινεῖ
1362 4081 1450 4135 τὸν
1495 4079 1674 4150 λόγον.
1710 4079 1819 4132 Καὶ

248 4169 346 4222 θέα
369 4171 466 4241 τὴν
509 4169 726 4222 σύνεσιν
754 4184 767 4198 '
810 4169 919 4221 61:6
951 4167 1044 4222 τοῦ
1091 4169 1282 4239 ἱερέως
1326 4165 1542 4237 πρώτου
1583 4168 1817 4221 ποιεῖται

249 4253 348 4323 τὴν
373 4253 568 4325 ἀρχὴν,
597 4253 690 4305 καὶ
733 4247 973 4322 συνεχῶς
1001 4252 1164 4306 αὐτὸν
1195 4251 1458 4321 ἀρχιερέα
1499 4250 1694 4314 καλεῖ,
1725 4252 1819 4303 καὶ

249 4337 521 4390 ἀπἀύτοῦ
561 4336 778 4408 πρῶτον
805 4335 1048 4390 δείκνυσι
1075 4335 1174 4407 τὴν
1205 4335 1487 4407 διαφοράν.
1533 4333 1631 4387 Διὰ
1662 4334 1820 4388 τοῦτο

249 4419 483 4488 ὁρίζεται
511 4419 732 4490 πριῖιτον
773 4419 828 4472 τί
859 4421 1004 4473 ἐστιν
1049 4419 1227 4489 ἱερεὺς
1248 4457 1264 4482 ,
1293 4419 1391 4472 καὶ
1428 4416 1671 4472 δείκνυσι
1700 4417 1821 4471 τίνα

253 4503 366 4572 ἔχει
395 4505 584 4573 ἱερέως
608 4542 625 4568 ,
659 4503 754 4556 καὶ
783 4502 904 4556 τίνα
947 4502 1191 4574 σύμϐολα
1230 4502 1438 4571 γίνεται
1483 4499 1840 4576 ἱεριι›σύνηςῗ’

254 4587 349 4640 καὶ
371 4586 595 4656 ἐπείπερ
627 4585 960 4640 ἀντέπιπτεν
991 4585 1162 4657 αὐτῷ,
1197 4587 1280 4640 ὃτι
1318 4585 1440 4640 οὐδὲ
1482 4585 1707 4656 εὐγενὴς
1731 4581 1819 4657 ἦν,

255 4670 375 4722 οῑτε
401 4672 464 4723 ὲκ
485 4668 660 4739 φυλῆς
687 4663 756 4740 ἦν
779 4669 1078 4740 ἱερατικῆς,
1108 4669 1232 4723 οὔτε
1253 4669 1347 4723 ἐπὶ
1371 4670 1472 4740 τῆς
1492 4669 1596 4738 γῆς
1621 4670 1820 4739 ἱερεὺς,

259 4753 400 4817 εἰκὸς
421 4753 476 4805 δέ
518 4748 588 4824 ἦν
621 4752 712 4805 διὰ
743 4751 905 4806 τοῦτό
932 4771 1086 4817 τινας
1117 4754 1292 4808 εἱπεῖν
1311 4793 1326 4819 ,
1367 4751 1484 4818 πῶς
1511 4748 1604 4806 οὖν
1646 4753 1826 4822 ἱερεὺς

259 4829 430 4900 οῦτοςς
464 4836 602 4906 ὅπερ
641 4836 702 4888 ἐν
729 4837 796 4906 τῇ
820 4837 955 4907 πρὸς
987 4837 1289 4907 Ῥωμαίους
1334 4834 1645 4907 Ἐπιστολῇ,
1667 4833 1826 4888 τοῦτο

259 4918 351 4969 καὶ
376 4919 466 4970 νῦν
497 4920 666 4974 ποιεῖ.
699 4918 990 4973 Ἀπίθανον
1016 4920 1126 4991 γὰρ
1153 4919 1310 4986 λόγον
1344 4915 1547 4982 λαϐὼν,
1574 4921 1622 4972 εἱ
1645 4917 1826 4982 πίστις

261 5000 538 5069 ἐργάζεται
561 5001 723 5056 τοῦτο
761 5003 898 5074 ὅπερ
924 5004 1025 5057 οὐκ
1055 5003 1274 5073 ἴσχυσεν
1305 5004 1334 5056 6
1354 5003 1447 5056 τοῦ
1473 5003 1638 5073 νόμου
1667 5003 1828 5066 πόνος

259 5085 403 5138 1:616
429 5086 525 5156 τῆς
552 5084 830 5150 πολιτείας
861 5085 1058 5154 ἱδρὼς,
1095 5089 1189 5140 καὶ
1225 5085 1396 5139 θέλων
1437 5085 1606 5152 δεῖξαι
1643 5086 1726 5140 6::
1766 5085 1830 5139 :6

259 5164 437 5222 ὣκοῦν
465 5168 726 5223 ἀδύνατον
754 5169 944 5238 γέγονε
985 5173 1081 5222 καὶ
1108 5164 1486 5238 κατώρθωται,
1518 5170 1828 5238 κατέφυγεν

259 5249 348 5302 ἐπὶ
382 5245 475 5304 τον
503 5253 874 5324 πατριάρχην,
908 5253 1001 5306 καὶ
1040 5253 1122 5315 εἱς
1163 5253 1373 5306 ἐκεῖνον
1408 5252 1501 5305 τὸν
1547 5253 1737 5323 χρόνον
1767 5253 1828 5306 :6

260 5335 362 5387 πᾶν
387 5337 684 5406 ἀνήγαγεν.
716 5335 875 5388 Οῦτω
903 5334 968 5406 δὴ
1007 5337 1102 5389 καὶ
1127 5335 1361 5389 ἐνταῦθα
1400 5335 1588 5405 τέμνει
1620 5339 1720 5406 τῆς
1752 5338 1826 5389 ἱε-

265 5418 497 5488 ρωσύνης
533 5419 635 5489 τὴν
662 5419 856 5488 ἐτέραν
877 5418 1012 5484 666v,
1041 5420 1150 5473 61:6
1174 5421 1282 5473 τῶν
1305 5418 1626 5488 φθασάντων
1654 5420 1824 5492 αὐτὴν

261 5503 547 5570 προ-τιθείς.
593 5502 704 5557 Καὶ
749 5501 1002 5574 καθάπερ
1035 5504 1126 5555 ἐπὶ
1167 5505 1265 5574 τῆς
1311 5503 1584 5568 κολάσεως
1625 5505 1686 5559 ού
1727 5507 1825 5576 τὴν

264 5586 473 5648 γέενναν
509 5585 824 5656 παραφέρει
853 5585 1033 5655 μόνον,
1064 5585 1198 5639 ἀλλὰ
1228 5589 1322 5640 καὶ
1352 5587 1418 5640 :6
1455 5589 1546 5641 ἐπὶ
1574 5590 1681 5641 τῶν
1718 5606 1825 5642 1:6-

262 5668 423 5738 τέρων
446 5670 734 5741 συμϐάντα
757 5685 770 5697 ·
799 5667 942 5723 οὕτω
967 5669 1031 5740 δὴ
1059 5673 1154 5723 καὶ
1180 5672 1414 5726 ἐνταῦθα
1436 5689 1449 5702 ο
1480 5673 1695 5743 πρῶτον
1719 5674 1826 5727 ἀπὸ

261 5751 359 5805 τῶν
390 5754 696 5824 παρόντων,
716 5749 874 5806 τοῦτο
901 5750 1234 5823 βεϐαιοῦται.
1265 5754 1411 5809 Ἔδει
1454 5755 1553 5827 μὲν
1582 5755 1690 5829 γὰρ
1721 5756 1827 5811 61:6

942 2909 1108 2962 αθεῐν
1166 2905 1499 2974 δυνάμενος
1542 2902 1666 2968 τοῖς
1708 2903 1814 2974 ἀγ-
1900 2929 1905 2934 -

1915 2685 2020 2739 τῶν
2045 2683 2310 2756 οὐρανίων
2330 2683 2398 2739 :6
2425 2683 2641 2753 ἐπίγεια
2666 2681 3010 2748 πιστοῦσθαι,
3035 2683 3149 2740 ἀλλ’
3171 2685 3297 2740 ὅταν
3325 2685 3486 2740 ἀσθε-

1915 2772 2024 2831 νεῖς
2039 2768 2156 2840 [82]
2183 2763 2317 2823 ὦσιν
2338 2769 2384 2822 οἱ
2403 2768 2716 2831 ἀκούοντες,
2743 2766 2804 2821 :6
2825 2768 3065 2822 ἐναντίον
3087 2768 3316 2836 γίνεται.
3337 2769 3486 2832 Τέως

1914 2849 2006 2907 οὖν
2036 2855 2073 2908 ἃ.
2101 2853 2255 2908 κοινά
2283 2855 2424 2914 ἐστι,
2451 2852 2631 2924 τίθησι
2667 2851 2881 2921 πρῶτα,
2927 2853 3023 2906 καὶ
3051 2851 3172 2906 τότε
3212 2852 3487 2905 δείκνυσιν

1915 2938 1943 2990 6
1970 2955 2022 2991 ::
2053 2937 2330 3008 ὑπερέχει.
2367 2935 2426 2989 'll
2458 2935 2566 3006 γὰρ
2597 2935 2738 2988 κατὰ
2767 2934 3052 3005 σύγκρισιν
3085 2933 3323 3006 ὑπεροχὴ
3347 2933 3488 2988 οὕτω

1914 3020 2125 3090 γίνεται
2147 3061 2162 3082 ,
2189 3021 2320 3075 ὅταν
2359 3021 2418 3072 ἐν
2449 3020 2550 3090 μὲν
2575 3020 2688 3082 τοῖς
2725 3019 2955 3088 κοινωνῇ
2979 3057 2995 3082 ,
3019 3019 3077 3070 ἐν
3102 3017 3160 3070 δὲ
3180 3019 3294 3082 τοῖς
3321 3017 3490 3088 ὑπερ-

1915 3105 2014 3175 έχῃ
2041 3120 2054 3133 ’
2085 3105 2135 3157 εί
2162 3103 2218 3156 δὲ
2247 3103 2344 3174 μὴ,
2377 3101 2562 3155 οὐκέτι
2596 3100 2734 3155 κατὰ
2774 3099 3059 3170 σύγκρισιν
3097 3099 3325 3168 γίνεται.
3363 3099 3490 3167 Πᾶς

1914 3191 2024 3256 τὰρ
2051 3186 2362 3255 ἀρχιερεὺς
2383 3185 2452 3248 ἐξ
2477 3183 2803 3252 ἀνθρώπων
2823 3183 3294 3252 λαμϐανόμενος.
3320 3183 3491 3237 Τοῦτο

1915 3267 2091 3322 κοινὸν
2125 3268 2202 3337 τῷ
2229 3265 2470 3338 Χριστῷ.
2503 3264 2561 3318 Ὺ
2559 3266 2670 3335 πὲρ
2693 3264 3016 3332 ἀνθρώπων
3046 3265 3397 3320 καθίσταται
3418 3267 3492 3319 τὰ

1915 3351 2064 3420 πρὸς
2090 3351 2196 3405 τὸν
2226 3350 2392 3403 Θεόν.
2435 3349 2544 3402 K61
2581 3347 2740 3400 τοῦτο
2781 3346 2980 3398 κοινόν.
3011 3345 3140 3399 Ἵνα
3179 3348 3488 3416 προσφέρῃ

1915 3432 2072 3501 δῶρά
2102 3449 2165 3486 τε
2187 3431 2286 3486 καὶ
2309 3430 2523 3494 θυσίας
2543 3428 2693 3496 ὑπὲρ
2723 3427 2827 3482 τοῦ
2848 3427 3022 3484 λαοῦ.
3054 3427 3164 3482 K61
3191 3428 3366 3492 τοῦτο,
3394 3430 3492 3500 οὐχ

1915 3516 2036 3570 ὅλον
2068 3515 2125 3568 δέ
2145 3531 2158 3545 ·
2193 3515 2261 3567 :6
2289 3513 2345 3566 δὲ
2373 3513 2690 3582 λειπόμενα,
2715 3510 2917 3567 οὐκέτι.
2946 3511 3370 3581 Μετριοπαθεῖν
3389 3511 3491 3565 δυ·

1915 3598 2171 3668 νάμενος
2186 3597 2311 3662 τοῖς
2334 3594 2623 3666 ἀγνοοῦσι
2644 3594 2740 3647 καὶ
2766 3594 3201 3664 πλανωμένοις.
3229 3597 3494 3650 Ἐνταῦθα

1915 3682 2100 3735 λοιπδν
2123 3683 2156 3751 ή
2175 3679 2439 3750 ὑπεροχή.
2467 3675 2631 3730 Ἐπεὶ
2654 3677 2751 3730 καὶ
2773 3675 2956 3743 αὐτὸς
2977 3677 3296 3745 περίκειται
3316 3679 3494 3733 ἀσθέ-

1914 3783 2116 3831 νειαν,
2151 3764 2248 3818 καὶ
2283 3764 2380 3818 διὰ
2410 3762 2637 3828 ταύτην
2679 3761 2939 3832 ὀφείλει,
2977 3761 3173 3828 καθὼς
3215 3763 3344 3830 περὶ
3381 3761 3491 3816 τοῦ

1914 3849 2106 3913 λαοῦ,
2147 3847 2302 3902 οὕτω
2341 3845 2438 3900 καὶ
2483 3844 2615 3912 περὶ
2667 3843 2884 3898 ἑαυτοῦ
2931 3845 3294 3915 προσφέρειν
3339 3845 3490 3912 ὑπὲρ

1917 3927 2236 4000 ἁμαρτιῶν.
2267 3925 2399 3984 Εἶτα
2416 3929 2508 3981 καὶ
2525 3927 2653 3981 ἄλλο
2679 3925 3036 3998 προστίθησιν
3060 3943 3075 3958 ’
3102 3926 3226 3982 Ὅτι
3258 3929 3348 3995 ὑφ’
3373 3930 3491 3982 ὲτέ-

1923 4032 2014 4086 ρου
2039 4013 2280 4083 γίνεται,
2321 4012 2416 4066 καὶ
2445 4013 2527 4066 6::
2564 4012 2663 4065 οὐκ
2699 4012 2860 4074 αὐτὸς
2900 4009 3154 4082 ἐπιπηὸᾄ.
3194 4013 3303 4065 K61
3336 4013 3495 4066 τοῦτο

1919 4097 2117 4152 κοινόν.
2163 4096 2271 4150 Καὶ
2302 4097 2414 4164 οὐχ
2461 4093 2652 4160 ἑαυτῷ
2695 4111 2782 4160 τις
2813 4095 3099 4162 λαμϐάνει
3143 4095 3255 4161 τὴν
3294 4095 3493 4164 τιμὴν,

1919 4180 2080 4237 ἀλλὰ
2112 4179 2483 4247 καλούμενος
2513 4179 2628 4232 ὑπὸ
2655 4177 2762 4232 τοῦ
2804 4176 2969 4242 Θεοῦ,
3003 4176 3197 4244 καθὼς
3231 4179 3329 4231 καὶ
3369 4180 3498 4250 ζΑα·

1913 4265 2054 4334 ρών.
2098 4261 2363 4316 Ἐνταῦθα
2412 4259 2597 4330 ἕτερόν
2631 4276 2684 4312 τι
2723 4259 2888 4313 πάλιν
2916 4259 3248 4330 θεραπεύει,
3286 4263 3498 4324 δεικνὺς

1920 4348 2002 4401 6::
2027 4345 2135 4400 61:6
2161 4343 2256 4398 τοῦ
2282 4343 2418 4397 Θεοῦ
2447 4341 2799 4397 ἀπέσταλται.
2835 4343 2900 4395 Ὃ
2925 4343 3036 4397 ἄνω
3067 4345 3160 4397 καὶ
3189 4344 3342 4399 κάτω
3370 4346 3498 4398 Ἰου-

1921 4429 2088 4492 δαὶοις
2132 4426 2515 4497 διαλεγόμενος
2551 4424 2735 4493 ἔλεγεν
2773 4425 2801 4477 6
2837 4425 3072 4496 Χριστός
3101 4442 3114 4456 ο
3160 4426 3225 4479 Ὀ
3257 4426 3499 4496 πέμψας

1918 4530 1995 4582 με
2015 4509 2228 4580 μείζων
2239 4511 2357 4580 μού
2375 4510 2525 4575 ἐστι,
2543 4509 2638 4562 καὶ
2665 4507 2790 4562 Ἀπ’
2805 4508 3062 4577 ἐμαυτοῦ
3075 4510 3187 4563 οὐκ
3207 4509 3496 4576 ἐλήλυθα.

1936 4593 2203 4650 Ἐνταῦθα
2246 4610 2335 4665 μοι
2375 4592 2524 4646 δοκεῖ
2565 4591 2660 4646 1:61
2701 4591 2811 4656 τῶν
2858 4591 3127 4644 Ἰουδαίων
3168 4591 3499 4646 αἱνὶττεσθαι

1923 4681 2050 4742 τοὺς
2081 4678 2284 4751 ἱερέας,
2312 4675 2388 4739 ώς
2411 4675 2513 4728 οὐκ
2542 4675 2704 4738 ὄντας
2725 4673 2928 4745 ἱερέας,
2959 4674 3083 4736 τοὺς
3099 4673 3499 4744 ἐπιπηδῶντας,

1925 4764 2020 4816 καὶ
2045 4762 2140 4816 τὸν
2165 4761 2332 4832 νόμον
2351 4758 2451 4829 τῆς
2479 4757 2777 4829 ἱερωσύνης
2805 4756 3299 4825 παραφθείροντας.
3339 4757 3503 4808 Οὕτω

1925 4845 2024 4900 καὶ
2075 4847 2108 4899 ό
2143 4841 2397 4913 Χριστὸς
2447 4843 2560 4910 οὐχ
2613 4839 2832 4896 ἑαυτὸν
2874 4837 3131 4902 ἐδόξασε
3179 4835 3500 4907 γενηθῆναι

1928 4927 2224 4998 ἀρχιερέα.
2271 4925 2384 4980 Ποῦ
2433 4920 2527 4978 οῦν
2573 4921 2998 4994 ἐχειροτονήθη,
3046 4920 3250 4992 φησίν;
3295 4921 3352 4974 ’0
3395 4919 3506 4992 γὰρ

1940 5010 2148 5083 Ἀαρὼν
2178 5006 2560 5080 ἐχειροτονήθη
2589 5005 2870 5070 πολλάκις,
2916 5004 2992 5068 ώς
3021 5004 3115 5058 ἐπὶ
3155 5004 3254 5074 τῆς
3285 5004 3505 5076 ῥάϐδου,

1931 5096 2025 5148 καὶ
2047 5094 2138 5147 ὅτε
2167 5092 2227 5144 :6
2254 5090 2364 5162 πῦρ
2392 5087 2632 5159 κατῆλθε
2659 5088 2752 5142 καὶ
2781 5088 3014 5159 ἠφάνισε
3048 5089 3175 5151 τοὺς
3200 5087 3509 5158 ἐπιπηδῶν-

1929 5193 2030 5240 τας
2068 5177 2135 5246 τῇ
2174 5173 2443 5244 ἱερωσύνῃ
2469 5189 2484 5203 ο
2532 5171 2766 5226 ἐνταῦθα
2797 5171 2855 5226 δέ
2890 5171 3218 5236 τούναντίον,
3253 5171 3313 5224 οὐ
3350 5171 3509 5242 μόνον

1931 5260 2082 5316 οὐδὲν
2105 5258 2324 5322 ἔπαθον,
2356 5257 2491 5311 ἀλλὰ
2512 5256 2609 5311 καὶ
2631 5255 2998 5326 εὐδοκιμοῦσι.
3028 5254 3200 5311 Πόθεν
3231 5251 3347 5322 οῦν;
3379 5254 3512 5308 Ἀπὸ

1932 5344 2032 5414 τῆς
2062 5341 2398 5414 προφητεὶας
2425 5341 2580 5394 τοῦτο
2630 5338 2921 5395 δείκνυσιν.
2955 5338 3121 5393 Οὐδὲν
3151 5336 3270 5409 ἔχει
3315 5336 3511 5408 αἱσθηο

1929 5427 2042 5493 τὸν,
2075 5425 2227 5478 οὐδὲν
2257 5423 2470 5494 ὁρατόν.
2497 5423 2596 5477 Διὰ
2638 5421 2800 5475 τοῦτο
2843 5421 2953 5476 61:6
2996 5420 3330 5492 προφητείας
3353 5461 3370 5487 ,
3402 5419 3512 5473 61:6

1931 5508 2039 5564 τῶν
2071 5507 2373 5580 μελλόντων
2405 5507 2745 5578 ἱσχυρίζεται
2773 5521 2788 5536 ’
2827 5504 2989 5560 Ἀλλ’
3011 5510 3043 5560 ό
3070 5505 3372 5572 λαλήσας,
3403 5521 3510 5574 φη-

1935 5593 2010 5658 σὶ,
2039 5590 2189 5661 πρὸς
2213 5590 2419 5654 αὐτὸν,
2453 5591 2585 5656 Υἱός
2607 5607 2730 5660 μου
2759 5584 2816 5642 εἷ
2841 5587 2942 5652 σὺ,
2981 5588 3096 5657 ἐγὼ
3130 5587 3397 5657 σήμερον
3415 5602 3510 5656 γε·

1933 5673 2194 5745 γέννηκὰ
2231 5688 2325 5727 σε.
2379 5673 2444 5725 Τί
2479 5673 2613 5744 πρὸς
2646 5673 2742 5727 τόν
2776 5672 2902 5725 Υἱὸν
2942 5671 3138 5738 τοῦτο;
3183 5672 3311 5738 Ναὶ,
3357 5671 3510 5743 φησὶ,

1932 5756 2090 5813 τοῦτο
2124 5756 2259 5828 πρὸς
2286 5755 2377 5812 τὸν
2405 5756 2533 5810 Υἱὺν
2568 5758 2802 5827 εἴρηται.
2837 5755 2902 5809 Τί
2931 5755 3018 5809 661
3055 5753 3419 5825 συμϐάλλεται
3447 5755 3510 5806 τὸ
