4060 6440
201 310 275 367 69

1059 312 1123 368 ΙΝ
1165 312 1378 370 EPIST.
1421 315 1511 367 AD
1552 314 1895 374 ΙΙΕΒΚᾸΞΟΒ
1956 321 2109 378 CAP.
2155 325 2217 383 V.
2256 274 2491 385 ΠΟΜιί..
2538 326 2666 381 Vlll.

3393 342 3462 397 70

218 435 453 504 φημί-επ
478 431 639 501 βενειο
672 431 773 491 Ub;
803 448 931 508 ergo
970 436 1068 493 ίυίι
1106 439 1385 496 institutus
1405 452 1459 497 ει
1481 443 1759 501 Ordinatus
1784 447 1806 499 γ
1885 453 2065 498 meam,
2089 443 2137 487 et
2164 444 2462 505 potestatem
2490 434 2648 488 habeo
2664 451 2842 490 rursus
2858 436 3135 507 recipiendi
3160 454 3270 493 eam
3297 457 3313 496 :
3349 432 3441 498 nul

218 526 399 578 Aaron
414 524 555 579 enim
580 539 723 597 saipe
740 525 839 582 t'uit
863 529 1136 585 institutus
1156 541 1210 586 et
1229 532 1529 601 ordinatus,
1552 545 1608 590 ut
1629 536 1681 591 in
1699 539 1807 593 vir-

1882 527 1961 580 lus
1990 527 2123 579 tollit
2150 542 2261 579 eam
2287 536 2319 579 α
2344 542 2442 592 me,
2472 527 2560 580 sed
2577 543 2672 598 ego
2698 544 2809 581 eam
2838 545 2972 598 pono
2997 546 3028 582 a
3052 531 3245 601 meipso
3284 530 3466 606 (Joan.

214 632 304 686 εει,
324 627 377 671 et
393 618 604 688 quando
626 619 762 691 ignis
779 620 1079 688 descendit,
1098 632 1153 680 et
1168 640 1259 680 eos
1276 626 1363 697 qui
1383 627 1702 685 invadebant
1718 646 1804 688 sa-

1885 619 1934 673 Ξ.
1964 620 2049 675 l9.
2080 628 2130 674 et
2158 617 2246 674 10.
2280 615 2391 690 18).
2421 617 2556 686 Quid
2588 626 2671 673 est
2709 621 2876 689 ergo?
2902 637 3189 692 quamnam
3235 625 3304 679 ob
3333 642 3466 681 cau-

212 710 755 768 cerdotiumemedio
775 715 991 771 sustulit
1011 735 1023 771 ;
1042 716 1132 771 hic
1152 727 1332 774 autem
1356 729 1688 788 conmmon
1710 738 1804 780 εο.
1879 720 1991 767 sam
2027 711 2387 781 precabatur?
2418 710 2485 765 Et
2527 726 2712 766 rursus
2758 712 2972 769 dicebat
3002 732 3015 768 :
3050 715 3181 771 Ecce
3227 721 3466 772 ascendi-

212 803 323 857 lum
351 802 429 858 eis
455 803 583 858 nihil
613 805 738 860 mali
765 806 981 874 accidit,
1008 808 1104 864 sed
1135 809 1185 862 iu
1215 808 1351 865 bona
1379 821 1502 866 sunt
1527 813 1803 870 existima-

211 895 382 951 tione.
428 894 706 952 Uudenam
746 899 920 971 ergo?
951 898 1063 956 Hoc
1103 902 1339 957 ostendit
1381 919 1448 958 ex
1494 905 1797 976 prophetia.

206 986 352 1041 Nihil
381 986 540 1043 habet
564 991 761 1046 sensile
791 1007 891 1047 nec
928 994 1279 1062 aspectabile.
1312 993 1436 1051 Ideo
1462 994 1565 1053 hoc
1594 999 1797 1054 contir-
1818 988 1833 995 ’

205 1090 319 1134 mat
346 1095 412 1134 ex
437 1079 714 1151 prophetia
757 1078 901 1141 et'ex
928 1084 1121 1143 futuris
1154 1104 1168 1143 :
1202 1086 1310 1144 Sed
1340 1089 1427 1161 qui
1454 1090 1694 1161 loquutus
1718 1102 1794 1148 est

200 1171 267 1223 ad
302 1190 421 1225 eum
450 1181 471 1218 -'
503 1173 669 1230 Filius
704 1176 849 1255 meus
884 1197 935 1234 es
958 1191 1031 1241 tu.
1065 1198 1155 1253 ego
1193 1183 1342 1239 hodie
1366 1187 1515 1255 genui
1558 1197 1623 1242 te.
1652 1189 1793 1257 Quid

202 1261 306 1313 hoc
334 1263 402 1315 ad
428 1258 623 1320 Filium
645 1267 669 1322 ?
709 1268 956 1337 Maxime,
981 1271 1172 1355 inquit,
1196 1273 1298 1329 hoc
1316 1273 1383 1330 dc
1405 1275 1542 1331 Filio
1563 1264 1791 1336 dictum.

198 1354 340 1423 Quid
369 1358 435 1412 ad
465 1361 809 1429 quiestionem
832 1365 1084 1422 confert?
1111 1368 1331 1424 Multum
1362 1388 1376 1426 :
1410 1369 1526 1426 haec
1546 1387 1628 1431 est
1652 1375 1791 1431 enim

200 1451 520 1518 phecedens
552 1450 793 1522 probatio
821 1457 960 1526 quod
998 1461 1069 1514 sit
1096 1475 1126 1515 a
1174 1461 1283 1518 Deo
1315 1462 1589 1519 institutus
1614 1474 1666 1520 et
1699 1480 1792 1522 or-

198 1539 437 1597 dinatus.
469 1543 523 1601 6.
557 1538 1064 1612 Quemadntodum‘et
1089 1552 1141 1607 in
1169 1553 1271 1613 alio
1302 1554 1413 1609 loco
1438 1555 1560 1609 dicit
1593 1573 1607 1611 :
1638 1556 1718 1612 Tu
1746 1546 1802 1612 es

195 1634 443 1687 sacerdos
482 1636 535 1689 in
567 1634 811 1692 a'ternum
839 1636 1115 1697 secundant
1140 1646 1367 1699 ordinem
1397 1646 1789 1707 Melchisedech.

196 1725 294 1779 Cui
350 1722 537 1782 autem
589 1720 690 1786 hoc
727 1731 926 1788 dictum
954 1737 1079 1791 est?
1108 1738 1225 1807 quis
1251 1749 1335 1794 est
1375 1742 1670 1797 secundum
1705 1758 1788 1799 or-

195 1818 385 1873 dinem
446 1820 880 1879 Melchisedech?
933 1826 1123 1883 Nullus
1167 1830 1333 1897 alius;
1393 1847 1585 1891 omnes
1645 1835 1793 1892 enim

195 1920 356 1964 erant
397 1911 499 1966 sub
543 1911 682 1984 lege,
714 1931 901 1972 omnes
927 1919 1285 1977 observabant
1312 1924 1554 1990 sabbata,
1598 1906 1793 1986 omnes

195 2004 742 2063 circumcidebantur.
802 2010 917 2066 Non
963 2022 1140 2082 potest
1190 2016 1455 2086 quispiam
1510 2018 1673 2074 alium
1709 2019 1794 2076 di-

197 2094 352 2151 cere.
375 2099 430 2152 ‘1.
465 2096 563 2183 Qui
606 2094 660 2153 in
715 2101 888 2158 diebus
926 2106 1097 2160 carnis
1143 2122 1271 2175 suat,
1314 2126 1486 2180 preces
1521 2112 1793 2183 supplica-

207 2186 469 2254 tionesque
513 2191 575 2243 ad
604 2208 740 2257 eum,
771 2195 857 2266 qui
902 2197 1060 2264 possit
1110 2197 1261 2252 illum
1305 2200 1503 2255 salvum
1554 2190 1724 2272 facere
1759 2220 1794 2259 a

207 2290 394 2347 morte,
435 2297 544 2334 cum
588 2284 811 2339 clamore
851 2287 1019 2341 valido
1062 2297 1107 2343 ct
1153 2288 1390 2361 lacrymis
1415 2292 1654 2361 oﬂ'erens,
1695 2312 1788 2350 ea:-

200 2368 412 2422 audittts
448 2384 522 2424 est
566 2388 671 2442 pro,
708 2390 801 2427 sua
850 2379 1146 2432 reverentia.
1198 2379 1254 2434 8.
1307 2378 1375 2433 Et
1422 2383 1626 2452 quidem
1649 2401 1790 2452 frum

192 2470 327 2513 esset
377 2459 547 2516 Filius
582 2454 720 2543 ‘De'i,
757 2462 937 2520 didicit
983 2484 1046 2522 ea:
1080 2469 1143 2523 iis
1188 2485 1302 2539 qua:
1330 2450 1507 2539 passus
1551 2450 1788 2530 est.obe-

189 2546 465 2605 dientiam.
497 2550 657 2609 Vides
701 2554 842 2625 quod
883 2548 1016 2613 nihil
1057 2559 1201 2614 aliud
1252 2561 1396 2629 facit,
1444 2578 1604 2634 quam
1641 2567 1784 2636 quod

188 2641 435 2696 ostendit
462 2660 620 2714 quam
651 2642 789 2716 gerit
838 2662 1022 2703 curam
1072 2660 1127 2706 et
1176 2667 1441 2709 summam
1468 2641 1791 2714 caritatem?

186 2729 332 2800 Quid
365 2734 513 2788 enim
544 2735 644 2789 sibi
676 2736 789 2792 vult
829 2738 979 2805 illud,
1010 2734 1136 2796 Cum
1161 2743 1385 2798 clamore
1418 2746 1587 2801 valido
1608 2748 1633 2802 ?
1657 2764 1789 2804 nus-

186 2840 354 2893 quam
389 2825 495 2881 hoc
538 2826 668 2882 dicit
706 2822 1075 2902 Evangelium,
1122 2849 1298 2905 neque
1340 2836 1481 2907 quod
1526 2853 1687 2896 orans
1717 2822 1789 2897 sit

188 2914 550 2986 lacrymatus,
599 2934 773 2990 neque
815 2920 957 2992 quod
1001 2924 1292 2980 clamorem
1343 2927 1591 2985 ediderit.
1628 2931 1790 2988 Vides

184 3008 336 3079 quod
369 3009 477 3065 hoc
498 3018 618 3064 erat
638 3012 718 3066 sui
745 3008 812 3066 ad
841 3025 1082 3070 nostrum
1107 3027 1319 3088 captum
1342 3018 1642 3079 demissio?
1670 3020 1789 3080 Non

188 3101 337 3156 enim
373 3100 512 3159 satis
534 3101 724 3158 habuit
751 3103 928 3161 dicere
950 3108 1092 3178 quod
1114 3112 1184 3163 sit
1210 3121 1475 3179 precatus,
1502 3113 1596 3169 sed
1626 3115 1787 3172 etiam

188 3193 334 3263 quod
361 3209 488 3249 cum
508 3188 749 3251 clamore
778 3195 975 3253 valido.
1009 3198 1074 3253 Et
1101 3201 1329 3267 auditus,
1362 3204 1550 3274 inquit,
1574 3223 1667 3277 pro
1695 3223 1790 3263 sua

188 3287 499 3340 reuerentia.
538 3284 757 3342 Etiamsi
784 3297 910 3343 esset
938 3286 1128 3355 Filius,
1155 3292 1334 3347 didicit
1363 3312 1425 3349 ea:
1450 3296 1513 3350 iis
1534 3313 1648 3368 qua:
1667 3315 1788 3370 pas-

192 3386 279 3433 sus
310 3389 384 3432 est
412 3378 771 3434 obedientiam.
806 3380 860 3436 9.
890 3379 952 3435 Et
982 3395 1359 3439 consummatus
1385 3389 1549 3457 factus
1578 3399 1649 3442 est
1674 3406 1788 3444 om-

192 3472 341 3525 nibus
383 3471 845 3543 obtemperantibus
870 3474 916 3527 ei
942 3491 1095 3530 causa
1124 3475 1303 3530 salutis
1326 3489 1547 3544 (sternte,
1578 3479 1662 3536 10.
1695 3498 1790 3552 ap-

188 3562 421 3631 pellatus
446 3580 479 3617 a
518 3562 631 3618 Deo
673 3564 905 3635 pontifex
922 3565 1077 3637 juxta
1119 3568 1347 3621 ordinem
1388 3558 1784 3627 Melchisedech.

187 3655 328 3710 Esto
358 3660 486 3711 eum
515 3650 754 3711 clamore
786 3673 799 3709 :
828 3670 926 3711 cur
951 3657 1111 3711 etiam
1145 3658 1363 3713 valido?
1396 3658 1593 3715 Etcum
1619 3661 1786 3734 lacry-

182 3750 328 3814 mis,
369 3746 567 3819 inquit,
615 3746 871 3816 olferens,
918 3750 1187 3805 exauditus
1230 3759 1302 3805 est
1345 3768 1437 3822 pro
1488 3755 1784 3808 reverentia.

181 3838 536 3896 Erubescant
566 3839 823 3904 haeretici.
877 3826 969 3911 qui
1010 3857 1226 3897 carnem
1283 3854 1479 3912 negant
1511 3845 1607 3916 (a).
1649 3845 1786 3914 Quid

178 3933 333 3990 dicis
361 3932 387 3986 ?
427 3924 825 4013 exaudiebatur
862 3929 1027 4013 Filius
1082 3930 1171 3987 Dei
1218 3948 1317 4004 pro
1344 3937 1681 3991 reverentia?
1709 3937 1779 3992 Et

179 4035 319 4107 quid
349 4033 421 4088 de
452 4026 724 4103 prophetis
748 4010 871 4097 pnis
898 4010 1177 4082 nimius?
1206 4016 1459 4092 Quasnam
1498 4018 1678 4080 autem
1699 4016 1760 4079 es

178 4121 585 4196 consequentia
606 4120 808 4187 dicere,
839 4118 1124 4173 Exauditus
1154 4134 1246 4187 pro
1267 4118 1540 4173 reverentia
1562 4135 1581 4182 ;
1609 4127 1661 4199 et
1689 4116 1783 4171 ad-

180 4219 349 4279 dere,
408 4208 626 4268 Etiamsi
671 4221 797 4265 esset
832 4208 1021 4271 Filius,
1052 4209 1227 4262 didicit
1269 4224 1332 4261 ex
1373 4209 1434 4261 iis
1459 4224 1572 4279 qua:
1600 4226 1781 4279 passus

180 4320 258 4363 est
286 4305 629 4361 obedientiam
651 4303 676 4357 1’
700 4296 887 4357 luecne
932 4300 999 4358 de
1031 4302 1138 4356 Dco
1164 4301 1358 4355 dixerit
1386 4301 1691 4372 quispiam?
1733 4312 1785 4358 et

179 4402 311 4471 quis
340 4397 481 4453 adeo
521 4394 840 4450 insanierit?
869 4393 989 4464 quis
1017 4402 1194 4447 autem
1223 4400 1417 4447 emota:
1444 4394 1637 4447 mentis
1668 4389 1786 4448 huic

181 4492 359 4547 fuerit
383 4482 678 4560 loquellis?
716 4486 1027 4550 Exauditas,
1047 4486 1237 4555 inquit,
1265 4502 1358 4556 pro
1387 4486 1681 4550 reverentia,
1705 4485 1783 4539 di-

181 4585 313 4637 dicit
334 4599 403 4637 es:
427 4583 492 4635 iis
514 4596 630 4647 qua:
654 4596 835 4650 passus
855 4588 926 4632 est
944 4577 1298 4632 obedientiam.
1321 4575 1490 4644 Quam
1521 4578 1783 4633 obedien-

181 4677 351 4732 tiam?
380 4675 474 4745 qui
503 4689 669 4753 usque
696 4671 764 4727 ad
791 4681 1019 4753 mortem
1046 4657 1199 4726 antea
1226 4671 1481 4736 obedivit,
1514 4680 1783 4753 tamquam

180 4770 333 4840 patri
368 4767 533 4829 titius,
556 4750 824 4845 quomodo
850 4750 1033 4845 postea
1055 4762 1283 4817 didicit?
1330 4842 1335 4845 _
1382 4752 1411 4839 ς
1586 4752 1589 4753 ί

256 4862 321 4916 2.
358 4859 520 4915 Vides
559 4857 661 4911 hoc
699 4855 907 4911 dictum
940 4869 1059 4910 esse
1087 4854 1153 4909 de
1181 4855 1392 4910 carne?
1429 4855 1568 4933 quod
1606 4865 1785 4911 autem

180 4956 329 5011 dicit
381 4963 469 5006 est
511 4947 837 5019 hujusmodi.
887 4946 985 5001 Dic
1027 4946 1179 5013 mihi,
1230 4945 1520 5016 rogabalne
1571 4946 1784 5001 Patrem

182 5060 245 5103 ut
290 5051 609 5102 servaretur
662 5056 692 5095 a
745 5046 941 5104 morte,
995 5046 1050 5093 et
1096 5046 1381 5108 propterea
1420 5045 1537 5092 erat
1591 5038 1782 5104 tristis,

181 5151 240 5195 et
266 5128 491 5192 dicebat
520 5151 534 5188 :
568 5132 630 5188 Si
661 5131 895 5201 possibile
920 5139 1013 5196 est,
1042 5138 1262 5183 transeat
1309 5146 1341 5182 a
1379 5145 1458 5183 me
1511 5128 1647 5183 calix
1694 5130 1786 5184 iste

188 5230 441 5304 (Matth.
482 5226 576 5281 €36.
618 5212 688 5281 39
718 5223 772 5293 )?
822 5236 941 5303 pro
970 5222 1367 5305 resurrectione
1414 5230 1591 5275 autem
1653 5235 1783 5275 nus-

188 5336 355 5393 quam
411 5317 587 5373 oravit
638 5315 872 5379 Patrem,
923 5312 1017 5368 sed
1054 5321 1238 5368 contra
1281 5312 1395 5382 ipse
1437 5311 1780 5382 pronuntiat,

190 5417 379 5471 dicens
408 5430 424 5467 :
456 5410 651 5465 Solvite
678 5406 924 5475 templum
966 5405 1081 5470 hoc,
1112 5414 1156 5459 et
1183 5406 1234 5459 in
1261 5405 1417 5459 tribus
1444 5405 1620 5460 diebus
1649 5408 1786 5459 exci-

193 5510 308 5564 tabo
358 5509 567 5576 ipsum;
610 5509 698 5569 et,
749 5499 1054 5555 Potestatem
1092 5498 1251 5573 habeo
1294 5494 1516 5567 portendi
1561 5497 1784 5551 animam

241 5676 316 5736 ta)
334 5662 585 5736 neralia
607 5651 1780 5736 “‘i9E1?.‘ETF‘E'PJEQ‘EEML‘EEP‘E‘iflfffiz

1879 821 1989 858 mus
2019 792 2415 876 Jerosolymtrm,
2446 812 2493 858 et
2520 802 2691 860 Filius
2715 806 2934 861 hominis
2965 809 3188 863 tradetur
3211 814 3469 883 pontiﬁci-

1876 896 1966 952 bus
1995 907 2041 951 et
2074 896 2271 963 scribis,
2301 904 2348 951 et
2377 897 2916 975 condemuabunteum
2960 910 3137 965 morte,
3179 912 3228 956 et
3267 905 3467 961 tradent

1875 1006 1989 1044 eum
2018 990 2247 1062 gentibus
2268 990 2338 1043 ad
2365 978 2685 1042 illudendum
2707 998 2752 1043 et
2778 990 3148 1061 ﬂagellandum
3181 1004 3225 1047 et
3256 999 3464 1065 cruci/i-

1874 1078 2114 1153 gendum,
2143 1091 2191 1137 et
2225 1078 2371 1136 tertia
2392 1081 2475 1134 die
2499 1090 2728 1152 resurget
2750 1080 2969 1152 (Matth.
2999 1083 3091 1138 20.
3125 1082 3233 1157 l8).
3267 1087 3328 1140 Et
3355 1104 3463 1142 non

1873 1175 2028 1241 dixit,
2058 1174 2218 1231 Pater
2245 1190 2333 1230 me
2375 1172 2533 1229 faciet
2575 1188 2876 1244 resurgere.
2909 1172 3190 1243 Quomodo
3233 1192 3360 1248 ergo
3396 1179 3463 1233 de

1871 1282 1939 1323 eo
1962 1265 2449 1338 precabaturISed
2487 1282 2584 1338 pro
2628 1267 2822 1337 quibus
2867 1266 3240 1337 precabatur?
3271 1287 3365 1339 pro
3396 1271 3462 1327 iis

1872 1361 1960 1431 qui
1991 1358 2044 1415 in
2072 1356 2247 1431 ipsum
2278 1360 2638 1416 crediderant.
2664 1359 2834 1429 .Quod
2873 1372 3051 1415 autem
3081 1361 3211 1416 dicit
3254 1376 3336 1418 est
3365 1363 3461 1418 liu-

1874 1447 2364 1515 jusmodizFacile
2409 1448 2715 1506 exauditur.
2767 1448 2900 1507 Nam
2954 1452 3206 1521 quoniam
3257 1450 3323 1506 de
3371 1450 3465 1505 illo

1878 1540 2114 1597 nondum
2160 1528 2428 1598 habebant
2466 1554 2590 1599 “eam
2621 1559 2781 1614 quam
2827 1559 2924 1615 par
2966 1552 3083 1598 erat
3114 1536 3461 1614 opinionem,

1875 1631 2010 1687 dixit
2035 1648 2158 1689 eum
2193 1632 2358 1689 fuisse
2387 1632 2720 1701 exauditum,
2749 1633 2889 1690 sicut
2914 1634 3031 1703 ipse
3058 1648 3268 1705 quoque
3297 1630 3463 1688 disci-

1877 1716 2346 1793 pulos‘cojnsolans
2372 1725 2585 1781 dicebat
2619 1744 2633 1780 ε
2667 1724 2728 1782 Si
2758 1743 2837 1780 me
2856 1725 3155 1797 diligeretis,
3179 1724 3465 1797 gauderetis

1876 1812 2067 1888 utique,
2096 1816 2335 1888 quoniam
2375 1816 2445 1870 ad
2486 1816 2695 1873 Patrem
2731 1833 2896 1870 meum
2946 1818 3095 1882 vado,
3141 1816 3261 1886 quia
3310 1814 3464 1868 Pater

1877 1906 2043 1979 major
2089 1908 2170 1962 me
2196 1905 2481 1977 est(.loan.
2517 1910 2603 1965 14.
2633 1908 2705 1965 28
2725 1908 2768 1976 ).
2800 1910 3082 1978 Quomodo
3127 1920 3302 1963 autem
3358 1924 3463 1962 non

1877 2000 2113 2071 seipSum
2154 2000 2493 2079 glorilicavit,
2526 2003 2614 2073 qui
2660 2003 2897 2073 seipsum
2929 1990 3210 2059 exinaniit.
3254 2000 3342 2072 qui
3376 1986 3464 2054 se-

1879 2090 2050 2163 ipsum
2098 2091 2351 2148 tradidit?
2391 2090 2625 2148 Tradidit
2672 2094 2836 2161 enim,
2868 2094 3071 2165 inquit,
3116 2102 3332 2167 seipsum
3372 2109 3466 2164 pra

1879 2172 2098 2257 peccatis
2142 2178 2328 2241 nostris
2367 2185 2509 2258 (Gal.
2544 2188 2592 2242 l.
2627 2188 2719 2261 4);
2764 2197 2819 2243 et
2845 2203 3054 2254 rursus,
3088 2188 3189 2254 Qui
3214 2187 3351 2240 dedit
3389 2206 3468 2241 sc-

1879 2276 2045 2349 ipsum
2067 2280 2460 2352 redemptionem
2487 2298 2578 2352 pro
2600 2283 2833 2336 omnibus
2859 2282 3001 2336 nobis
3027 2276 3107 2353 (i.
3133 2280 3265 2337 Tim.
3381 2280 3461 2345 6).

1880 2362 2016 2442 Quid
2061 2358 2191 2442 ergo
2217 2371 2345 2427 est?
2375 2371 2537 2428 Vides
2581 2372 2722 2444 quod
2767 2382 2990 2445 pr0pter
3032 2358 3251 2451 carnem
3297 2372 3362 2429 de
3407 2388 3468 2427 se

1884 2463 2118 2535 loquitur
2157 2464 2377 2519 humilia
2404 2466 2427 2518 ?
2454 2466 2527 2520 Ita
2557 2465 2644 2521 hic
2685 2476 2918 2537 quoqde,
2949 2466 3157 2521 etiamsi
3188 2476 3332 2521 esset
3375 2462 3465 2519 Fi-

1883 2556 2004 2623 lius,
2034 2544 2321 2612 exauditus
2366 2556 2468 2612 fuit
2502 2572 2598 2628 pro
2646 2572 2739 2613 sua
2790 2558 3089 2613 reverentia
3124 2577 3140 2622 ;
3169 2552 3283 2613 vult
3322 2558 3468 2613 enim

1880 2650 2164 2707 OSIendere
2190 2649 2241 2705 id
2267 2648 2407 2719 quod
2434 2658 2643 2719 gestum
2675 2640 2757 2706 est
2780 2650 2947 2720 magis
2977 2644 3097 2705 esse
3124 2646 3258 2720 Opus
3288 2666 3468 2714 suum,

1881 2759 2040 2815 quam
2069 2744 2163 2798 Dei
2207 2744 2414 2814 gratim.
2444 2742 2634 2809 Tanta,
2665 2743 2856 2814 inquit,
2886 2742 2984 2797 fuit
3007 2743 3125 2812 ejus
3170 2741 3470 2799 reverentia

1882 2852 1945 2892 ac
1973 2836 2162 2909 pietas,
2194 2844 2254 2890 ut
2278 2835 2403 2890 ideo
2432 2824 2553 2891 eum
2583 2845 2922 2892 revereretur
2950 2836 3112 2890 Deus.
3145 2834 3356 2902 Didicit,
3387 2834 3471 2890 iu-

1885 2929 2020 3000 quit,
2068 2928 2182 2984 Deo
2210 2928 2451 2983 obedire.
2482 2928 2580 2985 Hic
2621 2942 2808 2983 rursus
2837 2927 3072 2984 ostendit
3120 2939 3375 2998 quantum
3405 2929 3474 2983 sit

1884 3022 2091 3078 lucrum
2122 3022 2551 3090 perpessionum.
2574 3021 2640 3075 Et
2664 3032 3061 3087 consummatus,
3085 3020 3273 3092 inquit,
3306 3024 3475 3094 {actus

1885 3123 1957 3169 est
1986 3113 2217 3168 omnibus
2244 3113 2699 3183 obtemperantibus
2726 3115 2771 3168 ei
2788 3130 2945 3168 causa
2973 3114 3171 3170 salutis.
3205 3113 3266 3170 Si
3290 3123 3471 3169 autem

1888 3206 1998 3270 ille,
2025 3221 2145 3261 cum
2174 3213 2319 3261 esset
2344 3204 2532 3269 Filius,
2560 3220 2625 3261 ex
2655 3205 3093 3275 perpessionibus
3130 3205 3365 3262 lucratus
3392 3216 3476 3262 est

1888 3306 1946 3351 ut
1992 3284 2256 3360 obediret,
2302 3295 2472 3350 multo
2518 3295 2687 3366 magis
2735 3310 2854 3350 nos.
2898 3295 3061 3351 Vides
3105 3312 3263 3365 quam
3310 3298 3474 3355 multa

1887 3387 2031 3443 dicat
2055 3388 2123 3443 de
2151 3387 2478 3453 obedientia,
2509 3376 2568 3443 ut
2597 3387 2693 3457 ipsi
2724 3372 3188 3458 persuadeantur?
3216 3390 3476 3448 Videntur

1888 3478 2032 3535 enim
2081 3466 2211 3533 mihi
2240 3477 2544 3549 frequenter
2587 3477 2825 3539 habenas
2871 3488 3124 3536 excutere
3171 3496 3271 3537 uec
3318 3482 3481 3538 dictis

1889 3572 2263 3641 obtemperare
2286 3587 2307 3633 ς
2340 3568 2442 3623 hoc
2462 3570 2605 3625 enim
2628 3569 3016 3638 subiudicavit,
3041 3572 3253 3642 dicens,
3284 3574 3479 3644 Segnes

1890 3661 2011 3733 {acti
2037 3660 2154 3715 estis
2190 3658 2258 3713 ad
2303 3642 2633 3714 audiendum.
2666 3658 2746 3715 Ex
2775 3660 2840 3716 iis
2868 3678 2990 3734 qua:
3035 3678 3224 3739 passus
3251 3642 3373 3739 est,—
3400 3667 3481 3721 iu-

1889 3752 2023 3821 quit,
2045 3742 2383 3807 continenter
2417 3740 2605 3806 didicit
2632 3751 2740 3808 Deo
2767 3752 3009 3809 obedire.
3045 3736 3113 3809 Et
3154 3736 3479 3813 consunmta-

1890 3852 1969 3897 tus
2009 3858 2029 3896 :
2074 3830 2169 3912 por
2196 3842 2492 3913 passiones,
2521 3842 2710 3913 inquit.
2736 3843 2851 3900 Hoc
2872 3834 3107 3915 estergo
3134 3861 3480 3904 consumma.-

1892 3932 1988 3998 tio,
2016 3920 2071 3987 et
2096 3920 2325 4001 perime
2354 3933 2535 3989 venire
2573 3944 2785 4003 oportet
2810 3935 2878 3990 ad
2924 3938 3330 4007 perfectionem.
3365 3941 3479 3999 Non

1897 4029 2071 4083 solum
2117 4029 2232 4098 ipse
2276 4026 2456 4081 salvus
2483 4027 2673 4090 evasit,
2720 4021 2816 4079 sed
2860 4021 3170 4101 hocetiam
3214 4020 3314 4076 fuit
3357 4023 3483 4077 suis

1897 4121 2049 4191 copia
2081 4120 2299 4177 salutis:
2320 4120 2705 4175 Consummatur
2721 4117 2865 4174 enim
2896 4115 2992 4187 fuit
3011 4117 3476 4184 obtemperantibus

1898 4204 1996 4278 ipsi
2032 4227 2191 4265 causa
2230 4210 2408 4267 solutis
2445 4218 2667 4263 interna.
2699 4207 3021 4278 Appellatus,
3066 4207 3256 4277 inquit,
3294 4224 3325 4260 a
3371 4203 3480 4259 Deo

1901 4302 2132 4374 pontifex
2156 4300 2434 4355 secundum
2459 4300 2694 4354 ordinem
2724 4297 3114 4357 Melchisedech.
3156 4290 3238 4352 ll.
3275 4295 3351 4351 De
3382 4313 3481 4367 quo

1901 4392 2043 4447 nobis
2077 4392 2289 4464 grandis
2330 4408 2494 4446 sermo
2519 4400 2567 4445 et
2608 4389 3054 4461 ininterpretabilis
3096 4388 3164 4442 ad
3191 4387 3481 4442 dicendum.

1902 4468 2237 4538 Deducturus
2284 4482 2581 4538 orationem
2631 4481 2696 4536 ad
2747 4480 3102 4535 diﬂ‘ercntiam
3156 4468 3479 4544 sacerdotii,

1900 4556 2050 4646 prius
2076 4591 2171 4632 eos
2217 4576 2480 4646 increpat,
2523 4573 2815 4630 ostendens
2840 4572 2981 4644 quod
3012 4581 3123 4627 tam
3165 4588 3355 4643 magna
3398 4572 3482 4624 sui

1900 4669 2159 4725 demissio
2183 4669 2258 4725 sit
2290 4669 2414 4735 lac;
2446 4678 2499 4723 et
2519 4667 2659 4739 quod
2695 4667 2767 4721 illi
2795 4667 2903 4721 sint
2923 4664 3366 4736 infantes,niagis
3397 4673 3481 4719 est

1900 4746 2296 4816 inimoratus'iu
2330 4760 2515 4816 humili
2561 4760 2651 4831 qui
2676 4768 2759 4814 est
2787 4758 3081 4821 secundum
3127 4772 3345 4825 carnem
3374 4771 3483 4811 ser-

1899 4868 2077 4918 moue,
2107 4862 2162 4908 et
2193 4852 2426 4923 loquitur
2473 4862 2741 4923 tamquam
2784 4853 2850 4907 de
2889 4849 3118 4922 quodam
3142 4848 3306 4929 justo.
3345 4850 3477 4905 Vide

1895 4955 2072 4998 autem
2105 4962 2117 5000 :
2148 4958 2249 4999 nec
2287 4942 2507 4998 omnino
2556 4943 2813 5013 prmteriit
2858 4930 2971 4997 rem
3013 4940 3250 5008 silentio,
3302 4956 3478 5013 neque

1904 5038 2040 5093 dixit
2070 5055 2083 5090 :
2111 5052 2233 5091 nam
2264 5037 2401 5111 illud,
2422 5037 2634 5107 quidem
2660 5034 2782 5091 fecit
2807 5042 2865 5090 ut
2892 5043 3124 5091 mentem
3157 5020 3341 5090 eorum
3368 5035 3479 5091 eri-

1890 5138 2060 5202 geret,
2088 5139 2141 5182 et
2187 5129 2535 5199 persuaderet
2579 5136 2636 5183 ut
2675 5116 2856 5184 esseut
2902 5126 3154 5199 perfecti,
3186 5136 3241 5183 et
3265 5129 3473 5201 magnis

1891 5239 1996 5281 nou
2041 5206 2376 5292 privarentur
2418 5214 2794 5289 dogmatibus;
2826 5203 2928 5276 hoc
2969 5229 3149 5285 autem
3195 5220 3342 5286 fecit,
3404 5236 3474 5277 ne

1888 5315 2142 5371 obrueret
2169 5328 2355 5371 eorum
2387 5313 2813 5391 intelligentiam.
2856 5312 2935 5367 De
2956 5329 3054 5383 quo
3081 5312 3223 5391 nobis
3258 5314 3473 5387 grandis

1886 5425 2073 5475 sermo,
2111 5407 2301 5479 inquit,
2334 5416 2380 5461 et
2415 5404 2862 5481 ininterpretabilis
2906 5405 2977 5457 ad
3018 5404 3307 5481 dicendum,
3335 5420 3469 5475 quo.

1886 5503 2023 5553 niam
2049 5477 2320 5554 imbecilles
2348 5498 2472 5568 [acti
2497 5498 2616 5552 estis
2643 5497 2712 5551 ad
2749 5477 3077 5551 audiendum.
3104 5477 3370 5563 Quoniam
3393 5497 3470 5554 illi

1887 5608 1991 5646 non
2021 5592 2268 5657 audiunt,
2298 5602 2578 5663 propterea
2628 5596 2714 5646 est
2741 5590 2914 5651 oratio
2940 5589 3177 5667 dit‘licilis
3200 5588 3273 5649 ad
3302 5590 3468 5645 inter-

1886 5684 2222 5756 pretandum.
2254 5683 2480 5752 Quando
2503 5683 2647 5739 enim
2674 5682 2833 5739 alicui
2861 5698 2948 5759 res
2972 5691 3058 5740 est
3083 5694 3205 5747 cum
3236 5680 3468 5758 hominie

1886 5782 1979 5835 bus
1996 5780 2088 5850 qui
2107 5794 2213 5835 non
2228 5787 2586 5851 assequuntur
2602 5792 2701 5834 uec
2720 5778 3027 5850 intelligunt
3046 5794 3167 5847 qua:
3187 5778 3458 5845 dicuntur,

516 5901 790 5959 Parnm.
839 5898 953 5954 (in.
997 5891 1203 5951 LXIII.
3122 5885 3161 5946 5

156 5715 571 5791 uti?
585 5715 758 5786 specie
768 5726 954 5769 tantum
963 5730 1162 5767 carnem
1170 5715 1509 5778 assumpsisse,
1521 5715 1585 5763 dc
1606 5717 1782 5779 quibus

134 5810 349 5867 Sulca.
