4060 6440
664 313 719 368 ﬂ
1367 311 1427 369 S.
1463 307 1740 367 JOANNIS
1774 308 2251 366 CIIBYSOSTOMI
2289 309 2608 368 ARCIIIEP.
2634 309 3164 369 ODNSTANTINOP.

667 444 715 482 IS
745 441 851 482 non
898 433 1074 496 potest
1101 424 1180 480 eis
1205 430 1352 479 recte
1402 422 1758 490 interpretari.
1791 420 1895 476 Sed
1941 421 2075 476 forte
2098 425 2248 492 quis-

666 519 808 586 piam
857 533 926 572 ex
974 515 1146 579 vobis,
1196 515 1284 584 qui
1318 512 1402 567 hic
1442 513 1616 576 statis,
1645 512 1861 581 caligat,
1910 522 1965 565 et
1993 512 2246 565 damnum

665 627 777 666 rem
823 625 943 665 esse
974 609 1263 673 existimat,
1293 607 1338 660 si
1379 606 1495 676 ipse
1541 612 1763 674 prapter
1791 603 2045 658 Hebraeos
2088 602 2249 658 fuerit

663 703 954 773 impeditus
999 716 1066 754 ne
1125 712 1430 753 sermonem
1480 696 1792 766 loqueretur
1846 694 2244 764 perfectiorctn.

659 798 837 864 Atque
857 793 990 847 forte
1003 790 1217 862 quidem
1239 791 1324 846 hic
1337 803 1573 860 quoque,
1593 794 1788 856 praeter
1807 800 2027 857 paucos,
2050 786 2247 842 multos

659 887 853 956 Opinor
875 899 994 939 esse
1022 884 1179 948 tales,
1201 892 1258 936 ut
1277 881 1379 935 hoc
1402 880 1562 935 etiam
1593 877 1662 932 de
1681 876 1830 931 vobis
1856 875 2097 931 dicatur:
2118 891 2247 946 pro-

659 987 776 1047 pter
806 991 1002 1046 paucos
1032 985 1211 1028 autem
1242 973 1439 1028 dicam.
1477 968 1744 1039 Numquid
1783 982 1910 1039 ergo
1939 981 2246 1023 sermonem

656 1067 875 1122 silentio
906 1065 1182 1137 praeteriit,
1210 1073 1303 1118 aut
1331 1079 1454 1118 eum
1487 1077 1672 1116 rursus
1695 1059 1922 1128 sumpsit
1949 1059 2003 1114 in
2029 1058 2095 1114 iis
2123 1075 2243 1130 qua:

663 1157 920 1227 deinceps
941 1167 1258 1227 sequuntur,
1279 1165 1335 1212 et
1361 1156 1500 1210 idem
1534 1157 1660 1212 fecit
1678 1157 1819 1227 quod
1842 1157 1895 1210 in
1925 1157 2163 1227 Epistola
2179 1154 2248 1210 ad

667 1247 984 1304 Romanos?
1011 1264 1132 1302 nam
1165 1248 1276 1302 illic
1320 1262 1554 1318 quoque,
1600 1262 1722 1302 cum
1755 1261 1816 1300 os
1861 1245 2008 1316 prius
2030 1245 2255 1301 obstru-

665 1344 834 1398 xisset
862 1341 1375 1404 contradicentibus,
1409 1349 1464 1394 et
1508 1331 1760 1404 dixisset,
1795 1337 1838 1391 Ο
1861 1342 2029 1400 homo,
2062 1346 2114 1389 tu
2139 1351 2256 1406 quis

667 1451 718 1488 es
744 1434 829 1503 qui
869 1433 1175 1502 respondeas
1210 1429 1319 1484 Deo
1352 1429 1528 1501 (Rom.
1559 1430 1614 1484 9.
1657 1429 1796 1499 20)?
1823 1439 1950 1483 tunc
1980 1427 2256 1498 subjungtt

667 1525 1013 1580 solutionem.
1049 1524 1160 1594 Ego
1203 1533 1380 1577 autem
1424 1531 1552 1593 puto
1597 1536 1772 1591 neque
1817 1521 1991 1590 ipsum
2033 1519 2255 1574 omnino

668 1616 883 1672 silentio
905 1617 1248 1685 praeteriisse,
1274 1629 1444 1684 neque
1465 1613 1685 1680 dixisse,
1718 1624 1774 1666 ut
1797 1613 2069 1668 auditores
2099 1610 2256 1665 indu-

668 1719 755 1762 cat
785 1707 836 1762 in
867 1707 1212 1762 desiderium.
1241 1705 1370 1760 Nam
1394 1721 1513 1760 cum
1543 1705 1931 1770 admonuisset,
1957 1715 2011 1759 et
2030 1703 2255 1759 dixisset

670 1816 861 1871 magna
891 1801 1134 1870 quaedam
1163 1815 1284 1855 esse
1313 1800 1412 1854 sita
1444 1800 1496 1853 in
1525 1814 1795 1862 sermone,
1831 1797 1950 1852 vide
1979 1797 2252 1867 quomodo

669 1909 790 1948 cum
818 1893 975 1948 laude
1012 1908 1106 1947 eos
1135 1893 1394 1961 increpet.
1427 1891 1539 1946 lloc
1578 1891 1720 1946 enim
1744 1904 1957 1959 semper
1982 1896 2064 1943 est
2106 1888 2254 1943 Pauli

669 1987 965 2058 sapientiae,
988 1986 1228 2040 difficilia
1252 2002 1314 2040 ac
1335 1985 1560 2038 molesta
1581 1985 1808 2038 miscere
1826 1997 1948 2036 cum
1972 1981 2214 2050 benignis
2236 1998 2250 2035 :

667 2079 809 2148 quod
827 2079 989 2134 etiam
1014 2077 1203 2131 facitin
1226 2075 1458 2146 Epistola
1479 2074 1792 2138 adGalatas,
1817 2073 2001 2126 dicens
2030 2088 2043 2124 :
2072 2069 2258 2126 Curre-

667 2169 796 2222 batis
823 2169 943 2222 bene
970 2182 988 2220 :
1015 2167 1126 2238 quis
1159 2182 1244 2219 vos
1276 2165 1534 2234 impedivit
1557 2162 1752 2234 (Galat.
1777 2162 1830 2218 5.
1867 2162 1959 2231 7)?
1986 2171 2060 2225 et,
2089 2161 2256 2214 Tanta

670 2263 805 2330 passi
835 2261 955 2316 estis
994 2261 1100 2315 sine
1123 2276 1277 2313 causa
1297 2258 1322 2311 ?
1341 2257 1386 2311 si
1410 2266 1578 2310 tamen
1620 2256 1728 2308 sine
1769 2270 1925 2308 causa
1960 2253 1977 2325 (
2002 2253 2171 2306 Galat.
2199 2255 2253 2309 ὅ.

667 2351 726 2422 4)
753 2369 768 2420 ;
799 2361 874 2417 et,
921 2351 1032 2422 Ego
1083 2351 1146 2404 de
1197 2349 1334 2404 vobis
1375 2347 1577 2416 conﬁdo
1606 2347 1657 2399 in
1706 2344 1924 2398 Domino
1969 2343 2169 2413 (Galat.
2198 2344 2254 2400 5.

669 2445 784 2515 10).
837 2441 992 2511 Quod
1047 2440 1133 2496 his
1176 2454 1390 2512 quoque
1445 2438 1572 2493 dicit
1607 2455 1618 2490 :
1651 2436 1963 2504 Conﬁdimus
2009 2435 2073 2488 de
2119 2435 2258 2490 vobis

666 2537 919 2599 meliora,
974 2542 1022 2588 et
1089 2533 1336 2587 viciniora
1400 2529 1557 2584 saluti
1618 2527 1820 2599 (Hebr.
1875 2526 1928 2581 6.
1984 2525 2084 2597 9).
2142 2528 2258 2583 Duo

664 2643 797 2697 ergo
842 2626 960 2681 haec
1013 2623 1386 2694 facitzneque
1435 2621 1594 2676 nimis
1641 2618 1905 2684 intendit,
1948 2633 2124 2688 neque
2178 2618 2257 2672 si-

667 2721 748 2775 nit
789 2734 886 2775 eos
930 2717 1236 2774 concidere.
1281 2715 1466 2770 Recte.
1499 2713 1631 2769 Nam
1663 2713 1707 2766 si
1744 2713 1968 2768 aliorum
2015 2711 2256 2783 exempla

665 2813 941 2867 sufﬁciunt
969 2810 1036 2864 ad
1073 2809 1414 2864 excitandum
1457 2807 1778 2870 auditorem,
1807 2815 1861 2860 et
1886 2804 1952 2860 ad
1979 2806 2256 2860 adducen-

665 2904 792 2957 dum
837 2901 906 2956 ad
936 2901 1334 2955 aemulationem
1370 2917 1384 2953 :
1416 2896 1632 2968 quando
1672 2898 1790 2965 quis
1830 2895 1991 2950 habet
2019 2910 2049 2948 a
2079 2895 2259 2966 seipso

666 2995 996 3066 exemplum,
1028 3002 1082 3049 et
1107 2993 1327 3063 jubetur
1372 2991 1606 3062 seipsnm
1647 2989 1910 3055 :emulari,
1948 2989 2116 3042 multo
2148 3004 2259 3043 ma-

664 3088 746 3158 gis
773 3084 1044 3141 inducitur
1091 3083 1357 3148 doctrina,
1402 3090 1462 3135 ut
1506 3079 1620 3134 fieri
1665 3089 1860 3150 potest.
1898 3079 1962 3134 Et
1993 3079 2095 3134 hoc
2125 3094 2252 3150 ergo

664 3177 919 3240 ostendit,
965 3189 1139 3246 neque
1169 3173 1294 3228 sinit
1324 3185 1418 3228 eos
1458 3179 1729 3241 tamquam
1771 3170 1925 3225 valde
1971 3169 2254 3225 damnatos

664 3269 971 3334 concidere,
1003 3281 1104 3321 nec
1145 3273 1202 3318 ut
1243 3263 1332 3334 qui
1372 3277 1588 3332 semper
1633 3261 1742 3318 sint
1788 3261 1936 3329 mali,
1987 3263 2081 3317 sed
2111 3262 2252 3333 quod

664 3366 824 3420 etiam
850 3343 1135 3432 aliquando
1165 3359 1363 3414 fuerint
1385 3357 1530 3412 boni.
1562 3355 1648 3410 12.
1682 3354 1883 3409 Etenim
1913 3372 2026 3408 cum
2052 3355 2256 3410 debere-

664 3460 726 3512 tis
740 3472 845 3512 csse
864 3451 1096 3526 magistri
1114 3462 1320 3522 prapter
1347 3457 1563 3518 tempus,
1587 3446 1776 3517 inquit.
1798 3445 2042 3501 Ostendit
2059 3447 2142 3501 hic
2163 3461 2259 3502 eos

667 3550 827 3617 longo
855 3554 978 3599 ante
1009 3554 1252 3611 tempore
1281 3539 1575 3595 credidisse
1608 3557 1621 3594 :
1653 3537 1887 3591 ostendit
1927 3538 2088 3592 etiam
2116 3538 2256 3608 quod

666 3644 825 3695 etiam
855 3639 990 3692 alios
1018 3635 1251 3691 debeant
1280 3630 1725 3689 instituere.Vide
1752 3641 1880 3699 ergo
1898 3645 2019 3684 eum
2047 3631 2257 3685 assiduo

685 3723 971 3794 parturire,
1023 3732 1080 3776 ut
1121 3723 1425 3777 introducat
1453 3737 1756 3777 sermonem
1800 3724 1868 3776 de
1899 3725 2170 3792 pontifice,
2217 3731 2268 3774 et

684 3830 898 3878 semper
942 3813 1180 3869 differre.
1239 3812 1376 3867 Audi
1428 3816 1570 3868 enim
1623 3814 1894 3883 quomodo
1960 3813 2267 3884 inceperit:

686 3902 938 3957 Habentes
965 3904 1252 3973 pontiﬁcem
1283 3919 1545 3972 magnum,
1575 3904 1662 3972 qui
1697 3903 1972 3974 penetrauit
1999 3903 2189 3968 caelos;
2216 3911 2271 3958 et

684 4012 802 4049 cum
851 3994 1284 4065 prmtermisisset
1323 3995 1506 4050 dicere
1536 3995 1808 4065 quomodo
1839 4011 2112 4065 magnum,
2143 4012 2268 4050 rur-

684 4103 774 4140 sus
797 4087 924 4140 dicit
951 4107 964 4140 :
1001 4083 1178 4139 Omnis
1204 4086 1336 4139 enim
1381 4087 1610 4154 pontifex
1651 4103 1713 4140 ex
1743 4087 2026 4141 hominibus
2067 4104 2270 4142 assum-

685 4189 817 4248 ptus,
842 4194 932 4246 pro
949 4178 1230 4231 hominibus
1249 4179 1566 4231 constituitur
1583 4179 1633 4230 in
1651 4179 1711 4232 iis
1729 4195 1840 4247 qua:
1859 4189 1975 4233 sunt
1993 4181 2061 4232 ad
2083 4180 2270 4248 Deum;

685 4279 738 4323 et
767 4284 976 4335 rursus,
1007 4269 1097 4323 Sic
1127 4269 1276 4322 etiam
1322 4267 1555 4324 Christus
1586 4287 1686 4325 non
1710 4272 1929 4342 seipsnm
1961 4272 2270 4343 glori/iacvit

685 4369 739 4412 ut
770 4361 909 4428 ﬁeret
939 4359 1187 4430 pontifex.
1219 4360 1282 4414 Et
1322 4361 1512 4415 iterum
1545 4377 1663 4416 cum
1710 4361 1953 4427 dixisset,
1991 4363 2068 4418 Tu
2106 4381 2158 4418 es
2183 4381 2271 4418 sa-

683 4451 859 4505 cerdos
901 4451 954 4505 in
992 4461 1232 4504 internum
1277 4455 1549 4506 secundum
1577 4452 1805 4506 ordinent
1847 4453 2218 4508 Melchisedech
2244 4468 2269 4520 ,'

685 4556 868 4597 rursus
893 4539 1093 4606 diﬂ'ert,
1117 4541 1301 4597 dicens
1334 4560 1346 4596 :
1381 4541 1481 4611 Qui
1509 4543 1560 4598 in
1583 4543 1756 4598 diebus
1776 4546 1943 4599 carnis
1967 4560 2074 4599 sua:
2096 4562 2267 4617 preces

681 4633 1173 4704 supplicationesque
1201 4633 1400 4688 obtulit.

753 4727 806 4781 ὅ.
847 4726 1110 4794 Quoniam
1158 4740 1287 4796 ergo
1332 4726 1489 4781 toties
1519 4725 1617 4780 fuit
1652 4725 1935 4798 depulsus,
1965 4726 2131 4784 veluti
2181 4743 2272 4784 re-

681 4820 950 4889 spondens
995 4832 1048 4875 et
1092 4835 1151 4876 se
1193 4834 1481 4882 excusans,
1528 4819 1700 4874 dicit:
1737 4820 1793 4874 ln
1840 4836 1936 4874 vos
1983 4835 2142 4876 causa
2184 4830 2270 4878 est

683 4911 980 4966 referenda.
1026 4913 1206 4982 Papae,
1235 4923 1430 4982 quanta
1457 4911 1797 4968 differentia!
1843 4929 1964 4968 cum
2008 4915 2271 4971 deberent

683 5003 819 5057 alios
848 5003 1062 5068 docere,
1097 5013 1222 5057 sunt
1248 5005 1462 5073 quidem
1508 5019 1615 5059 non
1645 5005 1820 5059 solum
1852 5005 2125 5077 discipuli,
2173 5005 2268 5062 sed

683 5093 844 5146 etiam
875 5093 1052 5146 ultimi
1083 5093 1356 5162 discipuli.
1384 5094 1587 5148 Etenim
1618 5112 1730 5149 cum
1756 5097 1999 5151 deberetis
2024 5113 2134 5152 esse
2161 5115 2270 5152 nta-

683 5183 830 5253 gistri
870 5195 1075 5254 propter
1114 5194 1330 5253 tempus,
1375 5202 1548 5240 rursus
1589 5189 1828 5258 indigetis
1872 5198 1924 5241 ut
1961 5206 2046 5245 vos
2077 5190 2269 5244 docea-

685 5276 809 5330 mini
850 5289 963 5348 quae
1006 5285 1122 5329 sunt
1158 5276 1401 5330 elementa
1430 5277 1621 5330 exordii
1666 5295 1954 5333 sermonum
2002 5280 2122 5335 Dei.
2172 5281 2269 5337 llic

687 5367 952 5422 elementa
982 5365 1186 5421 exordii
1214 5366 1342 5422 dicit
1375 5367 1780 5426 humanitatem.
1809 5369 1880 5426 Ut
1908 5374 2056 5426 enim
2085 5373 2136 5427 in
2169 5389 2269 5429 ex-

689 5458 855 5512 ternis
876 5456 1044 5513 literis
1059 5458 1290 5530 primum
1314 5467 1523 5530 oportet
1543 5459 1756 5515 discere
1776 5463 2064 5528 elementa,
2091 5465 2162 5518 ita
2183 5465 2272 5520 hic

689 5566 905 5621 quoque
949 5551 1180 5622 primum
1232 5550 1415 5608 doceri
1460 5553 1744 5623 oportebat
1787 5554 1857 5610 de
1912 5556 2266 5612 humanitate.

688 5643 851 5699 Vides
887 5657 1132 5714 quamam
1183 5644 1253 5700 sit
1290 5658 1452 5699 causa
1481 5661 1579 5701 cur
1621 5645 1869 5716 loquatur
1901 5646 2162 5702 humilia?
2194 5648 2268 5703 ita

685 5737 844 5791 etiam
871 5734 998 5793 fecit
1027 5735 1221 5793 Paulus
1257 5733 1530 5795 disserens
1572 5749 1694 5794 Cum
1723 5735 2164 5806 Atheniensibus,
2214 5747 2270 5796 et

3839 313 3895 367 ἠ

2341 421 2527 476 dicens
2557 435 2571 472 :
2601 417 2668 471 Et
2711 427 2939 488 tempora
2965 419 3168 486 quidem
3205 415 3360 489 hujus
3401 414 3698 487 ignorantia
3734 421 3877 491 dum.

2339 512 2474 565 ciens
2501 508 2658 576 Deus,
2688 526 2819 562 nunc
2844 510 3114 562 attnuntiat
3151 507 3438 562 hominibus
3464 517 3516 560 ut
3543 524 3708 563 omnes
3728 513 3880 582 ubique

2342 603 2682 673 penitentiam
2697 613 2870 672 agant,
2893 619 2950 656 eo
2970 601 3106 671 quod
3127 602 3305 656 statuit
3334 600 3488 664 diem,
3517 603 3568 654 in
3594 618 3688 670 quo
3707 605 3879 672 judica-

2342 704 2484 749 turus
2508 703 2579 749 est
2601 692 2768 747 orbem
2793 694 2842 746 in
2871 694 3127 763 (equitate,
3156 694 3209 746 in
3231 693 3338 746 uiro
3362 693 3413 745 in
3441 695 3732 762 quostatuit,
3755 698 3882 763 [idem

2343 786 2566 858 prabens
2592 785 2843 850 omnibus,
2863 785 3115 838 suscitans
3136 800 3250 838 eum
3273 801 3304 837 a
3321 785 3531 838 mortuis
3559 785 3686 855 (Act.
3713 787 3789 841 17.
3807 789 3879 844 30.

2341 883 2454 952 51).
2488 879 2774 949 Propterea
2799 879 2845 935 si
2875 878 3142 949 quidpiam
3181 879 3394 949 quidem
3425 877 3547 933 dicit
3573 881 3820 934 excelsum
3842 894 3885 936 et

2344 973 2591 1037 sublime,
2622 970 2726 1025 hoc
2755 969 2885 1025 dicit
2913 970 3146 1024 breviter
3175 988 3186 1024 :
3220 969 3440 1024 humilia
3465 978 3639 1022 autem
3677 971 3881 1037 dispersa

2353 1069 2478 1114 sunt
2520 1059 2573 1116 in
2621 1064 2802 1118 multis
2833 1063 2963 1120 locis
3001 1063 3276 1134 Epistolas.
3320 1063 3387 1118 Et
3425 1064 3505 1120 si:
3548 1068 3827 1123 catenditur
3850 1072 3890 1127 id

2354 1151 2496 1219 quod
2528 1161 2611 1206 est
2639 1153 2910 1208 excelsum
2951 1161 3006 1208 et
3035 1153 3303 1209 sublime:
3336 1170 3459 1210 nam
3489 1157 3632 1228 quod
3670 1169 3744 1215 est
3769 1162 3891 1220 valde

2355 1238 2576 1308 humile,
2627 1258 2733 1298 non
2767 1244 2894 1298 sinit
2925 1253 2981 1298 ut
3031 1244 3099 1300 de
3143 1245 3426 1302 divinitate
3469 1250 3801 1318 suspicemur.
3834 1255 3893 1310 Ita

2357 1331 2443 1387 hic
2473 1349 2683 1404 quoque
2707 1335 2848 1404 quod
2882 1344 3050 1389 tutum
3091 1345 3174 1391 est
3210 1352 3454 1402 servans,
3490 1338 3705 1395 humilia
3735 1344 3892 1398 huma-

2355 1424 2511 1478 nitati
2556 1424 2799 1495 adjungit
2829 1443 2841 1479 :
2875 1427 2926 1480 in
2968 1441 3129 1480 causa
3162 1437 3340 1481 autem
3377 1437 3514 1491 erat,
3547 1429 3680 1500 quod
3709 1432 3775 1487 illi
3811 1451 3890 1489 non

2359 1527 2579 1586 possent
2610 1517 2925 1586 perfectiora
2955 1518 3165 1573 audire.
3199 1519 3311 1573 Hoc
3350 1522 3582 1575 maxime
3610 1521 3892 1592 significabat

2360 1607 2411 1661 in
2445 1607 2684 1678 Epistola
2716 1609 2780 1662 ad
2831 1608 3161 1675 Corinthios,
3203 1610 3428 1664 dicens:
3459 1609 3586 1664 Cum
3627 1614 3747 1665 enim
3772 1615 3891 1683 [item

2358 1701 2489 1753 inter
2550 1717 2635 1754 vos
2687 1701 2827 1754 zelus
2875 1711 2921 1755 et
2985 1703 3273 1767 contentio,
3319 1719 3486 1757 nonne
3541 1707 3757 1759 carnales
3805 1721 3892 1761 astu

2365 1792 2439 1863 (1.
2473 1791 2592 1846 Cor.
2622 1793 2674 1847 5.
2705 1793 2804 1862 3)?
2847 1792 2979 1848 Vide
3029 1804 3209 1849 autem
3263 1795 3487 1848 multam
3543 1797 3658 1866 ejus
3710 1801 3892 1866 pruden—

2362 1883 2490 1937 tiam
2523 1900 2536 1937 :
2569 1899 2760 1952 nempe
2791 1899 2950 1953 quam
2983 1893 3342 1954 congruenter
3384 1897 3438 1942 et
3467 1888 3820 1945 convenienter
3851 1907 3892 1946 se

2360 1984 2509 2045 gerat
2537 1973 2591 2028 in
2615 1975 2885 2045 subjectus
2910 1977 3273 2046 mgritudiues.
3297 1977 3428 2031 Nam
3463 1979 3574 2033 illic
3599 1980 3792 2050 quidem
3817 1983 3892 2037 itu-

2363 2065 2626 2119 becillitas
2669 2081 2858 2136 magna
2903 2080 2970 2121 ex
3018 2078 3168 2136 parte
3207 2068 3472 2123 existebat
3516 2086 3582 2124 ex
3626 2073 3890 2142 ignorantia,

2362 2157 2446 2212 vel
2474 2158 2655 2229 potius
2693 2175 2760 2214 ex
2801 2161 3078 2230 peccatis;
3115 2161 3202 2216 hic
3231 2171 3409 2217 autem
3445 2178 3553 2218 non
3597 2181 3658 2219 ex
3687 2170 3889 2236 peccatis,

2366 2249 2459 2305 sed
2489 2265 2552 2303 ex
2583 2251 2986 2306 continentibus
3011 2252 3409 2308 afflictionibus.
3441 2254 3512 2308 Et
3556 2255 3669 2310 ideo
3696 2273 3804 2311 usus
3833 2270 3892 2313 est

2366 2343 2528 2399 etiam
2572 2343 2898 2398 dictionibus
2945 2360 3063 2414 quae
3109 2347 3318 2415 possint
3364 2347 3654 2402 ostendere
3692 2349 3891 2404 differen-

2368 2433 2518 2498 tiam‘,
2545 2432 2657 2487 illic
2678 2434 2886 2500 dicens,
2915 2433 3163 2490 Carnates
3194 2437 3318 2508 facti
3349 2439 3500 2503 estis;
3524 2438 3610 2492 hic
3639 2455 3769 2503 vero,
3794 2440 3890 2507 Qui:

2369 2527 2542 2598 major
2581 2537 2697 2583 erat
2733 2528 2911 2596 dolor,
2945 2529 3170 2586 hebetes
3206 2530 3334 2586 facti
3381 2532 3538 2587 estis.
3573 2533 3648 2588 Illi
3675 2549 3766 2588 non
3788 2535 3892 2588 enim

2370 2633 2474 2674 non
2505 2627 2797 2690 potuerunt
2823 2619 2984 2685 ferre,
3017 2621 3184 2691 utqui
3217 2630 3402 2677 essent
3426 2623 3699 2686 carnales;
3729 2623 3800 2676 isti
3821 2639 3893 2676 au.

2370 2718 2478 2766 tem
2511 2718 2820 2780 potuerunt.
2856 2711 3044 2766 Dicere
3067 2712 3236 2780 enim,
3282 2713 3541 2781 Quoniam
3567 2715 3811 2770 imbecilles
3832 2719 3889 2784 [a-

2369 2801 2438 2854 cti
2483 2801 2602 2854 estis
2641 2801 2709 2854 ad
2739 2801 3074 2866 audiendum,
3127 2811 3208 2856 est
3251 2803 3602 2874 signiﬁcantis
3640 2804 3764 2875 quod
3801 2805 3892 2858 olim

2374 2889 2572 2946 fuerint
2613 2891 2728 2946 sani
2756 2901 2809 2946 et
2839 2891 3006 2949 fortes
3034 2895 3305 2965 animique
3348 2896 3626 2953 alacritate
3665 2897 3889 2958 ferventes.

2372 2991 2427 3038 et
2466 2991 2652 3053 postea
2706 2983 2807 3037 hoc
2846 2983 2914 3038 de
2958 2985 3036 3038 eis
3067 2995 3312 3040 testatur.
3355 2986 3422 3040 Et
3449 2989 3578 3057 [acti
3618 2989 3726 3041 estis
3759 2988 3890 3054 quibus

2373 3075 2501 3129 lacte
2520 3091 2646 3145 apus
2672 3077 2758 3142 sit,
2789 3093 2890 3130 non
2930 3079 3093 3132 solido
3133 3079 3262 3132 cibo.
3307 3079 3540 3150 Semper
3568 3080 3647 3135 lac
3672 3091 3800 3135 vocat
3823 3079 3891 3132 hu-

2375 3167 2554 3222 milem
2583 3182 2910 3234 sermonem,
2943 3179 2999 3224 et
3042 3169 3129 3225 hic
3175 3180 3230 3226 et
3258 3171 3387 3226 illic.
3419 3171 3552 3228 Cum
3591 3175 3818 3236 deberetis,
3841 3172 3890 3224 in.

2375 3262 2508 3330 quit,
2533 3277 2640 3315 esse
2661 3263 2890 3333 magistri
2911 3274 3117 3334 propter
3146 3275 3343 3338 tempus
3373 3283 3392 3322 :
3410 3282 3478 3323 ac
3507 3270 3552 3324 si
3581 3269 3777 3334 diceret,
3795 3267 3892 3323 Pro-

2378 3362 2494 3422 pter
2528 3352 2666 3421 quod
2699 3355 2929 3408 maxime
2956 3353 3202 3411 dissoluti
3233 3368 3289 3412 et
3315 3361 3494 3427 supini
3523 3359 3643 3416 facti
3664 3361 3790 3424 estis,
3806 3375 3892 3429 pro-

2379 3454 2496 3514 pter
2527 3444 2578 3498 id
2611 3447 2841 3501 maxime
2867 3447 3076 3503 debetis
3122 3465 3242 3504 esse
3283 3449 3477 3518 fortes,
3525 3467 3706 3523 nempe
3733 3464 3890 3525 propter

2379 3545 2607 3607 tempus.
2652 3536 2757 3592 Lac
2781 3549 2935 3593 vocat
2961 3538 3215 3595 humilem
3250 3558 3559 3598 sermonem
3586 3545 3715 3615 quod
3740 3559 3890 3598 conve-

2380 3628 2493 3682 niat
2518 3629 2932 3698 simplicioribus
2964 3649 2976 3684 :
3004 3631 3104 3686 hoc
3131 3643 3309 3688 autem
3346 3645 3429 3690 est
3473 3637 3774 3691 contrarium
3804 3651 3889 3704 per-

2381 3716 2713 3786 iectioribus,
2746 3729 2799 3775 et
2843 3731 2921 3775 est
2957 3723 3179 3776 noxium
3214 3726 3262 3776 in
3315 3724 3378 3778 iis
3423 3725 3710 3781 immorari.
3743 3726 3889 3790 Quam-

2375 3814 2557 3870 obrem
2588 3827 2694 3868 non
2728 3812 3011 3883 oportebat
3048 3828 3188 3868 nunc
3220 3813 3402 3870 inferri
3434 3815 3643 3887 legalia,
3674 3830 3814 3885 neque
3833 3829 3881 3867 ex

2375 3905 2455 3960 bis
2482 3905 2596 3960 fleri
2647 3906 3100 3976 comparationem
3125 3923 3138 3960 :
3163 3908 3286 3975 quia
3315 3908 3580 3976 pontifex.
3620 3918 3671 3964 et
3695 3909 3795 3977 quia
3828 3921 3886 3958 sa-

2372 3998 2648 4061 criﬁcavit,
2689 4008 2745 4053 et
2789 3999 2962 4052 oravit
3002 4012 3124 4053 cum
3171 3999 3407 4054 clamore
3440 4009 3498 4055 et
3540 4000 3880 4070 supplicatione.

2374 4087 2504 4144 Vide
2532 4103 2661 4158 ergo
2686 4089 2956 4159 quomodo
2997 4089 3112 4143 hare
3143 4089 3297 4144 nobis
3322 4089 3544 4145 fastidio
3587 4091 3719 4153 sint;
3745 4087 3816 4143 sed
3839 4102 3879 4140 ea

2371 4181 2492 4235 illos
2527 4189 2652 4236 tunc
2682 4181 3010 4248 nutriebant,
3040 4197 3214 4252 neque
3238 4197 3462 4254 usquam
3490 4199 3551 4238 ea
3586 4182 3876 4238 fastidiebam.

2373 4271 2540 4326 Verus
2561 4287 2691 4342 ergo
2720 4271 2873 4327 cibus
2896 4283 3020 4327 sunt
3050 4273 3140 4326 Dei
3167 4273 3401 4343 eloquia,
3433 4289 3556 4344 qua
3579 4275 3785 4328 animam
3809 4286 3876 4322 nu-

2368 4363 2553 4417 triunt.
2581 4363 2734 4429 Quod
2756 4373 2934 4418 autem
2960 4365 3181 4419 verbum
3209 4364 3277 4420 sit
3308 4380 3452 4430 esca,
3483 4366 3604 4421 hinc
3620 4364 3771 4435 palam
3793 4369 3874 4415 est:

2372 4453 2512 4508 Dabo
2547 4455 2714 4520 enim,
2754 4455 2943 4524 inquit,
2985 4457 3055 4509 eis
3097 4473 3198 4509 non
3238 4459 3422 4526 fantem
3468 4459 3632 4528 panis,
3669 4471 3746 4508 nec
3781 4453 3872 4506 sitim

2365 4560 2529 4610 aqua,
2557 4547 2646 4597 sed
2666 4546 2850 4612 [amem
2872 4545 3114 4598 audiendi
3144 4546 3276 4599 uerbi
3305 4544 3517 4600 Domini
3541 4547 3704 4618 (Amos
3724 4544 3769 4597 8.
3795 4543 3870 4605 ll).

2364 4636 2470 4689 Lac
2496 4637 2632 4690 vobis
2662 4647 2834 4706 potum
2864 4637 3002 4704 dedi,
3035 4654 3136 4691 non
3179 4654 3342 4691 escam
3365 4637 3440 4710 (1.
3475 4639 3594 4694 Cor.
3621 4639 3671 4694 3.
3697 4635 3762 4705 9.).
3785 4631 3871 4686 Non

2363 4729 2521 4793 dixit,
2565 4727 2761 4795 Nutrii,
2801 4727 3095 4783 ostendens
3130 4729 3182 4782 id
3226 4743 3331 4784 non
3361 4744 3483 4784 esse
3534 4729 3869 4783 nutrimentum.

2363 4821 2456 4877 sed
2485 4821 2537 4876 id
2567 4836 2686 4877 esse
2722 4819 2862 4876 sicut
2891 4819 3201 4887 infantibus,
3230 4821 3320 4892 qui
3351 4837 3457 4876 non
3487 4829 3696 4892 possunt
3733 4811 3866 4873 nutriri

2365 4928 2498 4984 pane
2531 4929 2544 4966 :
2571 4913 2634 4967 iis
2665 4912 2807 4967 enim
2838 4927 2945 4967 non
2988 4912 3148 4967 datur
3174 4923 3349 4982 potus,
3399 4914 3493 4968 sed
3537 4923 3615 4968 est
3655 4912 3724 4966 eis
3749 4904 3868 4962 nutri-

2362 5016 2598 5060 mentum
2629 5019 2726 5076 pro
2751 5013 2900 5075 potu.
2935 5003 3120 5075 Neque
3157 5004 3317 5070 dixit,
3367 5004 3514 5074 Opus
3542 5003 3747 5064 habetis,
3785 4993 3864 5052 sed.

2363 5101 2509 5155 Facti
2539 5101 2654 5154 estis
2680 5099 2857 5168 quibus
2897 5098 3027 5152 lacte
3051 5114 3180 5167 opus
3204 5097 3290 5162 sit,
3324 5115 3426 5150 non
3459 5098 3620 5152 solido
3657 5095 3778 5154 cibo;
3799 5090 3865 5140 hoc

2358 5205 2460 5259 est,
2491 5193 2598 5247 Vos
2619 5192 2886 5253 voluistis,
2916 5206 3012 5245 vos
3042 5193 3187 5261 ipsos
3212 5205 3278 5244 eo
3297 5189 3598 5259 redegistis,
3625 5197 3672 5242 et
3695 5183 3747 5238 ad
3771 5181 3864 5233 hanc

2356 5285 2684 5355 compulistis
2724 5282 3124 5338 necessitatem.
3164 5282 3254 5336 15.
3291 5280 3468 5335 Omnis
3499 5281 3627 5333 enim
3669 5269 3861 5345 quiia!!!"l

2356 5386 2428 5430 est
2475 5375 2746 5444 particeps,
2793 5389 2976 5443 expers
3014 5383 3087 5426 est
3129 5375 3376 5427 sermonis
3399 5372 3609 5443 justitiae
3637 5385 3654 5422 :
3680 5362 3858 5437 parvulus

2356 5468 2488 5521 enim
2514 5475 2604 5520 est.
2640 5465 2778 5534 Quid
2808 5475 2890 5519 est
2933 5479 3114 5518 sermo
3141 5463 3405 5532 justitim?
3434 5463 3526 5516 llic
3566 5459 3683 5515 mihi
3709 5453 3857 5508 videtur

2355 5558 2514 5612 etiam
2544 5556 2668 5611 vita:
2699 5556 2961 5610 rationem
2981 5554 3318 5609 subindicare
3340 5572 3353 5606 :
3374 5551 3512 5622 quod
3529 5549 3721 5621 quidem
3744 5538 3855 5597 Chri-

2353 5657 2468 5702 stus
2481 5662 2693 5717 quoque
2711 5645 2940 5712 dicebat,
2952 5643 3069 5699 Nisi
3084 5645 3412 5698 abundaverit
3426 5643 3612 5705 iustitia
3629 5647 3761 5692 vestra
3775 5631 3853 5699 plus

2353 5757 2503 5806 uuam
2527 5739 2808 5795 scribarum
2833 5747 2881 5793 et
2923 5737 3306 5793 Pharisteorum
3347 5734 3555 5806 (Matth.
3587 5733 3636 5789 5.
3661 5726 3754 5796 20).
3776 5719 3852 5776 “0C
