4060 6440
273 354 349 413 73
1096 357 1163 415 lN
1201 356 1417 417 EPIST.
1458 358 1551 414 AD
1588 356 1950 415 nmmos.
1991 355 2141 413 csr.
2184 360 2251 417 v.
2292 314 2520 415 nonin.
2557 351 2694 413 Vlll.
3492 352 3561 402 τι

292 468 413 530 ipse
437 476 650 532 quoque
677 461 826 527 dicit,
861 461 1140 533 lmperitus
1187 467 1434 521 sermonis
1462 470 1683 537 justitia:
1717 486 1736 525 :
1768 471 1871 527 hoc

282 565 390 617 est,
419 554 700 624 imperitus
727 553 1076 626 philosophia:
1099 570 1367 628 supernae,
1410 575 1516 616 non
1539 570 1716 633 potest
1744 579 1867 619 sus-

282 647 469 716 cipere
513 646 675 699 vitam
708 645 995 716 perfectam
1040 655 1096 702 et
1137 658 1400 704 exactam.
1462 652 1567 707 Aut
1605 653 1865 723 justitiam

280 733 373 790 hic
398 733 529 789 dicit
553 733 843 805 Christum,
889 736 1272 806 excelsumque
1298 749 1353 794 et
1380 740 1662 797 sublimem
1693 743 1761 798 de
1799 758 1863 799 ca

278 843 341 882 re
370 841 695 881 Sermonem.
729 828 904 899 Atque
944 830 1076 884 dixit
1110 832 1332 902 quidem
1377 834 1521 904 quod
1550 834 1776 892 hebetes
1807 847 1863 892 et

276 917 532 972 imbecilli
560 918 682 973 facti
713 919 842 986 sint,
875 921 1139 977 undenam
1184 934 1387 989 autem,
1432 928 1667 983 nondum
1708 930 1863 985 addi-

276 1008 379 1073 dit,
411 1008 539 1077 ipsis
572 1008 622 1063 id
650 1010 928 1065 sciendum
954 1012 1251 1078 dimittens,
1277 1025 1331 1069 et
1356 1019 1640 1075 molestam
1667 1021 1858 1078 nolens

279 1104 512 1160 reddere
537 1104 857 1161 orationem.
882 1105 940 1162 In
971 1106 1173 1163 Calatis
1200 1120 1377 1166 autem
1406 1121 1461 1167 et
1506 1111 1728 1167 miratus
1756 1121 1862 1177 est,

274 1206 336 1250 et
367 1196 629 1253 dubitavit
654 1202 669 1251 ξ
696 1198 838 1268 quod
882 1200 1053 1255 multo
1096 1201 1270 1270 majus
1314 1212 1400 1257 est
1444 1201 1516 1257 ad
1541 1203 1863 1258 consolatio-

277 1304 430 1353 nem,
475 1298 532 1342 ut
557 1289 645 1359 qui
674 1303 961 1358 numquam
994 1301 1363 1361 exspectasset
1389 1291 1505 1348 fore
1544 1302 1602 1347 ut
1635 1291 1738 1349 hoc
1764 1293 1863 1350 lie.

274 1390 383 1432 ret.
417 1377 527 1435 Hoc
553 1381 697 1434 enim
726 1390 809 1435 est
833 1379 1118 1437 dubitatio.
1149 1381 1309 1438 Vides
1349 1383 1509 1438 aliam
1535 1397 1655 1438 esse
1686 1383 1860 1440 infan-

274 1470 454 1524 tiam?
503 1469 654 1525 vides
702 1461 867 1525 aliam
913 1485 1035 1527 esse
1078 1472 1503 1542 perfectionem?
1551 1473 1861 1531 Efficiamur

272 1578 409 1633 ergo
435 1562 653 1633 perfecti
696 1562 796 1618 hac
840 1564 1211 1633 perfectione:
1245 1565 1392 1630 licet,
1436 1567 1647 1623 etiamsi
1691 1567 1860 1622 simus

271 1654 429 1725 pueri
460 1663 514 1709 et
538 1653 785 1725 juvenes,
815 1654 881 1708 ad
913 1654 1059 1709 illam
1082 1655 1269 1711 venire
1294 1658 1681 1728 perfectionem
1713 1676 1726 1708 τ
1753 1673 1861 1712 non

270 1755 362 1801 est
384 1745 532 1801 enim
555 1754 779 1812 naturze,
806 1744 901 1800 sed
931 1745 1161 1801 virtutis.
1198 1748 1288 1803 14.
1321 1746 1672 1819 Perfectorum
1692 1757 1860 1802 autem

270 1850 349 1893 est
398 1834 592 1892 solidus
642 1837 784 1891 cibus
815 1852 1031 1892 :eorum
1081 1840 1169 1909 qui
1214 1856 1307 1909 pro
1335 1839 1448 1911 ipsa
1501 1842 1863 1896 consuetudine

271 1930 577 1984 exercitatos
604 1930 787 1984 habent
819 1944 998 1985 sensus
1022 1930 1091 1983 ad
1122 1930 1476 1986 discretionem
1506 1932 1626 1986 boni
1646 1943 1694 1987 et
1715 1935 1857 1988 mali.

271 2024 415 2093 Quid
456 2024 623 2079 vero?
678 2038 787 2081 non
828 2022 1099 2083 habebant
1144 2023 1219 2079 illi
1265 2024 1467 2083 sensus
1512 2026 1860 2092 exercitatos,

275 2131 457 2188 neque
471 2115 707 2170 sciebant
722 2114 849 2184 quid
876 2115 1100 2181 bonum,
1116 2114 1245 2186 quid
1276 2116 1471 2169 malum
1488 2116 1512 2169 ?
1528 2118 1611 2170 Ab
1627 2132 1693 2171 eo
1719 2132 1861 2172 nunc

285 2224 397 2262 non
416 2207 577 2277 agitur
600 2205 670 2262 de
697 2206 828 2273 vita,
859 2205 1074 2276 quando
1098 2206 1251 2275 dicit,
1269 2207 1349 2261 Ad
1375 2208 1725 2263 discretionem
1743 2209 1861 2263 boni

284 2308 335 2351 et
372 2294 800 2360 mali;bocenim
831 2304 1008 2366 potest
1035 2296 1256 2367 quilibet
1282 2298 1443 2362 scire,
1473 2308 1528 2354 et
1549 2309 1633 2355 est
1666 2298 1859 2366 facile;

276 2387 379 2442 sed
406 2388 473 2442 de
498 2387 662 2443 rectis
685 2396 739 2443 et
768 2387 1090 2443 sublimibus
1118 2387 1481 2458 dogmatibus,
1511 2399 1567 2445 et
1592 2388 1659 2446 de
1684 2392 1862 2461 pravis

275 2478 676 2549 humilibusque
720 2486 777 2533 et
813 2476 1062 2547 abiectis.
1091 2476 1269 2533 Infans
1307 2494 1411 2533 non
1442 2490 1620 2548 potest
1663 2481 1859 2537 malum

270 2580 330 2624 et
360 2569 556 2624 bonum
578 2569 763 2627 cibum
786 2568 1152 2640 distinguere:
1181 2585 1327 2641 saepe
1354 2571 1567 2641 quidem
1593 2581 1649 2627 et
1670 2572 1860 2642 pulve-

268 2674 389 2715 rem
432 2661 487 2714 in
534 2675 596 2715 os
645 2659 837 2729 injicit,
883 2670 932 2714 et
983 2660 1126 2730 quod
1169 2672 1251 2717 est
1291 2663 1511 2718 noxium
1551 2663 1764 2735 accipit,
1806 2654 1863 2721 et

268 2750 457 2804 omnia
479 2750 605 2806 facit
633 2750 770 2806 citra
792 2750 1199 2809 discretionem.
1221 2750 1328 2809 Sed
1355 2770 1462 2809 non
1492 2766 1575 2811 est
1596 2756 1860 2826 ejusmodi

271 2844 323 2896 id
352 2842 499 2911 quod
542 2852 625 2897 est
653 2842 972 2913 perfecmm.
1006 2843 1164 2899 Tales
1210 2853 1336 2899 sunt
1378 2845 1469 2915 qui
1500 2848 1750 2903 omnibus
1778 2858 1860 2905 te-

270 2947 425 2988 mere
466 2933 704 2988 aui‘mum
749 2933 1030 3000 adhibent,
1085 2942 1141 2990 et
1184 2935 1303 2991 sine
1348 2935 1661 2995 discrimine
1701 2956 1862 2998 aures

273 3026 521 3097 prcebent
547 3044 561 3080 :
593 3033 649 3081 et
677 3041 772 3082 eos
809 3025 1157 3097 reprehendit
1196 3037 1255 3082 ut
1280 3028 1367 3097 qui
1395 3038 1599 3086 temere
1624 3032 1863 3088 cireum-

273 3120 539 3185 ferantur,
568 3127 624 3173 et
648 3133 791 3173 nune
817 3118 1031 3189 quidem
1065 3119 1169 3184 his,
1202 3135 1346 3175 nunc
1372 3135 1500 3177 vero
1528 3124 1635 3181 illis
1675 3139 1734 3183 se
1759 3126 1860 3183 de-

271 3209 407 3264 dant
434 3228 448 3264 :
474 3209 617 3280 quod
646 3211 807 3265 etiam
843 3210 894 3264 in
934 3211 1037 3264 fine
1085 3210 1467 3280 subindicavit,
1499 3213 1707 3283 dicens,
1750 3216 1859 3274 Doo

270 3300 453 3355 ctrinis
490 3300 643 3355 variis
676 3310 725 3355 et
751 3303 1028 3371 peregrinis
1067 3301 1223 3356 nolite
1250 3302 1467 3367 abduci;
1496 3304 1599 3360 hoc
1645 3317 1749 3376 est,
1781 3309 1863 3364 Ad

270 3392 627 3446 discretionem
651 3392 771 3447 boni
796 3402 843 3447 et
878 3393 1021 3447 mali.
1055 3392 1189 3449 Nam
1227 3404 1414 3466 guttur
1442 3396 1657 3466 quidem
1682 3410 1859 3471 gustat

270 3482 448 3547 cibos,
476 3482 654 3537 anima
678 3497 809 3537 vero
831 3497 1133 3541 sermones.

343 3573 401 3626 ι.
459 3572 727 3639 Quomodo
796 3573 1128 3628 discernenda
1186 3576 1351 3631 errori
1408 3577 1519 3648 apti
1568 3579 1856 3649 emcientur.

271 3663 563 3731 Scripturte
605 3680 733 3733 quos
775 3667 1039 3720 habuerint
1078 3670 1397 3737 interpretes.
1443 3699 1517 3709 —
1565 3669 1674 3726 Nos
1719 3685 1857 3742 quo-

258 3771 371 3825 que
412 3755 515 3810 hoc
552 3754 822 3811 discamus
859 3773 872 3808 :
915 3756 959 3811 si
989 3756 1223 3813 audieris
1259 3757 1401 3827 quod
1437 3772 1543 3812 non
1590 3756 1660 3813 sit
1684 3757 1840 3815 Crte-

254 3860 393 3911 cus,
442 3859 542 3900 nec
580 3845 828 3912 Iudaeus,
871 3854 940 3911 ne
971 3848 1211 3917 protinus
1250 3848 1523 3905 existimes
1559 3864 1680 3905 eum
1720 3864 1840 3906 esse

251 3936 625 3991 Christianum
648 3979 664 4003 ,
696 3937 789 3993 sed
831 3938 990 3992 etiam
1018 3938 1119 3994 alia
1147 3939 1327 3995 omnia
1368 3940 1641 3996 examines
1671 3957 1686 3994 :
1716 3956 1837 3996 nam

250 4038 312 4082 et
344 4027 654 4095 Manichaei,
700 4037 755 4083 et
781 4044 969 4084 omnes
1010 4029 1242 4085 haereses
1272 4034 1411 4085 hanc
1438 4047 1720 4101 personam
1758 4032 1835 4087 in-

248 4119 525 4185 ducrunt,
565 4128 623 4173 ut
663 4119 743 4174 sic
791 4119 1064 4190 decipiant
1111 4120 1465 4190 simpliciores
1495 4141 1509 4177 :
1540 4122 1633 4176 sed
1664 4123 1708 4176 si
1739 4121 1834 4177 ha-

248 4212 481 4265 beamus
522 4209 689 4265 animi
732 4225 925 4265 sensus
967 4211 1293 4266 exercitatos
1341 4211 1407 4266 ad
1452 4212 1833 4268 discretionem

243 4301 381 4357 boni
426 4311 481 4356 et
519 4302 677 4369 mali,
709 4302 1006 4372 poterimus
1036 4316 1131 4357 eos
1178 4302 1509 4359 discernere.
1553 4304 1834 4369 Quomodo

240 4405 433 4448 autem
457 4395 589 4448 fiunt
615 4409 805 4449 sensus
843 4393 1013 4448 nostri
1036 4394 1357 4449 exercitati?
1386 4396 1428 4449 A
1457 4396 1709 4449 continua
1736 4411 1831 4451 au-

238 4487 489 4548 ditione.
522 4501 551 4540 a
595 4486 993 4556 Scripturarum
1026 4486 1236 4555 peritia.
1279 4485 1503 4553 Quando
1531 4487 1673 4542 enim
1703 4502 1830 4557 pro-

241 4579 592 4649 pesuerimus
618 4594 804 4633 eorum
847 4592 1087 4633 errorem
1109 4618 1124 4640 .
1161 4586 1215 4633 et
1257 4576 1415 4633 hodie
1443 4580 1741 4646 audiveris,
1774 4589 1830 4635 et

233 4685 367 4724 cras
398 4684 503 4723 non
531 4676 680 4724 recte
713 4668 913 4723 habere
954 4668 1268 4739 probaveris
1288 4710 1303 4733 ,
1351 4677 1523 4724 totum
1549 4670 1782 4725 didicisti
1809 4711 1825 4737 ,

235 4769 415 4815 totum
458 4758 754 4828 cognovisti
785 4776 797 4811 :
828 4768 881 4814 et
912 4759 958 4813 si
998 4758 1157 4814 hodie
1188 4776 1293 4814 non
1329 4761 1822 4830 comprehendisti,

228 4867 359 4907 cras
400 4849 848 4920 comprehendes.
894 4848 1125 4914 Eorum,
1153 4850 1363 4920 inquit,
1404 4851 1491 4922 qui
1532 4867 1706 4907 sensus
1728 4852 1823 4906 ha-

229 4946 355 4999 bent
388 4942 713 4996 exercitatos.
749 4938 912 4995 Vides
937 4940 1080 5010 quod
1110 4955 1269 4995 aures
1296 4950 1492 4995 nostra:
1527 4943 1637 4996 sint
1660 4957 1821 4998 exer-

227 5035 427 5091 cenda:
465 5033 665 5088 divinis
709 5031 1071 5086 auditionibus
1096 5073 1111 5097 ,
1160 5040 1218 5086 ut
1247 5047 1353 5086 non
1383 5031 1630 5087 dicantur
1662 5049 1816 5105 pere-

226 5128 433 5198 grina?
480 5124 831 5192 Ezercitatos,
883 5123 1087 5195 inquit,
1139 5125 1208 5177 ad
1268 5125 1617 5181 discretionem
1660 5143 1675 5181 :
1717 5127 1819 5182 hoc

225 5229 360 5285 cst,
416 5232 540 5273 esse
595 5217 844 5288 peritum.
894 5216 1046 5271 Alius
1096 5216 1309 5286 quidem
1372 5215 1503 5271 dicit
1544 5230 1650 5271 non
1697 5233 1817 5274 esse

226 5310 714 5373 resurrectionem;
769 5308 907 5361 alius
960 5315 1138 5362 autem
1180 5321 1248 5362 ex
1285 5307 1474 5361 futuris
1528 5306 1656 5362 nihil
1710 5322 1811 5363 ex-

226 5411 475 5473 spectat;
506 5401 638 5454 alins
662 5399 824 5453 alium
853 5396 985 5452 dicit
1018 5397 1184 5453 Deum
1213 5414 1228 5463 ;
1269 5398 1403 5454 alius
1431 5413 1459 5452 a
1498 5398 1662 5454 Maria
1689 5416 1812 5455 eum

227 5494 430 5549 habere
454 5492 796 5563 principium.
845 5488 981 5544 Vide
1023 5499 1202 5545 autem
1249 5492 1494 5561 protinus
1539 5493 1811 5562 quomodo

227 5598 419 5639 omnes
445 5591 572 5639 sunt
599 5583 730 5651 lapsi
754 5596 819 5637 ex
843 5579 1308 5648 immoderatione,
1334 5597 1454 5637 cum
1477 5584 1566 5638 alii
1595 5584 1808 5655 quidem

230 5676 383 5742 plus,
432 5674 524 5727 alii
577 5687 707 5728 vero
764 5672 938 5725 minus
985 5669 1288 5728 habuerint.
1332 5672 1577 5744 Exempli
1623 5691 1806 5741 causa,

232 5768 401 5836 prima
444 5763 663 5835 quidem
708 5764 947 5821 omnium
974 5762 1195 5820 haeresis
1237 5774 1319 5820 est
1346 5763 1628 5821 Marcionis
1670 5784 1683 5820 :
1718 5766 1806 5823 illa

1971 467 2133 521 alium
2160 467 2454 522 introduxit
2480 468 2678 532 Deum,
2726 468 2814 538 qui
2849 482 2953 523 non
2983 475 3087 524 est.
3128 468 3267 525 Ecce
3313 470 3399 527 hic
3430 474 3547 542 plus

1968 566 2070 612 est.
2102 556 2229 611 Post
2259 556 2399 610 illam
2430 555 2650 611 haeresis
2679 558 2922 623 Sabellii,
2954 575 3072 628 qua:
3102 560 3233 616 dicit
3261 561 3454 616 Filium
3484 572 3539 617 et

1971 646 2181 700 Patrem
2224 655 2278 700 et
2304 643 2560 714 Spiritum
2612 663 2770 701 unam
2823 664 2945 703 esse
2991 664 3298 719 personam.
3343 651 3545 708 Deinde

1966 736 2197 791 Marcelli
2244 735 2465 790 hurresis
2506 746 2559 790 et
2591 736 2834 803 Photini,
2873 755 2993 810 qum
3030 740 3141 809 ipsa
3170 756 3384 812 quoque
3426 742 3545 797 hinc

1966 830 2081 901 ipsa
2108 828 2305 883 asserit
2339 836 2394 881 et
2420 826 2693 896 praedicat.
2723 830 2789 882 Et
2818 829 2963 883 Pauli
2998 830 3332 887 Samosateni
3372 833 3546 888 luere-

1961 922 2038 977 sis
2059 961 2075 984 ,
2120 919 2303 974 dicens
2330 933 2452 973 eum
2498 917 2747 974 habuisse
2786 919 2992 974 initium
3033 938 3099 975 ex
3124 922 3309 979 Maria.
3340 923 3541 980 Deinde

1961 1009 2183 1067 hmresis
2213 1013 2625 1068 Manichazorum
2655 1030 2668 1065 :
2695 1013 2812 1067 h:ee
2840 1023 2923 1068 est
2970 1017 3111 1067 enim
3160 1014 3399 1069 omnium
3449 1031 3538 1068 re-

1959 1103 2289 1159 centissima.
2319 1104 2445 1159 Post
2466 1104 2581 1158 illas
2608 1104 2829 1159 haeresis
2854 1103 2988 1157 Arii.
3013 1103 3149 1159 Sunt
3174 1114 3353 1160 autem
3375 1105 3536 1160 etiam

1958 1196 2099 1251 aliae.
2128 1195 2195 1250 Et
2219 1195 2340 1250 ideo
2370 1195 2529 1251 ﬁdem
2555 1195 2880 1266 accepimus,
2907 1210 2976 1250 ne
3002 1210 3224 1250 necesse
3247 1195 3538 1249 habeamus

1956 1287 2024 1340 ad
2069 1287 2488 1342 innumerabiles
2534 1286 2768 1343 hzereses
2814 1287 3102 1355 accedere,
3155 1289 3442 1358 vexarique
3483 1298 3537 1343 et

1960 1376 2201 1432 molestia
2240 1376 2379 1431 affici
2399 1418 2415 1444 ,
2443 1377 2538 1433 sed
2564 1376 2709 1447 quod
2738 1378 2791 1433 ei
2817 1366 2906 1433 vel
2935 1377 3240 1443 addiderit,
3289 1380 3375 1433 vel
3403 1378 3530 1434 ade-

1956 1467 2115 1522 merit
2158 1468 2424 1539 quiSpiam
2446 1512 2462 1538 ,
2504 1469 2559 1525 id
2586 1469 2957 1526 existimemus
2990 1484 3114 1524 esse
3151 1470 3530 1525 adulterinum.

1954 1557 2088 1612 Nam
2115 1560 2252 1613 sicut
2279 1560 2316 1614 ii
2358 1561 2447 1630 qui
2476 1560 2607 1615 dant
2654 1562 2899 1631 regulas,
2941 1576 3047 1615 non
3078 1577 3302 1616 necesse
3334 1562 3531 1616 habent

1956 1663 2236 1703 mensuras
2264 1649 2681 1707 innumerabiles
2699 1652 2910 1705 curiose
2942 1652 3235 1720 inquirere,
3268 1651 3361 1706 sed
3385 1652 3529 1705 illaut

1952 1753 2072 1808 quae
2114 1739 2234 1793 data
2267 1740 2363 1794 fuit
2387 1740 2585 1812 jubent
2613 1750 2801 1797 tenere
2828 1758 2842 1793 :
2868 1742 2938 1795 ita
2977 1743 3138 1799 etiam
3168 1742 3222 1795 in
3267 1741 3527 1814 dogmati-

1952 1829 2071 1886 bus.
2101 1829 2206 1885 Sed
2233 1845 2391 1885 nemo
2415 1838 2530 1885 vult
2557 1831 2838 1886 attendere
2865 1831 3159 1901 Scripturis
3184 1849 3197 1886 :
3226 1847 3348 1886 nam
3371 1833 3416 1885 si
3443 1840 3525 1887 at-

1953 1922 2312 1985 tenderemus,
2338 1936 2444 1977 non
2461 1924 2632 1977 solum
2660 1937 2765 1976 non
2793 1922 3151 1979 ineideremus
3178 1923 3231 1976 in
3254 1939 3525 1990 errorem,

1950 2012 2046 2067 sed
2088 2012 2247 2067 etiam
2278 2011 2534 2082 deceptos
2570 2012 2954 2079 liberaremus,
2983 2023 3039 2068 et
3061 2012 3467 2068 extraherernus
3495 2030 3522 2065 ιι

1950 2105 2223 2174 periculis.
2264 2104 2398 2159 Nam
2445 2105 2601 2160 miles
2647 2104 2802 2159 fortis
2832 2121 2938 2160 non
2983 2105 3087 2160 sibi
3133 2105 3309 2160 solum
3351 2114 3525 2175 potest

1948 2194 2230 2264 sufficere,
2259 2195 2354 2250 sed
2385 2196 2548 2251 etiam
2575 2197 2663 2266 qui
2693 2207 2776 2251 est
2810 2196 2957 2267 juxta
2988 2212 3110 2253 eum
3152 2198 3360 2252 socium
3389 2211 3521 2252 con-

1951 2298 2199 2353 servare,
2231 2292 2286 2341 et
2312 2284 2381 2340 ab
2427 2285 2658 2340 hostium
2703 2301 2839 2341 noxa
2870 2286 3115 2342 liberare.
3163 2286 3313 2341 Nunc
3343 2296 3520 2342 autem

1950 2392 2046 2431 nec
2063 2376 2204 2447 quod
2226 2377 2333 2432 sint
2353 2377 2569 2449 quidem
2589 2377 2878 2449 Scripturae
2900 2387 3098 2433 norunt
3112 2378 3277 2448 aliqui
3300 2395 3312 2431 :
3337 2394 3523 2449 quam-

1946 2483 2105 2537 quam
2150 2478 2368 2523 sanctus
2399 2469 2629 2538 Spiritus
2670 2478 2777 2522 tam
2821 2468 2988 2522 multa
3035 2467 3427 2523 administravit
3468 2479 3526 2523 ut

1948 2574 2027 2613 eae
2055 2558 2478 2614 custodirentur.
2512 2559 2695 2614 Videte
2741 2568 2919 2613 autem
2962 2558 3033 2613 ab
3074 2559 3190 2628 ipso
3219 2567 3525 2629 repetentes

1947 2649 2130 2717 initio,
2184 2661 2242 2705 ut
2295 2651 2387 2706 Dei
2440 2650 2661 2706 discatis
2717 2650 3039 2706 ineffabilem
3087 2652 3521 2722 benignitatem:

1950 2742 2132 2797 Mosen
2155 2742 2463 2812 inspiravit,
2482 2742 2689 2798 tabulas
2716 2741 3014 2812 insculpsit,
3042 2743 3390 2814 quadraginta
3407 2744 3525 2799 dies

1947 2849 2070 2889 eum
2089 2834 2258 2889 tenuit
2285 2835 2335 2888 in
2354 2844 2555 2903 monte,
2579 2843 2634 2891 et
2659 2848 2844 2890 rursus
2865 2834 3082 2890 totidem
3105 2836 3325 2891 utdaret
3348 2836 3521 2906 legem

1947 2923 2261 2996 (Exod.52).
2284 2925 2473 2980 Postea
2489 2934 2667 2979 autem
2690 2925 2834 2979 misit
2850 2924 3135 2995 prophetas
3147 2927 3282 2981 mala
3302 2941 3523 2997 perpes-

1943 3028 2033 3070 sos
2062 3014 2491 3070 innumerabilia.
2514 3014 2709 3086 Ingruit
2727 3015 2943 3082 bellum,
2961 3031 3147 3072 omnes
3170 3018 3520 3081 sustulerunt,

1943 3106 2356 3174 consciderunt,
2387 3109 2560 3163 exusti
2602 3107 2814 3164 fuerunt
2838 3109 2981 3165 libri.
3008 3111 3185 3166 Alium
3222 3128 3409 3168 rursus
3438 3116 3519 3168 vi-

1945 3215 2060 3254 rum
2090 3199 2369 3269 inspiravit
2398 3200 2766 3256 admirabilem
2788 3242 2804 3269 ,
2837 3210 2893 3256 ut
2919 3202 3041 3258 illos
3067 3214 3362 3273 eXponeret
3382 3248 3397 3272 ,
3424 3206 3522 3263 Es-

1942 3288 2130 3356 dram,
2172 3288 2391 3358 inquam
2412 3331 2428 3356 ,
2473 3298 2528 3345 et
2559 3288 2684 3345 fecit
2709 3300 2769 3345 ut
2813 3302 3264 3362 componerentur
3302 3310 3368 3351 ex
3396 3298 3520 3352 reli-

1942 3379 2113 3449 quiis.
2165 3378 2358 3435 Postea
2416 3390 2595 3436 autem
2655 3383 2864 3437 curavit
2920 3392 2978 3437 ut
3031 3383 3378 3456 Septuaginta
3429 3402 3521 3443 eas

1943 3471 2425 3542 interpretarentur
2455 3490 2469 3528 :
2496 3472 2573 3527 illi
2611 3488 2703 3528 eas
2747 3483 2872 3528 sunt
2899 3474 3254 3546 interpretati.
3294 3476 3522 3534 Advenit

1942 3561 2217 3629 Christus,
2268 3579 2360 3620 eas
2386 3565 2642 3636 suscipit,
2677 3567 2906 3637 apostoli
2950 3568 3003 3622 in
3047 3584 3236 3624 omnes
3279 3570 3522 3626 dissemi-

1953 3670 2084 3717 nant
2111 3678 2126 3716 :
2158 3660 2408 3718 Christus
2430 3662 2558 3718 fecit
2585 3665 2737 3735 signa
2758 3674 2815 3721 et
2839 3667 3117 3724 miracula.
3139 3670 3279 3738 Quid
3301 3672 3537 3728 deinde?

1955 3755 2079 3811 Post
2100 3764 2207 3810 tam
2224 3756 2409 3822 multa,
2432 3764 2540 3811 tam
2562 3766 2811 3814 scemate
2830 3768 2999 3829 gesta,
3019 3761 3352 3832 scripserunt
3371 3764 3533 3819 etiam

1952 3847 2199 3918 apostoli,
2226 3847 2365 3903 sicut
2385 3847 2546 3903 etiam
2568 3849 2701 3904 dixit
2729 3849 2924 3907 Paulus
2951 3870 2965 3906 :
2992 3853 3199 3926 Scripta
3227 3864 3341 3910 sunt
3368 3866 3535 3911 autent

1952 3940 2020 3992 ad
2062 3949 2287 3994 nostram
2335 3940 2765 4005 admonitionem,
2795 3942 2863 3994 ad
2909 3959 3033 4010 quos
3061 3946 3188 4013 ﬁnes
3231 3948 3534 4000 stzculorum

1951 4040 2281 4101 pervenerunt
2299 4031 2373 4099 (1.
2401 4030 2520 4086 Cor.
2552 4030 2637 4087 10.
2668 4033 2778 4103 ll).
2801 4032 2868 4088 Et
2887 4032 3132 4089 Christus
3156 4035 3367 4092 dicebat
3394 4054 3406 4091 :
3433 4036 3533 4091 Er-

1950 4124 2092 4186 ratis,
2121 4122 2391 4177 nescientes
2417 4122 2713 4194 Scripturas
2741 4122 2954 4195 (Matth.
2983 4125 3075 4180 2‘2.
3101 4126 3218 4198 29).
3253 4128 3320 4183 Et
3346 4146 3532 4185 rursus

1948 4214 2158 4269 dicebat
2186 4213 2384 4270 Paulus
2411 4233 2424 4269 :
2455 4214 2554 4269 Per
2578 4217 2873 4286 patientiam
2891 4228 2937 4272 et
2964 4222 3361 4275 consolationem
3382 4223 3529 4278 Scri.

1950 4316 2213 4372 pturarum
2251 4322 2392 4375 spent
2432 4306 2706 4363 habeamus
2750 4308 2928 4380 (Rom.
2979 4312 3066 4367 15.
3105 4314 3197 4384 4);
3246 4325 3301 4370 et
3343 4331 3527 4373 rursus

1948 4397 2127 4452 Omnis
2152 4398 2406 4469 scriptura
2437 4398 2678 4453 divinitus
2704 4401 2955 4471 inspirata
2985 4414 3058 4458 est
3088 4405 3231 4459 utilis
3273 4406 3354 4475 (2.
3386 4405 3525 4463 Tim.

1943 4491 1998 4545 5.
2029 4492 2150 4561 ili),
2183 4499 2268 4555 et,
2310 4489 2528 4545 Verbum
2572 4489 2762 4546 Christi
2791 4492 2979 4548 habitet
3008 4496 3063 4548 in
3092 4498 3229 4553 vobis
3257 4499 3512 4554 abundau-

1945 4592 2015 4636 ter
2043 4581 2179 4654 (Col.
2211 4582 2264 4636 5.
2295 4581 2403 4653 16).
2436 4582 2503 4637 Ει
2531 4582 2791 4653 propheta
2816 4625 2833 4652 ,
2876 4584 2941 4638 In
2970 4587 3078 4657 lege
3104 4589 3219 4660 ejus
3256 4591 3521 4646 meditabi-

1941 4682 2025 4727 tur
2049 4673 2131 4728 die
2154 4690 2216 4727 ac
2243 4684 2388 4728 nocte
2421 4672 2592 4745 (Psal.
2629 4676 2679 4729 1.
2710 4675 2808 4744 2);
2841 4686 2895 4731 et
2926 4693 3111 4732 rursus
3137 4680 3301 4748 alibi,
3348 4682 3525 4739 Omnis

1940 4765 2168 4821 narratio
2192 4775 2279 4820 tua
2306 4766 2372 4819 sit
2400 4767 2455 4820 in
2479 4767 2589 4837 lege
2607 4767 2855 4819 Altissimi
2879 4766 3068 4838 (Eccli.
3093 4768 3146 4824 9.
3175 4769 3268 4841 23)
3284 4788 3301 4835 ;
3328 4780 3384 4827 et
3408 4789 3516 4829 rur-

1938 4872 2063 4923 sus,
2095 4857 2259 4925 Quam
2284 4858 2458 4911 dulcia
2485 4859 2681 4929 gutturi
2706 4875 2814 4912 meo
2847 4858 3045 4928 eloquia
3068 4870 3154 4915 tua
3182 4860 3201 4935 (
3231 4878 3337 4918 non
3364 4865 3519 4932 dixit,

1936 4949 2171 5004 Auribus
2193 4991 2209 5014 ,
2235 4949 2329 5004 sed
2350 4990 2366 5017 ,
2401 4948 2609 5027 Gutturi
2647 4966 2757 5004 meo
2787 4948 2808 5023 )
2836 4967 2989 5020 super
3027 4954 3125 5006 mel
3151 4964 3198 5007 et
3237 4958 3409 5026 favum
3444 4962 3522 5014 ori

1942 5060 2055 5098 meo
2069 5042 2241 5110 (Psal.
2262 5043 2345 5098 l8.
2371 5045 2480 5113 ll).
2495 5042 2559 5098 Et
2579 5044 2780 5111 Moses,
2796 5046 2937 5103 Medi
2946 5050 3429 5123 taberis,inquit,in
3446 5057 3522 5113 eis

1940 5148 2164 5202 seraper,
2188 5150 2426 5204 surgens,
2452 5136 2657 5198 sedens,
2682 5137 2878 5191 cubans
2907 5137 3095 5208 (Deut.
3118 5141 3169 5195 6.
3196 5141 3271 5212 7).
3311 5144 3437 5199 Ideo
3467 5155 3524 5200 et

1943 5225 2147 5280 Paulus
2163 5225 2410 5281 scribens
2423 5225 2835 5283 adTimotheum
2850 5228 3066 5285 dicebat
3081 5229 3287 5286 :lnillis
3300 5236 3519 5297 sta,hazc

1944 5317 2197 5373 meditare
2222 5318 2297 5385 (1.
2322 5317 2460 5375 Tim.
2480 5318 2534 5373 4.
2560 5320 2860 5392 l5).Atque
2885 5322 3172 5380 innumera
3194 5324 3262 5380 de
3287 5324 3372 5382 his
3406 5326 3515 5383 dici

1932 5408 2157 5476 possint.
2184 5406 2289 5462 Sed
2334 5415 2511 5464 tamen
2546 5418 2665 5477 post
2695 5417 2802 5464 tam
2847 5412 3012 5466 multa
3046 5422 3169 5468 sunt
3215 5415 3375 5486 aliqui
3424 5420 3512 5488 qui

1930 5499 2176 5555 nesciunt
2196 5498 2410 5570 quidem
2432 5501 2573 5571 quod
2592 5502 2698 5555 sint
2716 5502 3027 5574 Scriptum.
3057 5506 3346 5576 Pr0pterea
3370 5510 3510 5579 apud

1929 5606 2026 5646 nos
2054 5591 2184 5646 nihil
2214 5606 2421 5655 sanum,
2447 5591 2581 5646 nihil
2608 5602 2832 5660 rectum,
2863 5595 2992 5649 nihil
3017 5597 3162 5652 utile.
3187 5595 3291 5653 Sed
3321 5600 3363 5653 si
3386 5602 3512 5656 velit

1925 5681 2414 5753 quidemquispiam
2436 5691 2606 5737 artem
2631 5682 2839 5740 discere
2862 5686 3167 5754 militarem,
3191 5704 3413 5744 necesse
3426 5702 3509 5745 est

1926 5773 2141 5843 utleges
2159 5773 2330 5830 discat
2355 5773 2641 5831 militares:
2667 5785 2716 5831 et
2746 5776 2792 5831 si
2813 5775 3067 5846 quisvelit
3093 5777 3299 5835 discere
3329 5781 3505 5835 scien-
