4060 6440
551 361 619 418 τε
1266 354 1323 412 s.
1363 350 1638 410 JOANNIS
1675 343 2139 404 cnnvsosrout
2181 341 2491 398 AllClllEP.
2531 342 3064 401 CONSTANTINOP.
3754 350 3818 407 7s

565 473 686 514 tiam
718 459 1063 530 gubernaculi
1088 501 1101 525 ,
1130 467 1220 512 aut
1244 457 1573 524 fabricandi,
1601 468 1695 513 aut
1723 459 1771 514 si
1797 458 1926 529 quid
1957 459 2100 515 aliud
2124 502 2140 528 ,

562 568 783 606 necesse
812 562 895 606 est
923 563 976 604 ut
1004 549 1175 604 discat
1212 565 1332 619 qua:
1371 559 1499 603 sunt
1537 550 1669 605 artis
1691 565 1705 603 :
1730 549 1816 604 hic
1846 558 2026 606 autem
2057 551 2140 605 ni-

560 646 632 699 hil
665 644 837 713 agitur
863 641 1167 713 ejusmodi,
1198 640 1358 710 idque
1400 656 1522 695 cum
1550 639 1667 696 haee
1711 641 1934 696 scientia
1960 643 2142 696 multis

556 751 690 804 Opus
717 736 907 787 habeat
930 730 1144 802 vigiliis.
1176 731 1308 786 Nam
1328 731 1468 801 quod
1493 731 1593 787 hoc
1618 746 1831 802 quoque
1854 732 1924 786 sit
1949 748 2036 787 ars
2063 734 2140 786 in-

552 829 737 896 digens
764 825 1006 880 doctrina
1027 865 1042 890 ,
1071 823 1199 878 andi
1228 824 1547 898 prophetam
1575 823 1846 879 dicentem
1880 840 1896 881 :
1942 824 2134 890 Venite,

555 918 672 985 ﬁlii,
703 918 875 972 audite
900 935 978 973 me
1005 933 1024 972 :
1047 920 1278 973 timorem
1302 918 1510 974 Domini
1531 919 1717 974 docebo
1737 934 1824 974 sos
1844 919 2015 992 (Psal.
2041 919 2130 972 33.

555 1008 622 1062 l9.
653 1039 678 1049 -
709 1008 820 1078 Η).
854 1009 993 1065 Vere
1041 1025 1168 1080 ergo
1221 1011 1464 1066 doctrina
1513 1026 1650 1081 opus
1699 1009 1861 1066 habet
1911 1010 2006 1065 Dei
2065 1010 2135 1063 ti—

553 1117 694 1156 mor.
727 1102 929 1158 Deinde
955 1103 1031 1157 ait
1060 1119 1076 1160 :
1112 1105 1238 1169 Quis
1265 1114 1336 1159 est
1362 1106 1510 1159 homo
1535 1106 1621 1175 qui
1650 1105 1756 1160 vult
1775 1105 1929 1160 vitam
1953 1106 1980 1160 7
2005 1104 2132 1161 dicit

553 1191 715 1244 vitam
747 1208 867 1262 quae
894 1193 1003 1248 illic
1029 1204 1131 1249 est.
1168 1195 1233 1248 Et
1259 1210 1446 1250 rursus
1474 1195 1662 1251 Cohibe
1681 1197 1911 1266 linguam
1941 1207 2078 1252 tuam
2104 1214 2135 1252 a

554 1284 713 1348 malo,
739 1295 784 1338 et
811 1286 946 1339 labia
979 1296 1064 1340 tua
1088 1303 1148 1340 ne
1176 1288 1447 1356 loquantur
1467 1288 1640 1342 dolum
1661 1304 1681 1343 :
1703 1289 1903 1344 declina
1928 1306 1959 1343 a
1979 1290 2135 1354 malo,

553 1386 601 1430 et
634 1379 717 1445 fac
742 1376 929 1430 bonum
953 1394 973 1431 :
998 1394 1168 1448 qutere
1192 1395 1401 1448 pacem,
1445 1390 1493 1433 et
1534 1395 1829 1450 persequere
1855 1396 1986 1434 eam.
2019 1379 2137 1435 Sci-

555 1465 696 1521 tisne
733 1468 979 1537 quisnam
1026 1469 1289 1539 propheta
1332 1469 1447 1524 haec
1488 1468 1721 1536 dixerit,
1752 1479 1844 1525 aut
1883 1470 2138 1525 historioo

553 1557 806 1627 graphus,
836 1567 925 1613 aut
952 1559 1246 1628 apostolus,
1275 1568 1367 1614 aut
1394 1558 1762 1630 evangelista?
1790 1559 1902 1629 Ego
1922 1559 2137 1630 quidem

556 1667 660 1705 non
684 1652 896 1720 Opinor,
921 1661 1116 1721 praeter
1145 1665 1347 1721 paucos
1376 1667 1391 1706 :
1420 1659 1580 1721 atque
1607 1665 1794 1705 rursus
1822 1651 1885 1705 iis
1910 1651 2063 1720 ipsis,
2095 1652 2139 1705 si

556 1741 938 1796 adduxerimus
973 1741 1191 1797 aliunde
1220 1743 1620 1806 testimonium,
1652 1740 1794 1796 idem
1821 1741 1962 1811 quod
1989 1743 2138 1798 vobis

556 1834 786 1888 eveniet.
819 1835 957 1888 Ecce
983 1834 1125 1888 enim
1154 1833 1328 1887 dicam
1361 1832 1507 1886 idem
1540 1832 1740 1887 dictum
1770 1834 1889 1887 aliis
1918 1832 2097 1888 verbis
2123 1849 2138 1888 :

558 1923 823 1978 Lavamini
845 1965 861 1990 ,
891 1924 1068 1977 mundi
1108 1933 1299 1990 estote,
1325 1926 1524 1994 auferte
1559 1925 1832 1994 pravitates
1866 1933 2055 1979 vestras
2080 1923 2139 1977 ab

555 2013 821 2066 animabus
851 2014 1027 2067 vestris
1055 2029 1228 2066 coram
1258 2013 1420 2066 oculis
1446 2011 1568 2066 meis
1587 2051 1603 2077 ,
1645 2012 1822 2067 discite
1848 2013 2034 2066 bonum
2060 2017 2143 2084 fa-

555 2123 664 2159 cere
684 2147 699 2170 ,
725 2105 970 2177 exquirite
980 2105 1238 2175 judicium
1263 2121 1282 2158 :
1303 2103 1479 2157 cohibe
1500 2105 1729 2174 linguam
1759 2113 1899 2158 tuam
1925 2121 1956 2157 a
1981 2104 2138 2170 malo,

449 2277 456 2282 ψ
556 2208 602 2252 et
625 2201 706 2270 fac
736 2199 922 2252 bonum
951 2215 970 2252 :
1001 2198 1176 2252 discite
1201 2197 1386 2251 bonum
1416 2196 1622 2267 facere(
1652 2195 1782 2251 Isai.
1813 2197 1864 2252 1.
1899 2197 1989 2252 16.
2025 2196 2139 2268 17).

559 2290 719 2343 Vides
744 2289 886 2358 quod
935 2288 1105 2343 virtus
1131 2296 1285 2358 egeat
1324 2287 1609 2342 doctrina?
1653 2303 1776 2342 nam
1808 2288 1900 2342 ille
1926 2287 2142 2358 quidem

556 2380 722 2446 dicit,
758 2379 1008 2432 Timorem
1055 2377 1265 2434 Domini
1291 2377 1477 2432 docebo
1516 2394 1604 2433 vos
1643 2395 1662 2448 ;
1699 2377 1786 2434 hic
1816 2393 1945 2434 vero
1968 2419 1984 2446 ,
2015 2377 2142 2433 Dis-

557 2472 655 2525 cite
680 2472 864 2524 bonum
890 2471 1076 2540 facere.

627 2561 852 2616 Lector-is
886 2561 1100 2634 ofﬁcium
1148 2561 1201 2615 in
1231 2559 1485 2616 Ecclesia.
1527 2590 1601 2601 —
1627 2560 1857 2618 Scitisnc
1886 2561 1978 2618 ubi
2015 2561 2132 2619 inec

557 2654 658 2708 sita
705 2655 857 2708 sint?
887 2654 998 2723 Ego
1030 2651 1245 2723 quidem
1289 2668 1397 2706 non
1426 2651 1620 2722 opinor
1628 2694 1656 2733 θ
1686 2661 1882 2724 prater
1921 2669 2140 2726 paucos.

558 2745 716 2815 Atqui
746 2742 973 2815 singulis
1001 2741 1355 2798 hebdomadis
1382 2741 1498 2798 haec
1540 2743 1693 2799 vobis
1736 2743 1821 2801 bis
1848 2745 1931 2801 vel
1961 2753 2043 2803 ter
2064 2746 2143 2803 le-

2230 470 2468 532 guntur;
2497 468 2552 513 et
2578 472 2700 511 cum
2729 456 2897 510 lector
2922 447 3269 513 ascenderit,
3308 446 3439 502 dicit
3465 446 3695 519 primum
3727 464 3812 502 cu-

2229 555 2314 621 jus
2360 552 2430 606 sit
2471 550 2628 615 liber,
2671 560 2866 616 nempe
2915 545 3074 612 hujus
3119 541 3202 596 vel
3231 540 3380 595 illius
3408 539 3684 610 propheta:
3730 552 3812 592 aut

2231 642 2512 715 apostoli,
2558 648 2651 695 aut
2693 636 3073 707 evangelistae;
3133 642 3261 688 tunc
3302 632 3392 687 illa
3432 631 3604 698 dicit,
3649 641 3706 685 ut
3756 647 3813 687 ea

2232 736 2401 805 magis
2446 732 2669 804 signetis
2696 738 2751 785 et
2779 726 3105 790 observetis,
3150 733 3208 780 et
3254 738 3364 778 non
3411 723 3590 777 solum
3641 723 3817 776 sciatis

2232 845 2350 899 qum
2377 826 2488 881 illic
2512 825 2613 880 sita
2644 829 2791 888 sunt,
2823 817 2918 874 sed
2946 825 3002 873 et
3024 830 3241 872 causam
3265 829 3451 870 eorum
3474 829 3594 884 quae
3623 815 3817 882 scripta

2232 930 2377 988 sunt,
2408 929 2464 976 et
2489 917 2734 989 quisnam
2763 929 2826 968 ea
2850 911 3068 967 dixerit.
3101 907 3210 965 Sed
3237 907 3414 961 omnia
3439 904 3638 960 frustra
3668 904 3816 972 limit,

2233 1015 2632 1068 omniatemere
2662 1021 2679 1061 :
2709 1019 2831 1060 nam
2863 1010 3032 1057 totum
3054 1009 3293 1055 vestrum
3320 997 3554 1053 studium
3576 1005 3662 1053 est
3685 997 3818 1052 cllo-

2233 1118 2354 1160 sutn
2385 1102 2440 1157 in
2466 1113 2529 1156 ea
2557 1111 2676 1168 qua:
2704 1093 2773 1150 ad
2801 1094 2937 1148 hanc
2963 1090 3126 1146 vitam
3147 1087 3438 1159 pertinent,
3461 1087 3812 1158 spiritualium

2240 1206 2369 1246 vero
2397 1189 2544 1244 nulla
2573 1188 2801 1244 habetur
2823 1187 2982 1241 ratio.
3014 1184 3308 1253 Pr0pterea
3338 1195 3436 1235 nec
3463 1181 3554 1234 illa
3581 1177 3735 1230 vobis
3760 1190 3823 1229 ex

2236 1281 2500 1338 sententia
2527 1279 2817 1346 eveniunt;
2849 1277 2945 1335 sed
2979 1276 3091 1332 illic
3121 1290 3333 1346 quoque
3362 1273 3545 1328 multa:
3575 1280 3702 1326 sunt
3725 1267 3829 1323 dif-

2240 1375 2528 1429 ﬁcultates.
2557 1371 2689 1428 Nam
2709 1371 2960 1427 Christus
2981 1367 3194 1440 quidem
3222 1365 3353 1421 dicit
3380 1381 3396 1418 :
3420 1363 3586 1417 Petite
3613 1377 3824 1429 regnum

2243 1465 2335 1518 Dei
2359 1507 2374 1531 ,
2402 1473 2448 1519 et
2479 1465 2586 1518 haec
2615 1463 2787 1518 omnia
2816 1461 3126 1531 adjicientur
3154 1457 3290 1512 vobis
3314 1456 3335 1523 (
3358 1454 3545 1509 Matth.
3578 1452 3633 1508 6.
3661 1453 3733 1508 3'5
3758 1451 3777 1520 )
3807 1468 3822 1505 :

2239 1567 2293 1612 et
2319 1556 2434 1610 hzec
2453 1555 2666 1626 quidem
2693 1553 2824 1608 dicit
2844 1550 3016 1607 danda
3044 1564 3139 1620 pro
3159 1547 3503 1609 accessione;
3528 1559 3628 1598 nos
3648 1551 3824 1596 autem

2239 1647 2485 1704 ordinem
2521 1644 2878 1708 invertimus,
2925 1650 2981 1697 et
3027 1649 3226 1695 terram
3274 1637 3565 1708 quaerimus
3593 1643 3650 1690 et
3689 1634 3826 1688 bona

2243 1749 2401 1794 terrae
2445 1746 2715 1806 tamquam
2743 1734 2832 1788 illa
2859 1732 2967 1787 sint
2991 1729 3166 1786 danda
3196 1743 3292 1800 pro
3308 1725 3641 1782 accessione.
3691 1723 3826 1779 Pro-

2242 1841 2426 1902 pterea
2446 1845 2620 1900 neque
2641 1827 2759 1883 haec
2785 1826 3065 1891 habemus,
3091 1837 3266 1892 neque
3291 1821 3403 1876 illa.
3424 1817 3668 1874 Tandem
3698 1831 3827 1886 ergo

2243 1923 2641 1990 resipiscamus,
2695 1928 2751 1975 et
2797 1919 2974 1972 futura
3007 1914 3450 1982 concupiscamus
3499 1909 3634 1964 :sie
3680 1908 3824 1962 enim

2237 2010 2349 2065 haec
2372 2023 2586 2080 quoque
2609 2013 2916 2077 sequentur.
2940 2001 3086 2059 Fieri
3109 1999 3255 2056 enim
3279 2011 3387 2054 non
3418 2002 3618 2068 potest,
3648 2001 3711 2048 ut
3734 1994 3822 2063 qui

2235 2116 2302 2159 ea
2329 2100 2519 2172 quaerit
2544 2115 2661 2170 qua:
2700 2098 2810 2153 Deo
2837 2100 3174 2165 congruunt,
3201 2091 3433 2144 humana
3462 2101 3680 2158 quoque
3720 2100 3826 2139 non

2237 2199 2594 2263 assequatur:
2627 2189 2744 2244 haec
2779 2195 2864 2243 est
2906 2183 3171 2241 sententia
3223 2181 3392 2252 ipsius
3418 2177 3679 2234 Veritatis
3725 2174 3828 2231 hoc

2238 2282 2487 2340 dicentis.
2524 2280 2603 2337 Ne
2648 2293 2777 2351 ergo
2804 2277 2962 2332 aliter
2987 2273 3282 2339 faciamus,
3331 2268 3427 2326 sed
3467 2267 3668 2323 Christi
3695 2281 3825 2322 eoo-

2237 2375 2418 2431 silium
2449 2381 2764 2437 teneamus,
2795 2383 2865 2424 ne
2894 2367 2960 2422 ab
3002 2363 3255 2421 omnibus
3296 2360 3631 2417 excidamus.
3685 2358 3825 2412 Deus

2239 2475 2418 2521 autem
2450 2471 2534 2519 est
2571 2471 2763 2531 potens
2803 2473 2902 2514 nos
2930 2468 3326 2526 compungere,
3356 2460 3412 2508 et
3450 2449 3710 2506 meliores
3756 2449 3828 2502 fa-

2249 2572 2395 2625 cere,
2428 2556 2480 2610 in
2512 2553 2728 2611 Christo
2755 2550 2882 2607 Jesu
2915 2547 3142 2604 Domino
3162 2554 3368 2610 nostro,
3397 2556 3520 2598 cum
3549 2556 3660 2612 quo
3685 2539 3827 2595 Patri

2244 2664 2348 2705 una
2364 2663 2483 2703 cum
2501 2655 2687 2701 sancto
2702 2643 2903 2715 Spiritu
2917 2640 3107 2711 gloria,
3127 2637 3430 2709 imperium,
3448 2633 3625 2688 honor
3643 2644 3700 2688 et
3715 2632 3831 2686 ado-

2241 2741 2399 2808 ratio,
2419 2751 2560 2793 nunc
2581 2746 2635 2792 et
2650 2749 2885 2806 semper,
2900 2742 2955 2788 et
2982 2733 3034 2786 in
3052 2730 3244 2786 saecula
3268 2727 3610 2784 saeculorum.
3640 2726 3828 2781 Amen.

1907 2963 2256 3027 HOMILIA
2292 2965 2413 3029 IX.

572 3115 707 3173 CAP.
755 3117 809 3173 6.
847 3132 898 3173 v.
948 3118 1000 3171 1.
1048 3115 1369 3186 Quapmpter
1407 3113 1789 3169 intermittentes
1825 3111 2160 3167 inchoationis

647 3207 834 3262 Citriin
875 3223 1174 3270 sermonem,
1226 3205 1295 3260 ad
1342 3205 1699 3276 perfectionem
1748 3208 2013 3274 feramur,
2058 3219 2159 3256 non

639 3315 840 3352 rursum
848 3299 1092 3369 jacientes
1109 3296 1497 3369 fundamentum
1519 3295 1823 3366 poenitentia:
1842 3294 1902 3348 ab
1923 3293 2157 3364 aperibus

643 3391 875 3453 mortuis,
899 3399 944 3442 et
962 3389 1081 3458 ﬁdei
1100 3387 1169 3441 ad
1196 3387 1383 3454 Deum,
1413 3386 1469 3440 2.
1502 3386 1860 3457 baptisntalum
1889 3384 2154 3452 doctrinas,

641 3482 979 3550 impositionis
1003 3496 1200 3551 quoque
1228 3495 1494 3544 manuum,
1522 3495 1582 3532 ac
1609 3477 1989 3533 resurrectionis
2012 3493 2150 3532 mor-

642 3582 843 3626 tuorum
870 3613 887 3639 ,
919 3581 963 3626 et
982 3570 1171 3642 judicii
1214 3569 1410 3625 interni.
1449 3570 1504 3625 ὅ.
1545 3565 1613 3622 Et
1644 3567 1753 3623 haec
1796 3567 2040 3642 faciemus
2064 3609 2080 3634 ,
2108 3567 2154 3622 si

636 3662 835 3730 quidem
865 3661 1151 3732 permiserit
1175 3659 1332 3715 Deus.

652 3754 705 3808 1.
734 3752 1024 3808 Audivistis
1053 3761 1308 3824 quantum
1337 3751 1748 3822 reprehenderit
1771 3750 2025 3808 Hebraeos
2049 3766 2146 3808 vo-

577 3847 750 3901 lentes
789 3860 1001 3915 semper
1040 3843 1108 3900 de
1158 3842 1348 3898 iisdem
1390 3843 1643 3900 discere?
1672 3853 1726 3900 et
1771 3845 1983 3900 merito.
2014 3844 2149 3901 Nam

570 3953 697 3990 cum
727 3935 996 3991 deberetis
1025 3949 1146 3991 esse
1173 3934 1412 4004 magistri
1450 3945 1670 4005 pr0pter
1695 3945 1932 4006 tempus,
1960 3951 2152 3992 rursus

563 4044 698 4098 opus
741 4027 955 4082 habetis
999 4035 1057 4082 ut
1100 4041 1196 4082 vos
1239 4026 1559 4095 doceamini,
1603 4043 1846 4097 quamam
1889 4029 1994 4084 sint
2039 4029 2156 4085 ele-

569 4128 750 4172 menta
783 4116 917 4171 initii
948 4116 1283 4187 eloquiorum
1313 4116 1428 4171 Dei.
1469 4115 1674 4172 Vereor
1699 4132 1765 4172 ne
1792 4117 1908 4174 lucc
1936 4131 2150 4190 quoque

562 4209 717 4264 vobis
755 4207 935 4264 dicere
978 4207 1049 4262 sit
1095 4208 1469 4278 tempestivum
1495 4249 1510 4275 ,
1555 4207 1696 4278 quod
1726 4223 1847 4264 cum
1876 4209 2142 4267 deberetis

559 4315 686 4356 esse
714 4299 952 4370 magistri
981 4307 1203 4370 propter
1234 4309 1442 4370 tempus
1468 4341 1485 4368 ,
1520 4315 1585 4354 ne
1609 4299 1993 4372 discipulorum
2021 4303 2140 4373 qui-

558 4391 682 4447 dem
715 4391 895 4445 locum
918 4389 1184 4453 teneatis;
1214 4389 1308 4445 sed
1334 4405 1548 4460 semper
1567 4389 1754 4446 eadem
1781 4399 1836 4446 et
1862 4391 1930 4447 de
1959 4392 2146 4447 iisdem

557 4481 871 4548 audientes,
900 4489 1170 4551 tamquam
1202 4480 1335 4535 nihil
1361 4480 1643 4536 audientes
1671 4481 1742 4536 ita
1772 4481 1948 4536 affecti
1977 4483 2095 4537 sitis
2124 4501 2137 4537 :

553 4584 612 4631 et
648 4577 690 4630 si
737 4575 859 4646 quis
895 4590 993 4630 vos
1038 4574 1353 4644 interroget,
1406 4589 1566 4630 nemo
1605 4574 1776 4645 possit
1819 4575 2146 4645 respondere

555 4675 754 4733 praeter
779 4663 1074 4720 admodum
1115 4678 1350 4734 paucos,
1385 4678 1585 4734 eosque
1629 4675 1909 4719 numerato
1939 4664 2142 4722 faciles.

557 4755 668 4810 lloe
695 4765 872 4811 autem
917 4769 1025 4810 non
1074 4764 1158 4811 est
1205 4770 1427 4825 parvum
1472 4755 1751 4810 damnum.
1799 4754 1957 4826 Smpe
1998 4757 2140 4811 enim

559 4843 832 4900 doctorem
877 4847 1146 4903 volentem
1189 4847 1413 4902 ulterius
1460 4849 1731 4919 progredi,
1775 4859 1829 4904 et
1871 4866 1991 4921 quas
2029 4860 2151 4907 sunt

560 4938 731 5007 magis
761 4939 983 5008 mystica
1014 4948 1069 4994 et
1114 4939 1304 4994 altiora
1338 4949 1557 5012 tangere
1582 4983 1599 5008 ,
1638 4958 1747 4997 non
1791 4941 1922 4998 sinit
1962 4958 2148 5000 eorum

559 5031 649 5100 qui
679 5030 895 5085 discunt
923 5032 1128 5102 ignavia
1156 5041 1210 5086 et
1247 5033 1583 5102 negligentia.
1619 5034 1750 5090 Nam
1779 5037 1919 5091 sicut
1956 5037 2008 5092 in
2046 5053 2162 5092 ma-.

555 5125 740 5194 gistris
768 5123 877 5179 ludi
910 5124 1156 5189 literarii,
1181 5123 1226 5178 si
1253 5127 1516 5180 elementa
1536 5143 1752 5198 semper
1778 5129 1962 5183 audiat
1992 5145 2144 5198 puer,

557 5225 615 5272 et
655 5232 716 5271 ea
748 5231 853 5271 non
900 5226 1119 5280 teneat,
1156 5231 1382 5273 necesse
1409 5218 1513 5272 erit
1551 5219 1729 5274 eidem
1758 5235 1927 5290 puero
1956 5220 2143 5278 eadem

555 5321 772 5377 semper
797 5308 1049 5362 insonare
1092 5318 1143 5362 et
1175 5317 1422 5376 repetere
1449 5325 1463 5373 ;
1494 5325 1591 5363 nec
1621 5312 1769 5380 prius
1791 5311 2016 5368 desistet
2047 5314 2143 5366 do-

555 5413 703 5466 cere,
759 5414 918 5470 quam
975 5399 1062 5454 illa
1113 5409 1364 5454 accurate
1408 5401 1643 5470 potuerit
1691 5401 1948 5459 discere:
2005 5415 2146 5459 esset

554 5492 698 5547 enim
729 5492 910 5546 multa:
940 5491 1210 5555 amentiae,
1246 5491 1514 5560 prioribus
1550 5508 1654 5547 non
1682 5505 1827 5549 reete
1854 5495 2039 5550 inditis
2071 5498 2135 5552 ad

553 5583 654 5637 alia
685 5599 809 5639 eum
843 5583 1042 5640 ducere
1075 5602 1087 5637 ς
1118 5584 1196 5639 sic
1235 5584 1395 5638 etiam
1437 5587 1490 5640 in
1519 5585 1771 5655 ecclesia,
1800 5588 1843 5641 si
1879 5589 2034 5643 nobis
2057 5605 2143 5644 ea-

549 5674 673 5728 dem
702 5674 1002 5730 dicentibus
1049 5674 1181 5731 nihil
1224 5675 1455 5745 amplius
1494 5675 1712 5731 discatis
1733 5719 1747 5745 ,
1773 5693 1879 5732 non
1907 5679 2142 5735 cessabi-

552 5783 669 5822 mus
686 5768 870 5824 eadem
888 5767 1088 5826 dicere.
1115 5767 1168 5825 Si
1193 5769 1568 5827 ostentationis
1589 5768 1803 5840 quidem
1826 5781 1879 5827 et
1905 5770 2126 5827 honoris

2232 3135 2264 3176 a
2290 3118 2447 3176 nobis
2471 3117 2765 3176 haberetur
2793 3115 2932 3172 ratio
2957 3156 2973 3182 ,
3002 3122 3276 3184 oporteret
3297 3126 3515 3182 semper
3541 3109 3815 3165 transilire

2231 3219 2288 3268 et
2340 3209 2876 3276 transire,vestrum
2927 3206 3127 3261 nullam
3183 3214 3431 3275 gerentes
3473 3216 3682 3266 curam,
3729 3200 3818 3254 sed

2232 3304 2379 3360 solos
2418 3311 2627 3358 vestros
2668 3301 2888 3371 plausus
2932 3306 3187 3370 appetere
3233 3313 3249 3352 :
3290 3294 3384 3350 sed
3429 3293 3684 3364 quoniam
3716 3307 3818 3346 non

2236 3396 2288 3448 in
2322 3395 2422 3448 hoc
2446 3392 2682 3448 studium
2712 3390 3016 3461 posuimus,
3049 3386 3144 3444 sed
3181 3400 3278 3442 nos
3321 3400 3420 3456 pro
3464 3395 3643 3439 vestra
3677 3382 3816 3436 utili-

2236 3493 2342 3538 tate
2367 3497 2580 3539 omnem
2609 3481 2848 3537 laborem
2876 3477 3224 3549 suscipimus,
3254 3491 3361 3532 non
3391 3475 3728 3530 cessabimus
3758 3473 3822 3526 de

2235 3573 2422 3629 iisdem
2451 3573 2605 3628 vobis
2628 3571 2810 3626 dicere
2831 3611 2847 3638 ,
2877 3568 3052 3626 donec
3089 3582 3153 3625 ea
3188 3575 3336 3624 recte
3360 3565 3661 3639 gesseritis.
3694 3563 3818 3618 Nam

2235 3666 2396 3722 multa
2427 3665 2610 3720 dicere
2637 3671 2947 3734 poteramus
2970 3669 3024 3717 et
3044 3661 3113 3716 de
3139 3659 3381 3731 gentium
3412 3657 3816 3727 superstitione,

2234 3765 2290 3812 et
2317 3755 2385 3810 de
2409 3753 2718 3810 Manichaeis
2743 3762 2798 3809 et
2824 3751 3184 3808 Marcionistis
3209 3790 3226 3819 ,
3257 3757 3314 3805 et
3341 3763 3439 3820 per
3469 3748 3566 3803 Dei
3593 3748 3814 3818 gratiam

2245 3844 2446 3899 validas
2477 3845 2555 3898 eis
2581 3843 2763 3914 plagas
2790 3843 3034 3913 infligere
3058 3885 3073 3910 ,
3103 3841 3198 3898 sed
3228 3859 3334 3899 non
3366 3852 3616 3900 estnunc
3655 3846 3724 3901 de
3749 3848 3825 3902 eis

2245 3935 2455 3991 dicendi
2488 3945 2719 4006 tempus.
2748 3933 2877 3990 Nam
2909 3935 2974 3990 iis
2997 3935 3089 4006 qui
3116 3950 3210 3991 sua
3242 3936 3480 3991 nondum
3505 3948 3698 3992 exacte
3728 3954 3821 3991 nn-

2246 4038 2390 4096 runt,
2419 4039 2471 4085 et
2491 4029 2579 4099 qui
2612 4029 2847 4083 nondum
2876 4027 3179 4082 didicerunt
3205 4027 3350 4098 quod
3381 4029 3581 4082 malum
3616 4031 3688 4085 sit
3709 4029 3821 4100 plus

2245 4136 2403 4192 quam
2433 4136 2527 4190 par
2551 4130 2630 4176 est
2659 4120 2877 4186 habere,
2913 4119 3032 4189 quis
3063 4119 3187 4173 talia
3215 4119 3377 4173 verba
3409 4119 3609 4174 dixerit
3635 4161 3652 4186 ,
3681 4130 3732 4175 et
3760 4119 3819 4173 ad

2243 4213 2345 4268 alia
2396 4213 2608 4268 duxerit
2660 4221 2785 4267 ante
2827 4211 3076 4281 tempus?
3119 4214 3292 4282 Atque
3334 4226 3432 4266 nos
3461 4211 3680 4282 quidem
3721 4227 3820 4266 non

2242 4303 2572 4358 cessabimus
2597 4303 2784 4358 eadem
2814 4302 3018 4366 dicere,
3054 4302 3168 4356 sive
3193 4301 3346 4356 vobis
3375 4303 3818 4372 persuaserimus,

2242 4395 2356 4449 sive
2400 4409 2506 4448 non
2549 4411 2564 4449 :
2614 4409 2862 4449 veremur
2904 4400 3080 4446 autem
3133 4407 3201 4447 ne
3252 4391 3440 4447 eadem
3485 4393 3822 4447 continenter

2243 4484 2496 4549 dicendo,
2523 4485 2568 4540 si
2592 4499 2698 4540 non
2721 4483 2973 4549 audiatis,
2995 4483 3060 4538 iis
3083 4482 3172 4552 qui
3201 4481 3396 4537 frustra
3427 4481 3676 4549 audiunt,
3707 4498 3814 4536 ma—

2238 4575 2409 4645 jorem
2448 4575 2739 4632 efficiamus
2769 4574 3290 4630 condemnationem.
3336 4573 3451 4629 Non
3492 4586 3620 4629 sunt
3647 4586 3818 4630 autem

2245 4668 2358 4724 hazc
2381 4684 2409 4722 a
2437 4683 2523 4723 me
2546 4667 2796 4723 omnibus
2822 4666 3046 4722 dicenda
3073 4684 3086 4719 :
3113 4667 3228 4721 scio
3255 4667 3398 4722 enim
3429 4667 3628 4721 multos
3650 4667 3818 4735 juvari

2243 4776 2269 4813 a
2302 4775 2398 4813 suo
2426 4760 2477 4815 in
2497 4759 2641 4814 hunc
2666 4759 2842 4813 locum
2872 4759 3139 4828 ingressu,
3169 4757 3259 4829 qui
3280 4758 3401 4826 jure
3422 4757 3683 4814 adversus
3705 4758 3818 4812 illos

2241 4850 2656 4907 exclamaverint
2679 4891 2695 4915 ,
2729 4859 2785 4902 ut
2814 4849 2902 4919 qui
2929 4863 3025 4918 per
3055 4862 3206 4902 suam
3251 4847 3493 4902 discendi
3533 4848 3814 4918 segnitiem

2241 4953 2293 4997 et
2323 4943 2699 5013 negligentiam
2731 4941 2830 4995 sibi
2853 4938 3198 4995 insidiantur.
3236 4937 3342 4993 Sed
3375 4953 3443 4993 ne
3484 4939 3564 4993 sic
3603 4939 3817 5008 quidem

2240 5048 2332 5088 eos
2363 5033 2666 5103 oppriment
2687 5031 2893 5086 insidiae
2923 5047 2939 5085 :
2982 5029 3196 5086 assidue
3225 5029 3366 5084 enim
3408 5028 3598 5084 eadem
3629 5030 3814 5084 audire

2240 5130 2304 5185 iis
2353 5130 2512 5184 etiam
2543 5130 2632 5197 qui
2684 5128 2880 5192 sciunt,
2929 5134 3014 5181 est
3060 5124 3190 5180 utile
3222 5141 3236 5178 :
3267 5138 3389 5178 nam
3435 5138 3556 5177 cum
3599 5122 3650 5177 id
3681 5121 3817 5193 quod

2237 5224 2434 5277 scimus
2459 5235 2603 5291 stepe
2629 5220 2956 5276 audierimus
2982 5259 2996 5283 ,
3025 5217 3195 5288 magis
3223 5216 3657 5286 compungimur.
3699 5216 3812 5270 Sci-

2237 5331 2376 5379 mus,
2405 5314 2555 5369 verbi
2594 5313 2766 5383 gratia
2789 5351 2804 5378 ,
2838 5310 2981 5381 quod
3009 5323 3095 5364 res
3121 5309 3259 5363 bona
3303 5308 3374 5362 sit
3419 5306 3696 5361 humilitas
3719 5347 3734 5371 ,
3765 5313 3817 5360 et

2235 5407 2375 5477 quod
2400 5405 2646 5461 Christus
2688 5419 2832 5472 saepe
2859 5402 2926 5458 de
2955 5417 3016 5457 ea
3045 5400 3116 5456 sit
3144 5401 3430 5471 loquutus;
3475 5398 3573 5454 sed
3599 5398 3814 5469 quando

2234 5508 2290 5554 et
2317 5499 2427 5568 ipsa
2453 5498 2614 5553 verba
2643 5496 2995 5562 audierimus,
3023 5503 3077 5551 et
3101 5509 3220 5563 quae
3243 5492 3312 5548 de
3339 5492 3404 5546 iis
3424 5501 3551 5547 sunt
3576 5501 3815 5547 contem-

2235 5589 2518 5659 plationes,
2544 5588 2716 5658 magis
2740 5586 3025 5652 aiﬁcimur,
3066 5583 3278 5639 etiamsi
3323 5582 3523 5638 millies
3551 5581 3812 5636 audiveri-

2235 5696 2374 5736 mus.
2398 5681 2757 5749 Quamobrem
2777 5689 2859 5736 est
2880 5687 3237 5749 Opportunum
3256 5685 3312 5730 ut
3326 5689 3423 5730 nos
3442 5690 3657 5746 quoque
3676 5689 3810 5728 nunc

2237 5776 2388 5832 vobis
2454 5774 2740 5830 dicamus:
2804 5773 3126 5843 Quapmpter
3167 5769 3550 5826 intermittentes
3601 5770 3805 5824 inchoa-
