4064 6562
273 353 343 407 75
1117 346 1184 402 IN
1224 343 1457 406 EPIST.
1488 345 1580 400 AD
1612 341 1861 399 ΗΕΒΒᾹΞ

1966 378 1974 395 .
2008 338 2164 395 CAP.
2204 336 2295 394 Vl.
2330 335 2568 394 HOMIL.
2607 334 2702 393 IX.
3470 338 3547 396 76

271 468 328 519 τὸ
352 464 494 519 αὐτὸ
526 465 663 535 ὑμῖν
691 463 991 519 πείσονται.
1034 462 1168 517 Ἰδοὺ
1196 461 1329 533 γάρ,
1351 461 1463 531 ἐρῶ
1476 461 1539 514 τὸ
1561 458 1864 515 αὑτδτοῦτο

270 550 460 622 ῥητὸν,
529 551 780 619 ῥήμασιν
830 548 1041 617 ἑτέροις
1112 545 1403 617 εἰρημένον
1433 559 1446 574 ⁶
1520 545 1863 608 Λούσασθε,

268 632 525 700 καθαροὶ
579 631 854 702 γένεσθε.
888 630 1144 699 ἀφέλετε
1203 629 1312 696 τὰς
1361 630 1656 697 πονηρίας
1697 625 1868 695 ὑμῶν

266 715 383 769 άπὸ
414 713 546 768 τῶν
590 713 811 783 ψυχῶν
838 711 1007 782 ὑμῶν
1046 712 1339 767 ἀπέναντι
1377 710 1498 765 τῶν
1542 707 1866 780 ὀφθαλμῶν

267 816 406 865 μου,
431 798 669 867 μάθετε
713 795 907 851 καλὸν
959 795 1176 858 ποιεῖν,
1230 792 1599 861 ἐκζητήσατε
1636 793 1863 861 κρίσιν,

266 881 521 935 παῦσον
542 880 663 947 τὴν
680 879 977 949 γλῶσσάν
992 894 1110 933 σου
1123 877 1243 933 ἀπὸ
1258 877 1468 941 κακοῦ,
1489 877 1588 930 καί
1600 875 1865 943 ποίησον

267 964 525 1034 ἀγαθὸν,
562 961 789 1034 μάθετε
815 962 1010 1017 καλὸν
1034 961 1251 1015 ποιεῖν.
1294 960 1459 1031 Ὀρᾷς
1485 961 1572 1014 ὅτι
1610 960 1867 1014 διδασκα-

268 1047 388 1110 λίας
420 1047 608 1100 δεῖται
638 1047 673 1118 ή
704 1045 909 1117 ἀρετής
950 1036 1118 1107 Οὗτος
1168 1042 1270 1114 μὲν
1310 1043 1422 1115 7&9
1455 1041 1626 1111 λέγει,
1675 1042 1869 1095 Φόϐον

270 1132 505 1198 Κυρίου
535 1129 766 1195 διδάξω
789 1127 980 1200 ὑμᾶς’
1025 1128 1236 1191 ἐκεῖνος
1287 1124 1367 1180 δέ·
1406 1124 1636 1181 Μάθετε
1673 1124 1868 1179 καλὸν

268 1229 403 1269 ποιε
408 1232 425 1265 ι
433 1230 491 1267 ν.

338 1292 474 1370 'A9‘
498 1292 602 1350 οὗν
632 1297 749 1349 ίστε
782 1293 886 1349 ποῦ
924 1293 1098 1349 ταῦτα
1131 1295 1378 1364 ἔγκειται
1408 1310 1424 1359 ;
1475 1293 1590 1348 οὐκ
1630 1304 1657 1334 ι
1689 1291 1867 1362 ἔγωγε

267 1376 448 1450 οἶμαι,
490 1379 641 1450 πλὴν
671 1378 891 1446 ὀλίγων.
921 1378 1115 1432 Καίτοι
1160 1377 1285 1433 καθ’
1324 1377 1562 1448 ἑκάστην
1598 1375 1868 1446 ἑϐδομάδα

268 1465 352 1528 δὶς
410 1464 449 1535 ἢ
508 1462 611 1516 καὶ
657 1461 781 1531 τρίς
826 1460 1003 1516 ταῦτα
1058 1462 1187 1532 ὑμῖν
1246 1459 1712 1530 ἀναγινώσκεται·
1771 1460 1870 1512 καὶ

269 1545 522 1601 ἀνελθὼν
551 1548 582 1599 ὁ
602 1544 958 1616 ἀναγνώστης
983 1546 1134 1614 λέγει
1173 1546 1390 1616 πρῶτον
1410 1545 1471 1598 τὸ
1499 1544 1704 1615 βιϐλίον
1724 1544 1869 1608 τίνος

271 1631 415 1695 ἐστὶ,
456 1629 559 1683 τοῦ
604 1629 780 1692 δεῖνος
816 1630 983 1699 τυχὸν
1029 1632 1334 1700 προφήτου,
1377 1628 1412 1701 ἢ
1452 1627 1771 1692 ἀποστόλου,
1831 1626 1866 1696 ἢ

271 1714 702 1784 εὐαγγελιστοῦ,
737 1712 834 1768 καῖ⁵
854 1714 977 1767 τότε
1008 1713 1156 1781 λέγει
1198 1715 1234 1767 ἀ
1257 1713 1429 1781 λέγει,
1456 1710 1598 1766 ὥστε
1629 1711 1870 1781 εύσημόυ

273 1815 410 1869 τερα
440 1799 581 1868 ὑμῖν
607 1795 771 1862 εἶναι,
806 1798 904 1850 καὶ
927 1796 1004 1867 μὴ
1032 1797 1194 1867 μόνον
1224 1795 1295 1849 τά
1315 1796 1616 1866 ἐγκείμενα
1645 1794 1867 1857 εἰδέναι,

274 1880 414 1935 ἀλλά
462 1881 564 1935 καὶ
621 1880 723 1951 τὴν
781 1880 963 1936 αἰτίαν
1001 1880 1111 1933 τῶν
1153 1879 1579 1950 γεγραμμένων,
1637 1877 1732 1931 καὶ
1785 1878 1870 1941 τίς

274 1965 455 2019 ταῦτα
512 1965 765 2035 εἴρηκεν.
830 1963 995 2017 Ἀλλά
1057 1964 1237 2016 πάντα
1296 1963 1446 2033 είκῆ,
1503 1961 1640 2016 ἀλλά
1692 1962 1872 2016 πάντα

278 2051 463 2121 μάτην
489 2066 503 2079 ’
536 2052 692 2103 πᾶσα
718 2048 829 2120 7&9
854 2050 888 2119 ή
915 2047 1125 2118 σπουδὴ
1170 2048 1251 2110 είς
1278 2045 1347 2101 τά
1377 2045 1608 2117 βιωτικά
1631 2046 1871 2099 κεκένω-

343 2252 372 2281 ⁸
398 2253 485 2301 Sic
506 2250 648 2303 Colb.
674 2258 730 2300 et
760 2249 939 2311 Savi|.,
961 2254 1113 2311 atque
1132 2246 1204 2298 ita
1225 2249 1358 2312 legit
1374 2250 1646 2311 interpres.
1680 2246 1733 2295 In
1774 2245 1866 2296 Mo-

278 2314 377 2364 rel.
399 2315 493 2362 οὐκ
512 2315 683 2363 deest.

1964 466 2079 516 ται.
2114 452 2346 508 καὶτῶν
2378 451 2771 524 πνευματικῶν
2795 450 2955 522 λόγος
2998 449 3192 516 οὐδείς.
3242 452 3341 508 Διά
3381 452 3550 509 τοῦτο

1963 537 2088 591 οὐδὲ
2120 538 2305 590 ἐκεῖνα
2333 537 2464 607 ὑμῖν
2503 538 2644 591 κατὰ
2676 536 2905 607 γνώμην
2948 535 3216 603 ἐκϐαίνει,
3246 536 3384 593 ἀλλά
3413 537 3544 592 πολ-

1964 621 2057 674 λαὶ
2093 621 2259 674 κάκεῖ
2288 620 2590 675 δυσκολίαι.
2661 620 2722 674 ⁹0
2784 621 2883 692 μὲν
2924 616 3017 674 οὖν
3072 621 3318 692 Χριστός
3352 637 3540 692 φησιν’

1964 705 2189 760 Αιτεῒτε
2213 704 2242 745 b
2286 703 2402 772 τὴν
2460 705 2787 769 ,βασιλείαν
2831 704 2938 760 τοῦ
2991 705 3161 772 Θεοῦ,
3219 705 3320 759 καί
3360 704 3548 761 ταῦτα

1964 786 2166 841 πάντα
2207 787 2687 855 προστεθήσεται
2730 785 2906 854 ὑμῖν·
2959 787 3057 842 καὶ
3108 787 3284 842 ταῦτα
3331 788 3432 859 μὲν
3487 790 3547 840 ἐν

1964 869 2289 941 προσθήκης
2335 865 2458 924 εἶπε
2514 872 2673 941 μέρει
2724 870 3085 941 δοθήσεσθαν
3134 873 3294 944 ἡμεῖς
3342 870 3400 925 δὲ
3447 871 3547 941 τὴν

1965 952 2117 1016 τάξιν
2148 953 2616 1024 ἀντεστρέψαμεν,
2651 953 2743 1006 καὶ
2765 952 3037 1024 ζητοῦμεν
3072 953 3170 1026 τήν
3195 956 3322 1026 γῆν,
3350 955 3443 1009 καὶ
3477 955 3578 1008 τά-

1967 1035 2148 1104 ἁγαθά
2173 1036 2242 1090 τά
2273 1039 2332 1091 ἐν
2363 1040 2430 1108 τῇ
2459 1039 2556 1109 γῇ,
2579 1037 2657 1101 ώς
2689 1038 2915 1092 ἐκείνων
2946 1040 3005 1091 ἐν
3036 1038 3359 1109 προσθήκης
3390 1039 3546 1111 μέρει

1965 1118 2344 1191 δοθησομένων
2364 1122 2517 1192 ἡμῖν.
2549 1120 2648 1174 Διά
2681 1118 2841 1174 τοῦτο
2857 1119 2981 1173 οὔτε
3006 1118 3195 1186 ταῦτα,
3224 1120 3349 1175 οὔτε
3367 1122 3550 1175 ἐκεῖνα

1968 1200 2189 1274 ἔχομεν.
2225 1202 2622 1274 Ἀνανήψωμεν
2666 1198 2761 1258 οὖν
2792 1219 2946 1267 ποτε,
2983 1203 3079 1257 καὶ
3105 1202 3394 1275 γενώμεθα
3440 1204 3551 1257 τῶν

1972 1284 2276 1356 μελλόντων
2292 1285 2517 1354 ἀγαθῶν
2533 1285 2870 1358 ἐπιθυμηταί
2890 1301 2906 1318 ³
2944 1284 3090 1339 οὕτω
3118 1286 3229 1358 γὰρ
3257 1284 3355 1340 καὶ
3377 1285 3552 1339 ταῦτα

1970 1368 2185 1437 ἕψεται.
2216 1368 2353 1423 Οὐδὲ
2385 1367 2496 1440 γὰρ
2530 1367 2611 1423 ένι
2641 1369 2736 1423 τὸν
2779 1369 2849 1424 τά
2879 1368 3024 1424 κατά
3065 1368 3212 1422 ,Θεὸν
3259 1366 3550 1435 ζητοῦντα,

1973 1449 2049 1520 μὴ
2073 1450 2171 1503 καὶ
2195 1449 2307 1504 τῶν
2335 1450 2699 1523 ἀνθρωπίνων
2732 1451 3018 1522 ἐπιτυχεῖν
3038 1469 3054 1485 ο
3102 1451 3381 1521 ἀπόφασίς
3432 1451 3552 1503 ἐστι

1968 1535 2069 1604 τῆς
2123 1533 2386 1605 ἀληθείας
2439 1535 2609 1605 αὐτῆς
2663 1533 2823 1589 τοῦτο
2876 1534 3165 1606 λεγούσης.
3228 1536 3320 1605 Μὴ
3369 1533 3552 1588 τοίνυν

1968 1614 2145 1681 ἄλλως
2206 1616 2476 1687 ποιῶμεν,
2522 1617 2638 1672 ἀλλ’
2687 1618 3044 1690 ἀντεχώμεθα
3082 1619 3181 1690 τῆς
3243 1616 3553 1689 ωμσουλῆς

1969 1698 2065 1752 τοῦ
2092 1698 2353 1770 Χριστοῦ,
2395 1699 2484 1754 ῖνα
2521 1700 2597 1773 μὴ
2625 1701 2843 1757 πάντων
2875 1701 3221 1772 ἐκπέσωμεν.
3256 1701 3318 1756 '0
3344 1701 3402 1755 δὲ
3418 1699 3554 1764 Θεὸς

1976 1782 2163 1845 ἱκανός
2189 1784 2308 1836 ἐστι
2338 1781 2640 1849 κατανύξαι
2674 1786 2846 1855 ἡμᾶς,
2876 1786 2974 1839 καὶ
3002 1784 3233 1855 ποιῆσαι
3283 1783 3550 1854 βελτίους,

1972 1867 2031 1921 ἐν
2055 1865 2282 1938 Χριστῷ
2324 1865 2500 1937 Ἰησοῦ
2530 1866 2609 1938 τῷ
2643 1868 2835 1939 Κυρίῳ
2863 1868 3044 1939 ήμῶν,
3084 1868 3208 1939 μεθ’
3233 1863 3296 1922 οὗ
3323 1865 3403 1934 τῷ
3435 1868 3552 1921 Πα-

1972 1950 2064 2021 τρὶ
2093 1950 2211 2018 ἅμα
2236 1949 2316 2021 τῷ
2336 1950 2480 2022 ἀγίῳ
2525 1950 2806 2022 Πνεύματι
2840 1951 2990 2018 δόξα,
3026 1951 3247 2022 κράτος,
3275 1953 3434 2022 τιμὴ,
3458 1950 3555 2003 καὶ

1974 2033 2369 2103 προσκύνησις,
2403 2033 2501 2089 νῦν
2534 2035 2631 2089 καὶ
2657 2035 2767 2102 ἀεὶ,
2796 2035 2894 2090 καὶ
2921 2037 3002 2101 εἰς
3043 2035 3171 2101 τοὺς
3213 2034 3416 2098 αἰῶνας
3444 2033 3554 2087 τῶν

1974 2116 2212 2173 αἰώνων.
2252 2119 2445 2191 Ἀμήν.

2034 2304 2063 2346 δ
2092 2305 2317 2365 Ζητεῖτεῗ

1679 2697 1799 2773 [92]
1833 2696 2077 2755 ΟΜΙΛΙΑ
2113 2697 2192 2751 θ’.

284 2862 385 2916 Διὸ
427 2860 688 2941 ἀφέντες
709 2858 843 2941 τὸν
883 2857 1009 2941 τῆς,
1045 2855 1243 2926 ἀρχῆς
1305 2854 1413 2941 τοῦ
1437 2854 1715 2941 ΛΧριστοῦ
1752 2853 1873 2941 ,λό-

358 2926 487 3002 γον,
525 2932 625 2984 ἐπὶ
663 2929 781 2998 τὴν
815 2931 1159 2996 τελειότητα
1194 2926 1523 2996 φερώμεθα,
1561 2926 1647 2995 μὴ
1683 2926 1873 2981 πάλιν

362 3001 642 3057 θεμέλιον
686 2998 1199 3057 καταϐαλλόμενοι
1231 2997 1555 3057 μετανοίας
1598 2995 1719 3050 ἀπὸ
1768 3011 1869 3049 νε-

362 3001 642 3072 θεμέλιον
686 3001 1199 3068 καταϐαλλόμενοι
1230 3001 1555 3067 μετανοίας
1598 3001 1719 3050 ἀπὸ
1768 3011 1869 3075 νε-

358 3072 515 3147 κρῶν
535 3072 749 3147 ἔργων,
771 3070 871 3147 καὶ
907 3069 1167 3147 πίστεως
1187 3068 1284 3147 ἐπέ
1319 3067 1490 3147 Θερν,
1505 3067 1872 3147 βαπτισμῶν

354 3136 635 3220 διδαχῆς,
666 3138 991 3220 ἐπιθέσεώς
1015 3154 1081 3193 τε
1112 3136 1349 3220 χειρῶν,
1380 3136 1795 3220 ἀναστῷεώς.
1808 3152 1870 3188 τε

353 3206 607 3281 νεκρῶν,
679 3211 776 3264 καί
806 3211 1111 3281 ,κρίματος
1157 3208 1424 3281 αἰωνίου.
1473 3206 1615 3281 ΔΚαὶ
1692 3206 1869 3261 τοῦτο

352 3278 715 3351 ποιῆσομεν,
746 3278 971 3349 ἐάνπερ
994 3278 1282 3348 ἐπιτρέπῃ
1304 3280 1337 3332 ὀ
1370 3278 1537 3343 Θεός.

351 3426 425 3480 α’.
473 3423 781 3478 Ἠκούσατε
808 3424 908 3477 ὅσα
945 3420 1220 3492 Ἑϐραίοις
1248 3418 1573 3473 ἐνεκάλεσεν
1596 3419 1625 3472 ό
1656 3416 1868 3481 Παῦλος

280 3509 641 3583 βουλομένοις
706 3508 796 3561 ἀεὶ
851 3506 1146 3578 μανθάνειν
1195 3506 1324 3577 περὶ
1361 3503 1471 3558 τῶν
1512 3504 1730 3571 αὐτῶν;
1772 3505 1868 3556 καὶ

276 3596 529 3657 εἰκότως.
564 3592 907 3661 Ὀφείλοντες
955 3590 1064 3661 γάρ
1116 3586 1258 3643 εἶναι
1306 3587 1624 3642 διδάσκαλοι
1655 3586 1744 3642 διά
1773 3587 1865 3640 τίιν

273 3680 495 3750 χρόνον,
552 3676 718 3730 πάλιν
766 3676 957 3746 χρείαν
999 3676 1155 3745 ἔχετε
1218 3671 1313 3726 τοῦ
1364 3672 1640 3727 διδάσκειν
1693 3672 1863 3739 ὑμᾶς,

270 3763 395 3814 τίνα
449 3759 520 3812 τά
570 3761 814 3829 στοιχεῖα
849 3758 949 3829 τῆς
971 3757 1149 3829 ἀρχῆς
1172 3755 1296 3809 ἑτῶν
1342 3755 1541 3824 λογίων
1571 3753 1667 3808 τοῦ
1701 3754 1859 3809 Θεοῦ.

269 3844 504 3897 Δέδοικα
530 3843 590 3895 δὲ
621 3842 697 3913 μή
734 3841 831 3896 καὶ
862 3841 1001 3912 πρὸς
1024 3842 1170 3911 ὑμᾶς
1201 3838 1379 3893 ταῦτα
1414 3838 1606 3910 καιρὸν
1645 3837 1713 3893 ἂν
1750 3837 1863 3909 έχοι

265 3926 560 3995 λέγεσθαι,
609 3926 694 3980 ὅτι
745 3923 1056 3994 ὀφείλοντες
1091 3920 1235 3979 εἶναι
1267 3923 1580 3976 διδάσκαλοι
1637 3921 1729 3975 διά
1771 3923 1863 3975 τὸν

262 4011 490 4081 χρόνον,
518 4009 645 4063 οὐδὲ
688 4008 952 4079 μαθητῶν
990 4007 1147 4073 τάξιν
1197 4007 1450 4076 ἐπέχετε,
1499 4004 1616 4061 ἀλλ’
1662 4004 1752 4059 ἀεί⁸
1793 4003 1863 4059 τὰ

260 4095 415 4149 αύτά
447 4094 773 4159 ἀκούοντες,
818 4094 917 4148 καὶ
945 4093 1077 4165 περὶ
1112 4093 1225 4146 τῶν
1263 4091 1466 4156 αὐτῶν,
1520 4090 1598 4154 ὡς
1645 4090 1861 4155 οὐδενὸς

260 4179 595 4241 ἀκούοντες,
640 4176 787 4231 οὕτω
826 4175 1105 4231 διάκεισθε
1129 4193 1145 4208 ·
1192 4174 1293 4229 κᾶν
1354 4174 1545 4246 ἔρηταί
1584 4190 1667 4237 τις
1691 4173 1859 4245 ὑμᾶς,

260 4262 451 4324 οὐδεὶς
474 4259 885 4333 ἀποκρίνασθαι
911 4260 1226 4330 δυνήσεται,
1261 4259 1405 4329 πλὴν
1429 4259 1628 4329 ὀλίγων
1653 4259 1861 4331 σφόδρα

261 4345 366 4396 καὶ
406 4343 824 4414 εύαριθμήτων.
854 4343 1025 4397 Τοῦτο
1053 4345 1113 4397 δὲ
1140 4344 1201 4397 οὐ
1235 4343 1408 4414 μικρά
1433 4341 1628 4413 ζημία.
1660 4342 1863 4397 Πολλὰ-

262 4453 356 4499 κις
390 4436 503 4508 γάρ
541 4436 635 4490 τὸν
664 4436 987 4490 διδάσκαλον
1010 4436 1335 4506 βουλόμενον
1367 4434 1652 4503 προελθεῖν
1674 4452 1863 4507 περαι-

262 4522 433 4589 τέρω,
460 4521 562 4573 καὶ
594 4521 1023 4591 μυστικωτέρων
1070 4519 1336 4590 ἅψασθαι,
1370 4518 1465 4572 καί.
1508 4518 1860 4591 ὑψηλοτέρων

262 4603 461 4671 λόγων,
494 4607 600 4659 οὐκ
647 4604 876 4674 ἀφίησιν
927 4607 962 4675 ή
998 4600 1299 4673 ἀπροσεξία
1327 4603 1437 4658 τῶν
1473 4602 1856 4675 μαθητευομέο

263 4704 391 4742 νων,
415 4688 689 4759 Καθάπερ
719 4690 831 4759 γάρ
860 4688 954 4741 ἐπὶ
982 4687 1090 4741 τῶν
1115 4688 1572 4759 γραμματιστῶν,
1603 4686 1670 4740 ἂν
1689 4688 1776 4739 ἀεὶ
1791 4686 1858 4741 τά

266 4774 512 4840 στοιχεῖα
551 4772 773 4825 ἀκούων
818 4771 849 4823 ό
893 4773 1024 4834 παῖς
1061 4770 1136 4842 μὴ
1170 4774 1373 4841 κρατῇ,
1408 4772 1496 4825 ἀεὶ
1524 4771 1680 4825 ἔσται
1708 4770 1859 4841 αὑτῷ

266 4854 485 4925 ἀνάγκη
509 4854 581 4907 τά
610 4853 755 4908 αύτά
783 4856 999 4925 ἐνηχεῖν
1036 4854 1117 4925 τῷ
1157 4854 1330 4918 παιδί,
1364 4856 1459 4908 καὶ
1493 4855 1557 4908 ού
1593 4857 1859 4927 πρότερον

268 4938 650 5009 ἀποστήσεται
679 4939 977 5006 διδάσκων,
1024 4939 1132 5003 ἕως
1158 4937 1225 4993 ἂν
1252 4940 1438 4993 ἐκεῖνα
1471 4940 1664 5009 μαθεῖν
1693 4940 1855 5011 ἀκρι-

266 5022 375 5087 6ῶς
404 5023 612 5095 δυνηθῇ
638 5040 651 5053 ο
684 5023 781 5075 καὶ
803 5023 911 5093 γάρ
933 5023 1122 5085 ἀνοίας
1146 5023 1263 5076 ἐστί
1283 5022 1505 5094 πολλῆς,
1527 5023 1596 5077 τὰ
1613 5023 1855 5095 πρότερα

269 5106 343 5178 μή
374 5108 605 5161 ἐνθέντα
650 5106 855 5170 καλῶς.
910 5108 1009 5176 ἐφ’
1058 5108 1223 5180 ἕτερα
1269 5109 1429 5176 ἄγειν
1469 5108 1671 5162 αὐτόν·
1712 5107 1855 5161 οὕτω

263 5186 325 5259 δὴ
352 5190 448 5243 καὶ
478 5190 575 5243 ἐπὶ
604 5192 708 5261 τῆς
741 5190 1061 5259 ἐκκλησίας,
1096 5190 1163 5244 ἂν
1187 5191 1274 5246 ἀεὶ
1310 5190 1379 5244 τὰ
1418 5191 1558 5245 αύτά
1586 5191 1855 5260 λεγόντων

268 5274 444 5343 ἡμῶν,
499 5274 673 5344 μηδὲν
720 5274 885 5328 πλέον
928 5275 1255 5346 μανθάνετε,
1305 5276 1563 5330 οὐδέποτε
1606 5276 1674 5330 τὰ
1713 5276 1854 5330 αὐτὰ

265 5355 515 5424 λέγοντες
549 5358 899 5427 παυσόμεθα.
924 5359 987 5410 Εἰ
1013 5358 1114 5428 μὲν
1146 5360 1255 5431 7&9
1276 5356 1590 5425 ἐπιδείξεως
1622 5355 1690 5432 ἦν
1719 5362 1852 5431 ήμῖν

263 5440 290 5490 ό
323 5440 482 5507 λόγος
530 5441 630 5495 καὶ
677 5441 1020 5511 φιλοτιμίας,
1068 5442 1237 5513 ἐχρῆν
1275 5443 1362 5496 ἀεὶ
1405 5444 1724 5515 μεταπηδᾷν
1754 5445 1849 5498 καὶ

270 5522 644 5592 μεταϐαίνειν,
683 5525 838 5577 οὐδὲν
873 5524 1263 5595 φροντίζοντας
1287 5526 1441 5596 ύμῶν
1472 5526 1679 5593 ἕνεκεν,
1714 5528 1852 5582 ἀλλά

266 5606 369 5657 τῶν
420 5609 638 5677 κρότων
689 5608 857 5678 μόνον
905 5608 1017 5661 τῶν
1051 5610 1182 5680 παρ’
1218 5610 1412 5680 ὑμῶν·
1464 5610 1654 5681 ἐπειδὴ
1701 5611 1755 5664 δὲ
1788 5612 1849 5664 οὐ

269 5690 397 5762 πρὸς
424 5692 589 5745 τοῦτο
613 5693 715 5763 τὴν
747 5692 989 5763 σπουδὴν
1034 5692 1295 5763 ἐθέμεθα,
1332 5693 1471 5747 ἀλλὰ
1502 5694 1679 5748 πάντα
1706 5696 1847 5766 ὑπὲρ

267 5773 353 5848 τῆς
375 5776 648 5848 ὠφελείας
686 5778 823 5847 ἡμῖν
858 5780 1101 5833 πονεῖται
1127 5779 1229 5850 τῆς
1268 5780 1563 5852 ὑμετέρας,
1598 5781 1661 5833 οὐ
1709 5800 1849 5839 παυ-

1981 2850 2192 2923 σόμεθα
2234 2850 2366 2922 περὶ
2408 2850 2520 2905 τῶν
2554 2849 2738 2906 αὐτῶν
2771 2851 3319 2928 ὑμῖνδιαλεγόμενοι,
3352 2860 3457 2923 ἕως
3488 2858 3556 2913 ἂν

1976 2935 2117 2989 αὐτὰ
2141 2932 2550 3007 κατορθώσητε.
2588 2934 2741 2989 Ἐπεὶ
2768 2934 2897 3006 ἐνῆν
2928 2938 3098 2993 πολλά
3135 2941 3230 2996 καὶ
3268 2944 3396 3014 περὶ
3439 2943 3554 2996 Ἐλο

1976 3018 2205 3089 ληνικῆς
2228 3017 2408 3087 λέγειν
2439 3016 2885 3089 δεισιδαιμονίας,
2916 3023 3012 3075 καὶ
3043 3024 3173 3093 περὶ
3210 3025 3552 3096 Μανιχαίων,

1978 3101 2223 3172 καὶπερὶ
2257 3100 2714 3173 Μαρκιωνιστῶν,
2767 3103 2863 3155 καὶ
2897 3104 3111 3174 μεγάλα
3144 3107 3406 3178 πλήττειν
3452 3110 3555 3164 αύ-

1973 3184 2102 3249 τοὺς
2134 3182 2250 3256 [95]
2281 3187 2347 3255 τῇ
2381 3183 2478 3238 τοῦ
2511 3182 2650 3238 Θεοῦ
2685 3185 2869 3258 χάριτι
2894 3204 2908 3218 ο
2943 3188 3058 3242 ἀλλ’
3090 3190 3192 3245 οὐκ
3221 3191 3335 3262 ἔχει
3362 3194 3557 3263 καιρὸν

1973 3268 2004 3319 ό
2029 3267 2210 3336 λόγος.
2253 3267 2377 3329 Τοῖς
2408 3265 2519 3337 7&9
2545 3266 2759 3320 οὐδέπω
2809 3270 2880 3322 τά
2918 3271 3129 3326 ἑαυτῶν
3160 3273 3358 3328 είδόσιν
3394 3277 3558 3348 ἀκρι-

1974 3350 2109 3414 ϐῶς,
2151 3350 2267 3413 τοῖς
2307 3349 2521 3403 οὐδέπω
2550 3351 2932 3423 μεμαθηκόσιν
2968 3355 3052 3409 ὅτι
3103 3356 3167 3409 τὸ
3207 3359 3556 3414 πλεονεκτεῖν

1974 3434 2167 3499 κακὸν,
2196 3432 2281 3495 τίς
2315 3433 2379 3487 ἂν
2405 3433 2532 3497 τοὺς
2571 3433 2848 3498 τοιούτους
2876 3437 3022 3491 είποι
3065 3438 3278 3509 λόγους,
3332 3442 3428 3496 καὶ
3468 3444 3555 3510 ἐφ’

1972 3520 2139 3591 ’ἐτερα
2159 3519 2360 3588 ἀγάγοι
2385 3517 2493 3590 πρὸ
2523 3519 2756 3589 καιροῦ;
2793 3520 2988 3589 Ἡμεῖς
3035 3523 3136 3594 μὲν
3175 3523 3270 3581 οὖν
3307 3528 3369 3581 οὺ
3412 3544 3554 3581 παυ-

1974 3606 2180 3677 σόμεθα
2217 3606 2286 3660 τὰ
2322 3605 2464 3660 αὑτά
2516 3605 2792 3675 λέγοντες,
2830 3608 2898 3661 άν
2939 3626 2999 3663 τε
3045 3611 3327 3684 πεισθῆτε,
3382 3614 3448 3669 ἄν
3491 3633 3553 3670 τε

1975 3691 2049 3761 μή
2082 3706 2098 3723 .
2147 3690 2470 3761 δεδοίκαμεν
2497 3688 2555 3745 δὲ
2582 3689 2660 3763 μὴ
2693 3690 2772 3762 τῷ
2805 3693 3048 3765 συνεχῶς
3072 3694 3141 3750 τὰ
3172 3696 3312 3751 αὐτά
3345 3695 3551 3768 λέγειν,

1971 3773 2068 3827 ἐάν
2122 3773 2198 3845 μὴ
2263 3772 2522 3843 ἀκούητε,
2580 3772 2806 3843 μείζονα
2854 3777 2969 3842 τοῖς
3023 3780 3400 3849 παρακούουσι
3452 3783 3552 3855 τὴν

1972 3856 2277 3928 καταδίκην
2327 3856 2715 3938 ἐργασώμεθά.
2771 3858 2847 3913 Οὐ
2902 3861 3041 3932 πρὸς
3096 3864 3304 3928 πάντας
3359 3865 3415 3919 δέ
3457 3884 3551 3938 μοι

1969 3940 2142 3995 ταῦτα
2174 3941 2370 4012 ῥητέον
2392 3955 2409 3973 ·
2443 3936 2561 3996 οἶδα
2591 3942 2700 4014 γὰρ
2733 3942 2963 4007 πολλοὺς
2994 3945 3409 4018 ὠφελουμένους
3443 3936 3552 4006 ἀπὸ

1967 4024 2069 4092 τῆς
2103 4022 2340 4078 ἐνταῦθα
2367 4024 2597 4091 εἰσόδου,
2646 4026 2696 4079 οἳ
2747 4025 2974 4092 δικαίως
3014 4030 3082 4082 ἂν
3119 4031 3343 4085 ἐκείνων
3376 4052 3549 4088 κατα-

1968 4107 2224 4177 δοήσαιεν
2256 4108 2333 4171 ὡς
2377 4110 2771 4180 ἐνεδρευόντων
2812 4111 3011 4177 αὐτοὺς
3061 4113 3150 4168 διὰ
3194 4119 3294 4186 τῆς
3339 4119 3547 4185 οἰκείας

1963 4190 2239 4261 ἀμαθείας
2298 4192 2389 4244 καὶ
2438 4192 2790 4263 ἀπροσεξίας.
2842 4194 2991 4267 Πλὴν
3050 4196 3168 4251 ἀλλ’
3211 4199 3334 4252 οὐδὲ
3372 4200 3549 4263 οὕτως

1962 4272 2462 4344 ἐνεδρευθήσονται’
2480 4274 2543 4328 τὸ
2555 4275 2664 4346 γάρ
2681 4277 2923 4348 συνεχῶς
2943 4278 3013 4333 τά
3028 4280 3168 4335 αὐτά
3183 4281 3428 4347 ἀκούειν,
3454 4286 3550 4338 καὶ

1961 4362 2073 4424 τοῖς
2099 4359 2265 4413 εἰδόσι
2287 4362 2558 4431 χρήσιμον
2587 4378 2599 4390 ·
2634 4364 2661 4414 ὃ
2680 4363 2789 4432 γάρ
2811 4364 2973 4434 ῖσμεν
2989 4365 3250 4431 πολλάκις
3275 4368 3549 4422 ἀκούσαν-

1961 4459 2072 4508 τες,
2100 4442 2302 4513 μᾶλλον
2329 4444 2731 4515 κατενύγημεν.
2759 4442 3125 4517 Οἷόντιλέγω·
3149 4450 3548 4521 Ἵσμενὸτικα-

1961 4526 2052 4581 λὸν
2077 4530 2109 4598 ή
2141 4531 2633 4601 ταπεινοφροσύνη,
2648 4533 2743 4585 καὶ
2760 4533 2840 4587 ὅτι
2862 4533 3125 4598 πολλάκις
3144 4535 3393 4608 διελέχθη
3416 4540 3554 4608 περὶ

1960 4611 2131 4680 αὐτῆς
2149 4613 2177 4664 ό
2204 4614 2441 4682 Χριστός
2467 4629 2479 4641 ·
2508 4614 2629 4667 ἀλλ’
2653 4617 2785 4668 ὅταν
2814 4617 2910 4670 καὶ
2930 4618 3113 4670 αὐτῶν
3137 4617 3248 4672 τῶν
3276 4619 3546 4691 ῥημάτων

1963 4694 2382 4771 ἐπακούσωμεν,
2412 4698 2507 4750 καὶ
2532 4696 2644 4749 τῶν
2672 4699 2755 4761 είς
2771 4699 2911 4754 αύτά
2935 4700 3337 4772 θεωρημάτων,
3377 4704 3546 4758 πλέον

1960 4803 2012 4838 τι
2032 4785 2337 4855 πάσχομεν,
2364 4785 2469 4840 κάν
2493 4788 2760 4856 μυριάκις
2779 4787 3130 4860 ἀκούσωμεν.
3153 4789 3429 4862 Εὕκαιρον
3450 4789 3546 4847 οὖν

1959 4868 2057 4921 καὶ
2085 4868 2231 4937 ἡμᾶς
2258 4866 2355 4922 νῦν
2377 4870 2555 4922 εἰπεῖν
2587 4870 2716 4940 ὑμῖν
2742 4888 2756 4901 ο
2788 4872 3003 4940 Διόπερ
3029 4873 3286 4941 ἀφέντες
3305 4874 3413 4929 τὸν
3433 4877 3546 4944 τῆς

1957 4950 2155 5021 ἀρχῆς
2180 4951 2288 5007 τοῦ
2313 4954 2572 5021 Χριστοῦ
2591 4956 2798 5024 λόγον,
2817 4956 2917 5009 ἐπὶ
2944 4955 3060 5024 τὴν
3074 4959 3419 5027 τελειότητα
3438 4978 3543 5030 φε-

1949 5036 2212 5106 ρώμεθα.
2232 5037 2297 5089 Τί
2314 5036 2371 5090 δέ
2395 5039 2595 5107 ἐστινὴ
2622 5039 2768 5110 ἀρχὴ
2784 5040 2876 5093 τοῦ
2926 5040 3109 5109 λόγου,
3147 5041 3309 5107 αὐτὸς
3345 5044 3546 5115 ἐφεξῆς

1958 5121 2280 5191 ἐρμηνεύει,
2300 5120 2478 5191 λέγων
2498 5138 2513 5152 ο
2534 5124 2594 5176 Μ
2598 5120 2635 5190 ὴ
2653 5121 2842 5177 πάλιν
2863 5124 3163 5193 θεμέλιον,
3194 5127 3347 5197 φησὶ,
3366 5145 3547 5182 κατα·

1958 5205 2322 5274 ϐαλλόμενοι
2333 5206 2661 5274 μετανοίας
2678 5205 2797 5260 ἀπὸ
2819 5205 3049 5275 νεκρῶν
3077 5207 3288 5277 ἔργων,
3308 5208 3406 5263 καί
3442 5210 3542 5263 πί-

1958 5306 2149 5356 στεως
2166 5289 2266 5344 ἐπὶ
2288 5291 2457 5356 Θεὸν,
2470 5290 2837 5357 βαπτισμῶν
2852 5290 3128 5360 διδαχῆς,
3142 5293 3467 5359 ἐπιθέσεώς
3483 5311 3545 5350 τε

1959 5373 2195 5442 χειρῶν,
2217 5373 2611 5442 ἀναστάσεώς
2629 5392 2692 5429 τε
2715 5374 2964 5445 νεκρῶν,
2986 5376 3083 5430 καὶ
3106 5377 3390 5446 κρίματος
3406 5380 3543 5430 αἰω-⁹

1957 5458 2111 5512 νίου.
2146 5458 2209 5511 Εἰ
2240 5457 2301 5512 δὲ
2327 5459 2489 5514 τοῦτο
2543 5459 2742 5532 ἀρχή⁸,
2772 5460 2825 5513 τί
2852 5461 2981 5516 ἄλλο
3035 5461 3155 5514 ἐστὶ
3185 5461 3244 5514 τὸ
3280 5462 3459 5532 δόγμα
3479 5462 3538 5516 τὸ

2025 5729 2218 5806 ξίΕἰιρὲ
2244 5733 2386 5785 τοῦτο
2428 5737 2567 5806 ἀρχή.
2602 5737 2702 5787 Hoc
2745 5736 2895 5787 habet
2920 5736 3112 5788 initium
3157 5735 3374 5787 homilm
3401 5744 3543 5783 nomn

1957 5792 2293 5846 Colberlinus.
2460 5792 2472 5806 '
2492 5792 2521 5800 ”
2544 5792 2550 5796 ’
2941 5819 2943 5822 ⁴
