4064 6616
575 333 648 391 τι
1308 327 1369 383 8.
1409 322 1702 390 JDANNIS
1736 319 2229 383 CIIBYSOSTOMI
2266 319 2591 385 ARCIIIEP.
2632 317 3191 379 CONSTANTINOP.
3741 329 3798 384 τι

575 450 871 524 ἡμέτερον,
900 448 935 520 ἢ
971 446 1034 500 τδ
1066 443 1404 517 μετανοῆσαι
1450 442 1561 496 ἀπὸ
1588 442 1807 514 νεκρῶν
1832 440 2034 515 ἔργων,
2070 441 2167 495 καὶ

575 541 665 594 διά
695 536 792 593 τοῦ
827 538 1149 607 Πνεύματος
1189 533 1375 586 λαϐεῖν
1399 530 1501 602 τὴν
1529 530 1715 585 πίστιν
1747 531 1831 594 είς
1860 530 2169 585 ἀνάστασιν

574 628 811 701 νεκρῶν,
848 626 943 679 καὶ
980 623 1253 696 κρίματος
1302 619 1530 674 αἰωνίου
1556 637 1572 686 ;
1601 619 1668 673 Τί
1697 619 1756 675 δέ
1791 619 1948 673 ἐστιν
1987 619 2164 690 ἀίρχή;

574 717 746 770 οὐδὲν
803 714 953 782 ἄλλο,
982 714 1017 783 ἢ
1047 710 1210 766 τοῦτο
1265 710 1448 781 ἀρχήν
1502 726 1696 780 φησιν,
1743 709 1877 763 ὅταν
1926 706 2002 781 μὴ
2052 706 2168 778 βίος

572 804 811 876 ἀκριϐὴς
843 803 1021 874 παρῇ.
1053 798 1327 870 Καθάπερ
1355 798 1467 871 γὰρ
1522 797 1615 852 τὸν
1642 799 1727 863 εἰς
1773 798 1881 867 τὴν
1926 795 2167 866 μάθησιν

572 894 683 947 τῶν
714 890 1061 963 γραμμάτων
1086 887 1501 959 εἰσερχόμενον,
1534 886 1603 940 τά
1627 887 1870 957 στοιχεῖα
1898 885 1982 939 δεῖ
2010 882 2165 955 πρῶο

570 999 665 1035 τον
702 980 937 1034 ἀκοῦσαι
959 994 973 1008 ο
1000 977 1146 1031 οὕτω
1171 976 1269 1031 καὶ
1300 975 1392 1029 τόν
1425 974 1758 1047 Χριστιανὸν
1792 971 1971 1028 ταῦτα
2026 972 2164 1025 εἰδέ-

570 1087 658 1123 ναι
686 1066 932 1138 ἀκριϐῶς
987 1065 1208 1137 πρῶτον
1260 1062 1391 1136 χρὴ,
1426 1064 1521 1117 καί
1570 1062 1739 1134 μηδὲν
1786 1061 2155 1133 ἀμφιϐάλλειν

570 1158 701 1227 περί
729 1155 930 1211 αὐτῶν.
964 1156 1025 1209 Εἰ
1048 1155 1103 1208 δὲ
1133 1153 1308 1206 δέοιτο
1355 1151 1521 1205 πάλιν
1560 1149 1937 1219 διδασκαλίας,
1995 1148 2151 1203 οῦπω

568 1244 663 1298 τὸν
690 1244 943 1315 θεμέλιον
973 1243 1089 1313 ἔχει
1109 1258 1123 1275 ο
1159 1242 1251 1296 τὸν
1272 1240 1380 1312 γάρ
1400 1239 1619 1311 ἑδραῖον
1646 1238 1959 1309 πεπηγέναι
1986 1255 2162 1310 προσ-

571 1334 672 1404 ῆκε
706 1333 802 1386 καὶ
826 1332 1072 1396 ἑστάναι,
1097 1331 1186 1385 καὶ
1213 1330 1289 1401 μὴ
1319 1327 1755 1401 μετακινεῖσθαι.
1784 1328 1847 1381 Εἰ
1868 1327 1924 1382 δὲ
1962 1326 2149 1397 μέλλοι

572 1439 658 1485 τις
688 1421 1023 1491 κατηχηθεὶς
1043 1461 1059 1486 ,
1093 1420 1189 1473 καὶ
1216 1417 1540 1490 βαπτισθεὶς
1568 1417 1709 1488 μετά
1739 1416 1835 1487 ἐτη
1860 1416 1995 1471 δέκα
2031 1416 2161 1488 περί

575 1512 825 1573 πίστεως
856 1509 1022 1563 πάλιν
1083 1506 1329 1569 ἀκούειν,
1359 1508 1458 1562 καὶ
1484 1508 1567 1561 ὅτι
1603 1504 1896 1561 πιστεῦσαι
1947 1505 2055 1577 χρὴ
2082 1508 2161 1568 εἰς

575 1598 693 1672 [94]
715 1598 1017 1653 ἀνάστασιν
1033 1597 1265 1667 νεκρῶνο
1286 1594 1442 1651 ούπω
1465 1595 1558 1650 τὸν
1570 1593 1822 1664 θεμέλιον
1835 1593 1974 1664 ἔχει,
2000 1592 2160 1647 πάλιν

578 1687 680 1757 τὴν
700 1686 877 1757 ἀρχὴν
908 1685 1003 1739 τοῦ
1035 1682 1466 1756 Χριστιανισμοῦ
1488 1682 1662 1753 ζητεῖ.
1697 1683 1821 1736 Ὀτι
1864 1682 1975 1753 γὰρ
2001 1682 2036 1753 ἡ
2071 1681 2161 1735 πί-

574 1792 693 1839 στις
717 1773 994 1844 θεμέλιον,
1026 1774 1088 1827 τὸ
1111 1773 1171 1827 δὲ
1202 1772 1390 1826 λοιπὸν
1421 1769 1709 1841 οἰκοδομὴ,
1770 1770 1936 1825 ἄκουε
1989 1768 2158 1823 αὐτοῦ

568 1865 820 1933 λέγοντος
837 1882 851 1897 ’
893 1863 1042 1932 Ἐγὼ
1100 1864 1379 1933 θεμέλιον
1399 1860 1658 1923 τέθεικα,
1679 1859 1873 1924 ἄλλος
1899 1858 1969 1912 δὲ
1997 1859 2158 1925 ἑποι-

568 1952 828 2023 κοδομεῒ.
861 1952 933 2006 Εἰ
959 1968 1051 2016 τις
1064 1948 1450 2020 ἐποικοδομεῖ
1464 1948 1565 2002 ἐπὶ
1583 1948 1689 2001 τὸν
1708 1947 1988 2016 θεμέλιον
2016 1946 2158 2001 τοῦ·

568 2055 697 2105 τον,
734 2038 994 2110 χρυσὸν,
1045 2038 1335 2108 ἄργυρον,
1397 2037 1612 2103 λίθους
1659 2038 1915 2106 τιμίους,
1976 2036 2156 2100 ξύλα,

569 2129 809 2198 χόρτον,
860 2127 1167 2196 καλάμην.
1217 2126 1318 2180 Διά
1352 2126 1511 2179 τοῦτο
1561 2125 1759 2193 έλεγε’
1815 2122 1915 2193 Μὴ
1963 2122 2152 2177 πάλιν

575 2214 857 2286 θεμέλιον
878 2215 1399 2285 καταϐαλλόμενοι
1420 2214 1741 2284 μετανοίας
1781 2212 1900 2267 ἀπὸ
1929 2210 2162 2281 νεκρῶν

578 2303 791 2375 ἔργων.

643 2482 710 2555 β’.
736 2482 805 2536 Τί
833 2481 891 2537 δέ
911 2483 1085 2548 ἐστιν,
1122 2480 1250 2535 Ἐπὶ
1290 2482 1405 2548 τὴν
1432 2482 1778 2549 τελειότητα
1814 2478 2157 2550 φερώμεθας

569 2572 716 2645 Πρὸς
748 2570 921 2642 αὐτὴν
968 2570 1239 2642 χωρῶμεν
1287 2568 1504 2634 λοιπὸν,
1558 2569 1716 2639 φησί,
1752 2567 1851 2638 τὴν
1902 2567 2150 2638 ὀροφήν⁹

568 2660 842 2721 τουτέστι,
887 2658 1003 2729 βίον
1026 2659 1245 2729 ἄριστον
1274 2656 1517 2726 ἔχωμεν.
1549 2655 1766 2726 Ὥσπερ
1796 2656 1908 2727 γάρ
1930 2657 2023 2710 ἐπὶ
2051 2655 2162 2711 τῶν

572 2749 859 2820 στοιχείων
894 2748 955 2801 τὸ
989 2748 1098 2801 πᾶν
1126 2746 1275 2815 ἄλφα
1306 2744 1549 2814 συνέχει,
1580 2745 1674 2798 καὶ
1693 2746 1722 2798 ό
1752 2744 2007 2815 θεμέλιος
2060 2747 2161 2818 τὴν

568 2839 752 2893 πᾶσαν
775 2836 1064 2907 οἰκοδομήν
1086 2851 1103 2868 ο
1131 2832 1275 2887 οὓτω
1299 2833 1397 2888 καὶ
1411 2831 1506 2885 τοῦ
1530 2831 1652 2903 βίου
1675 2833 1776 2899 τὴν
1787 2831 2159 2905 καθαρότητα,

568 2928 604 2998 ἡ
641 2926 773 2996 περὶ
798 2923 897 2995 τὴν
931 2921 1118 2976 πίστιν
1142 2918 1516 2991 πληροφορία.
1574 2916 1795 2991 Ταύτης
1815 2920 1872 2974 δὲ
1900 2919 2032 2975 ἀνευ
2059 2920 2159 2976 οὐκ

568 3015 723 3071 ἔστιν
755 3009 897 3067 εἰναι
932 3008 1263 3081 Χριστιανὸν
1282 3024 1297 3039 ·
1344 3006 1538 3079 ῶσπερ
1568 3006 1693 3060 ούδέ
1722 3006 1990 3077 θεμελίων
2031 3009 2159 3063 ἄνευ

566 3100 881 3171 οἰκοδομὴν,
915 3098 1039 3151 οὐδὲ
1067 3095 1356 3166 στοιχείων
1386 3096 1558 3167 χωρὶς
1600 3094 1869 3167 ἔμπειρον
1901 3097 2163 3168 γραμμά-

568 3206 682 3243 των
713 3184 878 3243 εἰναι.
922 3184 1062 3239 Ἀλλ’
1092 3184 1287 3256 ῶσπερ
1320 3186 1418 3241 ἐάν
1444 3200 1529 3247 τις
1555 3184 1642 3237 ἀεὶ
1665 3184 1799 3255 περὶ
1826 3183 1897 3239 τά
1920 3187 2161 3256 στοιχεῖα

568 3276 951 3346 καταγίνηται,
982 3273 1093 3344 ἢεῐ
1120 3289 1206 3337 τις
1228 3273 1360 3343 περὶ
1419 3271 1513 3326 τὸν
1548 3270 1801 3345 θεμέλιον
1834 3272 2156 3346 στρέφηται,

565 3367 663 3422 καὶ
684 3366 785 3419 ούκ
809 3364 1110 3435 ἀνέρχηται
1127 3362 1221 3416 ἐπὶ
1246 3362 1345 3435 τὴν
1371 3362 1689 3433 οἰκοδομὴν,
1707 3361 1974 3433 Ιούδέποτε
2007 3362 2160 3416 ἔσται

565 3452 717 3525 αύτῷ
746 3470 799 3507 τι
851 3451 1048 3505 πλέον·
1085 3450 1227 3505 οῦτω
1284 3449 1378 3504 καί
1427 3450 1513 3519 ἐφ’
1541 3449 1705 3521 ἡμῶν
1735 3466 1751 3481 '
1790 3449 1858 3503 ἂν
1906 3451 2016 3520 7&9
2070 3451 2159 3505 ἀεὶ

566 3543 665 3598 ἐπὶ
694 3542 795 3613 τὴν
843 3541 1022 3611 ἀρχὴν
1052 3551 1080 3579 ι
1107 3539 1209 3609 τῆς
1246 3538 1490 3601 πίστεως
1549 3537 1807 3608 μένωμεν
1827 3578 1843 3601 ,
1899 3537 2159 3592 οὐδέποτε

566 3630 709 3700 πρὸς
736 3628 799 3681 τὸ
823 3627 1030 3680 τέλειον
1056 3625 1268 3695 ταύτης
1294 3624 1710 3696 ἀναϐησόμεθα.
1740 3624 1814 3677 Σὺ
1870 3623 1926 3678 δὲ
1956 3625 2030 3696 μὴ
2071 3642 2161 3678 νο-

570 3718 741 3788 μίσῃς
767 3713 1121 3784 ὴλαττῶσθαι
1150 3712 1251 3784 τὴν
1287 3713 1472 3767 πίστιν
1503 3712 1592 3764 διά
1638 3711 1702 3765 τὸ
1728 3715 1990 3783 στοιχεῖον
2024 3713 2161 3783 κλη-

569 3806 772 3879 θῆναι·
806 3804 841 3876 ἡ
864 3803 975 3875 γὰρ
1010 3803 1163 3857 πᾶσα
1193 3800 1427 3873 δύναμις
1457 3799 1597 3873 αῦτη
1640 3800 1809 3855 ἐστίν.
1846 3801 2019 3854 ὐταν
2052 3801 2161 3875 γὰρ

568 3895 706 3969 λέγῃ
730 3911 745 3927 ⁸
773 3892 900 3961 Πᾶς
916 3893 1028 3963 γὰρ
1042 3894 1075 3946 ὁ
1083 3890 1356 3961 μετέχων
1368 3889 1695 3958 γάλακτος,
1716 3889 1961 3958 ἄπειρος
1972 3891 2159 3961 λόγου

569 3982 982 4049 δικαιοσύνης*
1001 3977 1217 4044 νήπιος
1243 3976 1356 4047 γάρ
1372 3977 1571 4041 ἐστιν,
1589 3976 1651 4030 οὐ
1674 3976 1817 4044 γάλα
1832 3976 2039 4050 ταύτην
2053 3996 2157 4032 κα-

568 4071 683 4127 λεῖ·
728 4067 867 4124 ἀλλά
892 4068 953 4125 τὸ
982 4063 1359 4138 ἀμφιϐάλλειν
1407 4063 1492 4117 ἔτι
1552 4062 1684 4133 περὶ
1733 4062 1965 4133 τούτων,
2001 4063 2162 4121 τοῦτό

570 4163 721 4214 ἐστιν
754 4154 1017 4219 ἀσθενοῦς
1047 4152 1289 4217 διανοίας
1313 4152 1409 4207 καὶ
1428 4151 1604 4222 λόγων
1634 4151 1901 4224 δεομένης
1919 4154 2156 4211 πολλῶν.

569 4247 654 4302 Τά
683 4244 793 4317 γάρ
818 4244 1069 4315 δόγματα
1089 4240 1265 4295 ταῦτά
1319 4241 1440 4296 ἐστι
1470 4239 1540 4294 τά
1598 4240 1730 4312 ὑγιῆ
1758 4256 1772 4271 ·
1805 4240 2016 4295 τέλειον
2044 4242 2157 4313 γὰρ

568 4337 779 4391 ἐκεῖνον
806 4331 1082 4403 καλοῦμεν
1116 4330 1210 4384 τὸν
1240 4328 1385 4401 μετά
1402 4332 1503 4399 τῆς
1536 4328 1780 4395 πίστεως
1828 4330 1943 4401 βίον
1965 4331 2161 4403 ἔχοντα

568 4424 759 4497 ὀρθόν.
806 4421 934 4475 Ἐἀν
961 4419 1018 4473 δέ
1051 4437 1137 4484 τις
1156 4418 1344 4472 πίστιν
1410 4417 1510 4490 μὲν
1548 4417 1670 4492 ἔχῃ,
1723 4418 1942 4493 πράττῃ
1974 4420 2031 4473 δὲ
2063 4439 2161 4475 πο-
2204 4450 2209 4453 ι

568 4512 733 4582 νηρά,
773 4510 870 4564 καὶ
927 4509 1057 4580 περί
1110 4506 1593 4578 αύτῆςδὲταύτης
1651 4508 1998 4583 ἀμφιϐάλλῃ,
2064 4510 2161 4565 καὶ

568 4598 771 4671 ὑϐρίζῃ
827 4596 930 4667 τὴν
974 4594 1329 4650 διδασκαλίαν
1356 4610 1371 4626 θ
1410 4594 1639 4661 εἰκότως
1693 4596 1861 4650 αὐτὸν
1911 4600 2162 4669 φήσομεν

569 4689 793 4757 νήπιον,
815 4686 907 4739 ἐπὶ
928 4685 1031 4755 τὴν
1060 4682 1239 4756 ἀρχὴν
1270 4684 1684 4757 ἀναδραμόντα.
1720 4685 1887 4739 Ὠστε
1919 4686 2025 4741 κᾶν
2059 4705 2163 4758 μυ-

572 4775 665 4849 ρία
695 4775 793 4850 ιτη
819 4776 880 4828 ἐν
909 4776 977 4845 τῇ
1005 4772 1184 4827 πίστει
1212 4771 1454 4843 ἔχωμεν,
1491 4773 1585 4827 καὶ
1611 4771 1687 4845 μὴ
1742 4772 1955 4843 βέϐαιοι
2009 4768 2163 4846 ῶμεν

568 4864 629 4917 ἐν
654 4864 819 4935 αὐτῇ,
860 4862 1043 4933 νήπιοί
1071 4863 1264 4931 ἐσμεν,
1314 4861 1445 4915 ὅταν
1500 4859 1614 4931 βίον
1654 4860 1798 4933 αὐτῇ
1830 4862 1906 4933 μὴ
1930 4862 2163 4932 συμϐαίο

568 4965 732 5005 νοντα
752 4946 1248 5018 ἔπιδεικνυώμεθα,
1272 4948 1403 5003 ὅταν
1428 4946 1517 5001 ἔτι
1574 4947 1827 5019 θεμέλιον
1886 4949 2162 5005 καταϐαλ-

570 5037 815 5110 λώμεθα.
842 5037 1065 5099 Τούτοις
1094 5036 1153 5090 δὲ
1188 5035 1332 5107 μετά
1364 5037 1459 5089 τοῦ
1500 5034 1617 5106 βίου
1638 5036 1738 5090 καὶ
1795 5036 1928 5092 ἄλλο
1982 5037 2161 5106 καλεῖ,

571 5127 649 5190 ὡς
681 5126 1169 5197 παρασαλευθεῖσι,
1204 5125 1300 5178 καὶ
1347 5124 1621 5195 δεομένοις
1675 5125 1934 5198 θεμέλιον
1986 5145 2163 5183 κατα-

573 5213 795 5275 ϐάλλειν
826 5212 1119 5286 μετανοίας
1146 5213 1258 5273 ἀπὸ
1280 5214 1491 5287 νεκρῶν
1520 5214 1725 5286 ἔργων.
1756 5216 1859 5269 Τὸν
1892 5216 2001 5289 γὰρ
2054 5218 2162 5271 ἀπό

571 5322 718 5372 τινος
745 5309 825 5370 εἰς
849 5306 1039 5377 ἓτερον
1078 5306 1531 5376 μετατιθέμενον,
1563 5307 1739 5362 καὶτὸ
1772 5311 1873 5379 μὲν
1906 5310 2159 5379 ἀφιέντα,

570 5394 731 5453 τοῦτο
756 5394 813 5448 δὲ
830 5393 985 5467 αἰρού
995 5411 1176 5465 μενον,
1193 5395 1463 5466 πρότερον
1486 5395 1650 5449 αὑτοῦ
1668 5393 1782 5469 [95]
1809 5398 2160 5468 καταγνῶναι

571 5484 702 5554 χρὴ,
744 5483 842 5536 καὶ
882 5483 1267 5554 ἀποστῆναιτῇ
1286 5483 1550 5549 διαθέσει,
1593 5484 1688 5537 καὶ
1727 5485 1848 5538 τότε
1876 5484 2053 5539 ἐλθεῖν
2075 5487 2162 5557 ἐφ’

574 5574 787 5646 ἓτερον·
820 5571 952 5627 εἰδὲ
992 5570 1087 5625 τοῦ
1136 5572 1407 5644 προτέρου
1454 5572 1617 5629 πάλιν
1669 5572 1891 5645 ἔχεσθαι
1949 5576 2156 5647 μέλλοι,

637 5782 654 5805 ⁸
681 5781 818 5835 Ἂόιίι
836 5784 1042 5850 περὶητήν
1069 5785 1215 5850 ἀρχήν
1245 5784 1476 5837 υυῐιεειιε.

2271 438 2391 502 πῶς
2414 438 2509 494 τοῦ
2546 436 2804 509 δευτέρου
2852 435 3086 506 ἀψεταις
3114 432 3183 486 Τί
3204 424 3315 497 οῦν,
3375 433 3523 502 φησὶ,
3563 438 3680 506 περὶ⁵
3718 442 3799 495 τοῦ

2265 528 2432 598 νόμον
2458 545 2474 592 ;
2504 526 2875 595 Κατέγνωμεν
2890 520 3081 585 αὐτοῦ,
3112 521 3207 575 καὶ
3228 519 3391 573 πάλιν
3406 522 3490 573 ἐπ’
3509 521 3659 575 αὐτὸν
3680 526 3791 579 ἀνα-

2263 617 2553 689 τρέχομεν.
2587 613 2763 670 Τοῦτο
2799 614 2901 667 οὐκ
2928 611 3045 665 ἔστι
3098 608 3418 679 μετάθεσις·
3444 610 3536 662 καὶ
3585 610 3685 683 7&9
3722 614 3797 665 ὲν.

2261 706 2440 763 ταῦθα
2460 707 2659 778 ἔχομεν
2672 706 2858 775 νόμον.
2872 702 3074 771 Νόμον
3102 695 3236 763 οὖν,
3261 696 3414 770 φησὶ,
3430 701 3790 769 καταργοῦμεν

2261 794 2361 849 διὰ
2374 794 2488 864 τῆς
2504 798 2791 860 πίστεως;
2802 791 2901 860 Μὴ
2914 789 3171 861 γένοιτο,
3184 786 3346 842 ἀλλὰ
3366 787 3799 858 νόμονιστῶμεν.

2275 884 2419 952 Ἐγὼ
2444 884 2502 939 δὲ
2535 886 2669 955 περὶ
2715 880 2975 952 πονηρῶν
3021 873 3205 931 εἶπον.
3234 875 3592 946 πραγμάτων.
3625 878 3680 930 '0
3709 878 3801 950 γὰρ

2264 972 2475 1044 μέλλων
2509 973 2599 1026 ἐπ’
2617 972 2647 1013 b
2668 970 2875 1043 ἀρετὴν
2902 967 3175 1040 μετιέναι,
3232 964 3493 1037 πρότερον
3516 963 3613 1035 τῆς
3631 968 3803 1031 κακίας

2262 1062 2620 1130 καταγνῶναι
2653 1060 2887 1132 ὀφείλει,
2916 1058 3012 1112 καὶ
3046 1056 3171 1109 τότε
3205 1053 3373 1124 αὐτὴν
3428 1054 3688 1124 μετελθεῖν
3711 1073 3723 1087 ·
3748 1058 3801 1110 ού

2259 1150 2370 1222 γὰρ
2402 1152 2590 1221 ἴσχυεν
2616 1152 2650 1222 ἡ
2697 1149 2959 1220 μετάνοια
2987 1144 3268 1213 καθαροὺς
3294 1143 3488 1207 αὐτοὺς
3524 1143 3698 1211 δεῖξαι.
3720 1147 3803 1200 Διά

2258 1238 2418 1292 τοῦτο
2449 1238 2654 1302 εὐθέως
2676 1234 3064 1299 ἐϐαπτίζοντο,
3096 1232 3189 1299 ἵν’,
3222 1230 3359 1302 ὅπερ
3394 1229 3657 1297 ἀδυνάτως
3681 1228 3803 1304 εἰχον

2260 1325 2601 1398 ἐργάσασθαι
2624 1325 2691 1379 δι⁹
2723 1323 2932 1378 ἑαυτῶν
2951 1362 2967 1386 ,
2999 1322 3160 1376 τοῦτο
3187 1319 3275 1375 διά
3301 1320 3403 1391 τῆς
3453 1318 3545 1374 τοῦ
3593 1321 3801 1391 Χριστοῦ

2257 1414 2482 1485 γένηται
2511 1414 2756 1486 χάριτος.
2788 1409 2929 1465 Οὔτε
2956 1406 3051 1464 οὖν
3091 1410 3361 1480 μετάνοια
3393 1408 3550 1478 ἀρκεῖ
3575 1408 3699 1478 πρὸς
3726 1408 3804 1461 τὸν

2258 1501 2628 1573 καθαρισμὸν,
2658 1499 2797 1553 ἀλλά
2813 1500 2896 1553 δεῖ
2923 1498 2985 1551 τὺ
3014 1497 3307 1567 βάπτισμα
3333 1495 3675 1568 παραλαϐεῖν.
3701 1496 3804 1549 Ἐπὶ

2256 1589 2389 1658 γοῦν
2418 1590 2481 1644 τὸ
2522 1588 2812 1659 βάπτισμα
2867 1586 3129 1659 ἔρχεσθαι
3179 1585 3297 1649 δεῖ,
3349 1584 3607 1655 πρότερον
3657 1600 3801 1637 κατα⁹

2256 1678 2458 1748 γνόντα
2475 1679 2583 1734 τῶν
2610 1677 3022 1750 ἡμαρτημένων
3058 1675 3231 1747 αὐτῷ,
3256 1674 3356 1730 καὶ
3390 1672 3806 1743 καταψηφισάμε-

2257 1785 2366 1825 νον.
2400 1768 2465 1821 Τί
2486 1768 2544 1821 δέ
2569 1769 2708 1832 ἐστι,
2760 1764 3127 1835 Βαπτισμῶν
3158 1763 3448 1834 διδαχῆς;
3472 1762 3580 1832 Οὐχ
3600 1761 3670 1824 ὡς
3694 1760 3805 1814 πολ-

2257 1857 2366 1910 λῶν
2422 1857 2594 1911 δντων
2614 1855 2725 1910 τῶν
2760 1853 3113 1926 βαπτισμῶν,
3169 1852 3284 1907 ἀλλ’
3320 1845 3649 1916 ἐνός.Τίοῦν
3696 1848 3807 1902 αὐτὸ

2258 1945 2637 2017 πληθυντικῶς
2652 1939 2774 1998 εἶπε
2792 1961 2807 2011 ;
2828 1944 2929 2001 Διά
2943 1944 3004 1997 τὸ
3015 1946 3212 2018 εἰπεῖν,
3244 1941 3343 2010 Μὴ
3364 1940 3548 1996 πάλιν
3564 1940 3810 2009 θεμέλιον

2257 2035 2771 2103 καταϐαλλόμενοι
2813 2032 3160 2102 μετανοίας..
3197 2030 3262 2085 Εἰ
3302 2030 3414 2101 7&9
3450 2028 3605 2083 πάλιν
3640 2028 3811 2092 αὐτοὺς

2258 2122 2546 2188 ἐϐάπτισε,
2568 2122 2664 2176 καὶ
2706 2121 2918 2176 ἀνωθεν
2964 2122 3269 2191 κατήχησε,
3300 2119 3399 2172 καὶ
3416 2117 3575 2172 πάλιν
3594 2116 3649 2185 ἐξ
3661 2118 3811 2188 ἀρχῆς

2260 2210 2650 2281 βαπτισθέντες
2695 2210 3045 2265 ἐδιδάσκοντο
3081 2207 3153 2261 τά
3196 2206 3479 2279 πρακτέα,
3528 2206 3619 2260 καὶ
3659 2204 3722 2258 τὰ
3748 2203 3811 2275 μὴ

2258 2300 2529 2370 πρακτέα,
2565 2297 2835 2369 διηνεκῶς
2871 2294 3099 2366 ἔμελλον
3125 2294 3454 2366 ἀδιόρθωτοι
3505 2295 3692 2365 μένειν.
3721 2290 3810 2346 Καὶ

2256 2386 2582 2452 ἐπιθέσεως
2606 2383 2846 2456 χειρῶν,
2868 2382 3028 2437 Οῦτω
3064 2382 3174 2453 7&9
3186 2382 3248 2435 τὸ
3264 2382 3494 2454 Πνεῦμα
3515 2381 3809 2452 ἐλάμϐανον.

2269 2475 2615 2541 Ἐπιθέντος
2634 2475 2745 2544 γὰρ
2764 2473 2971 2540 αὐτοῖς
2992 2472 3096 2527 τοῦ
3109 2472 3361 2528 Παύλου
3374 2472 3479 2539 τὰς
3497 2471 3708 2542 χεῖρας.
3722 2468 3811 2541 (prf-

2260 2566 2364 2630 c‘w,
2406 2562 2557 2637 ἦλθε
2568 2568 2634 2621 τό
2674 2566 2921 2635 Πνεῦμα
2934 2563 3001 2618 τὸ
3024 2563 3220 2634 ἅγιον.
3246 2560 3652 2629 Ἀναστάσεὼς
3664 2578 3722 2614 τε
3736 2576 3814 2613 νε-

2257 2653 2437 2724 κρῶν.
2457 2655 2631 2708 Τοῦτο
2643 2654 2754 2725 γὰρ
2769 2654 2827 2708 έν
2844 2670 2904 2706 τε
2920 2652 3002 2725 τῷ
3023 2652 3376 2725 βαπτίσματι
3419 2652 3649 2718 γίνεται,
3670 2649 3751 2703 καὶ
3766 2650 3813 2700 ὲν

2256 2746 2325 2815 τῇ
2353 2742 2617 2814 ὁμολογίᾳ
2654 2740 2996 2812 βεϐαιοῦται.
3022 2741 3131 2795 Kal
3158 2741 3438 2811 κρίματος
3460 2740 3709 2794 αἰωνίου.
3734 2735 3816 2789 Διά

2256 2831 2310 2886 τί
2333 2830 2392 2885 δὲ
2406 2830 2583 2887 ταῦτά
2599 2847 2767 2901 φησιν
2785 2849 2800 2898 ;
2818 2828 3041 2901 Ἐπειδὴ
3060 2829 3211 2892 εἰκὸς
3232 2824 3300 2900 ἦν
3317 2830 3519 2893 αὐτοὺς
3543 2828 3575 2899 ἢ
3599 2843 3816 2897 παρασα-

2256 2919 2515 2974 λεύεσθαι
2543 2919 2650 2991 ήδη
2678 2918 3146 2982 πεπιστευκότας,
3169 2917 3203 2989 ἢ
3226 2917 3422 2983 κακῶς
3452 2916 3598 2988 βιοῦν
3622 2916 3709 2971 καὶ⁵
3732 2916 3815 2985 ρᾳ-

2257 3007 2466 3081 θύμως.
2499 3008 2666 3077 Λέγει
2687 3004 2800 3062 οῦν·
2822 3007 3051 3079 Νήψατε
3071 3017 3118 3061 ο..
3146 3006 3411 3077 ’Δπάγων
3426 3004 3520 3061 οῦν
3535 3006 3717 3069 αὐτοὺς
3730 3003 3817 3073 τῆς

2256 3096 2515 3167 τοιαύτης
2562 3096 2865 3167 ῥᾳθυμίας,
2919 3095 3019 3149 καὶ
3058 3097 3603 3168 προσεκτικωτέρους
3650 3093 3817 3155 ποιῶν,

2256 3184 2449 3241 τοῦτον
2478 3184 2754 3254 τὸνλόγον
2794 3187 2955 3239 κινεῖ.
2984 3183 3099 3237 Ούκ
3152 3182 3231 3238 ἐνι
3260 3184 3377 3257 7&9
3416 3186 3607 3257 εἰπεῖν,
3629 3184 3706 3237 ὅτι
3738 3180 3818 3233 Ἂν

2258 3274 2353 3329 νῦν
2380 3273 2643 3347 ῥαθύμως
2664 3272 2947 3344 ζήσωμεν,
2969 3273 3136 3327 πάλιν
3169 3272 3680 3345 βαπτισθησόμεθα,
3724 3269 3818 3323 πά-

2256 3364 2342 3418 λιν
2374 3362 2900 3435 κατηχηθησόμεθα,
2935 3362 3033 3416 καὶ
3069 3363 3234 3417 πάλιν
3274 3362 3564 3433 ληψόμεθα
3594 3361 3651 3415 τὸ
3670 3358 3818 3414 Πνεῦ-

2260 3469 2363 3523 μαο
2398 3452 2456 3523 ἢ,
2491 3452 2574 3505 ὅτι
2608 3453 2707 3505 “Av
2736 3448 2831 3504 νῦν
2856 3450 2960 3521 τῆς
3008 3450 3245 3514 πίστεως
3294 3451 3639 3522 ἐκπέσωμεν,
3680 3446 3820 3502 πάλιν

2256 3541 2603 3613 δυνησόμεθα
2626 3539 3023 3611 βαπτιζόμενοι
3039 3539 3108 3593 τὰ
3126 3541 3511 3613 ἁμαρτήματα
3540 3538 3820 3595 ἀπολούσε-

2261 3627 2407 3694 σθαι,
2437 3626 2669 3682 καὶτῶν
2720 3627 2902 3680 αὐτῶν
2929 3629 3116 3699 τυχεῖν
3161 3620 3351 3700 ὧνπερ
3410 3629 3504 3683 καὶ
3561 3628 3819 3698 πρότερον.

2257 3715 2593 3785 Σφάλλεσθε,
2614 3733 2693 3787 φη
2708 3717 2782 3782 σὶ,
2807 3711 2982 3769 ταῦτα
3005 3714 3343 3786 νομίζοντες.
3395 3717 3705 3773 Ἀδύνατον
3729 3714 3823 3786 γὰρ

2257 3804 2401 3871 τοὺς
2453 3803 2617 3868 ἅπαξ
2681 3802 3113 3873 φωτισθέντας,
3171 3802 3591 3874 γευσαμένους
3624 3820 3684 3858 τε
3730 3800 3823 3869 τῆς

2258 3889 2486 3962 δωρεᾶς
2513 3890 2627 3961 τῆς
2640 3890 3030 3961 ἐπουρανίου,
3056 3889 3157 3946 καί
3176 3891 3479 3962 μετόχους
3495 3890 3826 3964 γενηθέντας

2258 3980 2609 4049 Πνεῦματος
2630 3979 2829 4050 ἁγίου,
2861 3978 2961 4032 καί
2993 3978 3189 4033 καλὸν
3226 3980 3641 4051 γευσαμένους
3696 3977 3825 4033 Θεοῦ

2250 4066 2439 4139 ῥῆμα,
2461 4068 2754 4139 δυνάμεις
2788 4086 2852 4123 τε
2866 4068 3209 4139 μέλλοντος
3242 4068 3486 4138 αἰῶνος,
3511 4070 3608 4126 καί
3658 4083 3826 4139 παρα-

2259 4154 2583 4224 πεσόντας,
2622 4156 3221 4218 πὰλινὰνακαινίζὲιν
3246 4156 3362 4231 [96]
3393 4161 3483 4226 είς
3507 4158 3826 4229 μετάνοιαν,

2259 4244 2803 4315 ἀνασταυροῦντας
2830 4244 3075 4311 ἑαυτοῖς
3096 4245 3204 4301 τὸν
3231 4246 3368 4300 Υίὸν
3390 4246 3498 4302 τοῦ
3558 4244 3701 4303 Θεοῦ
3742 4242 3829 4299 και

2259 4332 2925 4403 παραδειγματίζοντας.
2980 4334 3093 4388 Καὶ
3138 4334 3238 4405 ὅρα
3301 4334 3425 4399 πῶς
3482 4331 3829 4406 ἐντρεπτικὼς

2262 4421 2358 4476 καὶ
2421 4421 2882 4491 άπαγορευτικῶς
2939 4422 3204 4492 ἀρχεται’
3251 4421 3605 4487 Ἀδύνατον,
3672 4418 3826 4491 φησί’

2257 4508 2526 4571 τουτέστι.
2556 4509 2773 4579 Μηκέτι
2808 4508 3085 4581 προσδόκα
3117 4508 3179 4561 τὸ
3213 4508 3288 4580 μὴ
3317 4508 3567 4565 δυνατόν.
3619 4511 3690 4564 Οὐ
3736 4506 3832 4577 γὰρ

2258 4592 2433 4661 εἶπεν,
2464 4597 2539 4651 Οὐ
2572 4596 2796 4668 πρέπει,
2823 4596 2945 4649 οὐδὲ
2978 4595 3272 4667 συμφέρει,
3303 4598 3428 4651 οὐδὲ
3455 4598 3681 4663 ἔξεστιν,
3709 4595 3829 4659 ἀλλ’,

2272 4686 2602 4741 Ἀδύνατον
2623 4701 2638 4715 ·
2663 4685 2805 4739 ὥστε
2827 4686 2908 4750 εἰς
2948 4685 3263 4755 ἀπόγνωσιν
3313 4687 3606 4757 ἐμϐαλεῖν,
3641 4688 3689 4740 εἰ
3710 4684 3833 4747 ὅλως

2260 4773 2601 4844 ἐφωτίσθητε
2624 4771 2795 4837 ἅπαξ.

2328 4868 2402 4931 γ’.
2422 4857 2557 4916 Είτα
2584 4861 2805 4929 ἐπάγει,
2827 4860 3257 4931 Γευσαμένους
3275 4877 3340 4916 τε
3364 4861 3479 4932 τῆς
3494 4861 3713 4932 δωρεᾶς
3738 4858 3835 4928 τῆς

2263 4951 2631 5021 ἐπουρανίου
2655 4967 2670 4982 ⁸
2692 4952 2966 5016 τουτέστι,
2994 4950 3098 5022 τῆς
3122 4950 3395 5020 ἀφέσεως.
3429 4953 3541 5007 Καί
3556 4951 3835 5023 μετόχους

2262 5040 2629 5112 γενηθέντας
2661 5041 3010 5110 Πνεύματος
3059 5039 3254 5110 ἁγίου,
3288 5039 3386 5094 καὶ
3424 5041 3616 5096 καλὸν
3642 5052 3838 5109 γευσα-

2260 5130 2487 5199 μένους
2516 5129 2667 5184 Θεοῦ
2681 5127 2866 5200 ρἦα.
2896 5129 3009 5202 Τὴν
3035 5129 3387 5184 διδασκαλίαν
3419 5129 3658 5184 ἐνταῦθα
3678 5128 3834 5194 λέγει.

2259 5218 2555 5287 Δυνάμεις
2583 5234 2649 5272 τε
2667 5218 3005 5288 μέλλοντος
3026 5218 3264 5286 αἰῶνος.
3294 5218 3466 5283 Τίνας
3491 5219 3670 5289 λέγεις
3702 5213 3839 5269 δυνά-

2262 5322 2421 5376 μεις;
2457 5306 2528 5359 Ἦ
2556 5306 2618 5359 τὸ
2648 5306 2902 5377 θαύματα
2932 5306 3276 5379 ἐπιτελεῖν,ἧ
3301 5306 3393 5361 τὸν
3420 5306 3724 5380 ἀρραϐῶνα
3751 5297 3836 5354 τοῦ

2259 5394 2603 5465 Πνεύματος.
2641 5395 2751 5448 Καὶ
2778 5395 3266 5464 παραπεσόντας,
3299 5394 3489 5449 πάλιν
3538 5388 3835 5449 ἀνακαινί-

2260 5479 2378 5543 ζειν
2399 5484 2487 5549 είς
2519 5482 2870 5553 μετάνοιαν,
2900 5482 3442 5551 ἀνασταυροῦντας
3470 5480 3705 5548 ἑαυτοῖς
3743 5476 3838 5530 τὸν

2325 5670 2351 5709 h
2379 5665 2515 5730 Idem
2542 5670 2947 5730 prmposilionem
2977 5666 3244 5715 delendam
3268 5678 3381 5716 esse
3408 5671 3606 5730 οεηεει.

2265 5729 2461 5840 εῐέηῗὶς
2478 5721 2810 5781 Εοίδεὲιὶιιυε.
2844 5730 2895 5783 ιιι
2917 5730 3051 5781 edito
3077 5730 3199 5791 haec,
3225 5730 3350 5792 λέγει
3392 5726 3498 5789 οὖν,
3518 5727 3730 5791 Νήψατε.
3754 5721 3839 5781 ἂν
