4060 6440
237 297 306 355 Ὶ7
1084 294 1152 352 IN
1189 293 1407 358 EPIST.
1448 295 1541 356 AD
1577 290 1841 356 BEBB/E‘

1974 290 2128 348 CAP.
2159 288 2247 346 Vl.
2276 289 2505 349 ﬂOMlL.
2537 294 2632 353 ιχ.

239 400 390 453 tionis
413 398 600 452 Christi
628 413 925 463 sermonem,
953 397 1022 450 ad
1046 399 1400 468 perfectionem
1425 401 1665 470 feramur.
1685 399 1818 466 Quae

237 492 304 544 sit
324 489 615 554 inchoatio,
635 499 688 543 et
714 488 854 559 quod
882 487 1089 543 initium
1106 489 1393 550 sermonis,
1422 489 1534 558 ipse
1559 489 1817 558 deinceps

236 583 404 652 ponit,
428 582 612 634 dicens
641 597 655 634 :
703 577 822 633 Non
862 595 1074 644 rursus,
1112 579 1322 650 inquit,
1344 580 1592 648 jacientes
1622 580 1816 650 funda-

233 683 456 726 mentum
495 671 799 736 ptenitentite
834 670 897 722 ab
941 669 1176 738 operibus
1228 670 1440 728 mortuis
1479 680 1526 723 et
1571 672 1692 740 fidei
1742 672 1811 728 ad

235 760 420 828 Deum,
448 761 800 831 baptismatum
825 761 1088 825 doctrinas,
1119 761 1456 830 impositionis
1483 779 1681 833 quoque
1707 781 1815 818 ma-

231 871 413 919 nuum,
446 869 506 905 ac
529 851 907 905 resurrectionis
953 861 1265 905 mortuorum
1287 891 1302 916 ,
1332 861 1382 906 et
1399 852 1588 921 judicii
1615 854 1811 914 interni.

229 945 306 1016 (a)
342 944 396 998 Si
425 943 525 997 hoc
551 952 729 997 autem
751 950 834 997 est
861 941 1090 1006 initium,
1121 941 1250 1012 quid
1285 950 1369 997 est
1397 941 1540 996 aliud
1570 954 1814 1000 nostrum

237 1035 435 1104 dogma
484 1050 642 1104 quam
681 1035 1047 1102 paenitentiam
1076 1047 1237 1103 agere
1265 1033 1332 1087 ab
1370 1031 1624 1103 operibus
1669 1047 1817 1088 mor-

235 1127 367 1188 tuis,
397 1135 452 1180 et
485 1140 582 1195 per
623 1125 879 1196 Spiritum
916 1126 1162 1195 accipere
1202 1125 1361 1180 fidem
1405 1125 1822 1180 resurrectionis

234 1228 573 1272 mortuorum
626 1227 681 1272 et
727 1218 912 1286 judicii
965 1217 1193 1273 mterni?
1231 1217 1371 1286 Quid
1423 1226 1507 1272 est
1561 1217 1818 1274 initium?

234 1308 382 1364 Nihil
412 1308 554 1364 aliud
576 1324 736 1378 quam
759 1307 861 1363 hoc
883 1307 1014 1364 dicit
1043 1309 1278 1376 initium,
1299 1307 1513 1378 quando
1537 1322 1646 1363 non
1670 1306 1824 1363 adest

235 1403 351 1455 vita
383 1411 570 1456 exacta
599 1409 652 1455 et
682 1399 941 1470 perfecta.
989 1399 1060 1456 Ut
1104 1399 1248 1455 enim
1295 1415 1418 1456 eum
1445 1400 1537 1469 qui
1580 1401 1727 1455 venit
1757 1397 1822 1451 ad

235 1494 529 1549 discendas
555 1493 761 1558 literas,
791 1501 1005 1563 oportet
1045 1493 1274 1562 primum
1297 1492 1484 1548 audire
1512 1491 1780 1546 elementa
1807 1507 1822 1544 :

237 1585 311 1640 ita
342 1585 506 1640 etiam
545 1583 906 1640 Christianum
937 1583 1053 1638 inec
1097 1591 1283 1638 exacte
1321 1583 1462 1638 scire
1492 1582 1744 1652 primum,
1772 1590 1828 1635 et

238 1677 309 1732 de
335 1678 420 1731 his
451 1675 583 1730 nihil
608 1675 871 1730 dubitare.
902 1673 956 1729 Si
998 1684 1178 1730 autem
1206 1674 1448 1732 doctrina
1477 1687 1662 1728 rursus
1694 1672 1828 1727 indi-

238 1780 386 1840 geat,
430 1768 668 1824 nondum
696 1767 858 1822 habet
887 1764 1293 1834 fundamentum
1317 1784 1331 1820 :
1367 1765 1579 1820 ﬁrmum
1609 1764 1752 1821 enim
1776 1774 1829 1821 ct

240 1862 492 1917 stabilem
536 1859 697 1913 fixum
730 1875 851 1914 esse
879 1868 1093 1930 Oportet
1135 1867 1192 1913 et
1228 1868 1395 1921 stare,
1423 1864 1478 1912 et
1509 1871 1614 1912 non
1647 1865 1825 1912 trans-

241 1956 474 2012 moveri.
497 1954 550 2010 Si
581 1953 700 2024 quis
729 1961 907 2007 autem
940 1950 1208 2006 catechesi
1237 1951 1546 2016 institutus,
1579 1958 1634 2005 et
1658 1948 1831 2018 bapti-

244 2063 370 2104 smo
413 2049 647 2110 tinctus,
691 2053 812 2116 post
853 2057 1024 2098 annos
1055 2041 1244 2098 decem
1283 2041 1353 2097 de
1384 2040 1491 2096 fide
1531 2047 1832 2104 rursusest

250 2141 563 2204 auditurus,
591 2146 646 2193 et
687 2135 829 2207 quod
875 2142 1122 2206 oporteat
1150 2133 1374 2190 credere
1410 2133 1462 2188 in
1500 2142 1830 2191 mortuorum

257 2231 726 2292 resurrectionem,
759 2226 994 2281 nondum
1017 2226 1179 2281 habet
1209 2224 1642 2289 fundamentum,
1672 2221 1830 2279 Chri-

255 2324 518 2378 stianismi
550 2335 735 2376 rursus
762 2321 953 2390 quaerit
994 2318 1224 2374 initium.
1274 2317 1405 2377 Nam
1434 2317 1575 2387 quod
1607 2316 1739 2370 fides
1765 2315 1835 2370 sit

249 2415 700 2480 fundamentum,
756 2399 1022 2482 reliquum
1094 2418 1271 2464 autem
1330 2407 1656 2474 mdilicium,
1712 2406 1836 2460 audi

248 2509 427 2579 ipsum
459 2505 724 2560 dicentem
758 2517 774 2560 :
806 2501 916 2571 Ego
950 2500 1335 2572 fundamentum
1373 2500 1557 2569 posui,
1587 2481 1717 2551 alius
1744 2513 1834 2550 su-

249 2598 592 2671 persedi/icat.
641 2594 702 2650 Si
728 2595 838 2663 quis
863 2602 1031 2646 autem
1057 2590 1432 2662 supermdificat
1471 2605 1626 2659 supra
1653 2587 1839 2659 funda-

248 2703 476 2744 mentum
503 2689 616 2754 ftoc,
644 2701 846 2751 aurum,
869 2691 1136 2753 argentum
1166 2680 1359 2751 lapides
1389 2681 1655 2750 pretiosos,
1677 2678 1837 2749 ligna,

251 2788 485 2856 fartum,
525 2781 765 2851 stipulam
806 2778 824 2848 (
857 2778 908 2831 Ι.
931 2774 1050 2831 Cor.
1091 2775 1145 2829 3.
1177 2773 1266 2830 IO.
1295 2773 1408 2843 12).
1435 2772 1561 2832 Ideo
1586 2770 1796 2828 dicebat
1825 2785 1837 2822 :

254 2875 381 2930 Non
409 2889 612 2928 rursum
627 2872 872 2942 jacientes
893 2867 1284 2939 fundamentum
1303 2864 1607 2937 pamitentia:
1627 2861 1687 2914 ab
1709 2875 1836 2930 ope-

251 2968 396 3023 ribus
440 2965 672 3018 mortuis.

326 3063 382 3116 2.
407 3059 560 3114 Fides
581 3058 730 3126 ﬁrma
749 3055 903 3109 vitam
924 3068 1101 3123 puram
1121 3050 1273 3120 parit.
1293 3078 1362 3089 -—-
1378 3045 1516 3115 Quid
1538 3055 1620 3101 est
1636 3052 1842 3109 autem,

255 3156 340 3210 Ad
367 3152 730 3225 perfectionem
756 3146 1021 3220 ferantur?
1051 3143 1335 3212 Deinceps,
1364 3142 1556 3210 inquit,
1590 3136 1818 3208 procede

257 3262 381 3303 mus
422 3245 489 3300 ad
531 3245 704 3312 ipsum
749 3237 1016 3308 fastigium
1037 3275 1052 3300 ,
1086 3233 1188 3288 hoc
1217 3243 1334 3297 est,
1366 3231 1527 3284 vitam
1557 3228 1848 3282 habeamus

259 3343 543 3410 optimam.
577 3335 722 3388 Sicut
750 3330 893 3386 enim
923 3328 974 3382 in
1004 3323 1289 3382 elementis
1315 3323 1357 3376 A
1392 3330 1560 3376 totum
1589 3318 1845 3384 continet,

260 3446 316 3491 et
358 3430 761 3485 fundamentum
803 3429 971 3476 totum
1012 3417 1297 3473 aedificium
1323 3431 1337 3466 :
1364 3415 1432 3468 ita
1479 3412 1638 3468 etiam
1685 3410 1848 3466 vitam

261 3540 455 3599 puram
485 3527 630 3576 certa
660 3519 712 3572 in
739 3515 840 3570 fide
873 3511 1170 3584 persuasio.
1195 3508 1413 3578 Absque
1437 3520 1499 3562 ea
1530 3513 1706 3559 autem
1737 3502 1849 3556 fieri

263 3596 372 3674 non
417 3622 597 3686 potest
635 3619 692 3664 ut
733 3609 807 3664 sis
834 3605 1169 3661 Christianus
1203 3620 1216 3655 :
1248 3599 1388 3655 sicut
1430 3611 1530 3654 nec
1567 3596 1847 3652 :edificium

262 3717 448 3781 potest
469 3720 593 3762 esse
617 3704 816 3772 absque
852 3696 1230 3760 fundamentis,
1256 3706 1429 3762 neque
1455 3690 1568 3745 fieri
1593 3696 1768 3757 potest
1795 3693 1852 3740 ut

263 3803 472 3871 absque
496 3797 781 3855 elementis
805 3796 882 3850 sis
903 3793 1108 3863 peritus
1136 3790 1434 3844 literarum.
1458 3784 1569 3842 Sed
1595 3781 1857 3853 quemad-

263 3893 493 3948 modum
534 3890 578 3946 si
617 3889 743 3961 quis
779 3901 995 3956 semper
1020 3892 1264 3940 versetur
1301 3881 1442 3936 circa
1482 3879 1780 3940 elementa,
1811 3871 1859 3928 si

265 3987 395 4058 quis
421 3984 567 4039 circa
598 3980 1004 4036 fundamentum
1029 4018 1046 4044 ,
1086 3991 1194 4032 non
1219 3973 1361 4028 circa
1391 3969 1675 4026 aedilicium
1695 4006 1713 4033 ,
1751 3980 1858 4020 non

265 4080 375 4135 erit
401 4078 453 4134 ei
479 4075 768 4147 quidquam
788 4070 1057 4142 amplius:
1080 4070 1158 4124 sic
1186 4064 1344 4122 nobis
1367 4060 1620 4134 eveniet:
1643 4059 1692 4114 si
1715 4058 1860 4113 enim

261 4184 491 4240 semper
516 4167 573 4222 in
602 4163 725 4223 fidei
754 4163 908 4220 initio
938 4172 1254 4218 maneamus
1275 4197 1292 4224 ,
1331 4167 1622 4224 numquam
1649 4149 1717 4205 ad
1745 4151 1861 4217 ejus

269 4260 665 4332 perfectionem
696 4257 995 4312 veniemus.
1026 4253 1107 4308 Tu
1136 4259 1317 4306 autem
1355 4262 1425 4304 ne
1465 4245 1741 4302 existimes
1765 4241 1862 4296 de-

265 4364 504 4410 tractum
527 4365 650 4407 esse
673 4349 817 4414 fidei,
847 4346 991 4418 quod
1017 4360 1080 4402 ea
1107 4343 1432 4399 elementum
1459 4339 1531 4396 sit
1555 4346 1740 4391 vocata
1761 4351 1776 4387 :
1796 4347 1859 4387 ea

266 4445 421 4500 enim
452 4450 535 4497 est
560 4450 669 4497 tota
694 4448 953 4510 potestas.
970 4435 1102 4491 Nam
1125 4430 1340 4505 quando
1360 4430 1510 4496 dicit,
1531 4426 1710 4483 Omnis
1729 4424 1863 4479 enim

263 4533 362 4605 qui
391 4532 540 4585 lactis
567 4540 640 4585 est
667 4530 936 4599 particeps,
962 4536 1035 4581 est
1052 4524 1319 4595 imperitus
1347 4518 1592 4576 sermonis
1608 4515 1864 4588 justitite:

267 4635 352 4681 est
380 4624 523 4680 enim
565 4623 775 4695 infans;
810 4635 916 4676 non
944 4633 1065 4674 eam
1095 4625 1249 4671 vocat
1279 4614 1360 4668 lac
1385 4610 1643 4683 iustitiae;
1674 4607 1768 4664 sed
1798 4605 1867 4662 de

268 4719 360 4774 his
407 4715 584 4771 adhuc
627 4713 871 4768 dubitare
898 4752 915 4779 ,
960 4719 1044 4766 est
1088 4705 1286 4763 mentis
1320 4702 1602 4760 imbecilla:
1646 4709 1702 4756 et
1746 4713 1867 4768 qua:

267 4808 469 4866 multis
510 4806 708 4876 indiget
749 4802 1069 4859 rationibus.
1100 4799 1227 4854 Haec
1267 4795 1412 4853 enim
1449 4803 1575 4850 sunt
1617 4791 1864 4862 dogmata

270 4919 402 4973 qum
426 4908 559 4956 sunt
587 4907 731 4954 recta
759 4906 814 4952 et
837 4909 966 4949 sana
991 4912 1003 4947 :
1025 4893 1174 4948 illum
1207 4903 1439 4959 namque
1465 4899 1718 4942 vocamus
1741 4897 1866 4951 per-

273 4972 521 5057 fectum,
554 4991 793 5061 quicum
824 4987 932 5041 fide
972 4993 1172 5040 rectam
1210 4981 1371 5037 habet
1411 4979 1596 5032 vitam.
1643 4975 1701 5030 Si
1747 4972 1868 5043 quis

273 5098 464 5144 autem
491 5083 652 5139 fidem
679 5081 894 5153 quidem
919 5078 1136 5142 habeat,
1165 5075 1372 5129 scelera
1394 5081 1572 5126 autem
1599 5067 1865 5129 admittat,

274 5189 333 5234 et
362 5178 435 5232 de
463 5175 566 5230 hac
591 5175 706 5244 ipsa
735 5171 981 5235 dubitet,
1011 5177 1067 5222 et
1093 5165 1394 5222 doctrinam
1422 5161 1622 5232 probro
1645 5156 1864 5220 afficiat,

277 5269 478 5324 merito
501 5281 627 5322 eum
658 5263 902 5318 dicemus
932 5261 1186 5315 infantem
1206 5297 1223 5324 ,
1251 5263 1310 5311 ut
1345 5254 1438 5324 qui
1478 5251 1547 5317 ad
1577 5251 1752 5320 ipsum
1784 5260 1870 5302 re-

279 5361 514 5416 currerit
560 5358 791 5412 initium.
842 5351 1203 5422 Quamobrem
1250 5346 1462 5405 etiamsi
1508 5344 1658 5401 mille
1700 5354 1872 5397 annos

279 5453 554 5523 egerimus
577 5449 636 5503 in
665 5447 790 5514 fide,
819 5445 944 5500 etin
973 5459 1036 5499 ea
1064 5459 1170 5497 non
1198 5441 1368 5496 simus
1389 5436 1529 5493 firmi
1553 5447 1606 5494 et
1627 5433 1868 5498 stabiles,

283 5559 471 5599 sumus
513 5540 786 5605 infantes;
837 5535 1050 5608 quando
1094 5548 1203 5589 non
1245 5530 1581 5592 ostendimus
1621 5527 1782 5582 vitam
1821 5523 1871 5580 ei

354 5741 429 5802 (a)
457 5737 545 5788 Hic
581 5732 751 5795 incipit
783 5725 978 5778 homilia
1003 5736 1125 5775 nona
1150 5724 1195 5773 in
1221 5719 1354 5770 Colb.
1374 5752 1387 5779 ,
1426 5715 1562 5767 initio
1597 5713 1792 5765 omisso.

3444 292 3518 349 78

1915 399 2344 462 convenientem,
2379 397 2593 468 quando
2618 394 2793 452 adhuc
2814 393 3046 465 iacimus
3072 391 3496 449 fundamentmn.

1920 490 2025 545 Eos
2051 497 2228 543 autem
2261 498 2313 543 et
2342 488 2409 544 de
2439 489 2560 542 vita:
2588 491 2831 552 ratione,
2862 495 2917 541 et
2944 485 3013 540 de
3037 485 3142 540 alio
3167 500 3380 555 quoque
3407 500 3500 538 ac-

1915 590 2086 646 cuset,
2113 589 2173 636 ut
2196 581 2285 651 qui
2314 582 2422 634 sint
2450 578 2784 643 vacillantes,
2809 588 2862 634 et
2884 594 3019 646 Opus
3047 577 3277 631 habeant
3298 587 3357 630 ut
3379 575 3499 630 fun-

1917 672 2227 727 damentum
2254 671 2456 741 jaciant
2487 671 2820 738 poenitentia:
2857 669 2926 723 ab
2955 668 3211 738 operibus
3250 670 3500 722 mortuis.

1925 765 2056 823 Eum
2085 764 2227 820 enim
2258 762 2348 832 qui
2377 763 2445 817 ab
2488 761 2670 831 aliquo
2715 769 3113 815 transmovetur
3137 759 3202 813 ad
3234 760 3464 814 alterum
3486 801 3502 824 ,

1917 864 1971 912 et
1993 854 2126 910 illud
2153 852 2368 925 quidem
2394 851 2632 915 dimittit,
2656 851 2757 906 hoc
2776 860 2955 905 autem
2983 851 3147 920 eligit,
3162 851 3332 920 ipsum
3356 851 3506 919 prius

1919 955 2135 1017 oportet
2161 955 2215 1001 ut
2241 945 2583 1008 condemnet,
2611 943 2758 999 etab
2783 958 2849 998 eo
2872 944 3089 998 recedat
3115 945 3422 1011 affectione,
3451 954 3508 1000 et

1925 1038 2276 1095 tuncveniat
2318 1035 2387 1090 ad
2425 1036 2654 1090 alterum
2680 1052 2693 1088 :
2718 1034 2762 1090 si
2792 1042 2970 1089 autem
3011 1035 3174 1104 priori
3212 1051 3399 1090 rursus
3425 1047 3510 1091 est

1921 1129 2261 1195 adbcesurus,
2285 1128 2556 1198 quomodo
2574 1129 2799 1197 attinget
2821 1125 3158 1180 secundum?
3187 1126 3323 1192 Quid
3353 1142 3505 1197 ergo,

1922 1223 2128 1295 inquit,
2155 1222 2223 1279 de
2255 1221 2410 1292 lege?
2440 1221 2576 1276 Eam
2602 1219 3097 1282 condemnavimus,
3129 1227 3184 1274 et
3224 1234 3412 1274 rursus
3438 1221 3506 1275 ad

1922 1315 2094 1386 ipsam
2122 1314 2483 1372 recurrimus:
2507 1312 2609 1368 hoc
2634 1327 2738 1367 non
2762 1319 2847 1368 est
2866 1311 3143 1366 translatio
3167 1320 3222 1366 et
3244 1321 3512 1367 transmu-

1930 1409 2062 1473 tatio
2085 1426 2098 1463 :
2118 1405 2315 1464 etenim
2340 1406 2426 1461 hic
2449 1404 2708 1458 habemus
2727 1403 2919 1474 legem.
2943 1402 3288 1474 Legem-ergo,
3315 1403 3507 1474 inquit,

1922 1507 2234 1562 destruintus
2277 1520 2368 1574 per
2416 1501 2614 1571 fidem?
2659 1501 2840 1565 Absit,
2889 1501 2978 1556 sed
3015 1501 3192 1571 tegens
3241 1502 3514 1555 statuimus

1924 1599 2104 1670 (Rom.
2136 1599 2191 1653 3.
2220 1596 2334 1668 51).
2378 1596 2492 1665 Ego
2532 1604 2710 1648 autem
2753 1592 3000 1656 dicebam
3039 1593 3107 1649 de
3145 1592 3307 1650 rebus
3335 1593 3511 1648 malis.

1922 1690 2057 1748 Nam
2077 1690 2172 1760 qui
2191 1700 2274 1744 est
2292 1687 2360 1745 ad
2382 1687 2630 1742 virtutem
2653 1685 3000 1751 transiturus,
3025 1682 3191 1742 debet
3210 1684 3358 1753 prius
3380 1697 3513 1738 con-

1924 1783 2184 1840 demnare
2216 1781 2426 1848 vitium,
2455 1790 2509 1836 et
2536 1789 2662 1834 tunc
2683 1779 2750 1834 ad
2773 1794 2892 1834 eam
2914 1777 3175 1835 accedere
3199 1794 3212 1830 :
3236 1791 3343 1832 non
3370 1777 3513 1832 enim

1927 1873 2146 1934 valebat
2191 1870 2512 1943 pmnitentia
2547 1885 2643 1926 eos
2674 1868 2903 1924 mundos
2945 1868 3192 1923 reddere.
3224 1868 3513 1936 Propterea

1928 1967 2112 2023 statim
2136 1964 2582 2036 baptizabantur,
2611 1971 2669 2018 ut
2697 1960 2839 2032 quod
2869 1975 2966 2030 per
2992 1958 3202 2030 seipsos
3231 1974 3335 2014 non
3368 1969 3517 2027 pote-

1866 2090 1878 2099 -
1927 2067 2052 2117 rant
2085 2056 2304 2112 efficere
2327 2095 2342 2121 ,
2374 2055 2428 2111 id
2473 2052 2630 2108 ﬁeret
2667 2067 2766 2122 per
2798 2051 3000 2107 Christi
3043 2051 3286 2120 gratiam.
3331 2048 3517 2114 Neque

1928 2163 2058 2219 ergo
2079 2147 2282 2204 sufﬁcit
2300 2145 2616 2217 pmnitentia
2635 2143 2704 2199 ad
2725 2143 3180 2208 emundationem,
3199 2143 3290 2198 sed
3307 2151 3520 2212 oportet

1929 2239 2191 2310 baptisma
2220 2252 2515 2298 assumere.
2548 2235 2846 2306 Oportebat
2879 2250 3013 2306 ergo
3036 2233 3103 2299 ad
3131 2235 3397 2303 baptisma
3427 2249 3518 2288 ac-

1928 2332 2148 2398 cedere,
2176 2331 2326 2401 prius
2348 2329 2617 2386 damnatis
2641 2328 2876 2399 peceatis
2898 2343 3016 2397 quae
3042 2327 3350 2388 admiserat.
3378 2326 3517 2393 Quid

1929 2432 2013 2480 est
2057 2430 2234 2482 autem
2262 2463 2279 2489 ,
2310 2421 2688 2491 Baptismatum
2727 2420 3012 2478 doctrinae?
3047 2418 3165 2474 Non
3194 2419 3336 2489 quod
3366 2419 3519 2474 multi

1929 2515 2040 2570 sint
2067 2513 2342 2584 baptismi,
2371 2511 2468 2568 sed
2495 2527 2654 2566 unus.
2685 2509 2793 2566 Cur
2819 2525 2949 2582 ergo
2976 2509 3027 2564 id
3054 2509 3188 2564 dixit
3213 2509 3519 2578 pluraliter?

1930 2607 2066 2676 Quia
2095 2607 2337 2671 dixerat,
2368 2603 2492 2659 Non
2520 2620 2699 2659 rursus
2719 2604 2971 2673 jacientes
3000 2602 3384 2672 fundamentum
3410 2617 3518 2670 pw-

1932 2701 2178 2756 nitemiaz.
2208 2697 2346 2754 Nam.
2368 2699 2413 2752 si
2441 2711 2537 2754 eos
2561 2710 2751 2752 rursus
2775 2695 3116 2764 baptizasset,
3141 2703 3197 2750 et
3222 2693 3290 2749 de
3313 2693 3522 2764 integro

1931 2792 2202 2854 catechesi
2237 2790 2599 2855 instituisset,
2645 2799 2702 2844 et
2741 2802 2930 2842 rursus
2972 2787 3041 2843 ab
3079 2786 3232 2842 initio
3268 2785 3520 2856 baptizati

1932 2887 2256 2942 docerentur
2274 2899 2394 2954 qua:
2414 2891 2539 2940 sunt
2557 2880 2785 2952 agenda,
2808 2888 2864 2934 et
2882 2895 3002 2949 qua:
3024 2893 3130 2934 non
3149 2886 3276 2934 sunt
3294 2878 3520 2948 agenda.

1934 2987 2089 3035 erant
2108 2986 2368 3048 perpetuo
2395 2975 2635 3030 mansuri
2668 2971 2981 3033 incorrecti.
3015 2969 3368 3042 lmpositionis
3393 2987 3522 3040 quo-

1934 3086 2030 3140 que
2071 3086 2332 3124 manuum.
2376 3065 2467 3123 Sic
2505 3064 2652 3121 enim
2700 3062 3038 3132 accipiebant
3079 3061 3361 3130 Spiritum.
3397 3059 3525 3117 Cum

1937 3163 2138 3225 Paulus
2162 3163 2262 3227 eis,
2293 3160 2503 3230 inquit,
2531 3156 2855 3227 imposuisset
2893 3171 3096 3221 manus,
3128 3154 3261 3212 uenit
3298 3154 3527 3223 Spiritus

1937 3263 2142 3310 sanctus
2167 3253 2301 3323 (Act.
2329 3250 2416 3306 19.
2441 3250 2521 3320 6).
2545 3249 2617 3304 Ac
2641 3245 3386 3304 resurrectionis‘mortuorum.
3413 3244 3526 3299 Hoc

1940 3346 2082 3402 enim
2117 3344 2176 3398 fit
2199 3344 2255 3398 in
2288 3343 2555 3411 baptismo
2576 3381 2592 3406 ,
2624 3349 2678 3398 et
2705 3337 3053 3402 confirmatur
3084 3337 3136 3394 in
3166 3336 3524 3393 confessione.

1942 3437 2010 3493 Et
2022 3437 2211 3507 judicii
2239 3435 2437 3489 aeterni.
2459 3433 2570 3489 Cur
2590 3440 2769 3487 autem
2801 3431 2903 3486 hoc
2931 3429 3100 3486 dicit?
3127 3428 3386 3497 Quoniam
3414 3437 3530 3484 erat

1941 3529 2239 3586 verisimile
2267 3540 2363 3582 eos
2391 3524 2475 3579 vel
2501 3539 2623 3579 cum
2658 3522 2768 3592 jam
2799 3520 3158 3578 credidissent
3188 3519 3369 3575 labare
3392 3559 3407 3582 ,
3439 3527 3532 3574 aut

1944 3622 2086 3677 male
2116 3635 2180 3675 ac
2207 3619 2468 3674 dissolute
2497 3616 2680 3671 vivere
2705 3632 2718 3667 :
2741 3613 2873 3667 dicit
2910 3627 3061 3682 ergo,
3099 3609 3296 3681 Vigiles
3336 3619 3528 3664 estote.

1946 3713 2234 3769 Abducens
2277 3709 2441 3779 igitur
2478 3707 2602 3762 illos
2644 3721 2674 3760 a
2725 3704 2815 3760 tali
2857 3703 3089 3774 ignavia,
3130 3712 3182 3758 et
3219 3702 3534 3757 attentiores

1948 3806 2216 3868 reddens,
2248 3804 2390 3857 hunc
2420 3807 2600 3854 movet
2627 3811 2956 3856 sermonem.
2988 3793 3105 3849 Non
3135 3794 3257 3848 licet
3281 3793 3427 3848 enim
3453 3792 3535 3846 di—

1951 3913 2098 3965 cere,
2141 3896 2198 3954 Si
2238 3894 2500 3950 dissolute
2539 3901 2594 3945 et
2634 3889 2965 3958 negligenter
3000 3885 3316 3950 vixerimus,
3354 3899 3538 3938 rursus

1952 3986 2365 4058 baptizabimur,
2396 3980 2668 4038 catechesi
2698 3992 2891 4034 rursus
2915 3976 3278 4040 instituemur,
3309 3973 3540 4044 accipie-

1954 4094 2074 4137 mus
2104 4093 2290 4133 rursus
2321 4074 2581 4144 Spiritum
2610 4088 2622 4124 :
2650 4079 2744 4124 aut
2768 4109 2783 4135 ,
2823 4068 2880 4124 Si
2910 4082 2942 4122 a
2971 4066 3077 4122 fide
3103 4080 3246 4120 nunc
3273 4063 3534 4120 exciderio

1956 4188 2113 4237 mus,
2141 4183 2329 4226 rursus
2351 4165 2647 4237 poterimus
2673 4159 2930 4231 baptizati
2961 4166 3176 4228 peccata
3206 4156 3457 4221 abluere,
3489 4163 3544 4212 et

1957 4263 2148 4322 eadem
2175 4258 2384 4328 assequi
2411 4271 2532 4327 qua:
2560 4255 2729 4325 prius.
2757 4251 2985 4315 Erratis,
3007 4248 3200 4318 inquit,
3222 4249 3338 4302 haec
3358 4245 3546 4302 existi-

1960 4360 2170 4412 mantes
2195 4368 2209 4406 :
2231 4351 2287 4406 4.
2308 4345 2631 4418 Impossibile
2653 4344 2785 4398 enim
2805 4351 2878 4397 est
2898 4357 2983 4396 eos
3004 4341 3088 4410 qui
3111 4339 3264 4394 semel
3283 4347 3401 4392 sunt
3420 4337 3546 4392 illu-

1964 4440 2174 4507 minati,
2202 4445 2529 4511 gustaverunt
2555 4435 2708 4492 etiam
2739 4433 2932 4485 donum
2966 4430 3163 4490 caeleste
3190 4437 3243 4482 et
3275 4428 3548 4498 participes

1964 4541 2080 4590 sunt
2105 4531 2334 4602 Spiritus
2354 4527 2540 4591 sancti,
2566 4525 2619 4581 5.
2648 4530 2973 4595 gustaverunt
3001 4518 3330 4574 nihilominus
3360 4517 3549 4571 bonum

1965 4623 2064 4678 Dei
2093 4621 2298 4678 uerbum
2320 4659 2336 4684 ,
2372 4618 2679 4684 virtutesque
2715 4612 2875 4683 futuri
2913 4610 3089 4665 δαῖσαιί
3108 4650 3123 4675 ,
3162 4608 3214 4661 6.
3241 4617 3291 4662 et
3317 4606 3549 4677 prolapsi

1963 4725 2116 4783 sunt;
2141 4729 2317 4769 rursus
2341 4725 2582 4764 renouare
2609 4707 2678 4760 ad
2708 4704 3050 4776 paenitentiam
3069 4741 3086 4767 ,
3117 4715 3294 4754 rursus
3337 4698 3544 4764 cruciﬁ-

1962 4817 2132 4881 gentes
2157 4801 2477 4873 sibimetipsis
2504 4799 2699 4854 Filium
2733 4795 2849 4862 Dei,
2879 4802 2926 4847 et
2951 4792 3168 4847 ostentui
3189 4790 3446 4844 habentes.
3467 4785 3544 4859 (a)

1963 4877 2098 4954 Vide
2126 4904 2302 4950 autem
2333 4906 2491 4963 quam
2519 4899 2641 4958 apte
2670 4885 2890 4954 incipiat
2924 4882 2991 4937 ad
3039 4881 3299 4951 pudorem
3341 4877 3548 4933 suffun-

1960 4988 2196 5045 dendum
2222 4994 2278 5040 et
2306 4978 2699 5055 prohibendum
2725 4993 2739 5031 :
2763 4973 3086 5046 Impossibile
3112 4981 3221 5038 est,
3253 4971 3461 5040 inquit,
3492 4968 3546 5026 id

1960 5090 2066 5148 est,
2094 5093 2162 5133 ne
2192 5074 2421 5145 amplius
2445 5077 2729 5140 exspectes
2754 5066 2896 5143 quod
2925 5081 3033 5120 non
3061 5062 3398 5136 potestfieri.
3427 5061 3544 5116 Non

1959 5174 2104 5230 enim
2134 5169 2291 5237 dixit,
2323 5165 2440 5223 Non
2468 5168 2659 5229 decet,
2690 5176 2900 5230 neque,
2935 5157 3054 5214 Non
3082 5156 3316 5227 expedit,
3346 5169 3539 5223 neque,

1957 5266 2073 5322 Non
2100 5264 2248 5329 licet,
2277 5259 2394 5326 sed,
2417 5257 2512 5312 Est
2532 5254 2875 5328 impossibile;
2905 5261 2962 5305 ut
2984 5263 3078 5304 eos
3101 5247 3322 5303 omnino
3341 5245 3546 5314 injiciat

1958 5358 2012 5416 in
2042 5353 2470 5426 desperationem
2494 5389 2510 5416 ,
2540 5348 2584 5402 si
2615 5345 2838 5401 omnino
2873 5342 3042 5398 semel
3069 5338 3358 5394 illuminati
3383 5337 3539 5391 estis.

2028 5450 2081 5505 3.
2125 5443 2330 5501 Deinde
2353 5440 2650 5512 subiungit,
2677 5435 3018 5493 Gustaverunt
3040 5433 3190 5486 etiam
3219 5430 3410 5483 donum
3433 5443 3540 5482 cre-

1956 5542 2110 5603 teste;
2139 5537 2242 5593 hoc
2272 5542 2376 5598 est,
2408 5531 2802 5590 remissionem.
2840 5525 2912 5581 Et
2949 5524 3221 5597 participes
3263 5520 3384 5592 facti
3421 5527 3541 5574 sunt

2033 5708 2105 5773 (a)
2126 5704 2218 5760 Hic
2242 5702 2388 5754 trium
2411 5696 2518 5749 fere
2543 5692 2823 5759 paginarum
2845 5685 3003 5735 hiatus
3027 5684 3102 5731 est
3127 5681 3175 5730 in
3200 5676 3499 5730 Colbertino.
