4060 6440
589 295 657 352 79
1397 285 1456 342 S.
1484 283 1760 342 JOANNIS
1794 273 2268 337 CHRYSOSTOMI
2309 270 2623 328 ARCIIIEP.
2662 269 3195 328 CONSTANTINOP.
3807 265 3878 323 80

610 401 836 470 Spiritus
855 400 1037 464 sancti,
1067 406 1114 451 et
1139 403 1461 466 gustaveruut
1492 395 1678 447 bonum
1702 393 1798 447 Dei
1841 392 2072 446 Verbum.
2093 392 2192 448 Hic
2281 387 2364 442 nis
2386 391 2678 460 mysteriis,
2705 403 2761 446 et
2791 408 2857 446 ue
2888 394 2966 446 sic
3014 395 3233 462 quidem
3264 396 3455 452 melior
3484 396 3734 464 effectus;
3766 401 3858 454 sed

605 494 734 547 dicit
761 493 1080 547 doctrinam.
1127 488 1438 554 Virtutesqus
1466 485 1642 538 stecuti
1673 485 1890 538 venturi.
1918 485 2188 552 Quasnam

603 583 732 637 dicit
758 582 1015 635 virtutes?
1046 579 1134 631 Vel
1167 577 1344 631 facere
1369 577 1648 642 miracula,
1673 577 1755 630 vel
1780 579 1994 632 arrham
2021 579 2190 647 Spiri-

605 685 708 729 tus.
735 673 798 726 Et
820 672 1047 742 prolapsi
1076 679 1213 734 sunt,
1246 685 1424 723 rursus
1463 685 1708 722 renovare
1726 670 1794 722 ad
1815 671 2182 740 pomitentiam,

601 782 774 819 rursus
795 765 1142 835 cruciﬁgeutes
1162 763 1484 830 sibimetipsis
1513 760 1708 814 Filium
1732 761 1845 828 Dei,
1884 771 1931 816 et
1967 764 2187 818 ostentui

601 857 856 912 habentes.
887 856 1170 909 Renovare
1215 854 1348 908 dicit
1396 853 1463 907 ad
1509 853 1914 923 pmnitentiam:
1950 854 2050 909 hoc
2078 864 2181 922 est,

599 967 694 1018 per
721 948 1115 1018 ptenitentiam.
1149 945 1286 1012 Quid
1318 946 1483 1016 ergo?
1517 945 1686 1014 ejecta
1713 955 1796 1001 est
1831 947 2184 1016 paenitentia?

596 1041 713 1096 Non
760 1040 1097 1110 poenitentia,
1149 1039 1309 1102 absit,
1344 1038 1438 1093 sed
1467 1053 1586 1108 quae
1613 1053 1799 1093 rursus
1833 1040 1888 1092 lit
1917 1055 2011 1108 per
2033 1040 2181 1095 lava-

593 1147 744 1186 crum
775 1132 1078 1186 renovatio.
1107 1129 1222 1184 Non
1267 1131 1410 1184 enim
1451 1128 1606 1194 dixit,
1641 1128 1962 1197 lmpossibite
1997 1142 2072 1186 est
2095 1150 2180 1188 re-

595 1223 770 1276 novari
799 1222 866 1276 ad
899 1223 1264 1291 pauitantiam,
1307 1230 1362 1275 et
1403 1221 1595 1285 tacuit;
1625 1220 1720 1275 sed
1761 1236 1882 1275 cum
1932 1222 2176 1290 dixisset,

597 1313 916 1384 [inpossibile
935 1323 1024 1377 est,
1054 1312 1347 1380 subjunxit,
1376 1310 1576 1364 Rursus
1599 1311 1969 1382 cruciﬁgentes.
2000 1314 2178 1369 Reno-

593 1408 718 1471 vari,
748 1407 848 1460 hoc
877 1415 980 1470 est,
1012 1419 1207 1459 novum
1234 1404 1351 1457 ﬁeri
1375 1421 1387 1455 :
1415 1417 1583 1456 novos
1603 1403 1747 1456 enim
1779 1401 1957 1459 facere
1983 1413 2066 1460 est
2083 1419 2176 1461 so-

591 1500 695 1553 lius
725 1499 953 1553 lavacri:
985 1496 1348 1561 Renooabitur,
1383 1495 1575 1564 inquit,
1607 1495 1737 1549 sicut
1780 1495 1967 1566 aquila:
1982 1497 2175 1568 juven-

589 1599 672 1643 tus
699 1599 790 1642 tua
815 1587 987 1659 (Psal.
1017 1586 1140 1641 102.
1165 1587 1243 1656 5).

659 1680 943 1734 Lavacrum
963 1680 1196 1750 baptismi
1221 1696 1321 1733 non
1345 1688 1502 1749 potest
1529 1679 1722 1736 iterari.
1741 1711 1812 1721 —
1838 1681 2174 1740 Poenitentia:

583 1785 762 1829 autem
790 1782 890 1837 est,
921 1788 1017 1828 eos
1036 1774 1123 1842 qui
1158 1773 1280 1826 novi
1309 1773 1430 1827 iacti
1452 1783 1594 1839 sunt,
1620 1789 1683 1830 ac
1703 1773 1900 1832 deinde
1925 1791 1955 1831 a
1982 1792 2174 1847 pecca-

585 1866 654 1921 tis
685 1866 1130 1929 inveteraverunt,
1166 1865 1393 1920 liberare
1417 1881 1447 1920 a
1467 1875 1732 1922 vetustate
1752 1884 2026 1940 novosque
2051 1872 2171 1926 red-

583 1958 741 2012 dere:
770 1957 835 2012 ad
864 1958 1010 2012 illum
1028 1967 1207 2012 autem
1230 1958 1570 2028 splendorem
1599 1975 1706 2014 non
1735 1961 2166 2019 licetreducere:

587 2051 695 2105 illic
723 2052 864 2105 enim
892 2059 1062 2105 totum
1090 2059 1205 2104 erat
1233 2049 1422 2118 gratia.
1454 2047 1651 2100 Rursus
1679 2048 2051 2116 crucifigentes,
2083 2049 2167 2102 in-

585 2144 723 2211 quit,
744 2142 799 2196 in
827 2141 1108 2211 semetipsis
1131 2137 1325 2193 Filium
1342 2139 1456 2205 Dei,
1474 2148 1522 2192 et
1538 2138 1754 2192 ostentui
1778 2137 2034 2193 habentes.
2057 2137 2169 2194 Hoc

586 2242 670 2288 est
699 2243 873 2288 autem
901 2233 1042 2304 quod
1081 2233 1246 2288 dicit:
1279 2233 1542 2301 baptisma
1572 2242 1656 2287 est
1683 2247 1846 2296 crux;
1879 2231 2170 2301 Cruciﬁxus

587 2327 722 2378 enim
748 2334 818 2378 est
845 2334 981 2378 uetus
1014 2334 1182 2377 noster
1228 2323 1377 2377 homo
1395 2341 1412 2387 ;
1441 2332 1497 2377 et
1525 2337 1733 2390 rursus,
1766 2322 2060 2392 Conformes
2085 2325 2169 2392 {a-

585 2417 654 2470 cti
694 2431 868 2470 sumus
899 2414 1220 2470 similitudini
1257 2414 1432 2468 mortis
1461 2414 1602 2483 eius;
1647 2423 1702 2468 et
1746 2428 1954 2480 rursus,
1983 2413 2174 2470 Conse-

585 2507 714 2576 putti
738 2521 853 2559 cum
895 2522 953 2559 eo
998 2521 1175 2560 sumus
1203 2521 1293 2574 per
1331 2504 1638 2574 baptismum
1678 2505 1728 2558 in
1758 2514 1990 2558 mortem.
2021 2504 2172 2561 Sicut

583 2612 715 2668 ergo
743 2597 856 2653 ﬁeri
884 2612 989 2652 non
1017 2607 1194 2668 potest
1222 2605 1282 2651 ut
1309 2599 1501 2652 iterum
1524 2596 1868 2668 cruciﬁgatur
1886 2597 2170 2666 Christus;

586 2689 688 2746 hoc
712 2691 855 2744 enim
888 2699 971 2744 est
997 2704 1123 2744 eum
1163 2689 1479 2744 traducere:
1513 2689 1590 2743 sic
1619 2704 1723 2742 non
1753 2703 2038 2759 possumus
2068 2691 2171 2746 ite-

584 2794 702 2835 rum
733 2779 1013 2849 baptizari.
1045 2779 1178 2834 Nam
1206 2779 1249 2833 si
1281 2793 1428 2833 mors
1457 2780 1578 2848 ejus
1600 2794 1704 2833 non
1732 2779 1965 2849 amplius
1997 2780 2165 2836 domi-

585 2870 829 2934 trahitur;
855 2871 900 2924 si
943 2870 1259 2936 resurrexit,
1290 2869 1625 2941 resurgendo
1666 2879 1837 2926 morte
1877 2871 2048 2927 factus
2078 2887 2172 2942 po-

582 2966 814 3029 tentior;
838 2963 881 3018 si
911 2979 1007 3032 per
1032 2973 1260 3019 mortem
1293 2971 1522 3018 mortem
1549 2962 1744 3018 devicit
1764 2978 1827 3019 ac
1852 2966 2167 3035 prostravit,

582 3056 779 3110 deinde
827 3056 1020 3110 iterum
1071 3057 1122 3110 in
1169 3071 1384 3111 crucem
1436 3054 1865 3126 agiturzfabula:
1909 3067 2035 3112 sunt
2082 3057 2170 3113 illa

581 3145 760 3201 omnia
789 3157 843 3202 et
867 3146 1131 3201 traductio
1170 3161 1232 3201 ac
1258 3147 1456 3201 irrisio.
1487 3145 1558 3201 lta
1589 3147 1680 3218 qui
1703 3162 1891 3202 rursus
1927 3149 2166 3218 seipsum

581 3237 830 3306 baptizat,
883 3237 1091 3292 rursuS'
1113 3237 1291 3306 ipsum
1341 3237 1624 3307 cruciligit.
1657 3236 1796 3305 Quid
1838 3249 1924 3294 est
1962 3250 2166 3307 autem,

581 3329 777 3384 Rursus
799 3330 1188 3400 cruciﬁgentes?
1209 3330 1290 3385 Ab
1317 3330 1469 3384 initio
1495 3345 1618 3384 eum
1646 3331 1824 3386 denuo
1852 3331 2169 3402 crucifigen-

580 3430 681 3476 tes.
706 3421 837 3476 Nam
860 3431 918 3476 ut
938 3422 1186 3477 Christus
1208 3431 1451 3478 mortuus
1472 3431 1556 3477 est
1587 3424 1638 3476 in
1671 3437 1853 3488 cruce,
1883 3425 1955 3478 ita
1982 3441 2081 3479 nos
2109 3426 2164 3481 in

582 3512 922 3580 baptismate,
955 3527 1062 3566 non
1091 3527 1278 3577 carne,
1307 3511 1401 3568 sed
1427 3523 1670 3582 peccato.
1701 3513 1839 3569 Vide
1867 3523 2093 3571 mortem
2112 3527 2169 3572 et

581 3613 844 3660 mortem:
875 3605 965 3660 ille
995 3614 1237 3659 mortuus
1264 3615 1346 3659 est
1369 3605 1420 3658 in
1446 3619 1632 3670 carne,
1665 3620 1765 3662 nos
1792 3616 2034 3676 peccato.
2065 3607 2168 3663 Per

580 3697 901 3766 baptismum
926 3707 1081 3751 vetus
1104 3706 1289 3752 noster
1312 3697 1474 3751 homo
1500 3699 1743 3766 sepultus
1768 3706 1872 3762 est,
1901 3705 1956 3751 et
1982 3715 2165 3754 resur-

580 3789 726 3844 rexit
748 3805 934 3854 novus,
959 3789 1254 3844 conformis
1278 3790 1449 3844 factus
1469 3789 1802 3846 similitudini
1825 3793 2008 3847 mortis
2027 3793 2165 3862 ejus.

580 3879 638 3936 Si
653 3895 780 3950 ergo
798 3895 1018 3935 necesse
1036 3887 1122 3936 est
1143 3895 1329 3934 rursus
1351 3881 1628 3950 baptizari,
1656 3897 1878 3938 necesse
1895 3895 1972 3937 cst
1992 3885 2164 3953 ipsum

581 3987 768 4027 rursus
793 3974 965 4028 mori:
999 3973 1260 4042 baptisma
1289 3974 1431 4028 enim
1465 3974 1596 4028 nihil
1633 3985 1717 4030 est
1743 3991 1902 4045 quam
1936 3977 2053 4045 ejus
2074 3977 2166 4046 qui

581 4065 885 4134 baptizatur
913 4065 1232 4134 peremptio,
1262 4075 1316 4120 et
1339 4065 1482 4120 illius
1503 4067 1807 4122 suscitatio.
1827 4069 1893 4122 Et
1909 4069 2166 4139 pmclare

580 4157 738 4222 dixit,
776 4140 1001 4211 Rursum
1027 4157 1377 4228 cruciﬁgentcs
1396 4175 1415 4213 :
1435 4173 1558 4213 nam
1587 4160 1679 4228 qui
1710 4160 1812 4216 hoc
1841 4160 1987 4228 facit,
2032 4170 2166 4216 tam-

581 4263 741 4319 quam
771 4248 964 4319 prioris
986 4250 1170 4320 gratiae
1189 4250 1410 4318 oblitus,
1433 4252 1621 4322 ignave
1649 4261 1704 4308 et
1722 4251 1982 4309 dissolute
2002 4254 2166 4310 vitam

581 4355 734 4393 suam
758 4340 886 4410 agit,
919 4340 1104 4410 sicque
1126 4341 1304 4395 omnia
1335 4341 1472 4412 gerit
1499 4351 1768 4412 tamquam
1809 4346 1880 4398 sit
1898 4345 2044 4400 aliud
2072 4347 2166 4400 ba-

582 4430 1167 4500 ptisma.Quamobrem
1186 4441 1270 4488 est
1286 4433 1664 4488 attendendum
1687 4444 1740 4490 et
1761 4434 2060 4490 adhibenda
2086 4445 2169 4491 est

579 4524 776 4579 cautio.
798 4523 937 4592 Quid
953 4532 1055 4590 est,
1081 4523 1418 4580 Gustaverunt
1437 4528 1586 4580 etiam
1607 4527 1794 4581 donum
1810 4529 2039 4584 calcate?
2059 4529 2170 4584 Hoc

579 4623 682 4677 est,
716 4615 1086 4670 remissionem
1131 4617 1636 4685 peccatorumzhoc
1675 4618 1817 4672 enim
1862 4619 2029 4673 solius
2073 4619 2165 4672 Dei

579 4714 664 4760 est
687 4704 908 4770 donare,
937 4716 992 4761 et
1015 4707 1128 4761 haec
1155 4706 1324 4777 gratia
1345 4707 1511 4762 semel
1534 4716 1617 4762 est
1637 4707 1831 4778 gratia.
1858 4708 1994 4774 Quid
2017 4709 2172 4780 ergo!

581 4797 888 4851 manebimus
923 4799 976 4851 in
1002 4808 1205 4868 peccato
1247 4808 1302 4852 ut
1330 4798 1550 4853 abundet
1595 4801 1798 4871 gratia?
1823 4801 1964 4854 Absit
1990 4801 2168 4871 (Rom.

582 4888 634 4942 6.
671 4889 720 4941 Ι.
747 4887 828 4959 2).
862 4889 919 4943 Si
949 4900 1126 4945 autem
1158 4907 1373 4962 semper
1399 4893 1534 4947 salvi
1566 4894 1728 4948 futuri
1754 4910 1942 4948 sumus
1968 4895 2166 4966 gratia,

584 4992 874 5047 numquam
915 4978 1117 5034 erimus
1153 4979 1299 5035 boni.
1331 4982 1462 5037 Nam
1491 4984 1559 5051 si,
1602 4983 1692 5039 ubi
1734 5000 1836 5039 una
1866 4993 1950 5040 est
1975 4985 2167 5056 gratia,

600 5069 680 5123 sic
709 5084 923 5140 quoque
950 5086 1135 5128 sumus
1166 5074 1340 5144 ignavi
1386 5085 1440 5130 et
1488 5079 1772 5144 socordes;
1819 5081 1863 5134 si
1912 5083 2172 5139 sciremus

599 5161 866 5217 abluenda
910 5179 1097 5219 rursus
1127 5177 1362 5235 peccata,
1410 5182 1818 5227 ccssaremusue
1840 5188 1871 5226 a
1902 5175 2175 5242 peccatis?

599 5254 713 5325 Ego
727 5255 945 5325 quidem
978 5257 1197 5312 minime
1217 5260 1429 5329 opinor.
1461 5259 1620 5316 Multa
1650 5261 1733 5316 hic
1758 5264 1991 5319 ostendit
2010 5265 2172 5332 dona,

598 5354 654 5398 et
683 5353 741 5397 ut
767 5345 1035 5417 intelligas
1065 5346 1226 5401 audi:
1251 5347 1530 5418 Dignatus,
1575 5351 1765 5420 inquit,
1811 5367 1870 5406 es
1915 5362 2060 5408 tanta
2089 5370 2175 5409 re-

597 5435 890 5489 missione:
921 5435 1012 5505 qui
1039 5436 1261 5491 sedebat
1288 5439 1341 5492 in
1373 5440 1627 5505 tenebris,
1664 5443 1752 5509 qui
1788 5443 2053 5511 inimicus,
2080 5445 2172 5515 qui

598 5523 794 5588 hostis,
825 5525 915 5594 qui
940 5526 1289 5592 abalienatus,
1323 5529 1411 5598 qui
1439 5531 1544 5584 Deo
1565 5531 2170 5605 invisus,quiperditus,

593 5615 640 5668 is
670 5623 888 5683 repente
910 5615 1258 5683 illuminatus,
1281 5619 1471 5688 spiritu
1488 5619 1756 5688 dignatus,
1776 5623 1919 5677 dono
1943 5626 2168 5691 cadesti,

593 5707 880 5778 adoptione
905 5709 959 5766 in
987 5709 1179 5780 ﬁlium,
1215 5727 1382 5782 regno
1413 5714 1634 5785 c.clcsti,
1669 5716 1785 5772 aliis
1815 5717 1987 5780 bonis.
2017 5732 2167 5775 arca-

2279 497 2398 535 cum
2416 481 2486 536 sit
2505 482 2719 551 quidem
2744 484 2934 554 dignus
2955 487 3044 554 qui
3069 495 3272 555 pereat,
3296 490 3522 545 salutem
3545 504 3862 561 assequutus

2278 581 2332 625 et
2356 573 2614 628 honorem
2641 585 2908 645 tamquam
2943 578 3033 645 qui
3063 580 3317 645 praeclare
3342 596 3406 634 ex
3439 583 3637 635 virtute
3657 600 3716 636 se
3745 600 3864 652 ges-

2278 661 2458 726 sisset,
2499 665 2769 732 quomodo
2808 681 2996 720 rursus
3045 669 3616 741 potuerit'baptizari?
3647 673 3863 730 Duobus

2277 769 2406 823 ergo
2435 755 2608 810 modis
2641 772 2752 809 rem
2780 757 2915 811 dixit
2939 775 3046 812 non
3080 775 3235 828 posse
3264 761 3400 828 ﬁeri,
3431 772 3484 817 ct
3513 779 3636 818 eum
3667 766 3756 834 qui
3782 777 3866 821 est

2279 844 2483 899 ﬁrmior
2513 855 2568 900 et
2615 846 2840 902 validior
2887 850 3064 918 posuit
3115 853 3381 919 posterius
3418 870 3430 906 :
3464 869 3572 908 uno
3622 855 3862 925 quidem,

2274 937 2416 1007 quod
2441 952 2544 992 non
2563 949 2644 994 est
2661 939 2875 1008 dignus,
2901 942 2989 1010 qui
3016 951 3099 996 est
3122 945 3286 998 rebus
3307 945 3568 1014 ejusmodi
3591 947 3865 1016 dignatus,

2279 1039 2334 1085 et
2358 1031 2536 1086 omnia
2567 1048 2686 1102 qua:
2716 1033 2818 1088 sibi
2860 1044 2986 1089 sunt
3027 1035 3222 1090 donata
3267 1037 3522 1106 prodidit,
3573 1048 3632 1093 ut
3676 1055 3866 1096 rursus

2280 1132 2598 1188 renovetur;
2629 1125 2820 1191 altero,
2854 1126 2997 1195 quod
3027 1127 3138 1181 fieri
3168 1144 3272 1182 non
3301 1140 3479 1197 p0test
3511 1141 3566 1184 ut
3599 1131 3713 1201 ipse
3738 1149 3867 1188 rur-

2277 1228 2368 1267 sus
2395 1214 2774 1279 cruciiigatur:
2805 1214 2908 1269 hoc
2932 1216 3074 1270 enim
3105 1225 3189 1272 est
3227 1221 3462 1273 Ostentui
3507 1218 3728 1288 habere,
3761 1237 3866 1277 seu

2275 1303 2578 1358 traducere.
2597 1302 2715 1358 Non
2734 1313 2817 1359 est
2839 1320 2986 1375 ergo,
3013 1321 3115 1360 non
3143 1317 3226 1363 est
3250 1308 3542 1363 secundum
3565 1310 3864 1369 lavacrum:

2275 1394 2321 1449 si
2348 1405 2428 1450 est
2457 1405 2658 1461 autem,
2702 1406 2787 1452 est
2827 1399 3042 1452 tertium
3085 1400 3246 1454 etiam
3293 1409 3348 1456 et
3395 1413 3682 1472 quartum:
3715 1405 3866 1474 prius

2275 1489 2418 1542 enim
2449 1503 2661 1558 semper
2687 1487 3002 1544 dissolvitur
3028 1507 3057 1545 a
3089 1492 3397 1562 posteriori,
3429 1505 3483 1548 et
3508 1493 3612 1550 hoc
3647 1511 3868 1567 semper

2275 1579 2344 1633 ab
2367 1580 2504 1643 alio;
2537 1579 2699 1649 idque
2726 1581 2779 1635 in
2811 1580 3097 1636 infinitum.
3121 1581 3254 1638 Cum
3277 1583 3501 1641 dixisset
3525 1595 3727 1653 autem,
3749 1590 3867 1644 Gu-

2274 1683 2529 1728 staverunt
2545 1675 2728 1729 bonum
2753 1675 2851 1730 Dei
2863 1677 3087 1740 verbum,
3109 1679 3410 1750 virtutesque
3434 1684 3610 1737 seculi
3629 1686 3867 1753 venturi;

2277 1780 2384 1819 non
2415 1764 2466 1820 id
2493 1767 2744 1836 explicat,
2774 1767 2866 1822 sed
2896 1767 3219 1836 subindicat,
3252 1785 3315 1825 ac
3334 1772 3377 1825 si
3407 1771 3647 1828 diceret:
3673 1776 3865 1832 vivere

2268 1861 2537 1923 tamquam
2572 1859 2812 1927 angelos,
2842 1875 2908 1915 ex
2942 1861 3008 1918 iis
3035 1878 3153 1932 qua:
3192 1864 3278 1919 hic
3314 1875 3443 1920 sunt
3483 1868 3680 1924 nullius
3716 1871 3867 1926 indi-

2274 1959 2424 2012 gere,
2454 1946 2593 2000 scire
2619 1949 2758 2017 quod
2791 1950 3023 2007 ﬁliorum
3050 1953 3264 2024 adoptio
3293 1957 3447 2012 nobis
3479 1957 3642 2015 futuri
3665 1965 3857 2017 szeculi

2273 2033 2410 2089 bona
2472 2037 2746 2106 attribuat,
2801 2052 3112 2109 exspectare
3165 2045 3542 2104 admissionem
3594 2052 3646 2104 in
3697 2052 3861 2124 adyta

2276 2125 2363 2178 illa
2391 2143 2404 2178 :
2434 2125 2549 2181 inec
2593 2129 2720 2182 licet
2747 2145 2840 2200 per
2881 2134 3126 2202 spiritum
3159 2135 3387 2193 discere.
3419 2140 3678 2205 Quaenam
3711 2156 3860 2209 sunt,

2285 2213 2507 2270 Virtutes
2551 2220 2714 2287 futuri
2758 2222 2976 2275 surculi?
3008 2223 3122 2278 Vita
3171 2238 3392 2295 aeterna,
3438 2232 3680 2301 angelica
3735 2234 3860 2289 vitae

2274 2306 2556 2362 institutio.
2585 2309 2785 2365 Horum
2827 2312 2938 2382 jam
2984 2315 3200 2371 arrham
3231 2321 3534 2389 accepimus
3569 2338 3668 2392 per
3696 2324 3859 2378 ﬁdem

2271 2413 2299 2450 a
2329 2397 2552 2467 Spiritu.
2603 2401 2700 2456 Dic
2753 2417 2903 2474 ergo,
2953 2407 2998 2460 si
3053 2407 3106 2461 in
3165 2411 3366 2480 regiam
3413 2427 3565 2468 esses
3610 2415 3858 2470 introdu-

2273 2501 2410 2556 ctus,
2461 2503 2516 2548 et
2556 2511 2676 2564 qua:
2718 2505 2843 2551 sunt
2894 2498 3004 2554 illic
3049 2503 3227 2557 omnia
3260 2504 3353 2560 tibi
3396 2518 3578 2563 essent
3624 2510 3855 2578 credita,

2270 2581 2466 2638 deinde
2493 2585 2825 2654 prodidisses
2863 2592 3062 2658 omnia,
3106 2609 3240 2651 eane
3281 2596 3376 2651 tibi
3419 2613 3610 2654 rursus
3655 2601 3854 2658 crede-

2270 2675 2490 2728 rentur?

2341 2769 2396 2822 4.
2435 2768 2570 2836 Quid
2599 2773 2761 2842 ergo?
2787 2771 2977 2844 inquit,
3010 2791 3115 2832 non
3143 2787 3223 2834 est
3249 2781 3598 2850 pmnitcntia?
3621 2784 3719 2840 Est
3742 2802 3856 2857 pe-

2273 2859 2492 2915 nitentia
2520 2864 2756 2934 quidem,
2781 2874 2836 2920 at
2862 2883 2990 2923 vero
3013 2885 3116 2924 non
3145 2883 3225 2926 est
3247 2875 3542 2930 secundum
3566 2877 3852 2948 baptisma.

2273 2953 2369 3007 Est
2388 2962 2566 3008 autem
2595 2958 2908 3026 puunitentia
2937 2976 3055 3030 quae
3083 2977 3329 3033 magnam
3375 2965 3533 3022 habet
3562 2970 3690 3036 vim,
3735 2988 3856 3042 qua:

2276 3055 2453 3115 potest
2479 3061 2600 3100 eum
2633 3049 2720 3117 qui
2750 3058 2832 3103 est
2863 3053 3096 3120 peccatis
3123 3053 3429 3123 immersus,
3453 3059 3498 3112 si
3538 3061 3687 3128 velit,
3713 3064 3849 3120 libe-

2273 3152 2395 3191 rare
2415 3138 2481 3191 ab
2501 3153 2667 3193 onere
2694 3150 3051 3209 peccatorum,
3076 3155 3264 3200 eteum
3290 3148 3378 3218 qui
3404 3158 3488 3203 est
3513 3152 3563 3204 in
3589 3155 3850 3222 periculo,

2273 3227 2324 3281 in
2355 3237 2468 3282 tuto
2493 3230 2780 3295 collocare,
2812 3232 3022 3288 etiamsi
3052 3237 3258 3291 venerit
3285 3239 3334 3293 in
3365 3239 3540 3306 ipsum
3582 3244 3695 3298 vitii
3728 3261 3851 3314 pro-

2273 3319 2514 3374 fundum.
2547 3320 2601 3374 ld
2632 3330 2808 3377 autem
2853 3341 2917 3378 ex
2971 3326 3153 3380 multis
3191 3339 3273 3382 est
3301 3332 3660 3401 perspicuum.
3693 3335 3850 3400 Num,

2273 3411 2463 3481 inquit,
2507 3413 2595 3481 qui
2642 3415 2778 3466 cadit
2811 3432 2913 3469 non
2955 3419 3214 3486 resurgit?
3242 3432 3329 3474 aut
3359 3424 3447 3492 qui
3486 3437 3560 3478 est
3585 3428 3847 3495 adversus,

2271 3519 2370 3556 non
2399 3505 2710 3558 convertitur
2737 3505 2872 3572 (Jer.
2911 3509 2964 3563 8.
2995 3509 3089 3578 4)?
3120 3511 3319 3575 Potest,
3350 3517 3392 3568 si
3422 3516 3669 3583 velimus,
3698 3521 3850 3575 Chri-

2271 3603 2386 3649 stus
2417 3595 2470 3648 in
2499 3596 2653 3650 nobis
2681 3613 2866 3651 rursus
2897 3599 3113 3654 formari
3143 3620 3156 3657 :
3186 3604 3309 3658 audi
3339 3609 3480 3661 enim
3515 3607 3740 3664 Paulum
3767 3614 3848 3666 di-

2270 3694 2480 3738 centem
2503 3702 2518 3738 :
2543 3683 2726 3740 Filioli
2752 3689 2868 3754 mei,
2895 3706 3022 3758 quos
3050 3694 3233 3746 iterum
3264 3698 3516 3764 parturio,
3546 3701 3710 3756 donec
3749 3706 3850 3774 for-

2270 3784 2432 3828 metur
2458 3775 2694 3832 Christus
2720 3780 2771 3832 in
2799 3781 2934 3835 vobis
2964 3782 3105 3852 (Gal.
3130 3785 3186 3839 4.
3219 3785 3307 3856 19)
3333 3805 3345 3840 :
3374 3791 3700 3861 attingamus
3733 3807 3847 3849 tan-

2270 3876 2382 3921 tum
2403 3870 2792 3936 paenitentiam.
2825 3872 2957 3928 Nam
2990 3875 3110 3930 vide
3138 3877 3228 3930 Dei
3262 3878 3648 3948 benignitatem
3671 3897 3726 3940 et
3751 3889 3855 3942 cle-

2269 3959 2524 4038 incutiam
2564 3978 2577 4014 :
2608 3964 2887 4032 oportebat
2913 3981 3011 4020 nos
3036 3968 3182 4020 omni
3219 3970 3377 4023 modo
3400 3973 3572 4038 puniri
3599 3973 3649 4028 in
3675 3977 3840 4038 ἱιιίιίυ,

2273 4037 2438 4103 quod,
2469 4052 2590 4092 cum
2619 4050 2673 4095 et
2701 4042 2871 4114 legem
2899 4049 3298 4117 accepissemus
3336 4037 3654 4124 naturalem,
3680 4069 3736 4115 et
3766 4063 3851 4114 ad-

2274 4129 2380 4195 epti
2411 4128 2547 4184 bona
2575 4146 2818 4190 essemus
2846 4138 3279 4211 innumerabilia,
3314 4156 3368 4202 ct
3397 4149 3684 4206 Dominum
3712 4156 3849 4224 igno-

2275 4219 2588 4287 raverimus,
2623 4224 2987 4300 impuramque
3015 4243 3070 4287 et
3099 4235 3426 4293 immundam
3456 4242 3622 4296 vitam
3651 4219 3843 4300 vix'eri-

2274 4323 2428 4364 mus:
2460 4311 2548 4365 ille
2587 4327 2767 4370 autem
2815 4335 2920 4374 non
2951 4322 3122 4378 solum
3168 4340 3274 4382 non
3319 4331 3510 4397 puniit,
3556 4333 3652 4388 sed
3697 4337 3845 4389 etiam

2274 4401 2411 4456 bona
2458 4403 2715 4473 impertiit
2756 4411 3060 4479 imiumera,
3105 4418 3326 4485 perinde
3355 4430 3516 4491 atque
3544 4425 3592 4478 si
3620 4441 3708 4482 res
3739 4444 3841 4480 lna-

2270 4507 2402 4560 guas
2431 4503 2485 4548 et
2512 4499 2796 4564 prteclaras
2821 4507 3201 4572 gessissemus.

2278 4629 2284 4643 ,
2343 4583 2660 4646 Pteuitentite
2687 4594 2760 4648 vis
2784 4612 2988 4667 magna.
3011 4629 3084 4639 —
3105 4601 3302 4658 lterum
3335 4604 3465 4675 lapsi
3491 4623 3696 4674 sumus,
3716 4620 3767 4664 et
3783 4625 3845 4664 ne

2269 4675 2347 4768 sic
2369 4678 2584 4745 quidem
2619 4684 2791 4751 punit,
2821 4686 2914 4741 sed
2940 4687 3088 4743 dedit
3110 4691 3556 4752 medicamentum
3585 4701 3843 4768 poeniten-

2271 4766 2357 4818 tiae
2386 4769 2526 4838 quod
2556 4772 2752 4829 suflicit
2779 4777 2844 4832 ad
2891 4778 3118 4837 delenda
3171 4794 3227 4840 et
3267 4766 3627 4859 abstergenda
3672 4795 3840 4849 omnia

2272 4869 2486 4925 peccata
2518 4874 2721 4930 nostra,
2750 4867 2794 4920 si
2827 4870 2988 4924 modo
3018 4875 3264 4929 novimus
3304 4878 3606 4946 cujusmodi
3642 4885 3713 4938 sit
3741 4901 3843 4938 me-

2267 4947 2653 5023 dicamentum,
2677 4967 2733 5012 et
2760 4964 3030 5030 quomodo
3059 4965 3108 5020 id
3135 4966 3205 5020 sit
3229 4969 3627 5038 applicandum.
3661 4974 3842 5045 Cujus-

2268 5041 2410 5096 modi
2428 5057 2556 5115 ergo
2573 5056 2656 5102 est
2672 5051 3118 5110 medicamentum
3144 5060 3488 5126 pmnitentim,
3511 5073 3565 5118 et
3581 5041 3843 5134 quomodo

2266 5132 2581 5188 conficitur?
2617 5137 2855 5194 Primum
2885 5153 2968 5198 est
2998 5160 3062 5199 ex
3103 5163 3322 5203 suorum
3353 5132 3697 5220 peccatorum
3724 5171 3840 5211 con-

2266 5221 2632 5296 demnatione,
2680 5240 2734 5286 et
2777 5249 2844 5288 ex
2881 5238 3221 5296 confessione
3264 5259 3279 5296 :
3327 5243 3602 5311 Delictum,
3651 5249 3833 5318 inquit,

2265 5330 2428 5370 meum
2457 5322 2715 5391 cognitum
2745 5327 2834 5380 tibi
2875 5327 2994 5396 feci,
3028 5341 3073 5384 et
3103 5344 3362 5401 peccatum
3409 5354 3574 5390 meum
3623 5357 3722 5394 non
3761 5344 3838 5394 ab-

2263 5409 2471 5472 scondi;
2495 5421 2569 5477 et,
2603 5411 2960 5473 Pronuntiabo
2990 5432 3168 5475 contra
3208 5441 3286 5478 me
3327 5428 3644 5496 iniquitatem
3686 5448 3834 5484 meam

2267 5499 2507 5571 Domino,
2535 5516 2583 5559 et
2599 5515 2653 5558 tu
2675 5511 2909 5564 remisisti
2927 5513 3236 5582 impietatem
3257 5519 3421 5572 cordis
3445 5521 3542 5574 mei
3561 5520 3731 5592 (Psal.
3752 5525 3829 5578 3i.

2264 5594 2316 5647 5.
2349 5595 2425 5662 6).
2460 5597 2525 5650 Et
2555 5598 2866 5663 itcrutn,Dic
2893 5616 3101 5673 peccata
3145 5618 3233 5661 tua
3280 5611 3440 5677 prior,
3474 5623 3525 5664 ut
3542 5614 3830 5682 justi/icui;

2269 5687 2417 5758 (lsai.
2445 5693 2532 5747 «13.
2558 5694 2686 5764 26);
2715 5705 2787 5764 et,
2819 5697 2997 5756 Justus
3022 5713 3098 5757 est
3124 5705 3202 5759 sui
3229 5718 3492 5764 accusator
3517 5711 3565 5764 in
3595 5712 3828 5778 principio
3895 5773 3900 5778 ε
