4064 6592
289 405 348 461 79
1128 408 1207 479 [IN
1243 408 1465 468 EPIST.
1518 413 1609 470 AD
1648 413 2019 471 nmmos.
2054 414 2217 473 CAP.
2258 418 2343 473 vn.
2388 420 2625 477 IIOMIL.
2667 404 2783 479 IX.’
2896 400 2901 403 ⁷
3491 430 3562 485 so

285 522 409 577 ΐίὸν
427 521 541 577 τοῦ
572 522 729 577 Θεοῦ
744 522 845 577 καί
864 523 1530 598 παραδειγματίζοντας.
1567 532 1622 586 Ἀ
1631 533 1877 588 νακαινί-

283 611 405 673 (ειν,
416 609 630 688 φησὶν,
658 608 743 672 είς
767 611 1061 677 μετάνοιαν
1079 628 1093 641 ⁸
1120 614 1399 678 τουτέστι,
1422 616 1514 670 διὰ
1542 618 1835 688 μετανοίας
1861 633 1874 648 ⁸

280 692 330 745 τί
380 686 481 745 οὖν
508 710 527 757 ;
560 690 897 763 ἐκϐέϐληται
922 694 956 763 ἡ
986 694 1288 765 μετάνοια;
1334 697 1450 769 Οὐχ
1481 700 1515 771 η
1546 686 1877 771 μετάνοια,

284 775 351 846 μὴ
379 776 626 855 γένοιτο,
654 776 775 829 ἀλλ’
804 778 835 829 6
866 777 959 831 διὰ
985 777 1213 850 λουτροῦ
1247 779 1415 835 πάλιν
1451 783 1874 855 ἀνακαινισμός.

252 858 347 938 ὐὖ
376 857 497 929 7&9
529 853 712 923 εἶπεν,
759 858 1089 915 Ἀδύνατον
1115 862 1623 933 ἀναωινισθῆναι
1667 853 1879 936 είςήμεο

252 941 565 1007 ’τάνοιαν,
620 943 721 996 καὶ
787 945 1085 1016 ἐσίγησεν·
1120 945 1241 1000 ἀλλ’
1303 948 1498 1015 είπὼν,
1544 949 1878 1005 Ἀδύνατον

278 1025 596 1094 ἐπήγαγεν,
661 1024 1238 1096 Ἁνασταυροῦντας.
1304 1030 1828 1100 Ἀνακαινισθῆναι
1858 1049 1873 1064 ⁸

278 1108 551 1172 τουτέστι,
579 1109 771 1164 καινὸν
802 1110 1059 1179 γενέσθαι
1090 1124 1107 1141 ⁸
1137 1111 1201 1167 τὸ
1221 1111 1334 1185 7&9
1363 1115 1590 1179 καινοὺς
1621 1114 1874 1187 ποιῆσαι,

278 1190 366 1245 τοῦ
386 1190 631 1263 λουτροῦ
666 1193 831 1264 μόνον
862 1195 1012 1249 ἐστίν
1033 1210 1047 1224 ⁸
1092 1196 1696 1266 Ἀνακαινισθήσεται
1739 1200 1874 1271 γὰρ,

281 1275 465 1345 φησὶν,
499 1276 586 1343 ὡς
605 1276 787 1333 ἀετοῦ
808 1280 848 1348 ἠ
870 1280 1086 1350 νεότης
1120 1294 1261 1336 σου.

345 1436 465 1508 Τῆς
498 1437 561 1492 δὲ
593 1439 891 1509 μετανοίας
934 1440 1055 1496 ἐστὶ
1084 1442 1167 1510 τὸ,
1207 1426 1465 1511 ⁸καινοὺς
1520 1426 1871 1519 γενομένους,

281 1518 397 1574 είτα
427 1522 860 1590 παλαιωθέντας
895 1526 1003 1581 ὑπὸ
1026 1526 1135 1581 τῶν
1190 1518 1663 1602 ἁμαρτημάτων,
1698 1532 1876 1588 ἁπαλ-

280 1604 437 1669 λάξαι
455 1606 565 1677 τῆς
594 1607 966 1680 παλαιότητος
988 1612 1084 1666 καὶ
1112 1615 1338 1680 καινοὺς
1378 1615 1726 1686 ἐργάσασθαι
1751 1631 1767 1647 ⁸
1795 1618 1876 1680 είς

281 1689 500 1761 ἐκείνην
561 1690 748 1762 μέντοι
793 1693 894 1765 τὴν
943 1694 1309 1769 λαμπρότητα
1355 1699 1590 1769 ἀγαγεῖν
1620 1700 1724 1754 οὑκ
1755 1699 1871 1753 ενι⁸

282 1775 397 1827 ἐκεῖ
428 1774 546 1845 7&9
562 1775 626 1827 τὸ
653 1776 774 1830 ὅλον
802 1778 838 1849 ἡ
856 1778 1015 1849 χάρις
1040 1774 1129 1851 ἧν.
1150 1782 1716 1851 Ἀνασταύροῦντας
1733 1782 1875 1837 ἐαυ-

284 1854 425 1920 τοῖς,
458 1858 622 1925 φησὶ,
652 1856 762 1911 τὸν
799 1858 936 1912 Υίὸν
968 1859 1078 1914 τοῦ
1119 1862 1268 1918 Θεοῦ
1292 1862 1393 1917 καί
1426 1861 1878 1933 παραδειγματίο

285 1938 513 2003 ζοντας.
554 1939 622 1993 Ὃ
642 1938 700 1992 δὲ
732 1938 903 2009 λέγει,
931 1942 1090 1997 τοῦτό
1115 1945 1231 1999 ἐστι
1251 1961 1267 1977 ⁸
1299 1944 1373 1998 Τὸ
1394 1945 1682 2016 βάπτισμα
1714 1961 1878 1998 σταυ-

285 2020 375 2092 ρός
397 2021 516 2076 ἐστι
543 2039 559 2053 ⁸
588 2024 1063 2094 Συνεσταιφώθη
1112 2027 1224 2098 γὰρ
1246 2030 1281 2084 ό
1306 2017 1566 2096 παλαιὸς
1586 2027 1757 2099 ἡμῶν
1777 2027 1877 2082 ἀν-

284 2108 535 2172 θρωπος.
588 2107 700 2161 Καὶ
745 2108 912 2162 πάλιν
940 2126 955 2141 ⁸
1008 2111 1355 2181 Σύμμορςροι
1394 2114 1731 2183 γεγόναμεν
1793 2111 1877 2178 τῷ

285 2188 611 2260 ὁμοιώματι
630 2191 737 2247 τοῦ
755 2192 1019 2249 θανάτου
1051 2195 1241 2250 αὑτοῦ
1256 2213 1272 2228 ⁸
1292 2197 1387 2251 καλ⁵
1407 2196 1594 2251 πάλιν⁸
1618 2194 1877 2251 Συνετά-

280 2289 482 2342 ςρημεν
510 2270 628 2330 οὖν
676 2274 840 2342 αὐτῷ
892 2276 991 2332 διὰ
1033 2279 1141 2333 τοῦ
1169 2280 1599 2350 βαπτίσματος
1622 2282 1710 2347 εις
1766 2279 1877 2335 τὸν

282 2358 792 2432 θάνατον.Ὦσπερ
817 2356 913 2415 οὖν
960 2362 1062 2416 οὐκ
1101 2362 1182 2417 ενι
1232 2363 1489 2437 δεύτερον
1550 2364 1878 2438 σταυρωθῆ-

279 2458 369 2495 ναι
402 2441 494 2495 τὸν
519 2443 763 2515 Χριστόν
784 2459 800 2474 ⁸
822 2444 982 2500 τοῦτο
1008 2446 1119 2518 7&9
1140 2447 1655 2520 παραδειγματίσαι
1708 2448 1875 2502 αὐτόν

278 2528 468 2582 ἐστιν⁸
502 2530 677 2597 οὕτως
707 2532 833 2586 οὐδὲ
867 2532 1260 2605 βαπτισθῆναι.
1286 2535 1352 2590 El
1381 2534 1492 2607 7&9
1524 2535 1753 2601 θάνατος
1784 2537 1875 2590 αύ-

278 2612 377 2667 τοῦ
405 2614 593 2668 οὐκέτι
610 2615 920 2689 κυριεύσει,
944 2620 994 2672 εί
1011 2618 1239 2690 ἀνέστη,
1266 2620 1336 2691 τῇ
1361 2618 1666 2673 ἀναστάσει
1692 2620 1874 2691 κρείτ-

276 2712 392 2750 των
403 2697 703 2770 γενόμενος
716 2700 813 2754 τοῦ
836 2700 1094 2769 θανάτου,
1117 2702 1167 2756 εί
1185 2699 1275 2756 διά
1289 2701 1387 2757 τοῦ
1414 2701 1649 2757 θανάτου
1672 2702 1764 2756 τὸν
1777 2702 1873 2756 θά-

276 2797 442 2835 νατον
461 2783 907 2850 κατεπάλαισεν,
943 2780 1063 2840 εἶτα
1090 2785 1255 2840 πάλιν
1284 2783 1619 2857 σταυροῦται
1642 2801 1658 2815 ⁸
1699 2783 1873 2858 μῦθος

274 2863 461 2918 πάντα
473 2866 665 2920 ἐκεῖνα
693 2868 790 2921 καὶ
841 2868 1420 2940 παραδειγματισμός.
1454 2869 1513 2922 ’0
1537 2867 1722 2922 τοίνυν
1748 2867 1871 2921 δεύ-

269 2965 437 3020 τερον
461 2950 659 3005 ἐαυτὸν
686 2950 990 3022 βαπτίζων,
1026 2952 1191 3008 πάλιν
1242 2952 1408 3007 αὐτὸν
1440 2953 1688 3025 σταυροῖ.
1712 2951 1781 3005 Τί
1811 2950 1870 3005 δέ

266 3032 447 3097 ἐστιν,
466 3034 1038 3105 Ἀνασταυροῦντας
1058 3054 1074 3103 ;
1098 3035 1344 3091 ’Δνωθεν
1365 3035 1537 3091 πάλιν
1567 3033 1867 3107 σταυροῦν-

262 3132 400 3182 τας.
417 3118 633 3191 Ὥσπερ
651 3117 763 3192 [97]
784 3120 895 3191 7&9
920 3120 1194 3177 ἀπέθανεν
1208 3122 1237 3175 6
1256 3120 1495 3191 Χριστὸς
1513 3122 1572 3175 ἐν
1598 3119 1680 3191 τῷ
1710 3136 1872 3174 σταυ-

260 3200 377 3272 ριῖι,
405 3201 584 3267 οὕτως
602 3205 767 3275 ἡμεῖς
788 3207 847 3258 ἐν
867 3204 945 3277 τῷ
968 3204 1330 3278 βαπτίσματι,
1347 3205 1407 3259 οὐ
1421 3208 1490 3276 τῇ
1517 3203 1706 3275 σαρκὶ,
1732 3204 1870 3260 ἁλλά

256 3287 331 3354 τῇ
360 3286 641 3359 ἁμαρτίᾳ.
661 3287 806 3359 Ὅρα
830 3288 1082 3353 θάνατον,
1113 3288 1208 3344 καὶ
1238 3288 1487 3344 θάνατον·
1515 3289 1721 3351 ἐκεῖνος
1736 3287 1870 3342 ἁπέ-

261 3366 435 3422 θανεν
452 3370 516 3423 ἐν
532 3372 602 3441 τῇ
628 3371 819 3443 σαρκὶ,
850 3372 1016 3443 ἡμεῖς
1039 3371 1098 3425 δέ
1129 3374 1197 3442 τῇ
1223 3371 1494 3443 ἀμαρτίᾳ.
1516 3370 1618 3425 Διά
1647 3370 1743 3425 τοῦ
1781 3370 1871 3441 βα⁸

266 3454 592 3525 κτίσματος
616 3455 776 3526 ἡμῶν
799 3456 828 3509 6
853 3455 1087 3521 παλαιὸς
1115 3455 1405 3528 ἅνθρωπος
1434 3454 1634 3527 ἐτάφη,
1664 3455 1758 3509 καὶ
1783 3456 1873 3509 ἀν-

257 3535 407 3608 ira;
437 3540 469 3590 6
495 3538 714 3604 καινὸς,
740 3541 770 3592 6
792 3538 1121 3611 σύμμορφος
1139 3539 1437 3610 γενόμενος
1458 3536 1538 3611 τῷ
1552 3536 1870 3610 ὁμοιώματι

252 3618 369 3672 τοῦ
403 3619 647 3675 θανάτου
674 3621 866 3677 αὐτοῦ.
899 3622 964 3676 ΕΞ
989 3622 1170 3677 τοίνυν
1199 3623 1419 3695 ἀνάγκη
1453 3622 1619 3677 πάλιν
1676 3620 1872 3692 βαπτι-

250 3701 497 3772 σθῆναι,
521 3704 740 3776 ἀνάγκη
760 3705 925 3761 πάλιν
940 3706 1105 3761 αὑτὸν
1122 3706 1415 3761 ἀποθανεῖν
1425 3706 1626 3761 τοῦτον
1646 3721 1660 3736 ⁸
1683 3703 1746 3759 τὸ
1763 3703 1873 3776 7&9

251 3784 569 3856 βάπτισμα
588 3786 742 3841 οὐδέν
771 3790 920 3844 ἐστιν
942 3788 1095 3855 ἄλλο,
1120 3789 1155 3862 ἢ
1178 3790 1460 3861 ἀναίρεσις
1484 3787 1579 3843 τοῦ
1610 3786 1872 3859 βαπτιζο-

252 3868 473 3936 μένου,
504 3872 606 3925 καὶ
627 3871 848 3943 ἔγερσις
871 3872 1109 3929 ἐκείνου.
1143 3874 1255 3928 Καὶ
1284 3873 1466 3936 καλῶς
1487 3867 1664 3938 εἶπεν,
1699 3871 1872 3927 Ἑαυ-

247 3951 399 4018 τοῖς
422 3954 975 4024 ἀνασταυροῦντας
994 3974 1008 3989 ⁸
1045 3958 1077 4011 6
1098 3957 1207 4031 γάρ
1229 3957 1391 4012 τοῦτο
1436 3956 1606 4011 ποιῶν
1621 3994 1636 4021 ,
1669 3955 1747 4021 ὡς
1771 3958 1873 4027 τῆς

251 4040 561 4109 προτέρας
595 4041 825 4112 χάριτος
871 4042 1288 4114 ἐπιλαθόμενος,
1321 4043 1418 4099 καὶ
1462 4040 1725 4115 ῥᾳθύμως
1776 4043 1872 4099 τὸν

252 4118 479 4176 ἑαυτοῦ
504 4122 624 4194 βίον
650 4124 1064 4195 οίκονομῶν,ώς
1085 4128 1238 4191 ὄντος
1254 4126 1445 4197 ἐτέρου
1467 4126 1869 4198 βαπτίσματος,

255 4201 423 4257 οὕτω
448 4206 639 4261 πάντα
662 4207 1086 4279 διαπράττεται.
1111 4209 1316 4282 Διόπερ
1334 4208 1626 4281 προσέχειν
1639 4210 1745 4281 χρὴ
1772 4209 1872 4263 καὶ

260 4286 711 4356 dammam.
766 4293 833 4346 Τί
855 4294 995 4357 tam,
1024 4293 1460 4364 Γευσαμένους
1494 4291 1608 4363 τῆς
1648 4292 1872 4363 δωρεᾶς

264 4372 391 4443 τῆς
404 4377 818 4448 ἐπουρανίου;
851 4381 1134 4449 Τουτέστι,
1161 4383 1263 4455 τῆς
1289 4382 1542 4452 ἀφέσεως
1567 4381 1677 4437 τῶν
1690 4383 1873 4455 ἀμαρ-

268 4460 583 4527 τημάτων⁸
611 4461 772 4517 τοῦτο
814 4464 925 4537 γὰρ
986 4465 1122 4520 Θεοῦ
1160 4467 1324 4537 μόνου
1374 4465 1723 4538 χαρίζεσθαι,
1775 4468 1874 4522 καὶ

275 4542 317 4612 ἠ
337 4545 500 4615 χάρις
557 4545 710 4614 ἅπαξ
738 4549 856 4603 ἐστὶ
881 4548 1061 4621 χάρις.
1100 4550 1161 4605 Τί
1197 4545 1312 4606 οὖν
1356 4549 1763 4619 ἐπιμενοῦμεν
1797 4550 1872 4620 τῇ

279 4626 565 4697 ἁμαρτία,
595 4631 700 4685 Ira
731 4632 773 4701 ἠ
802 4632 977 4702 χάρις
1007 4632 1321 4702 πλεονάσῃ
1341 4649 1362 4698 ;
1383 4632 1480 4700 Μὴ
1516 4630 1771 4702 γένοιτο.
1806 4635 1872 4689 Et

279 4710 342 4765 ἢ
360 4714 451 4768 ἀεὶ
479 4716 755 4789 μέλλομεν
780 4718 967 4789 χάριτι
1002 4715 1300 4783 σώζεσθαι,
1330 4717 1597 4772 οὐδέποτε
1630 4716 1872 4789 ἐσόμεθα

283 4796 502 4866 ἀγαθοί.
536 4801 717 4855 Ὅπου
748 4802 860 4873 7&9
885 4802 987 4873 μία
1008 4801 1126 4855 ἐστὶ
1155 4803 1339 4873 χάρις,
1373 4802 1470 4855 καὶ
1496 4800 1644 4855 οὕτω
1698 4802 1873 4873 ῥᾳθυ-

290 4881 531 4955 μοῦμεψ
553 4886 604 4938 εί
632 4885 860 4958 ᾔδειμεν
886 4886 969 4940 ὅτι
995 4885 1164 4940 πάλιν
1185 4885 1336 4939 ἐστιν
1364 4884 1778 4940 ἀπολούσασθαι
1802 4886 1873 4941 τά

292 4965 689 5039 ἁμαρτήματα,
734 4966 849 5043 ἆρα
901 4970 969 5026 ἀν
1018 4968 1384 5041 ἐπαυσάμεθα
1426 4968 1870 5039 ἁμαρτάνοντες;

295 5049 403 5105 οὐκ
426 5052 606 5123 εγωγε
632 5049 809 5125 οἶμαι.
841 5056 1021 5110 Πολλά
1063 5052 1301 5109 ἐνταῦθα
1323 5052 1564 5106 δείκνυσι
1586 5052 1657 5105 τά
1680 5050 1833 5124 δῶρα
1858 5068 1871 5082 ⁸

297 5135 387 5188 καὶ
414 5136 503 5192 ἵνα
541 5139 742 5211 μάθῃς,
770 5141 1031 5195 ἄκουσον·
1058 5136 1440 5212 Κατηξιώθης,
1471 5135 1625 5206 φησὶ,
1673 5136 1875 5191 τοσαύ-

297 5234 392 5290 της
439 5223 727 5292 ἀφέσεως,
753 5227 814 5281 ἐν
851 5227 1072 5299 σκότῳι
1127 5222 1547 5294 καθεζόμενοςό
1579 5220 1796 5294 ἐχθρὸς,
1845 5225 1874 5277 6

300 5306 574 5379 πολέμιος,
602 5312 632 5366 6
668 5310 1207 5382 ἀπηλλοτριωμένος,
1230 5310 1260 5363 6
1286 5306 1608 5377 θεοστυγὴς,
1642 5308 1673 5361 6
1711 5307 1874 5361 ἀπολ-

298 5385 522 5463 λύμενος
543 5411 561 5426 ⁸
583 5396 612 5449 6
634 5392 883 5458 τοιοῦτος
908 5389 1002 5447 οὖν
1034 5391 1299 5462 ἐξαίφνης
1349 5390 1665 5461 φωτισθεὶς,
1699 5390 1873 5445 Πνεύ·

305 5496 462 5549 ματος
479 5478 761 5543 ἀξιωθεὶς,
777 5478 988 5549 δωρεάς
1012 5476 1361 5547 ἐπουρανίου,
1390 5474 1690 5539 υἱοθεσίας,
1715 5474 1872 5545 βασι-

303 5560 441 5626 λείας
468 5560 742 5632 οὐρανῶν,
766 5561 878 5615 τῶν
902 5560 1078 5615 ἀλλων
1100 5561 1341 5629 ἀγαθῶν,
1364 5557 1683 5631 μυστηρίων
1710 5560 1876 5633 ἀπορ-

352 5810 375 5838 ¹
402 5810 545 5873 Legit.
567 5810 833 5871 Mutianus,
860 5810 1094 5868 τοσαύτης
1128 5812 1355 5870 ἀφέσεως.
1392 5808 1449 5861 '0
1475 5810 1559 5873 γὰρ
1604 5809 1650 5857 ἐν
1691 5809 1872 5873 σκότῳ,

309 5880 463 5937 neque
507 5874 685 5937 Regg.,
714 5876 903 5925 Comm.
932 5880 985 5923 et
1017 5887 1171 5938 marg.
1198 5874 1347 5923 Savil.

1989 534 2192 605 ρήτων,
2218 538 2313 592 καὶ¹
2337 538 2460 593 οὐδὲ
2491 538 2633 593 οὕτω
2660 537 2888 609 βελτίων
2913 537 3207 608 γενόμενος
3225 581 3241 605 ,
3267 540 3384 595 ἀλλ’
3411 541 3562 609 ἄξιος

1985 617 2088 687 μὲν
2120 618 2197 673 ὣν
2241 621 2540 684 ἀπωλείας,
2564 621 2741 691 τυχὼν
2767 623 2823 675 δὲ
2857 622 3133 691 σωτηρίας
3157 623 3252 676 καὶ
3276 626 3458 695 τιμῆς,
3485 627 3560 692 ὡς

1978 703 2046 755 τά
2078 702 2295 772 μεγάλα
2327 703 2737 775 κατωρθωκὼς,
2773 703 2889 767 πῶς
2912 702 2977 757 ἂν
3004 703 3221 759 δύναιτο
3252 706 3561 778 βαπτισθῆ-

1978 801 2068 840 ναι
2092 786 2287 850 πάλιν;
2313 786 2419 840 Δύο
2444 787 2628 842 τοίνυν
2657 788 2880 858 τρόποις
2914 788 2970 841 τὸ
3001 789 3235 859 πρᾶγμα
3298 789 3562 846 ἀδύνατον

1977 867 2182 940 ἔφησεν
2211 866 2375 936 εἶναι,
2398 872 2493 924 καὶ
2519 869 2611 923 τὸν
2664 871 3014 941 ἰσχυρότερον
3062 871 3286 942 ὕστερον
3329 873 3523 945 ἔθηκεν
3544 892 3556 904 ⁸

1978 953 2061 1006 ἐνὶ
2091 954 2192 1023 μὲν
2211 994 2227 1021 ,
2256 954 2340 1008 ὅτι
2370 955 2473 1008 οὐκ
2521 954 2670 1018 ἄξιος
2690 954 2719 1006 6
2741 953 2997 1007 τοιούτων
3037 956 3418 1023 καταξιωθεὶς,
3465 959 3562 1012 καὶ

1976 1038 2157 1091 πάντα
2184 1039 2419 1110 προδοὺς
2434 1036 2505 1093 τὰ
2533 1038 2847 1109 δωρηθέντα
2877 1037 3048 1107 αὐτῷ.
3070 1039 3232 1093 πάλιν
3263 1042 3553 1096 ἀνακαινι-

1977 1120 2201 1192 σθῆναι·
2231 1121 2474 1192 δευτέρῳ
2505 1120 2584 1183 δὲ,
2611 1120 2693 1174 ὄτι
2724 1121 2787 1173 ού
2816 1119 3045 1175 δυνατόν
3072 1122 3223 1175 ἐστιν
3258 1124 3419 1177 αὑτὸν
3451 1125 3559 1177 πά-

1974 1204 2059 1260 λιν
2092 1204 2572 1275 άνασταυροῦσθαι
2603 1220 2620 1237 ⁸
2647 1203 2807 1258 τοῦτο
2833 1204 2945 1275 γάρ
2979 1205 3096 1258 ἐστι
3129 1206 3560 1277 παραδειγματί-

1977 1304 2087 1342 σαι.
2120 1288 2236 1341 Οὐκ
2269 1286 2387 1341 ἐστι
2413 1286 2595 1341 τοίνυν
2618 1285 2872 1357 δεύτερον
2895 1286 3143 1358 λουτρὸν,
3170 1288 3270 1341 οὐκ
3298 1288 3444 1344 ἔστιν
3469 1308 3482 1321 ⁸
3509 1294 3563 1345 εί

1976 1370 2032 1425 δὲ
2061 1368 2202 1436 ἐστι,
2231 1369 2329 1424 καὶ
2354 1370 2541 1441 τρίτον
2569 1370 2708 1433 ἐστὶ,
2740 1370 2837 1424 καὶ
2866 1369 3127 1440 τέταρτόν
3158 1371 3298 1438 ἐστι,
3329 1375 3423 1427 καί⁵
3446 1375 3554 1428 ὑπὸ

1973 1451 2068 1507 τοῦ
2110 1453 2342 1524 ὑστέρου
2396 1452 2566 1507 ἀεὶτὸ
2591 1452 2808 1524 πρῶτον
2860 1454 3214 1514 καταλύεται.
3265 1456 3360 1510 καὶ
3401 1456 3562 1511 τοῦτο

1974 1535 2137 1592 πάλιν
2158 1536 2264 1589 ὑπὸ
2290 1534 2387 1590 τοῦ
2416 1536 2602 1600 ἁλλου,
2633 1538 2729 1590 καί⁸
2766 1536 2925 1590 τοῦτο
2954 1539 3035 1600 είς
3074 1538 3323 1608 ἄπειρον.
3380 1540 3561 1593 Εἰπὼν

1972 1618 2051 1686 δὲ,
2081 1618 2191 1674 Καὶ
2218 1619 2415 1675 καλὸν
2446 1619 2595 1674 Θεοῦ
2612 1618 3026 1689 γευσαμένους
3042 1617 3253 1690 Ῥἦμα,
3274 1620 3561 1691 δυνάμεις

1972 1718 2039 1756 τε
2064 1702 2277 1769 αἰῶνος
2315 1701 2650 1771 μέλλοντος
2670 1743 2686 1767 ,
2738 1704 2839 1757 οὐκ
2860 1702 3232 1757 ἀποκαλύπτει
3262 1703 3377 1776 [98]
3404 1704 3563 1769 αὐτὸ,

1974 1784 2090 1840 ἀλλ’
2112 1784 2437 1851 αἰνίττεται,
2469 1786 2569 1840 καὶ
2619 1785 2904 1857 μονονουχὶ
2949 1784 3123 1840 ταῦτα
3169 1786 3318 1858 λέγει
3353 1804 3368 1819 ⁸
3395 1788 3475 1841 ὅτι
3498 1787 3562 1840 τὸ

1975 1866 2076 1940 ζῇν
2098 1867 2174 1931 ὡς
2203 1867 2496 1938 ἀγγέλους,
2521 1868 2583 1921 τὸ
2613 1868 2840 1940 μηδενὸς
2881 1869 3092 1923 δεῖσθαι
3121 1869 3231 1923 τῶν
3279 1869 3514 1925 ἐνταῦθα
3537 1910 3556 1936 ,

1972 1951 2037 2006 τὸ
2064 1951 2264 2006 ειδέναι
2291 1953 2376 2006 ὅτι
2397 1952 2496 2021 τῆς
2521 1950 2632 2005 τῶν
2686 1951 2992 2023 μελλόντων
3043 1952 3255 2008 αίώνων
3313 1952 3557 2007 ἀπολαύ-

1976 2054 2115 2100 σεως
2144 2035 2405 2108 πρόξενος
2429 2037 2462 2107 ἡ
2472 2038 2564 2107 μίν
2585 2035 2620 2105 ἡ
2646 2036 2893 2090 υἱοθεσία
2909 2035 3142 2105 γίνεται,
3168 2036 3230 2091 τὺ
3253 2038 3332 2101 είς
3353 2037 3419 2091 τά
3432 2038 3559 2093 ἀδυ-

1974 2138 2043 2174 τα
2074 2121 2264 2174 ἐκεῖνα
2294 2117 2565 2173 εἰσελθεῖν
2605 2118 2937 2189 προσδοκᾷν,
2968 2119 3058 2173 διά
3085 2118 3183 2174 τοῦ
3234 2119 3374 2174 Πνεύ
3384 2137 3556 2188 ματος

1975 2201 2093 2257 ἐστι
2122 2201 2298 2256 ταῦτα
2330 2198 2548 2271 μαθεῖν.
2576 2201 2642 2254 Τί
2675 2201 2816 2265 ἐστι,
2846 2200 3143 2271 Δυνάμεις
3180 2219 3243 2257 τε
3273 2202 3381 2258 τοῦ
3407 2202 3556 2272 μέλ-

1970 2288 2191 2352 λοντος
2213 2284 2458 2351 αἱῶνοςς
2499 2284 2565 2338 Ἦ
2594 2283 2710 2355 ζωὴ
2750 2286 2783 2354 ἠ
2816 2282 3057 2359 αἰώνιος,
3110 2288 3145 2356 ἡ
3175 2285 3447 2357 άγγελικὴ
3473 2287 3554 2339 δι-

1972 2369 2190 2441 αγωγή.
2223 2368 2444 2424 Τούτων
2464 2367 2566 2439 ἢδη
2593 2367 2686 2422 τὸν
2715 2367 3014 2440 ἀρραϐῶνα
3038 2367 3303 2441 ἐλάϐομεν
3338 2368 3426 2423 διά
3456 2370 3556 2439 τῆς

1970 2452 2214 2516 πίστεως
2240 2450 2396 2524 παρά
2419 2450 2516 2505 τοῦ
2538 2450 2678 2505 Πνεύ
2688 2468 2880 2520 ματος.
2905 2452 3041 2505 Εἰπέ
3074 2469 3164 2523 μοι
3185 2453 3369 2508 τοίνυν
3393 2453 3443 2505 εί
3474 2454 3554 2516 εἰς

1974 2536 2221 2609 βασίλεια
2253 2536 2552 2607 εἰσαχθεὶς,
2578 2536 2674 2590 καὶ
2703 2537 2881 2591 πάντα
2906 2537 3293 2605 ἐμπιστευθεὶς
3317 2537 3387 2592 τὰ
3414 2538 3554 2601 ἐκεῖ,

1971 2617 2093 2676 εἶτα
2138 2619 2464 2693 προῦδωκας
2516 2621 2756 2688 ἅπαντα,
2808 2615 2920 2693 ἆρα
2945 2619 3014 2675 ἂν
3059 2619 3450 2691 ἐνεπιστεύθης
3486 2620 3556 2673 τά

1971 2704 2090 2759 ἐκεῖ
2119 2703 2283 2760 πάλιν
2301 2720 2319 2772 ;

2044 2853 2109 2909 δ’.
2127 2852 2194 2908 Τί
2214 2847 2346 2922 οὗνς
2374 2852 2476 2909 οὒκ
2501 2852 2615 2908 ἐστι
2645 2853 2924 2925 μετάνοια,
2954 2850 3155 2922 φησίν;
3191 2849 3348 2905 Ἔστι
3390 2850 3556 2921 μετά-

1970 2954 2109 3004 νοια,
2134 2936 2272 2992 ἀλλά
2296 2936 2582 3009 βάπτισμα
2609 2937 2711 2992 οὐκ
2744 2936 2862 2989 ἐστι
2884 2934 3162 3006 δεύτερον.
3193 2933 3472 2988 Μετάνοια
3496 2932 3554 2986 δὲ

1969 3022 2086 3077 ἐστι
2119 3019 2325 3093 πολλὴν
2352 3020 2554 3093 ἔχουσα
2590 3023 2693 3092 τὴν
2730 3022 2906 3092 ἰσχὺν.
2941 3019 3157 3075 καὶτὸν
3195 3017 3404 3090 σφόδρα
3442 3019 3557 3082 τοῖς

1971 3105 2339 3177 ἁμαρτήμασι
2367 3103 2823 3175 βεϐαπτισμένον,
2856 3104 2906 3157 εί
2936 3101 3249 3173 βουληθείη,
3277 3101 3554 3172 δυναμένη

1969 3188 2280 3255 ἀπαλλάξαι
2308 3186 2402 3241 τοῦ
2432 3186 2543 3241 τῶν
2579 3187 2997 3258 ἁμαρτημάτων
3047 3186 3293 3256 φορτίου,
3327 3186 3422 3239 καὶ
3462 3184 3555 3239 τὸν

1970 3272 2355 3327 κινδυνεύοντα
2404 3270 2756 3340 καταστῆσαι
2804 3272 2865 3324 ἐν
2912 3269 3208 3339 ἀσφαλείᾳ,
3254 3269 3360 3323 κᾶν
3414 3269 3554 3340 πρὸς
3668 3292 3671 3295 ·

1970 3358 2136 3412 αὐτὸν
2166 3356 2298 3429 ἐλθῃ
2324 3357 2425 3426 τῆς
2449 3353 2648 3418 κακίας
2671 3354 2764 3408 τὸν
2789 3354 3075 3422 πυθμέναῖ
3094 3354 3203 3407 Καὶ
3229 3352 3390 3406 τοῦτο
3424 3353 3556 3407 πολε

1968 3440 2199 3512 λαχόθεν
2230 3438 2456 3493 δυνατδν
2481 3436 2783 3503 ἀποδεῖξαι.
2828 3438 2926 3506 Μὴ
2952 3439 2985 3491 δ
3018 3437 3252 3490 πίπτων
3276 3437 3410 3506 γὰρ,
3445 3454 3557 3507 φη-

1971 3525 2080 3593 σὶν,
2126 3524 2239 3579 οὐκ
2283 3521 2621 3586 ἀνίσταται,
2672 3521 2711 3589 ἢ
2757 3523 2791 3576 ὁ
2819 3519 3217 3589 ἀποστρέφων
3264 3522 3377 3574 οὐκ
3423 3521 3555 3574 ἐπι-

1971 3608 2251 3679 στρέφει;
2285 3608 2495 3669 Ἔστιν,
2533 3606 2629 3660 ἐὰν
2673 3603 3014 3676 βουλώμεθα,
3053 3604 3413 3675 μορφωθῆναι
3461 3603 3555 3658 τδν

1971 3690 2210 3765 Χριστὸν
2242 3690 2302 3743 ἐν
2340 3691 2469 3761 ἡμῖν
2501 3688 2666 3743 πάλιν
2696 3700 2715 3718 ⁸
2744 3688 2911 3743 ἄκουε
2953 3687 3063 3760 γὰρ
3111 3688 3332 3741 Παύλου
3366 3686 3556 3756 λέγον-

1969 3795 2084 3843 τος,
2120 3774 2329 3833 Τεκνία
2349 3792 2490 3845 μου,
2520 3772 2628 3840 οὓς
2647 3772 2837 3827 πάλιν
2866 3772 3077 3837 ὠδίνω,
3109 3771 3282 3841 ἄχρις
3307 3766 3378 3827 οὗ
3408 3788 3556 3839 μορ-

1970 3858 2141 3932 φωθῇ
2160 3856 2417 3929 Χριστὸς
2443 3856 2514 3911 ἐν
2542 3856 2685 3927 ὑμῖν
2708 3872 2724 3888 ⁸
2758 3855 2920 3927 μόνον
2960 3854 3227 3925 ἁψώμεθα
3254 3854 3354 3923 τῆς
3384 3871 3554 3923 μετα-

1971 3945 2149 4007 νοίας.
2204 3943 2348 4013 Ὅρα
2384 3939 2494 4011 7&9
2536 3937 2672 3993 Θεοῦ
2735 3938 3147 4011 φιλανθρωπίαν
3175 3953 3192 3971 ⁸
3241 3937 3348 3990 ἔδει
3405 3939 3555 4008 ἡμᾶς

1972 4028 2140 4083 παντὶ
2170 4025 2361 4098 τρόπῳ
2391 4023 2726 4093 κολασθῆναι
2759 4024 2916 4094 παρά
2966 4022 3066 4094 τὴν
3116 4020 3314 4092 ἀρχὴν,
3340 4022 3424 4074 ὅτι
3460 4021 3555 4075 καὶ

1972 4112 2139 4183 νόμον
2170 4109 2429 4171 λαϐόντες
2458 4108 2550 4161 τὸν
2578 4106 2807 4177 φυσικὸν
2842 4107 2937 4160 καὶ
2968 4107 3180 4177 μυρίων
3206 4102 3554 4159 ἀπολαύσαν-

1972 4213 2065 4259 τες
2100 4193 2351 4263 ἀγαθῶν,
2386 4190 2479 4244 τόν
2505 4206 2565 4242 τε
2593 4189 2873 4259 Δεσπότην
2903 4190 3279 4260 ἡγνοήκαμεν,
3318 4188 3413 4241 καὶ
3440 4186 3556 4257 βίον

1971 4277 2286 4348 ἀκάθαρτον
2316 4273 2662 4346 βεϐιώκαμεν
2686 4289 2702 4304 ⁸
2737 4273 2766 4325 6
2791 4271 2847 4325 δὲ
2863 4273 2924 4325 ού
2958 4272 3119 4342 μόνον
3148 4271 3249 4325 οὐκ
3270 4268 3554 4337 ἐκόλασεν,

1971 4361 2110 4417 ἀλλὰ
2141 4359 2238 4414 καὶ
2268 4357 2481 4431 μυρίων
2522 4356 2829 4428 μετέδωκεν
2879 4354 3121 4426 ἀγαθῶν,
3158 4355 3237 4421 ὡς
3267 4353 3334 4409 ἂν
3368 4357 3420 4409 εί
3456 4370 3555 4427 με-

1973 4446 2119 4517 γάλα
2150 4442 2578 4516 κατωρθωκότες
2598 4435 2763 4513 ἦμεν.

2046 4610 2217 4666 Πάλιν
2251 4608 2607 4681 ἐξεπέσομεν,
2666 4606 2763 4663 καλ⁵
2808 4608 2932 4662 ούδέ
2963 4606 3108 4663 οὕτω
3135 4608 3355 4675 κολάζει
3380 4649 3397 4675 ,
3438 4610 3559 4664 ἀλλ’

1975 4697 2145 4751 ἔδωκε
2171 4693 2233 4747 τὸ
2264 4692 2363 4763 τῆς
2401 4690 2690 4764 μετανοίας
2719 4691 3036 4763 φάρμακον,
3072 4692 3252 4746 πάντα
3297 4692 3456 4764 ἡμῶν
3487 4694 3557 4746 τά

1976 4779 2357 4851 ἁμαρτήματα
2385 4775 2572 4830 ἱκανὸν
2603 4775 2869 4845 ἀφανίσαι
2897 4773 2992 4827 καὶ
3024 4773 3344 4844 ἀπαλεῖψαι,
3388 4776 3552 4846 μόνον

1977 4863 2072 4919 ἐὰν
2095 4860 2327 4931 εἰδῶμεν
2354 4859 2418 4913 τὸ
2446 4858 2742 4930 φάρμακον
2772 4856 2957 4911 ὁποῖόν
2986 4859 3123 4922 ἐστι,
3153 4858 3247 4911 καὶ
3272 4857 3391 4921 πῶς
3415 4857 3549 4912 αὐτὸ
3668 4908 3683 4921 ,

1975 4944 2282 5000 ἐπιτιθέναι
2308 4943 2410 4997 δεῖ.
2443 4943 2605 4996 Ποῖον
2636 4934 2730 4994 οὖν
2759 4942 2877 4994 ἐστι
2905 4939 2967 4994 τὸ
2994 4941 3285 5012 φάρμακον
3319 4940 3420 5013 τῆς
3450 4957 3549 5011 με-

1973 5030 2216 5093 τανοίας,
2259 5026 2355 5081 καὶ
2393 5024 2512 5089 πῶς
2563 5025 2697 5079 αὐτὸ
2745 5024 3254 5093 κατασκευάζεται;
3300 5026 3547 5098 Πρῶτον,

1973 5112 2086 5168 ἀπὸ
2114 5108 2520 5179 καταγνώσεως
2546 5107 2658 5161 τῶν
2708 5106 2928 5162 οίκείων
2962 5109 3406 5182 ἁμαρτημάτων,
3450 5110 3547 5164 καὶ

1974 5196 2084 5252 ἀπὸ
2126 5191 2554 5265 ἐξαγορεύσεως.
2596 5190 2717 5261 Τὴν
2746 5191 3006 5261 ἀνομίαν
3035 5194 3147 5265 γάρ
3178 5212 3324 5265 μου,
3359 5195 3552 5266 φησὶν,

1972 5278 2291 5349 ἐγνώρισα,
2319 5274 2420 5331 καί
2455 5275 2571 5343 τὴν
2614 5274 2911 5345 ἁμαρτίαν
2926 5294 3049 5346 μου
3085 5278 3199 5331 οὐκ
3235 5276 3549 5347 ἐκάλυψα·

1976 5362 2093 5424 καὶ,
2135 5360 2540 5430 Ἑξαγορεύσω
2560 5354 2688 5413 κατ’
2711 5358 2858 5428 ἐμοῦ
2884 5359 2998 5428 τὴν
3017 5360 3275 5431 ἀνομίαν
3314 5378 3436 5430 μου
3473 5357 3555 5425 τῷ

1976 5446 2190 5514 Κυρίῳ,
2214 5443 2417 5498 καὶσὺ
2438 5440 2677 5512 ἀφῆκας
2697 5441 2814 5511 τὴν
2832 5442 3116 5498 ἀσέϐειαν
3164 5444 3278 5513 τῆς
3307 5444 3555 5513 καρδίας

1974 5546 2091 5600 μου
2110 5540 2126 5556 ⁸
2152 5525 2247 5579 καὶ
2280 5525 2467 5580 πάλιν·
2500 5524 2649 5597 Λέγε
2673 5524 2756 5579 σὺ
2791 5525 2899 5593 τὰς
2930 5526 3217 5596 ἁμαρτίας
3247 5540 3366 5580 σου
3398 5528 3555 5596 πρῶ-

1976 5631 2098 5679 τος,
2134 5611 2235 5665 ἵνα
2260 5606 2575 5677 δικαιωθῇς
2605 5622 2620 5637 ⁸
2654 5609 2769 5672 καὶ,
2799 5610 3035 5675 Δίκαιος
3061 5609 3277 5664 ἑαυτοῦ
3304 5609 3557 5678 κατήγο-

1970 5715 2078 5767 ρος
2104 5694 2174 5749 ἐν
2201 5693 2594 5763 πρωτολοτίᾳ.
2633 5693 2918 5764 Δεύτερον,
2972 5694 3083 5746 ἀπὸ
3115 5694 3553 5764 ταπεινοφροσύ-

1978 5798 2075 5849 νης
2096 5776 2300 5848 πολλῆς
2333 5795 2347 5810 ⁸
2381 5776 2572 5848 ὥσπερ
2602 5777 2710 5848 7&9
2739 5778 2897 5847 σειρά
2922 5777 3008 5840 τίς
3041 5778 3157 5830 ἐστι
3194 5776 3310 5847 [991
3352 5778 3552 5845 χρυσῆ,

1987 5863 2088 5919 κᾶν
2113 5863 2288 5936 ἀρχὴν
2314 5861 2477 5933 λάϐῃ,
2514 5861 2689 5918 πάντα
2718 5860 2933 5915 ἕπεται.
2977 5862 3101 5916 Ἐάν
3161 5859 3269 5936 γὰρ
3287 5859 3554 5932 ὀμολογή⁴
