4060 6440
169 219 245 280 81

194 323 456 376 sermonis
479 325 658 396 (Prov.
685 330 772 386 18.
799 333 908 404 17).
931 336 1180 396 Secundo
1201 359 1265 398 ex
1285 353 1448 402 multa
1469 350 1788 414 humilitate:

199 420 293 463 est
322 414 468 467 enim
507 419 668 473 veluti
700 425 944 490 quaedam
975 441 1162 486 catena
1192 451 1376 502 aurea,
1419 450 1473 495 ct
1509 445 1553 496 si
1583 444 1791 503 initium

194 507 414 573 ceperit
455 521 758 579 sequuntur
806 521 1008 574 omnia.
1041 523 1172 578 Nam
1213 531 1256 581 si
1304 544 1583 599 peccatum
1625 539 1791 597 fueris

193 597 488 652 confessus
514 610 570 654 ut
600 615 812 671 Oportet
826 613 1092 678 conliteri,
1119 616 1176 669 ﬁt
1203 597 1418 676 humilis
1439 627 1613 681 anima
1637 647 1651 681 :
1672 645 1789 687 cam

193 686 347 739 enim
379 703 598 745 versans
625 704 679 747 et
706 698 912 765 agitans
938 706 1284 773 conscientia,
1310 711 1474 766 eflicit
1492 729 1545 770 ut
1575 719 1644 771 sit
1670 734 1793 774 con-

195 784 394 832 tracta.
424 779 645 850 Oportet
675 795 853 843 autem
879 792 980 844 alia
1004 809 1215 865 quoque
1245 799 1443 858 addere
1474 805 1785 879 humilitati,

191 863 241 916 si
267 867 394 920 talis
414 869 484 922 sit
510 872 723 939 qualetn
757 876 944 934 beatus
972 863 1142 938 David
1162 886 1411 957 habebat,
1441 894 1656 952 dicens:
1688 863 1791 956 Cb;-

191 962 447 1014 nmndum
472 979 587 1016 rrea
607 965 661 1019 in
682 984 760 1022 me
780 969 956 1037 Deus;
983 983 1037 1029 et
1069 979 1282 1048 iterum,
1310 982 1410 1038 Cor
1441 992 1712 1045 contritum
1739 1003 1789 1048 et

192 1050 523 1106 hutitiliatum
550 1055 688 1111 Deus
713 1076 815 1115 non
840 1064 1079 1134 despiciet
1100 1069 1271 1142 (Psal.
1292 1075 1380 1132 50.
1412 1078 1497 1131 12.
1520 1081 1632 1151 19).
1652 1085 1784 1142 Nam

188 1142 344 1209 quod
377 1153 460 1198 est
487 1150 802 1216 contritum,
841 1170 948 1210 non
976 1164 1236 1232 exsurgit,
1270 1183 1375 1221 non
1407 1169 1553 1239 ferit,
1583 1176 1678 1231 sed
1703 1189 1787 1235 est

187 1246 441 1301 paratum
468 1237 537 1291 ad
555 1241 692 1296 male
715 1246 1042 1317 patiendum,
1061 1251 1232 1322 ipsmn
1253 1267 1432 1314 autem
1455 1237 1785 1324 nonexsur-

183 1326 286 1393 git.
319 1325 471 1381 Talis
500 1340 584 1384 est
621 1334 799 1390 cordis
827 1342 1110 1408 contritio;
1144 1347 1355 1404 etiamsi
1392 1352 1581 1410 alfecta
1623 1358 1786 1418 fuerit

183 1422 546 1486 mittumelia,
577 1425 784 1481 etiamsi
815 1431 956 1487 male
985 1449 1164 1504 passa,
1189 1441 1438 1509 quiescit,
1472 1461 1569 1502 nec
1593 1454 1780 1508 conci-

187 1506 341 1553 tatur
370 1501 437 1556 ad
466 1504 773 1564 vindictam.
805 1512 932 1568 Post
957 1501 1310 1579 humilitatem
1341 1501 1470 1583 vero
1497 1548 1630 1601 opus
1668 1547 1773 1601 est.

184 1591 423 1650 intensis
448 1601 718 1667 precibus,
753 1606 935 1662 multis
965 1608 1238 1682 lacrymis,
1266 1627 1320 1673 et
1354 1619 1585 1682 interdiu
1607 1638 1660 1683 ct
1681 1647 1777 1684 no-

180 1689 310 1737 ctu:
343 1682 550 1742 Lavabo
577 1691 740 1758 enim,
761 1694 952 1766 inquit,
1001 1719 1092 1770 per
1135 1697 1374 1777 singulas
1393 1726 1564 1770 noctes
1592 1719 1776 1775 lectum

179 1789 395 1838 meum;
425 1778 665 1850 lacrymis
701 1787 823 1842 meis
860 1800 1075 1847 stratum
1116 1813 1280 1852 meum
1306 1802 1521 1872 rigabo;
1550 1809 1776 1867 laboravi

177 1862 236 1913 in
263 1868 460 1930 gemitu
499 1887 608 1924 meo
639 1874 808 1946 (Psal.
836 1879 889 1934 6.
923 1882 1000 1952 7).
1031 1885 1098 1939 Et
1126 1887 1317 1945 iterum
1345 1862 1377 1947 εν
1396 1862 1652 1961 Quoniam

179 1965 364 2008 iterem
387 1965 642 2031 tamquam
675 1983 857 2032 panem
887 1976 1277 2045 manducabam,
1304 1993 1352 2039 at
1391 1996 1562 2056 potum
1608 2009 1774 2049 meum

179 2061 306 2099 cum
330 2051 452 2118 ﬂetu
472 2055 732 2110 miscebant
761 2059 929 2131 (Psal.
956 2066 1077 2122 101.
1105 2070 1218 2140 10).
1243 2073 1310 2128 Ει
1331 2051 1452 2145 post
1472 2084 1769 2142 orationem

188 2137 336 2192 adeo
370 2140 614 2198 intensam
638 2151 800 2204 multa
829 2167 964 2223 Opus
989 2168 1072 2213 est
1097 2161 1460 2238 eleemosyna.
1490 2172 1602 2229 lloc
1628 2178 1772 2234 enim

187 2239 275 2282 est
307 2233 447 2300 quod
476 2237 642 2293 reddit
689 2243 978 2302 admodum
1031 2253 1265 2312 validum
1321 2233 1767 2325 medicamentum

182 2325 551 2388 ptenitentim:
579 2341 634 2386 et
676 2335 818 2391 sicut
851 2340 902 2393 in
952 2345 1284 2403 medicorum
1331 2353 1658 2423 adjmnentis
1686 2371 1772 2418 est

177 2412 636 2478 medicamentum
660 2428 801 2496 quod
827 2432 1020 2489 multas
1040 2438 1255 2505 quidem
1278 2412 1421 2512 capii
1443 2412 1655 2514 herbas,

173 2519 343 2560 unam
371 2524 491 2578 qua:
537 2515 749 2574 obtinet
793 2522 1184 2596 principatum:
1214 2529 1286 2588 ita
1316 2538 1477 2593 etiam
1509 2542 1558 2595 in
1589 2548 1769 2613 poeni-

171 2599 346 2652 tentia
377 2601 493 2657 htec
519 2616 602 2660 est
631 2613 898 2682 praecipua
940 2617 1138 2687 herba,
1185 2633 1241 2679 et
1285 2627 1396 2696 ipsa
1447 2599 1614 2691 totum
1660 2648 1765 2696 est.

168 2690 315 2744 Audi
354 2694 500 2749 enim
532 2699 660 2767 quid
692 2703 870 2760 divina
899 2708 1041 2765 dicat
1068 2690 1342 2784 Scriptura
1364 2737 1378 2774 :
1403 2721 1534 2778 Date
1553 2690 1770 2785 eleemo;

168 2797 381 2851 sgnum,
410 2797 461 2840 et
481 2793 653 2846 omnia
677 2807 822 2851 erunt
848 2801 986 2856 vobis
1023 2807 1216 2861 munda
1246 2811 1398 2881 (Luc.
1443 2817 1532 2871 11.
1560 2821 1681 2891 ﬂ);
1714 2835 1769 2881 et

171 2874 396 2939 iterum,
432 2877 782 2955 Eleemosynis
817 2899 863 2943 et
889 2893 992 2959 ﬁde
1031 2874 1345 2957 mandantur
1374 2874 1586 2976 peccata

167 2967 225 3021 4.
258 2969 397 3038 11);
446 2981 524 3036 et,
573 2973 754 3046 Ignem
802 2983 1150 3051 ﬂammantem
1196 2967 1478 3067 exstinguet
1520 2967 1769 3073 aqum—et

170 3058 500 3131 eleemosyna
525 3079 810 3136 compescet
843 3089 1031 3144 magna
1069 3094 1276 3149 peccata
1330 3058 1517 3157 (Eccli.

174 3149 383 3205 Deinde
411 3169 521 3208 non
555 3157 734 3225 irasci,
755 3177 931 3233 neque
948 3166 1156 3238 injurize
1173 3189 1411 3247 acceptae
1430 3185 1763 3256 meminisse,

172 3240 430 3295 clunibus
462 3258 678 3313 peccata
728 3255 1050 3314 remittere:
1097 3260 1268 3320 Homo
1308 3240 1524 3340 homini,
1573 3240 1763 3346 inquit:

175 3344 397 3386 reservat
418 3335 571 3404 iram,
595 3351 642 3392 et
663 3345 804 3412 apud
823 3345 1094 3405 Dominum
1113 3360 1292 3424 quierit
1312 3364 1559 3419 medelam
1575 3368 1763 3440 (Eccli.

175 3418 240 3440 ου
293 3423 347 3440 ,η
420 3426 455 3440 η
548 3430 557 3439 .
609 3432 618 3440 .
737 3435 749 3440 -

175 3418 263 3473 28.
292 3423 374 3491 5).
406 3426 689 3499 Remittite,
737 3435 929 3507 inquit,
977 3452 1032 3496 ut
1070 3418 1356 3506 remittatur
1382 3458 1519 3511 vobis
1549 3418 1760 3532 (blatta.

172 3516 226 3568 6.
258 3516 376 3585 14).
409 3518 480 3572 Ει
508 3519 696 3578 fratres
712 3527 780 3580 ab
804 3543 990 3588 errore
1006 3548 1358 3599 convertere:
1393 3516 1760 3622 Vade,‘inqnit,

171 3615 218 3658 et
239 3620 478 3663 converte
506 3616 689 3683 fratres
718 3627 830 3674 tuos
859 3621 1009 3693 (Luc.
1042 3626 1134 3684 22.
1165 3631 1282 3704 52),
1337 3647 1396 3692 ut
1422 3615 1764 3703 remittantur

172 3697 267 3751 tibi
302 3710 524 3768 peccata
558 3714 666 3760 tua.
699 3708 769 3763 Et
793 3727 854 3767 se
878 3713 930 3768 in
955 3697 1275 3781 sacerdotes
1297 3737 1352 3783 ut
1380 3737 1629 3790 convenit
1663 3755 1761 3808 ge-

169 3805 329 3847 rere:
356 3793 483 3848 Etsi
507 3800 702 3867 fecerit,
724 3803 910 3874 inquit,
934 3811 1185 3879 quispiam
1203 3831 1427 3888 peccata,
1451 3793 1760 3885 remillcnvlttr

167 3885 216 3937 ei
243 3885 388 3955 (Jac.
413 3888 467 3943 5.
503 3890 628 3961 15):
661 3909 754 3950 eos
783 3900 918 3954 tueri
949 3917 1014 3956 ac
1049 3885 1331 3978 protegere
1371 3885 1564 3984 quibus
1591 3920 1649 3973 lit
1677 3922 1765 3975 in-‘

162 3975 331 4043 juria,
368 3977 503 4033 iram
537 3997 642 4038 non
676 3985 896 4056 habere,
928 3996 1108 4051 omnia
1157 3975 1362 4068 placide
1388 3975 1458 4062 ἐι
1484 4013 1774 4071 moderate-

169 4065 336 4122 terre.

240 4158 297 4213 5.
340 4159 537 4214 Annon
573 4165 879 4237 priusquam
904 4172 1245 4248 didicissetis,
1278 4187 1416 4254 quod
1458 4205 1554 4260 per
1581 4200 1753 4265 pinni-

170 4251 396 4303 tentiam
429 4253 572 4308 ablui
621 4269 845 4325 possunt
874 4279 1089 4332 peccata
1112 4312 1124 4333 ,
1148 4251 1312 4346 eratis
1354 4251 1532 4347 anxii,
1573 4251 1756 4360 qui

167 4341 387 4396 sciretis
418 4356 524 4397 non
555 4360 675 4402 esse
719 4350 860 4406 aliud
908 4357 1181 4415 lavacrum
1204 4406 1218 4423 .
1249 4377 1303 4419 et
1333 4370 1399 4421 de
1427 4375 1574 4428 vobis
1603 4341 1752 4447 spem

163 4429 525 4498 aitjcceratis?
550 4436 702 4496 Nunc
720 4450 901 4498 autem
928 4458 1050 4500 cum
1071 4461 1133 4502 ea
1158 4447 1476 4515 didiceritis,
1509 4429 1752 4524 ρει·ίᾶὑῶ

164 4531 313 4577 recte
341 4525 520 4594 agitur
567 4531 881 4597 paenitentia
918 4544 972 4591 et
1000 4539 1248 4594 remissio
1269 4581 1286 4606 ,
1315 4542 1538 4612 etquod
1564 4545 1746 4599 omnia

166 4614 464 4679 poterimus
493 4618 727 4692 eifugere
745 4663 762 4691 ,
789 4625 835 4680 si
861 4642 925 4682 ea
949 4637 1162 4685 utamur
1201 4641 1258 4686 ut
1285 4645 1534 4703 oportet,
1560 4651 1750 4707 quam-

164 4719 288 4760 aam
319 4723 670 4781 assequemur
705 4719 914 4773 veniam
941 4760 959 4786 ,
990 4723 1034 4775 si
1064 4738 1130 4777 ne
1173 4724 1226 4778 in
1270 4737 1504 4782 mentem
1534 4729 1748 4798 quidem

167 4799 324 4853 nobis
372 4805 590 4858 veniant
640 4817 820 4863 nostra
869 4814 1124 4880 peccata?
1170 4815 1301 4870 Nam
1328 4818 1373 4873 si
1419 4821 1522 4876 hoc
1557 4830 1746 4888 esset,

163 4893 346 4944 omnia
374 4904 555 4948 essent
580 4898 848 4954 confecta.
873 4901 1021 4957 Sicut
1040 4905 1184 4959 enim
1211 4908 1301 4976 qui
1328 4911 1524 4965 ostium
1552 4921 1635 4966 est
1661 4912 1747 4967 in-

162 4994 415 5047 gressus,
439 4995 522 5037 est
546 4986 727 5043 intus:
760 4990 839 5046 sic
859 4992 949 5061 qui
991 4997 1204 5064 propria
1239 5000 1373 5052 mala
1413 5003 1647 5072 cogitat,
1699 5005 1744 5060 si

163 5073 250 5126 illa
280 5087 536 5146 supputet
581 5083 822 5151 quotidie
841 5128 857 5151 ,
885 5089 1106 5144 omnino
1133 5093 1312 5148 veniet
1348 5094 1414 5149 ad
1440 5110 1625 5150 eorum
1651 5112 1744 5152 cu-

162 5166 426 5222 rationem
456 5188 470 5223 :
497 5171 582 5226 sin
605 5183 784 5230 autem
814 5177 994 5233 dicat:
1023 5180 1154 5237 Satn
1182 5195 1452 5253 peccator,
1482 5202 1544 5242 ea
1563 5197 1741 5244 autem

162 5271 251 5323 per
297 5260 510 5326 species
538 5278 642 5318 non
673 5268 873 5338 cogitet
905 5285 968 5325 ac
1005 5283 1260 5343 supputet
1282 5316 1296 5339 ,
1323 5285 1381 5330 et
1407 5293 1512 5333 non
1557 5279 1737 5335 dicat:

1038 233 1104 289 ῐΝ
1147 233 1370 291 EPIST.
1407 235 1500 293 AD
1542 235 1902 295 "EB-R305.
1936 243 2089 299 CAP.
2119 243 2207 302 Vi.
2242 246 2454 305 ΗΟΜΠ.
2501 248 2597 308 IX.

3404 261 3474 314 82

1889 343 2030 396 enim
2056 347 2376 417 principium
2407 362 2463 405 et
2484 352 2709 407 exordia
2739 364 2863 411 sunt
2890 355 3154 413 difficilia.
3188 359 3314 416 llmc
3344 377 3473 431 ergo

1883 433 2144 500 jaciamus
2185 447 2456 507 tamquam
2502 442 2846 502 fundamenta
2872 490 2887 512 ,
2917 457 2972 503 et
3019 449 3266 520 expedita
3312 465 3473 507 erunt

1884 527 2062 579 omnia
2105 537 2159 581 et
2202 528 2474 585 facillima.

1956 613 2275 676 Pwnitcntia:
2315 625 2474 680 modi.
2531 627 2724 681 Rerum
2767 630 3108 687 humanarum
3154 636 3373 690 vanitas.
3398 667 3470 677 —

1885 705 2200 777 Incipiamus
2231 727 2378 783 ergo,
2409 731 2574 787 rogo;
2607 720 2742 774 alius
2768 722 2981 790 quidem
3011 726 3237 782 intensis
3268 731 3468 783 utcmlo

1883 800 2130 865 precibus
2145 841 2162 868 ,
2184 807 2319 858 alius
2351 821 2477 862 vero
2501 809 2716 864 assidue
2745 811 3110 883 lacrymando,
3130 820 3264 874 alius
3285 832 3464 875 autem

1884 895 2200 948 maerendo:
2233 913 2354 951 nam
2387 916 2454 954 ne
2500 901 2601 956 hoc
2629 903 2844 973 quidem
2889 909 3032 976 quod
3063 921 3145 964 est
3173 913 3310 966 adeo
3339 930 3464 982 par-

1883 997 2027 1049 vum,
2059 997 2140 1040 est
2170 988 2394 1046 inutile:
2435 991 2587 1060 Vidi,
2620 996 2829 1065 inquit,
2857 1002 2992 1067 quod
3021 1018 3232 1056 maerore
3280 1017 3354 1058 est
3382 1008 3465 1074 af-

1879 1077 2041 1146 fectus
2063 1121 2078 1142 ,
2112 1090 2157 1133 et
2193 1082 2468 1139 ambulavit
2509 1087 2667 1141 tristis
2688 1130 2704 1153 ,
2745 1098 2792 1142 et
2819 1093 2993 1145 curavi
3036 1095 3141 1147 vias
3169 1094 3279 1161 eius
3307 1098 3459 1164 (Isai.

1880 1169 1971 1228 57.
2006 1173 2116 1242 17).
2145 1174 2343 1230 Otunes
2370 1188 2546 1233 autem
2591 1183 2930 1253 eleemosyna
2950 1225 2965 1249 ,
2995 1195 3048 1239 et
3078 1189 3334 1254 proximis
3371 1207 3462 1244 rc-

1879 1266 2142 1321 mittendo
2165 1281 2381 1336 peccata
2401 1312 2416 1337 ,
2449 1279 2506 1327 et
2530 1271 2743 1340 injuria:
2767 1286 3000 1346 acceptae
3027 1293 3132 1332 non
3170 1279 3461 1335 recordan-

1879 1356 1949 1409 do
1967 1396 1982 1422 ,
2013 1372 2114 1413 nec
2141 1359 2452 1417 ulciscendo
2471 1405 2488 1430 ,
2523 1365 2755 1422 humiles
2782 1378 2994 1423 nostras
3024 1371 3311 1426 reddamus
3337 1376 3462 1428 ani-

1880 1460 2016 1500 mas.
2040 1447 2094 1502 Si
2121 1450 2335 1506 assidue
2361 1454 2658 1524 cogitemus
2685 1472 2746 1510 ea
2779 1474 2899 1527 quin
2923 1461 3260 1527 peccavimus
3279 1503 3295 1527 ,
3321 1464 3454 1518 nihil

1873 1550 1938 1589 ex
1970 1537 2131 1594 rebus
2169 1544 2406 1599 externis
2429 1560 2526 1600 nos
2557 1549 2752 1616 poterit
2779 1551 3035 1606 extollere
3061 1569 3073 1605 :
3100 1569 3204 1607 non
3233 1555 3456 1623 divitiae,

1875 1641 1981 1680 nun
2015 1632 2272 1699 potentia,
2307 1649 2413 1689 non
2445 1637 2775 1706 principatus
2797 1651 2852 1694 et
2877 1642 3193 1710 imperium,
3226 1662 3332 1700 non
3361 1647 3459 1701 ho-

1875 1732 2011 1782 nor;
2035 1719 2127 1773 sed
2161 1723 2262 1778 etsi
2312 1724 2363 1778 in
2407 1725 2521 1794 ipso
2553 1729 2694 1797 regis
2713 1743 2874 1784 curru
2898 1732 3198 1788 sederimus
3222 1777 3237 1800 ,
3264 1739 3458 1794 acerbe

1870 1807 2305 1878 ingemiscemus.
2352 1815 2484 1871 Nam
2532 1819 2691 1874 etiam
2724 1821 2911 1876 beatus
2959 1825 3122 1880 David
3171 1840 3286 1882 erat
3313 1847 3404 1886 rex
3434 1872 3453 1898 ,

1871 1909 1925 1953 et
1951 1899 2194 1958 dicebat:
2234 1904 2438 1962 Lavabo
2465 1928 2554 1978 per
2582 1913 2813 1982 singulas
2840 1927 3012 1970 noctes
3054 1921 3240 1975 lectum
3285 1940 3456 1978 meum

1873 1990 2046 2075 (Psal.
2077 1994 2131 2050 6.
2163 1996 2254 2066 6);
2289 2015 2390 2055 nec
2436 2017 2501 2056 ex
2532 2019 2764 2075 purpura
2811 2017 2867 2062 et
2907 2025 2972 2064 ex
3002 2011 3304 2072 diademate
3351 2017 3452 2072 fuit

1875 2073 2064 2142 lmsns,
2111 2094 2210 2134 nec
2254 2087 2505 2153 superbia
2543 2073 2754 2148 elatus:
2789 2097 2994 2153 sciebat
3035 2102 3176 2158 enim
3225 2120 3285 2159 se
3333 2122 3458 2163 esse

1875 2164 2141 2222 hominem
2171 2188 2184 2224 :
2217 2183 2271 2227 et
2297 2179 2548 2243 quoniam
2577 2195 2694 2238 erat
2723 2191 2985 2245 contritus
3010 2195 3173 2249 corde
3193 2237 3208 2261 ,
3243 2197 3444 2253 lamen-

1875 2257 2102 2316 tabatur.
2148 2263 2288 2332 Quid
2320 2269 2462 2324 enim
2491 2283 2617 2328 sunt
2648 2291 2734 2332 res
2760 2278 3048 2335 humanm?
3075 2286 3211 2340 cinis
3242 2298 3296 2342 et
3341 2291 3458 2357 pul-

1871 2349 1952 2403 vis
1976 2389 1990 2415 ,
2025 2363 2078 2408 et
2109 2365 2382 2426 tamquam
2409 2364 2583 2431 pulvis
2612 2378 2738 2424 ante
2767 2371 2952 2426 faciem
2984 2378 3122 2429 venti
3148 2417 3164 2442 ,
3199 2377 3373 2435 fumus
3399 2391 3454 2438 et

1870 2443 2088 2509 umbra,
2113 2455 2167 2500 et
2195 2446 2376 2504 folium
2421 2456 2564 2523 quod
2592 2459 2967 2518 circumfertur
3011 2476 3063 2520 ct
3107 2468 3236 2533 llos,
3267 2481 3320 2525 et
3361 2487 3456 2526 so-

1868 2536 2073 2591 mnium
2101 2549 2154 2593 et
2176 2545 2410 2599 narratio
2446 2557 2502 2601 et
2527 2547 2726 2617 fabula,
2756 2563 2944 2609 ventus
2969 2566 3024 2612 et
3053 2574 3146 2614 aer
3171 2562 3344 2616 mollis
3377 2574 3457 2618 te.

1869 2641 2016 2682 mere
2063 2629 2316 2687 diffluens
2343 2675 2360 2702 ,
2408 2653 2588 2707 penna
2643 2658 2746 2696 non
2799 2648 3102 2704 consistens
3133 2691 3147 2715 ,
3193 2651 3454 2710 fluentum

1865 2730 2293 2789 praetercurrcns
2313 2770 2329 2794 ,
2361 2740 2414 2784 et
2440 2748 2561 2800 qua:
2586 2744 2711 2789 sunt
2736 2753 2896 2806 quam
2926 2741 3041 2796 hare
3069 2745 3235 2814 magis
3275 2747 3451 2804 nihili.

1864 2811 2000 2875 Quid
2035 2816 2213 2882 enim,
2247 2817 2333 2872 dic
2361 2836 2544 2889 quzeso
2571 2863 2587 2890 ,
2619 2840 2869 2896 magmnn
2914 2811 3231 2889 existimas?
3259 2853 3451 2906 quam-

1861 2918 2023 2972 quam
2079 2917 2234 2977 putas
2290 2929 2538 2984 magnam
2584 2934 2706 2974 esse
2763 2922 3120 2992 dignitatem?
3166 2933 3452 2988 consulis?

1864 3009 1985 3048 nam
2018 2996 2116 3053 hac
2141 3000 2399 3070 dignitate
2439 3008 2642 3063 nullam
2671 3013 2942 3069 existimat
2973 3019 3162 3089 vulgus
3189 3038 3309 3080 esse
3336 3042 3450 3081 ma-

1855 3086 2052 3155 jorem.
2080 3092 2157 3144 Eo
2185 3109 2316 3164 ergo
2353 3098 2443 3166 qui
2473 3109 2620 3154 tanto
2646 3102 2745 3157 fuit
2784 3086 3112 3177 Splendore',
3142 3115 3232 3181 qui
3263 3114 3361 3172 fuit
3391 3118 3448 3174 in

1859 3194 2050 3250 magna
2090 3182 2301 3241 habitus
2338 3189 2729 3262 admiratione,
2765 3197 2810 3253 is
2848 3200 2936 3267 qui
2968 3217 3074 3256 non
3103 3216 3185 3258 est
3212 3209 3400 3264 consul
3425 3251 3442 3276 ,

1859 3273 1990 3328 nihil
2019 3274 2184 3332 habet
2212 3279 2388 3335 minus
2414 3299 2429 3336 τ
2461 3293 2514 3339 et
2543 3284 2632 3340 hic
2654 3298 2710 3342 et
2737 3289 2825 3345 ille
2854 3304 2937 3347 εει
2968 3295 3019 3350 in
3046 3298 3235 3356 eadem
3270 3273 3446 3373 digni;-

1859 3374 1966 3422 tate
1991 3385 2004 3422 :
2034 3368 2278 3426 similiter
2300 3373 2514 3444 utrique
2548 3379 2706 3447 paulo
2734 3393 2850 3451 post
2879 3400 2983 3440 non
3015 3401 3193 3446 erunt.
3217 3368 3446 3460 Quando

1855 3456 1955 3512 fuit
1981 3500 1997 3526 ,
2041 3474 2242 3530 quanto
2273 3473 2515 3534 tempore
2539 3509 2555 3535 ,
2603 3469 2690 3525 dic
2734 3474 2903 3529 mihi?
2931 3477 3159 3536 duorum
3189 3456 3444 3542 dierum?

1857 3547 1959 3604 hoc
1982 3553 2144 3605 etiam
2180 3554 2236 3606 ﬁt
2269 3555 2318 3608 in
2345 3559 2571 3614 somnis.
2600 3559 2704 3616 Sed
2744 3575 2828 3619 est
2851 3607 2866 3631 ,
2900 3567 3072 3638 inquit
3099 3613 3114 3637 ,
3146 3577 3438 3635 somnium.

1855 3641 1922 3695 Et
1949 3643 2075 3712 quid
2113 3647 2262 3699 tum?
2288 3649 2427 3717 qttod
2457 3651 2599 3705 enim
2646 3653 2705 3708 fit
2758 3656 3027 3726 interdiu,
3071 3679 3174 3718 non
3215 3676 3298 3721 est
3345 3683 3443 3724 so-

1852 3735 2104 3788 mnium?
2142 3737 2229 3791 dic
2258 3741 2386 3794 mihi
2434 3749 2530 3796 cur
2559 3732 2664 3798 non
2721 3747 2834 3803 ltmc
2875 3754 3042 3823 magis
3095 3756 3322 3814 dicimus
3351 3776 3442 3814 so-

1850 3828 2050 3880 mnium
2080 3828 2102 3880 ?
2134 3828 2203 3884 Ut
2227 3834 2374 3887 enim
2401 3838 2630 3902 somnia,
2657 3851 2781 3895 cum
2814 3843 2932 3898 dies
2959 3853 3270 3917 accesserit,
3305 3855 3440 3910 nihil

1850 3933 1969 3974 esse
1994 3924 2425 3981 convincuntur:
2458 3930 2528 3983 ita
2563 3941 2617 3985 et
2648 3933 2760 3989 inec
2795 3946 2950 3993 nocte
2978 3949 3268 4010 appetente
3302 3946 3435 4004 nihil

1847 4020 2009 4065 sunt:
2043 4017 2375 4072 tantumdem
2405 4022 2549 4076 enim
2584 4027 2841 4094 temporis
2865 4041 2923 4083 et
2963 4039 3068 4086 nox
3109 4043 3165 4088 et
3192 4034 3310 4091 dies
3337 4053 3434 4093 ac-

1845 4103 2090 4173 cipiunt,
2135 4117 2191 4161 et
2241 4119 2410 4166 totum
2443 4121 2654 4183 tempus
2683 4129 2746 4172 ex
2779 4135 2934 4188 :equo
2963 4122 3226 4179 dividunt.
3283 4128 3435 4184 Sicut

1845 4211 1974 4268 ergo
2001 4199 2067 4254 iis
2097 4217 2215 4272 quae
2251 4213 2409 4259 noctu
2437 4205 2575 4262 facta
2608 4219 2733 4264 sunt
2774 4227 2879 4267 non
2908 4213 3121 4271 laetatur
3147 4219 3432 4290 quisquam

1848 4287 2118 4345 interdiu:
2151 4293 2220 4346 ita
2271 4310 2374 4350 nec
2416 4297 2530 4352 fieri
2577 4309 2749 4368 potest
2795 4312 2853 4358 ut
2901 4320 3062 4361 noctu
3111 4307 3315 4366 fruatur
3367 4314 3434 4368 iis

1845 4394 1964 4445 quae
1997 4380 2234 4438 interdiu
2266 4384 2401 4440 facta
2432 4399 2574 4443 sunt.
2611 4391 2777 4446 Fuisti
2803 4398 3039 4452 consul?
3082 4409 3134 4453 et
3163 4415 3264 4471 ego
3291 4417 3430 4472 quo-

1843 4484 1970 4536 que.
2018 4472 2125 4527 Sed
2165 4490 2264 4545 ego
2297 4486 2494 4543 noctu,
2543 4490 2596 4535 et
2628 4491 2683 4536 tu
2729 4485 2982 4541 interdiu.
3017 4488 3153 4556 Quid
3185 4494 3335 4547 tum?
3364 4511 3432 4550 ne

1842 4561 1918 4615 sic
1944 4563 2158 4631 quidem
2187 4567 2494 4636 plusbabes
2521 4588 2678 4642 quam
2709 4591 2830 4645 ego.
2863 4577 2973 4632 Nisi
3008 4579 3147 4635 forte
3176 4582 3315 4638 lnmc
3341 4585 3426 4641 vel

1845 4652 1992 4706 illum
2038 4653 2142 4710 dici
2194 4661 2512 4724 consulem.
2562 4679 2680 4718 eam
2731 4683 2854 4736 quae
2902 4684 2970 4722 ex
3024 4672 3205 4726 verbis
3253 4675 3426 4731 oritur

1839 4759 2034 4812 capere
2080 4747 2428 4818 voluptatem,
2460 4754 2582 4823 phis
2628 4755 2826 4828 habere
2852 4757 3018 4815 efficit
3051 4779 3067 4816 :
3097 4772 3156 4817 ut
3191 4767 3424 4836 exempli

1839 4850 2038 4902 caiisa,
2074 4838 2124 4894 id
2153 4842 2298 4895 enim
2323 4843 2497 4897 dicam
2525 4849 2762 4914 apertius
2784 4885 2800 4910 ,
2847 4850 2891 4904 si
2935 4851 3158 4909 dixero:
3195 4856 3294 4912 Hic
3336 4859 3424 4914 vel

1842 4927 1928 4981 ille
1957 4931 2183 4998 consul,
2214 4940 2270 4986 et
2313 4933 2586 4990 donavero
2617 4937 2720 4993 hoc
2759 4956 2990 5010 nomen,
3035 4949 3216 5002 annon
3263 4951 3422 5007 simul

1838 5016 2043 5072 d-ctum
2063 5029 2147 5074 est
2171 5031 2228 5077 et
2248 5023 2427 5078 abiit?
2465 5027 2545 5081 'ita
2574 5044 2663 5084 res
2689 5043 2902 5102 quoque
2937 5051 2952 5087 :
2983 5037 3140 5092 simul
3178 5045 3422 5107 apparuit

1839 5104 2043 5169 consul,
2070 5113 2126 5160 et
2153 5117 2260 5162 non
2287 5119 2374 5166 est
2399 5113 2652 5184 amplius.
2683 5116 2953 5177 Ponamns
2976 5131 3155 5180 autem
3181 5104 3382 5185 annum
3399 5170 3418 5197 ,

1839 5202 1890 5248 et
1917 5193 2053 5251 duos
2077 5210 2249 5254 annos
2269 5209 2325 5256 et
2345 5211 2456 5258 tres
2483 5215 2534 5260 et
2563 5215 2796 5277 quatuor
2819 5230 2834 5266 :
2859 5213 2945 5269 ubi
2967 5226 3093 5272 sunt
3119 5219 3209 5289 qui
3230 5193 3417 5276 decem

1831 5297 2002 5340 annos
2031 5286 2245 5346 fuerunt
2272 5297 2568 5353 consules?
2591 5299 2888 5371 Nusquam.
2913 5305 3020 5364 Sed
3048 5286 3152 5364 non
3174 5311 3253 5366 sic
3281 5313 3421 5369 Pau-

2233 5345 2241 5346 κ
2281 5345 2325 5348 ν-
2345 5345 2522 5352 --θη-ν-
2548 5345 2560 5353 .
2591 5345 2888 5371 -ι-νΊιιυιιιο
2913 5345 3020 5364 υνυ
3048 5345 3152 5364 ultu
3174 5345 3251 5366 Du.
3281 5345 3309 5366 Γ
3322 5345 3412 5369 illl‘

161 5345 268 5402 lloc
291 5360 350 5403 et
390 5350 524 5406 illud
573 5369 848 5424 peccatum
876 5361 1106 5430 admisi;
1139 5379 1430 5434 numquam
1461 5371 1694 5425 cessabit
1719 5411 1736 5437 ,
1831 5377 1910 5430 ius
1929 5397 1942 5430 :
1963 5393 2086 5435 nam
2109 5381 2529 5455 fuitsplendidus
2553 5400 2661 5447 tum
2693 5395 2903 5464 vivens,
2931 5414 3034 5454 non
3059 5416 3222 5456 unutn
3244 5404 3412 5472 diem,

162 5452 377 5472 kal-\I.A-
420 5443 637 5472 nna:a'A-n
671 5449 930 5472 AA—lzl‘-r‘
1011 5468 1178 5472 “*“"‘
1221 5471 1257 5472 "
1286 5464 1296 5472 ⁸
1318 5471 1323 5472 ⁷
1494 5458 1530 5472 ‘l
1985 5471 1994 5472 ὲ

161 5452 377 5508 semper
419 5443 639 5512 quidem
667 5449 932 5505 confitens
954 5493 970 5519 ,
1004 5468 1188 5508 curam
1213 5464 1388 5514 autem
1417 5458 1619 5514 nullam
1645 5477 1748 5546 ge-v
1825 5484 1925 5522 nec
1965 5471 2136 5538 duos,
2167 5491 2234 5530 ne

2236 5494 2339 5546 que
2370 5479 2556 5538 decem
2578 5526 2592 5549 ,
2634 5501 2739 5539 non
2771 5487 2989 5558 viginti,
3017 5508 3117 5546 nec
3150 5497 3362 5567 triginta
3392 5540 3409 5565 ,

2255 5539 2266 5546 .
2580 5539 2590 5549 .
2974 5539 2989 5557 ,
3017 5539 3117 5546 ..η
3150 5539 3362 5567 .-.,......
3392 5540 3409 5565 ,

161 5545 277 5586 rens
324 5539 700 5596 correctionis.
742 5541 876 5600 Nam
925 5547 970 5602 si
1014 5551 1274 5619 cmperit,
1312 5554 1534 5610 omnino
1572 5539 1748 5613 etiam,
1824 5576 1992 5630 tteque
2018 5581 2186 5622 annos
2215 5569 2422 5636 decem,
2457 5590 2551 5629 nec
2584 5577 2788 5647 viginti,
2816 5596 2914 5636 nec
2941 5583 3187 5652 triginta;
3220 5588 3315 5644 sed
3353 5600 3410 5644 et

161 5637 444 5652 θρα-,Δηιη-
470 5630 569 5652 Ali-
651 5633 691 5652 -2
722 5635 747 5652 εν
1006 5648 1017 5652 -
1117 5641 1127 5652 ι
1199 5643 1229 5652 .,
1313 5642 1344 5652 ι.

2411 5630 2420 5636 ,
2636 5630 2665 5647 υ
2819 5630 2912 5636 --η
3174 5630 3187 5650 ,
3220 5630 3315 5644 πυ
3354 5630 3410 5644 ν-

158 5637 444 5692 sequentur
467 5630 574 5686 alia
598 5671 618 5699 ,
647 5633 694 5688 si
720 5635 773 5692 in
804 5652 912 5696 uno
939 5641 1240 5698 ostenderit
1261 5642 1462 5702 aditum
1484 5664 1496 5700 :
1521 5660 1738 5718 semper
1819 5664 1902 5708 cst
1934 5666 2172 5714 mortuus
2192 5703 2206 5727 ,
2239 5673 2291 5718 et
2319 5667 2874 5739 quadringentesimus
2913 5689 3085 5732 annus
3110 5676 3220 5746 iam
3264 5694 3424 5749 praes
