4060 6440
679 218 753 277 83

655 321 796 371 lenit
822 318 899 389 (a)
919 359 935 386 ,
965 331 1022 378 et
1049 324 1225 381 adhuc
1252 343 1393 383 nunc
1418 339 1503 383 est
1527 332 1747 397 clarior,
1774 346 1829 390 et
1853 340 2024 393 multo
2044 332 2253 395 clariora

649 422 809 477 quam
838 411 1053 479 quando
1082 414 1315 468 vivebat.
1346 415 1412 471 Et
1444 415 1559 471 haec
1578 418 1796 487 quidem
1826 420 2042 476 interra
2069 440 2082 475 :
2110 437 2236 478 san-

648 505 858 553 ctorum
890 510 1068 555 autem
1100 502 1424 570 claritatem,
1453 520 1574 576 qua:
1591 517 1675 563 est
1702 511 1753 564 in
1784 511 1957 579 cadis,
1988 527 2234 582 quaenam

644 587 928 658 explicarit
946 591 1160 647 oratio?
1185 594 1567 665 Quamobrem,
1589 613 1741 671 rogo,
1766 600 1906 658 hanc
1928 617 2232 674 quteramus

704 851 777 914 (a)
801 849 945 916 Saepe
968 847 1175 916 vidimus
1188 843 1581 916 AChrysostosmun
1602 839 1655 890 in
1684 844 1961 899 temporum
1984 836 2233 893 computa-

643 912 778 964 tione
800 925 897 963 non
921 912 987 961 ita
1004 912 1287 960 accuratum
1310 917 1443 955 esse.

1644 1082 2085 1095 μορ-...ηυρ--σν

655 1090 965 1103 ———-————-—-

646 1293 775 1349 Cn.
806 1290 858 1346 ϐ.
903 1305 953 1342 v.
984 1290 1039 1341 7.
1084 1285 1245 1341 Terra
1269 1285 1405 1339 enim
1428 1298 1563 1352 saepe
1587 1280 1865 1335 venientem
1891 1295 2044 1349 super
2066 1294 2120 1333 se
2145 1278 2197 1333 bi
2208 1308 2226 1319 -

717 1385 837 1438 bens
863 1380 1069 1435 imbrem
1095 1420 1110 1444 ,
1133 1387 1181 1432 et
1208 1376 1500 1444 germinans
1522 1374 1733 1427 herbam
1754 1380 2097 1441 opportunam
2123 1370 2230 1424 illis

715 1493 748 1529 a
766 1474 943 1547 quibus
964 1472 1168 1535 colitur,
1189 1470 1379 1537 accipit
1403 1467 1803 1521 benedictionem
1830 1480 1862 1518 a
1883 1463 2018 1527 Deo;
2038 1463 2090 1518 8.
2113 1479 2233 1533 pro-

715 1570 883 1638 ferens
911 1577 1081 1619 autem
1110 1564 1285 1634 spinas
1310 1572 1356 1615 et
1399 1559 1634 1621 tribulos,
1664 1557 1885 1625 reproba
1906 1565 1981 1610 est
2027 1564 2074 1609 et
2118 1571 2228 1609 ma-

714 1662 898 1716 ledicto
952 1654 1187 1729 proicima
1228 1671 1248 1710 :
1291 1654 1440 1725 cujus
1492 1649 1863 1707 consummatio
1918 1648 1974 1702 in
2023 1647 2227 1702 combu-

713 1754 948 1808 stionem.

724 1849 775 1900 1.
822 1843 896 1913 ια)
925 1841 1059 1899 Cum
1084 1840 1277 1895 timore
1303 1835 1583 1891 audiamus
1609 1832 1705 1889 Dei
1730 1831 1941 1902 eloquia
1966 1845 1983 1896 ;
2015 1845 2136 1886 cum
2166 1829 2232 1884 ti-

650 1952 801 1996 more
822 1949 875 1993 et
900 1935 1069 1991 multo
1091 1943 1325 1988 tremore
1349 1948 1364 1985 :
1389 1930 1586 1985 Servite
1604 1928 1767 1991 enim,
1796 1928 1986 1995 inquit,
2010 1922 2232 1978 Domino

640 2030 695 2084 in
725 2030 920 2091 timore,
946 2036 992 2081 et
1019 2023 1269 2080 exsultate
1306 2023 1355 2077 ei
1398 2036 1512 2093 cum
1556 2029 1773 2073 tremore
1814 2015 1988 2087 (Psal.
2015 2014 2071 2071 2.
2106 2012 2221 2085 11).

644 2121 701 2178 Si
743 2131 922 2175 autem
966 2128 1021 2172 et
1060 2115 1309 2187 gaudium
1343 2122 1587 2168 nostrum
1616 2121 1672 2166 ct
1710 2108 2001 2165 exsultatio
2043 2116 2227 2162 nostra

648 2211 811 2267 debet
851 2224 972 2265 esse
999 2223 1119 2265 cum
1151 2216 1388 2261 tremore
1422 2220 1437 2257 :
1474 2201 1692 2274 quando
1717 2201 1877 2255 etiam
1906 2215 1967 2254 ea
1997 2214 2116 2269 quae
2143 2198 2227 2253 di-

644 2309 841 2357 cuntur
879 2307 1004 2355 sunt
1049 2294 1306 2352 terribilia
1333 2335 1349 2362 ,
1388 2303 1448 2349 ut
1491 2307 1670 2358 nunc,
1698 2305 1806 2360 quo
1831 2289 2091 2359 supplicio
2121 2303 2227 2342 non

646 2406 834 2450 sumus
859 2390 1039 2461 digni,
1067 2389 1111 2445 si
1139 2403 1200 2444 ea
1230 2401 1352 2458 quae
1377 2385 1628 2441 dicuntur
1654 2398 1760 2437 nou
1792 2380 2077 2436 audiamus
2101 2390 2231 2434 cum

647 2484 921 2541 tremore?
947 2482 1080 2536 Cum
1126 2479 1359 2534 dixisset
1398 2476 1513 2532 fieri
1553 2489 1661 2530 non
1705 2487 1866 2544 posse
1891 2480 1950 2527 ut
1974 2472 2063 2541 qui
2095 2471 2232 2539 lapsi

646 2587 773 2634 sunt
815 2578 1007 2631 iterum
1057 2574 1412 2643 baptizentur,
1440 2578 1494 2625 et
1522 2568 1898 2623 remissionem
1925 2580 2020 2636 per
2044 2563 2218 2634 bapti-

649 2683 824 2725 smmn
852 2667 1032 2722 denuo
1056 2664 1355 2734 accipiant,
1392 2668 1446 2716 et
1488 2658 1814 2714 ostendisset
1851 2671 2010 2727 quam
2053 2656 2099 2710 si
2142 2668 2230 2710 res

648 2760 937 2821 horrenda,
960 2757 1232 2828 subjungit
1258 2774 1271 2811 :
1296 2754 1455 2809 Terra
1475 2753 1608 2808 enim
1627 2768 1763 2821 ηερε
1782 2751 2057 2806 venientem
2077 2764 2231 2817 super

649 2872 704 2908 se
719 2853 888 2906 bibens
910 2851 1141 2913 imbrem,
1165 2858 1210 2902 et
1228 2847 1516 2919 germinans
1538 2844 1743 2899 herbam
1765 2848 2104 2911 Opportunum
2127 2839 2233 2892 illis

650 2964 742 3018 per
761 2961 887 3017 quos
915 2944 1121 3007 colitur,
1154 2941 1339 3011 accipit
1368 2937 1763 2993 benedictionem
1803 2951 1833 2987 a
1880 2933 2027 2999 Deo;
2067 2934 2240 3003 profe-

649 3055 771 3094 rens
794 3047 963 3091 autem
990 3036 1164 3107 spinas
1192 3042 1238 3088 et
1264 3031 1473 3086 tribulos
1498 3029 1714 3101 reprobo
1743 3037 1851 3091 est,
1880 3036 1930 3081 et
1968 3025 2239 3079 maledicto

652 3130 885 3199 proxima
907 3143 927 3182 :
947 3128 1093 3196 cujus
1117 3123 1482 3180 consummatio
1500 3123 1553 3176 in
1580 3120 1996 3175 combustionem.
2023 3116 2240 3173 Timea-

651 3236 773 3277 mus
796 3234 925 3290 ergo
945 3260 961 3285 ,
990 3233 1023 3272 ο
1052 3215 1273 3272 dilecti:
1304 3230 1412 3270 non
1440 3222 1567 3269 sunt
1603 3211 1753 3268 Pauli
1787 3211 1870 3265 lue
1900 3208 2062 3264 mina:
2084 3249 2100 3274 ,
2131 3221 2237 3263 non

650 3324 776 3370 sunt
803 3314 965 3368 verba
997 3310 1232 3366 hominis
1256 3327 1269 3363 :
1295 3316 1419 3365 sunt
1447 3306 1679 3377 Spiritus
1704 3304 1900 3367 sancti,
1929 3308 2057 3356 sunt
2076 3299 2238 3354 Chri-

651 3406 743 3471 sti,
775 3404 865 3474 qui
895 3405 946 3459 in
976 3404 1096 3473 ipso
1122 3400 1382 3471 loquitur.
1433 3398 1601 3453 Estne
1625 3411 1755 3466 ergo
1782 3393 1977 3464 aliquis
2007 3390 2239 3446 mundus

653 3496 723 3550 ab
755 3495 840 3549 his
869 3492 1078 3563 spinis?
1104 3490 1259 3559 Quod
1290 3491 1334 3545 si
1363 3490 1525 3545 etiam
1555 3500 1803 3543 essemus
1830 3482 2038 3547 mundi,
2065 3497 2134 3538 ne
2162 3481 2243 3536 sic

648 3580 863 3654 quidem
889 3576 1161 3634 conﬁdere
1180 3582 1485 3644 oporteret,
1515 3571 1609 3627 sed
1640 3572 1827 3626 timere
1852 3580 1905 3625 ct
1941 3579 2176 3624 tremere
2194 3609 2210 3634 ,

650 3687 722 3728 ne
746 3671 800 3727 in
825 3668 981 3724 nobis
1004 3666 1306 3738 germinent
1328 3663 1535 3733 spinae:
1566 3675 1689 3716 cum
1730 3669 1909 3715 autem
1936 3661 2032 3714 toti
2056 3659 2215 3729 peni-

651 3774 737 3819 tus
780 3762 947 3817 simus
991 3760 1158 3830 spinae
1198 3766 1255 3811 et
1297 3754 1511 3817 tribuli,
1540 3751 1807 3807 undenam
1832 3792 1847 3815 ,
1871 3750 1959 3806 dic
2001 3764 2212 3820 quaeso,

652 3851 1002 3917 conﬁdimus,
1027 3859 1083 3907 et
1114 3847 1290 3919 supini
1333 3845 1612 3917 ignavique
1640 3842 1952 3898 reddimur?
1979 3841 2103 3911 quid
2130 3848 2217 3896 est

652 3943 796 4015 quod
824 3957 923 3997 nos
950 3940 1077 3995 facit
1102 3940 1322 4009 ignavos
1346 3944 1401 3992 et
1426 3934 1717 3991 socordes?
1740 3934 1795 3989 Si
1821 3928 1979 4003 isqui
2001 3932 2217 3988 videtur

649 4047 813 4098 stare,
837 4033 997 4088 debet
1020 4032 1207 4086 timere
1226 4044 1294 4084 ne
1312 4028 1468 4083 cadat
1489 4044 1505 4080 :
1531 4041 1653 4082 nam
1672 4027 1759 4095 qui
1781 4026 1998 4092 videtur,
2019 4025 2211 4094 inquit,

650 4134 804 4189 stare,
836 4122 1000 4177 videat
1041 4137 1106 4174 ne
1141 4120 1290 4174 cadat
1332 4118 1408 4190 (1.
1430 4115 1550 4175 Cor.
1574 4116 1663 4173 10.
1687 4116 1777 4187 12)
1809 4133 1822 4170 :
1852 4116 1945 4187 qui
1977 4117 2211 4183 cecidit,

652 4231 814 4288 quam
856 4214 1017 4269 debet
1055 4227 1179 4267 esse
1222 4210 1485 4266 sollicitus
1508 4218 1567 4264 ut
1592 4209 1875 4279 resurgat?
1916 4208 1973 4264 Si
2012 4208 2212 4264 Paulus

654 4310 806 4363 timet
829 4321 898 4361 ne
925 4320 1046 4360 cum
1077 4304 1197 4358 aliis
1227 4301 1592 4372 prmdicaverit
1611 4343 1625 4365 ,
1659 4301 1772 4370 ipse
1817 4301 1910 4355 liat
1946 4300 2213 4370 reprobus

649 4397 863 4469 (l.Cor.
887 4396 943 4452 9.
967 4396 1085 4465 27),
1107 4395 1302 4465 quiest
1326 4392 1462 4449 adeo
1490 4393 1690 4462 probus
1714 4409 1730 4448 :
1753 4405 1853 4446 nos
1879 4393 1968 4462 qui
1994 4392 2102 4462 jam
2132 4394 2215 4449 fa-

650 4493 722 4548 cti
766 4500 949 4546 Sumus
990 4486 1202 4557 reprobi
1224 4526 1240 4551 ,
1270 4500 1554 4556 quamnam
1581 4499 1931 4555 assequemur
1959 4487 2169 4540 veniam
2191 4525 2207 4550 ,

649 4598 768 4640 cum
813 4581 945 4636 nihil
984 4580 1285 4642 timeamus,
1312 4577 1406 4632 sed
1450 4583 1722 4646 tamquam
1767 4576 2207 4631 consuetudinem

642 4671 1109 4730 Christianismum
1153 4668 1505 4737 impleamus,
1536 4672 1593 4721 et
1619 4680 1686 4721 eo
1723 4665 1913 4721 leviter
1948 4665 2208 4736 delunga-

643 4767 795 4822 muri
823 4765 1129 4821 Timeamus
1160 4776 1319 4831 ergo,
1347 4775 1381 4814 ο
1422 4759 1635 4826 dilecti;
1666 4760 1939 4815 Reuelatur
1966 4760 2099 4813 enim
2126 4760 2208 4815 ira

643 4858 742 4912 Μ
767 4857 830 4911 de
855 4857 980 4911 ciete
999 4853 1174 4925 (Rom.
1200 4854 1253 4908 1.
1278 4853 1366 4921 18)
1392 4869 1407 4907 :
1433 4852 1745 4914 timeamus;
1774 4852 2039 4907 revelatur
2058 4853 2207 4909 enim

643 4964 749 5003 non
777 4947 947 5001 solum
975 4945 1233 5000 adversus
1259 4943 1608 5013 impietatem,
1637 4942 1733 4997 sed
1763 4942 1923 4997 etiam
1946 4943 2206 4999 adversus

641 5051 855 5090 omnem
876 5034 1227 5105 iniquitatem,
1249 5043 1308 5089 et
1333 5048 1549 5102 parvam
1573 5040 1630 5088 et
1656 5047 1922 5104 magnam.
1954 5034 2053 5089 Hic
2078 5034 2206 5090 sub.

643 5128 842 5184 indicat
871 5126 960 5181 Dei
994 5124 1371 5195 benignitatem
1390 5135 1445 5178 et
1462 5124 1819 5180 clementiam.
1843 5125 2073 5181 lmbrem
2101 5141 2204 5182 au-

643 5231 747 5273 tem
776 5216 905 5271 dicit
927 5215 1258 5280 doctrinam;
1289 5223 1345 5270 et
1366 5214 1507 5285 quod
1534 5216 1782 5281 superius
1802 5215 2015 5271 dicebat
2032 5258 2048 5283 ,
2078 5217 2205 5271 Cum

640 5310 881 5364 deberetis
907 5323 1013 5362 esse
1039 5306 1264 5377 magistri
1302 5313 1505 5375 propter
1542 5317 1768 5374 tempus,
1797 5306 1850 5360 id
1881 5306 1968 5362 hic
1993 5322 2206 5377 quoque

638 5403 788 5457 dicit.
844 5401 912 5455 Et
950 5398 1133 5455 multis
1176 5397 1229 5453 in
1273 5395 1404 5451 locis
1422 5396 1710 5466 Scriptura
1740 5396 2039 5453 doctrinam
2067 5398 2201 5455 dicit

706 5532 780 5612 i9)
798 5532 1225 5612 I'!_*Edif:_i!9r¢':a
1261 5537 1366 5612 hac
1398 5536 1972 5612 menumquam
1993 5562 2104 5612 pag,
2123 5551 2232 5602 796.

640 5594 774 5673 cui}:
784 5608 937 5673 fero,
1166 5594 1687 5673 ⁸οέτιιιιξιιιεεη,ιξρτιη-ίιίειιιι
1709 5594 1876 5669 incipit
1890 5594 1928 5657 ξι
1940 5594 2119 5661 inlidit
2131 5594 2232 5663 ’ἑέξ

642 5656 914 5709 hortatione
935 5671 1048 5723 quae
1071 5659 1263 5711 initium
1288 5656 1440 5713 habet
1458 5669 1510 5713 ια.
1536 5664 1583 5714 4.

1475 229 1535 284 S.
1576 229 1845 289 ιοΑΝΝιε
1879 230 2222 290 CIIRYSOS’I

2320 233 2355 290 ιι
2392 233 2705 292 ARCHIEP.
2746 234 3279 297 CONS‘I‘ANTINOP.
3769 268 3819 325 ε,

2331 346 2632 401 claritatem
2651 386 2665 409 ,
2693 345 2836 402 hanc
2863 362 3270 417 persequamur,
3301 357 3360 403 ut
3385 364 3720 422 assequamur:
3742 364 3824 423 lm-

2332 439 2476 493 euim
2514 448 2599 494 est
2624 454 2744 509 quae
2774 448 2857 494 est
2887 454 3015 496 vere
3041 441 3280 496 claritas.
3308 440 3535 499 Tandem
3557 447 3825 514 discedam“

2331 532 2400 585 ab
2424 530 2490 586 iis
2518 546 2639 600 quae
2680 531 2747 586 ad
2785 532 2926 586 hanc
2952 533 3115 587 vitam
3145 533 3415 603 pertinent
3450 546 3543 591 :ut
3566 539 3826 606 inveniamus

2330 625 2556 695 gratiam
2606 634 2662 680 et
2710 625 3139 681 misericordiam
3179 626 3232 680 in
3265 626 3476 682 Christo
3511 628 3624 685 Jesu
3658 635 3828 694 bonum

2331 723 2539 780 nostro,
2567 729 2689 770 cum
2713 729 2820 784 quo
2840 715 2987 770 Patri
3010 730 3115 770 una
3141 730 3262 772 cum
3284 727 3469 772 sancto
3491 718 3666 790 Spiritu
3682 727 3827 797 gloria,

2332 804 2617 877 nuperium
2638 845 2654 871 ,
2688 804 2862 860 honor
2887 813 2943 860 et
2971 805 3237 873 adoratio,
3266 821 3410 864 nunc
3434 817 3486 864 et
3506 824 3708 883 semper,
3731 828 3774 871 et
3791 821 3827 873 in

2330 896 2529 954 stecula
2552 897 2900 953 saeculorum.
2932 898 3130 954 Amen.

2255 1079 2515 1087 m—

2036 1230 2039 1233 g
2096 1083 2568 1195 nonam

2346 1292 2569 1349 imbrem
2595 1313 2609 1351 :
2633 1293 2891 1350 Handabo
2917 1296 3058 1353 enim
3077 1339 3094 1365 ,
3122 1299 3311 1370 inquit,
3345 1302 3545 1361 nubibus
3568 1328 3623 1367 ne
3643 1291 3687 1371 in
3708 1320 3827 1387 ipsas:

2344 1386 2521 1480 pluunt
2544 1386 2752 1480 imbrem
2779 1387 2930 1457 (Isai.
2953 1389 3009 1445 5.
3043 1389 3153 1463 6),
3184 1391 3406 1462 loquens
3436 1396 3499 1453 de
3528 1402 3664 1460 vinea
3691 1425 3703 1460 :
3726 1386 3826 1480 quod

2322 1476 2551 1571 .quidem
2581 1478 2707 1571 Ψὺί
2735 1488 2887 1535 vocat
2913 1480 3105 1536 famem
3134 1485 3288 1552 panis
3308 1495 3362 1540 et
3383 1489 3519 1543 sitim
3545 1508 3677 1565 aqua:
3696 1476 3825 1571 (duo:

2339 1569 2404 1661 8:
2427 1570 2563 1661 11).-
2586 1568 2669 1661 ,Ειῖ
2696 1570 2897 1661 iterum
2931 1588 2946 1625 :
2985 1571 3198 1627 Flauius
3244 1574 3341 1629 Dei
3382 1581 3589 1649 repletus
3630 1568 3826 1661 εει-σφωε

2341 1657 2509 1727 (Psal.
2536 1658 2623 1713 61.
2652 1658 2760 1729 10).
2795 1658 2949 1715 Terra
2972 1662 3125 1726 enim,
3155 1664 3341 1734 inquit.
3365 1683 3495 1736 stupe
3523 1657 3826 1735 venientunn-

2335 1764 2424 1817 per
2462 1765 2517 1802 se
2560 1749 2730 1806 bibens
2766 1751 2994 1806 imbrem.
3041 1753 3137 1809 Hic
3162 1758 3393 1813 ostendit
3423 1764 3556 1831 quod
3586 1776 3635 1820 et
3660 1775 3825 1830 verbum

2331 1841 2634 1910 acceperint
2653 1884 2667 1905 ,
2700 1852 2755 1898 et
2782 1844 2939 1900 simul
2968 1844 3200 1903 biberint
3230 1891 3245 1915 ,
3270 1858 3324 1905 et
3355 1852 3406 1907 id
3438 1868 3573 1924 saepe
3599 1858 3691 1915 sint
3714 1878 3824 1920 assc-

2330 1932 2497 2001 quuti,
2521 1947 2620 1988 nec
2646 1932 2698 2025 id
2716 1943 2900 2025 tamen
2924 1937 3001 1991 eis
3027 1938 3305 2007 profuerit.
3327 1941 3382 1997 Si
3408 1947 3656 2015 agricolae,
3679 1953 3824 2025 inquit,

2327 2036 2488 2092 opera
2520 2037 2624 2078 non
2654 2024 2846 2081 fuisses
2874 2026 3062 2094 cultus,
3103 2029 3148 2084 si
3180 2030 3439 2089 imbribus
3468 2052 3565 2092 non
3593 2056 3718 2097 esses
3741 2044 3825 2102 irri-

2323 2125 2511 2215 gatus,
2543 2131 2647 2215 non
2674 2129 2817 2175 esset
2842 2128 3042 2175 tantum
3080 2123 3276 2179 malum
3309 2143 3322 2179 :
3350 2142 3472 2183 nam
3498 2130 3556 2185 Si
3591 2150 3679 2186 non
3700 2140 3824 2191 venis-

2330 2216 2456 2263 sem,
2486 2204 2678 2274 inquit,
2709 2215 2755 2258 et
2780 2206 2850 2259 eis
2877 2222 2976 2260 non
2997 2210 3203 2278 fuissem
3230 2212 3484 2279 loquutus,
3515 2224 3738 2282 peccatum
3760 2232 3830 2268 non

2329 2292 2619 2348 habuissent
2655 2294 2838 2364 (Joan.
2883 2297 2972 2355 15.
3015 2298 3241 2371 22);εἰ
3268 2313 3447 2357 autem
3474 2318 3609 2373 saepe
3634 2305 3775 2360 bibisti
3794 2316 3829 2359 et

2330 2383 2626 2455 accepisti,
2652 2400 2752 2441 cur
2790 2401 2887 2456 pro
2913 2385 3173 2446 fructibus
3201 2391 3305 2446 alia
3337 2393 3654 2462 produxisti?
3686 2395 3829 2462 Enpe-

2327 2474 2480 2541 ctaui,
2508 2475 2698 2545 inquit,
2722 2485 2778 2530 ut
2805 2481 2992 2548 faceret
3019 2494 3187 2544 ultam,
3217 2484 3334 2551 fecit
3357 2495 3521 2538 autem
3544 2487 3699 2547 spinas
3719 2482 3829 2555 (irai.

2328 2563 2382 2619 ϐ.
2407 2566 2489 2631 2).
2517 2565 2680 2621 Vides
2697 2568 2839 2637 quod
2868 2569 3142 2640 Scriptura
3167 2573 3363 2642 ubique
3387 2574 3566 2643 spinas
3593 2585 3725 2629 vocat
3745 2591 3831 2643 pet!-

2328 2655 2487 2709 cata?
2511 2656 2644 2710 Nam
2663 2667 2721 2712 et
2742 2659 2906 2713 David
2926 2660 3056 2715 dicit
3084 2678 3099 2716 :
3125 2640 3405 2718 Conversus
3549 2665 3598 2718 in

2328 2744 2450 2800 dum
2464 2746 2588 2801 mihi
2606 2747 2769 2816 inﬁxa
2783 2749 3015 2825 estgpina
3032 2749 3204 2821 (Psal.
3218 2752 3280 2807 3i
3295 2793 3308 2807 .
3326 2753 3406 2821 4).
3431 2753 3543 2809 Non
3565 2755 3716 2808 solum
3729 2756 3830 2808 enim

2329 2838 2645 2908 ingreditur.
2679 2839 2772 2898 sed
2798 2842 2961 2900 etiam
2990 2842 3229 2913 inﬁgitur
3256 2861 3271 2898 :
3301 2853 3356 2899 et
3380 2845 3426 2899 si
3454 2860 3631 2915 parum
3654 2845 3749 2915 ejus
3770 2860 3833 2899 re-

2327 2942 2575 2997 maneat,
2601 2944 2651 2989 et
2698 2951 2802 2991 non
2847 2947 3016 2994 totum
3061 2939 3238 3010 ipsum
3283 2937 3665 3000 exemerimus,
3694 2951 3830 3005 Parum

2328 3022 2454 3078 illud
2485 3040 2635 3096 aeque
2664 3027 2824 3084 infert
2865 3029 3106 3086 dolorem
3128 3073 3142 3097 ,
3184 3034 3344 3103 atque
3372 3029 3431 3082 in
3455 3028 3618 3097 spina.
3660 3028 3715 3083 Et
3740 3027 3831 3097 quid

2328 3113 2449 3169 dico
2464 3115 2636 3185 ipsum
2658 3121 2882 3188 parum?
2900 3124 3065 3178 etiam
3089 3133 3367 3193 poSIquam
3393 3120 3549 3179 fuerit
3564 3128 3829 3188 exemplum.

2327 3207 2417 3262 diu
2448 3209 2685 3265 immittit
2710 3211 2880 3283 plagte
2895 3213 3170 3271 dolorem:
3190 3216 3420 3286 ideoque
3442 3217 3599 3272 multa
3624 3209 3831 3271 medicina

2325 3311 2461 3366 opus
2483 3307 2567 3355 est
2590 3311 2643 3355 et
2674 3304 2973 3371 curatione,
3002 3315 3065 3359 ut
3092 3305 3325 3376 perfecte
3354 3307 3674 3363 liberemur:
3704 3320 3832 3373 neque

2324 3390 2467 3443 enim
2513 3401 2786 3460 peccatum
2834 3395 3011 3450 solum
3054 3397 3292 3451 eximere
3332 3397 3550 3463 sullicit,
3589 3398 3673 3452 sed
3709 3396 3829 3451 etiam

2324 3489 2536 3548 oportet
2565 3495 2758 3537 curare
2804 3484 2980 3539 locum
3007 3499 3341 3555 percussum.
3380 3487 3486 3543 Sed
3518 3488 3666 3542 timeo
3686 3502 3742 3541 ne
3764 3500 3831 3538 no-

2326 3569 2408 3625 bis
2433 3572 2600 3641 magis
2625 3572 2890 3642 dicantur,
2932 3590 3091 3647 quam
3134 3578 3253 3632 aliis
3290 3578 3500 3633 dicatur
3540 3578 3689 3639 illud,
3717 3575 3833 3629 Terra

2324 3662 2477 3728 enim,
2508 3663 2698 3734 inquit,
2728 3680 2861 3735 sape
2888 3682 3039 3735 super
3065 3683 3121 3721 se
3149 3669 3425 3722 venientem
3453 3669 3618 3723 bibens
3643 3666 3835 3721 imbrem:

2323 3766 2539 3823 semper
2564 3756 2707 3810 enim
2737 3756 2990 3822 bibimus,
3016 3773 3231 3829 semper
3260 3759 3539 3816 audimus:
3577 3760 3662 3815 sed
3687 3759 3833 3812 humo-

2323 3860 2438 3900 rem
2465 3846 2642 3901 statim
2668 3847 2960 3917 perdimus,
2988 3849 3200 3905 orienle
3225 3852 3365 3918 sole,
3388 3860 3442 3905 et
3473 3861 3730 3922 propterea
3751 3851 3831 3918 spi-

2323 3951 2421 3991 nas
2449 3934 2741 3991 eﬂ'erimus.
2775 3937 3030 4005 Quaenam
3060 3949 3187 3993 sunt
3210 3955 3339 4011 ergo
3369 3942 3573 4011 spina)?
3596 3940 3832 3996 Audiamus

2321 4027 2592 4084 Christum
2618 4028 2907 4097 dicentem,
2934 4030 3075 4097 quod
3096 4032 3405 4088 sollicitudo
3427 4035 3582 4102 hujus
3608 4032 3779 4094 smcnli,
3796 4040 3833 4082 et

2323 4119 2531 4176 fallacia
2556 4120 2861 4177 divitiarum
2888 4122 3113 4179 suﬂ‘ocat
3142 4125 3363 4180 verbum
3385 4168 3402 4192 ,
3428 4135 3487 4181 et
3517 4128 3572 4180 lit
3599 4122 3825 4195 inlrugileo

2322 4228 2439 4268 runt
2462 4210 2614 4283 (Luc.
2641 4212 2695 4267 8.
2727 4213 2841 4283 M).
2868 4213 3027 4268 Terra
3050 4215 3207 4282 enim,
3239 4216 3431 4286 inquit,
3466 4232 3600 4285 sape
3616 4216 3824 4271 veniant»

2319 4319 2473 4373 super
2493 4320 2548 4359 se
2568 4303 2743 4360 bibens
2770 4305 3012 4373 imbrem,
3037 4314 3088 4361 et
3125 4308 3417 4378 germinans
3457 4308 3655 4364 herbam
3693 4321 3835 4378 oppor-

2390 4489 2448 4543 2.
2486 4487 2626 4543 Nihil
2665 4496 2750 4545 est
2787 4489 2923 4547 adeo
2959 4500 3334 4562 opportunum
3357 4534 3372 4558 ,
3400 4500 3460 4548 nt
3498 4493 3617 4548 vitae
3644 4489 3837 4562 paritas:
3901 4496 3911 4513 ‘

2323 4581 2452 4637 nihil
2476 4582 2614 4638 adeo
2633 4594 2978 4639 numerosum
3000 4599 3063 4639 ac
3082 4584 3428 4650 'concinnum,
3457 4595 3514 4640 ut
3539 4585 3637 4639 vita
3661 4583 3834 4652 Optima.

2322 4673 2453 4730 nihil
2480 4674 2616 4730 adeo
2640 4690 2961 4746 congruens,
2992 4685 3050 4731 ut
3072 4678 3258 4731 virtus.
3285 4677 3349 4731 Et
3365 4680 3668 4748 germinans,
3688 4674 3834 4742 inquit

2322 4765 2527 4820 herbam
2546 4776 2887 4836 opportunam
2915 4768 3022 4821 illis
3044 4783 3077 4820 α
3102 4767 3283 4838 quibus
3311 4769 3520 4833 colitur,
3546 4767 3716 4837 accipit
3734 4764 3851 4818 bene»

2321 4857 2591 4910 dictionem
2636 4873 2669 4909 α
2718 4854 2847 4910 Deo.
2902 4855 3000 4911 Hic
3046 4856 3175 4910 dicit
3228 4858 3391 4912 Deum
3442 4872 3565 4912 esse
3615 4864 3835 4909 auctorem

2322 4947 2560 5001 omnium
2583 4988 2596 5008 ,
2623 4946 2837 5002 Graecos
2865 4948 3064 5001 sensim
3098 4945 3296 5001 feriens
3319 4990 3333 5008 .
3378 4949 3468 5015 qui
3506 4947 3678 5002 virtuti
3716 4954 3834 4998 terra

2318 5035 2633 5092 adscribunt
2650 5035 2918 5091 fructuum
2942 5035 3363 5106 generationem.
3380 5031 3568 5102 Neque
3584 5030 3715 5084 enim
3732 5030 3842 5079 sunt.

2320 5130 2526 5199 inquit,
2555 5143 2757 5183 manus
2780 5128 3136 5198 agricolarum
3163 5140 3285 5196 quae
3312 5124 3487 5195 ipsam
3517 5132 3702 5177 terram
3727 5111 3843 5170 exci-

2323 5228 2438 5274 tant
2476 5218 2543 5273 ad
2578 5219 2784 5274 fructus
2808 5217 3081 5282 ferendos,
3114 5218 3209 5272 sed
3238 5216 3332 5272 Dei
3357 5215 3543 5285 jussus
3573 5231 3587 5269 :
3616 5214 3845 5281 proptere:

2324 5311 2453 5367 dicit
2479 5328 2495 5367 :
2523 5311 2718 5380 Accipit
2748 5310 3151 5364 benedictionem
3173 5325 3205 5361 a
3228 5307 3359 5363 Deo.
3390 5306 3528 5361 Vide
3550 5312 3713 5358 autem
3737 5291 3842 5365 aliud

2324 5404 2376 5457 in
2405 5402 2576 5472 spinis
2605 5414 2713 5456 non
2737 5400 2897 5468 dixit,
2928 5400 3153 5456 Pariens
3182 5400 3402 5468 spinas,
3434 5409 3611 5467 neque
3643 5392 3733 5445 hoc
3757 5381 3842 5472 utili

2321 5470 2449 5547 usus
2474 5502 2557 5547 est
2586 5493 2842 5556 nomine;
2874 5491 2970 5546 sed
2996 5490 3169 5561 quid?
3195 5489 3476 5560 Proferens
3506 5485 3674 5558 spinas
3694 5470 3842 5547 ἔφηεί

2320 5584 2487 5648 dicas,
2516 5598 2712 5638 eruens
2735 5594 2792 5639 et
2814 5583 3115 5654 expellens.
3170 5580 3405 5652 Περι-οδω
3448 5587 3558 5645 est,
3602 5572 3779 5644 inquit.
3809 5572 3844 5616 οι

2322 5676 2588 5732 malcdicto
2609 5677 2867 5752 proxima.
2898 5676 3086 5743 Papa!
3116 5685 3371 5743 quantam
3396 5672 3561 5729 habet
3578 5659 3845 5726 consolatio:
