4002 6426
180 203 264 261 85

1000 207 1067 277 tri
1106 215 1320 282 EPIST.
1364 223 1456 281 AD
1491 220 1866 285 uenimus.
1905 226 2064 290 ear.
2107 232 2196 290 Vl.
2235 231 2472 294 nosne.
2516 241 2584 294 χ.
3395 249 3461 304 so

177 329 322 373 nem
352 320 495 389 (μιὸὰ
522 322 744 382 dicitur!
777 324 903 396 Est,
949 331 1157 402 inquit,
1194 334 1466 392 maledicto
1505 343 1741 409 proxima
1762 385 1777 408 ,

184 413 308 465 non
340 413 683 470 maledictum
713 438 727 478 :
752 422 839 488 qui
867 431 1043 476 autem
1073 427 1309 480 nondum
1335 429 1520 483 incidit
1543 431 1595 485 in
1623 434 1779 487 male-

171 502 420 571 dictum,
445 507 538 562 sed
565 525 730 579 prOpe
753 521 852 577 est,
883 515 1042 569 etiam
1077 519 1261 586 procul
1283 533 1406 575 esse
1433 523 1643 591 poterit.
1666 524 1779 581 Nec

175 593 294 650 hoc
326 597 503 653 Solum
535 611 619 655 est
645 605 988 670 censolatus,
1018 608 1114 663 sed
1150 625 1214 665 eo
1241 612 1403 666 etiam
1436 615 1578 682 quod
1619 615 1775 671 dein-

170 697 320 759 ceps
351 694 630 763 sequitur:
655 711 760 751 non
789 700 930 753 enim
959 701 1124 756 dixit:
1149 703 1396 774 Reproba
1425 715 1508 762 est
1533 719 1586 764 et
1612 711 1776 765 turde-

1881 345 2144 397 rationem
2189 342 2400 410 danda,
2431 355 2485 401 et
2530 356 2588 403 ut
2629 349 2774 405 dicat
2819 351 2985 408 Deum
3029 369 3152 412 esse
3181 359 3455 430 iniustum.

1877 429 2237 498 Quamobrem
2259 447 2354 489 eos
2375 437 2596 492 omnino
2616 441 2793 509 coegit
2813 454 3127 512 exspectare
3146 429 3239 502 illa
3255 449 3456 507 futura.

1882 525 2020 580 Eum
2050 526 2193 581 enim
2224 529 2312 595 qui
2344 544 2407 583 ex
2452 531 2612 584 rebus
2657 537 3014 599 praesentibus
3059 538 3363 609 desperavit
3405 557 3460 600 et

1874 601 2112 658 animum
2140 604 2466 677 despondit,
2494 624 2559 663 ex
2588 609 2776 666 futuris
2809 616 3003 683 poterit
3033 601 3295 687 quispiam
3329 634 3452 673 cor.

1876 695 2133 752 roborare
2163 716 2174 753 :
2209 699 2350 753 sicut
2396 703 2509 770 ipse
2559 717 2770 773 quoque
2827 707 2892 758 ad
2946 705 3167 762 Galatas
3215 710 3459 765 scribens

171 781 334 838 diem
382 786 621 854 proxima
647 831 661 853 ,
705 803 823 859 qua:
851 793 1228 862 comburetur;
1277 798 1372 852 sed
1417 800 1586 870 quid?
1613 801 1775 873 Cujus
1873 788 2088 843 dicebat
2118 807 2131 841 :
2163 789 2453 846 Currebatis
2496 793 2656 860 bene;
2688 796 2800 864 quis
2837 811 2924 849 vos
2953 798 3250 868 impedivit?
3279 809 3332 856 et
3363 802 3461 855 ite.-

171 869 304 901 t..:-
338 884 408 901 ..ι
431 881 482 901 ι..
510 878 847 901 Α---ι.-.λ.ι-μ-
871 899 896 901 .-
941 881 996 901 α·
1322 897 1330 901 -
1392 891 1404 901 .
1523 893 1532 901 .
1872 894 1986 901 ...μη
2017 896 2028 901 -
2056 880 2218 901 m__-._
2290 899 2297 901 Α
2367 884 2378 901 3
2419 899 2426 901 ξ
2465 884 2498 901 ,ο
2576 885 2586 895 ο
2844 887 2866 901 η
2922 889 2930 898 -
2963 897 2971 901 -
3175 891 3185 901 .

169 869 306 941 ﬁnis
331 884 408 928 est
431 881 482 928 tn
503 865 920 935 combustiouem.
941 881 997 938 Si
1025 897 1359 955 permaneat,
1392 891 1578 960 inquit,
1605 909 1745 963 usipr

1871 894 1989 932 rum
2016 896 2029 932 :
2055 880 2221 934 Tanta
2243 884 2378 951 passi
2403 884 2522 937 estis
2544 885 2650 938 sine
2670 887 2866 939 causa?
2889 889 2930 941 si
2955 897 3120 942 tamen
3142 891 3250 944 sine
3275 907 3452 948 causa.

166 960 244 1017 ad
277 964 468 1032 tinem,
503 959 556 1021 id
585 969 836 1037 patietur.
868 972 1228 1041 Quamobrem
1262 980 1305 1032 si
1336 981 1520 1049 spinas
1553 959 1766 1040 excide-

166 1054 353 1108 rimus
382 1057 438 1110 et
463 1057 862 1130 exusserimns,
895 1067 1190 1134 poterimus
1218 1069 1318 1124 frui
1348 1072 1500 1128 bonis
1525 1075 1767 1132 innume-

163 1145 464 1215 rabilibus,
498 1159 552 1204 et
583 1151 734 1220 probi
764 1154 902 1210 efﬁci
925 1197 939 1222 ,
972 1167 1027 1213 et
1053 1173 1174 1215 esse
1220 1164 1508 1235 participes
1539 1167 1767 1224 benedi-

163 1236 397 1292 Ctionis.
426 1239 618 1295 Merito
644 1253 823 1300 autem
854 1259 1130 1317 peccatum
1160 1254 1448 1324 appellavit
1476 1259 1728 1316 tribulum
1749 1305 1764 1330 ,

163 1326 388 1396 dicens,
426 1327 702 1403 Proferens
731 1347 899 1392 autem
924 1341 1102 1410 spinas
1129 1357 1190 1398 ac
1219 1347 1430 1403 tribulos
1451 1365 1469 1402 :
1498 1366 1620 1406 nam
1662 1370 1764 1408 un-

160 1418 479 1493 decumque
511 1425 562 1478 id
595 1429 852 1496 tenueris,
882 1429 1002 1488 ierit
1033 1445 1084 1490 et
1112 1438 1341 1502 mordet,
1377 1451 1430 1497 et
1454 1444 1571 1499 visu
1601 1447 1762 1501 etiam

162 1522 251 1563 εει
281 1511 534 1569 deforme
560 1525 614 1570 et
647 1525 864 1576 tetrum.
889 1517 1021 1579 Cum
1046 1539 1173 1598 ergo
1197 1543 1291 1584 eos
1320 1533 1450 1588 satis
1476 1536 1760 1605 tetigisset,

159 1603 459 1660 terruisset
506 1621 570 1662 ac
617 1612 932 1682 pupugisset
953 1655 969 1680 ,
1003 1633 1188 1673 rursus
1214 1632 1368 1677 curat
1398 1639 1460 1679 ac
1493 1627 1759 1698 medetur,

157 1707 233 1748 ne
265 1709 366 1749 eos
399 1696 518 1766 plus
546 1713 706 1768 quam
736 1717 831 1772 par
861 1705 930 1759 sit
953 1706 1189 1778 dejiciat,
1224 1711 1548 1786 ignavosque
1573 1696 1764 1775 reddat

157 1795 226 1841 ac
253 1788 484 1856 supinos
517 1809 532 1844 :
564 1801 684 1845 nam
716 1795 806 1864 qui
836 1805 1064 1866 segnem”
1095 1799 1212 1856 ierit
1241 1819 1303 1858 ac
1331 1805 1574 1864 desidem
1593 1853 1606 1874 ,
1636 1825 1759 1866 eum

156 1875 348 1933 reddit
378 1883 708 1952 segniorem.
742 1879 928 1958 Neque
956 1906 1085 1963 ergo
1117 1898 1339 1954 omnino
1369 1899 1659 1972 blanditur,
1693 1891 1760 1960 ne

159 1974 354 2031 animo
372 1977 626 2045 extollat;
653 1983 829 2052 neque
847 1983 1061 2054 gravius
1083 1987 1225 2057 ferit,
1253 2007 1318 2044 ne
1341 1994 1527 2050 reddat
1547 2001 1759 2068 segnio-

163 2081 294 2132 res;
326 2066 422 2123 sed
466 2072 758 2139 pauxillum
811 2075 1055 2145 injicicns
1101 2082 1240 2150 quod
1293 2081 1481 2154 feriat,
1528 2066 1756 2150 multum

171 2159 402 2216 adhibet
428 2163 558 2233 quod
589 2173 744 2221 Curet
771 2179 833 2220 ac
864 2168 1145 2226 medeatur
1174 2187 1268 2243 per
1297 2192 1358 2231 ea
1387 2194 1507 2249 quae
1532 2184 1760 2254 subjun-

165 2252 281 2321 git,
317 2265 372 2308 ut
399 2256 534 2325 quod
563 2258 674 2314 vult
706 2259 929 2316 efficiat.
962 2263 1104 2332 Quid
1125 2269 1267 2322 enim
1291 2270 1459 2327 dicit?
1503 2277 1581 2346 (α)
1615 2252 1754 2351 [Non

163 2343 284 2396 hrec
323 2342 551 2400 dicimus
601 2354 873 2419 tamquam
920 2353 1010 2422 qui
1044 2369 1137 2411 vos
1168 2342 1713 2424 condemnaverirnus
1735 2413 1752 2439 ,

151 2437 262 2479 nec
294 2435 353 2480 ut
381 2429 472 2496 qui
503 2431 875 2489 exiSIimemus
905 2452 1000 2492 vos
1028 2455 1148 2496 esse
1174 2448 1361 2513 plenos
1388 2452 1558 2520 spinis
1580 2495 1598 2520 ,
1641 2429 1741 2514 sed

147 2525 207 2570 ut
231 2518 327 2586 qui
360 2517 644 2577 timeamus
670 2540 735 2579 ne
759 2527 860 2582 hoc
884 2530 1088 2586 accidat
1115 2551 1128 2586 :
1157 2537 1348 2593 melius
1372 2517 1456 2596 est
1475 2549 1617 2601 enim
1639 2563 1735 2604 vos

143 2607 337 2663 verbis
355 2621 580 2680 terrere,
604 2630 670 2670 ne
693 2631 750 2672 re
775 2617 888 2687 ipsa
909 2620 1157 2680 deleatis.
1182 2627 1248 2683 Et
1274 2628 1374 2687 hoc
1400 2637 1636 2694 maxime
1656 2651 1740 2698 est

147 2699 301 2754 Pauli
345 2702 671 2772 prudentiae.
702 2708 907 2766 Et‘nnn
939 2712 1095 2782 dixit,
1129 2717 1513 2782 Existimamus
1535 2769 1550 2794 ,
1593 2745 1693 2784 nec
1719 2775 1735 2795 ,

141 2789 505 2863 Conjicimus,
539 2807 659 2863 nec,
696 2798 1102 2874 Exspectamus,
1136 2821 1254 2876 nec,
1284 2789 1608 2884 Speramus;
1641 2824 1736 2877 sed

146 2881 349 2956 quid?]
379 2884 436 2939 9.
463 2886 776 2956 Conﬁdimus
799 2895 968 2948 autem
996 2898 1061 2950 de
1079 2897 1240 2966 vobis,
1265 2881 1605 2977 dilectissimi,
1632 2929 1742 2968 me-

147 2975 282 3029 liora
310 2985 359 3029 et
389 2979 638 3035 viciniora
664 2983 843 3049 saluti,
880 2991 1082 3044 tametsi
1101 2993 1171 3045 ita
1195 2995 1475 3064 loquimur.
1499 3001 1613 3058 Hoc
1632 3016 1736 3073 est,

146 3065 264 3121 Non
290 3079 348 3123 ut
369 3071 798 3134 condemnantes
823 3093 937 3147 vos,
967 3083 1066 3137 ista
1091 3084 1338 3156 dicimus,
1369 3107 1541 3163 neque
1569 3105 1625 3150 ut
1652 3113 1737 3150 ar-

151 3157 415 3216 bitrantes
447 3179 545 3219 vos
589 3167 762 3236 spinis
790 3185 910 3227 esse
942 3174 1149 3232 obsitos
1193 3188 1246 3235 et
1287 3157 1510 3251 plenos,
1544 3188 1636 3243 sed
1669 3191 1734 3243 ti-

151 3260 363 3305 mentes
393 3270 461 3309 ne
493 3256 596 3312 hoc
630 3258 717 3314 fiat
744 3278 758 3315 :
789 3273 1009 3330 praestat
1035 3270 1179 3323 enim
1210 3285 1302 3327 vos
1331 3289 1396 3329 ex
1428 3278 1604 3333 verbis
1631 3279 1728 3335 for-

157 3341 390 3409 midare,
424 3362 492 3399 uc
521 3363 577 3428 re
609 3350 720 3418 ipsa
753 3353 966 3409 tandem
1013 3356 1265 3417 deleatis.
1313 3366 1489 3436 Atque
1533 3369 1585 3425 in
1632 3371 1735 3431 hoc

155 3437 450 3503 pra'sertim
475 3425 756 3508 prudentia
790 3444 936 3500 Pauli
970 3464 1208 3518 apparet.
1228 3425 1414 3526 Neque
1433 3475 1561 3517 vero
1581 3425 1733 3533 ditiit,

149 3524 511 3592 Arbitrantur,
561 3545 765 3601 neque,
796 3534 1177 3606 Conjectnram
1224 3524 1452 3605 facimus
1478 3595 1490 3616 ,
1525 3568 1699 3625 neque
1723 3599 1737 3623 ,

149 3613 566 3687 Exspectatnus,
597 3636 793 3694 neque,
822 3627 1110 3697 Speramus
1134 3676 1148 3700 ,
1179 3636 1273 3692 sed
1306 3613 1731 3716 quid?vCon/'idi-l

149 3723 278 3761 mus.
306 3711 462 3776 Quod
485 3715 644 3768 etiam
666 3717 876 3774 dicebat
903 3724 1146 3782 scribens
1167 3728 1232 3783 ad
1257 3730 1470 3789 Galatas
1489 3755 1501 3789 :
1519 3711 1734 3807 Con/ida

146 3809 313 3853 autem
347 3802 411 3856 de
448 3803 588 3858 vobis
626 3807 681 3860 in
724 3808 943 3866 Domino
964 3855 978 3879 ,
1010 3821 1149 3885 quod
1178 3823 1310 3876 nihil
1349 3827 1498 3880 aliud
1525 3802 1736 3901 sopietis

153 3886 314 3958 (Gal.
349 3891 406 3945 5.
439 3891 570 3962 10).
601 3895 715 3951 Non
763 3899 917 3986 dixit,
947 3903 1164 3974 Sapilis,
1201 3912 1296 3967 sed
1341 3886 1596 3986 Sapietis:
1623 3921 1733 3977 Illic

146 3982 362 4048 quidem
387 4027 400 4049 ,
435 3987 556 4055 quia
586 3989 741 4045 valde
768 3975 864 4049 εξοξ
891 3998 1344 4073 reprehenderat,
1374 4023 1472 4064 nec
1501 4010 1734 4070 habebat

149 4073 289 4128 unde
315 4089 413 4129 eos
444 4091 472 4130 a
506 4079 665 4136 rebus
695 4090 1050 4153 przesentibns
1084 4091 1357 4165 laudaret,
1389 4115 1417 4154 a
1461 4101 1652 4160 futuris
1680 4108 1729 4163 id

148 4166 478 4236 aggreditur,
511 4170 714 4239 dicens,
749 4176 901 4233 Nihil
929 4183 1078 4236 aliud
1101 4188 1312 4257 sapietis
1338 4207 1356 4245 :
1386 4192 1469 4249 hic
1494 4208 1670 4253 autem
1703 4218 1732 4255 a

149 4262 511 4327 praesentibus
540 4282 553 4317 :
579 4265 898 4338 Conﬁdimus
929 4283 1120 4340 autem,
1152 4280 1347 4348 dilecti,
1375 4287 1437 4340 de
1463 4291 1600 4345 vobis
1626 4312 1728 4349 me-

148 4347 277 4402 liora
305 4360 355 4404 et
381 4353 626 4408 viciniora
651 4357 826 4424 saluti,
860 4363 955 4416 etsi
978 4367 1355 4440 sic‘loqnimur.
1386 4377 1448 4431 Et
1478 4383 1731 4450 quoniam

148 4454 175 4492 a
206 4444 561 4508 praesentibus
584 4463 686 4502 non
715 4452 877 4507 multa
907 4455 1135 4515 habebat
1159 4480 1276 4532 qua:
1298 4444 1518 4534 diceret,
1541 4489 1568 4526 a
1596 4492 1726 4544 pra:-

149 4531 320 4585 teritis
345 4532 575 4590 instituit
601 4541 1052 4614 consolationem,
1079 4561 1132 4606 et
1157 4531 1286 4610 dicit
1310 4576 1321 4611 :
1351 4559 1435 4615 10.
1460 4531 1579 4618 Non
1598 4531 1730 4622 enim

148 4622 374 4690 injustas
401 4636 476 4678 est
503 4626 640 4683 Deus
662 4673 677 4695 ,
709 4642 762 4685 ut
792 4635 1117 4695 obliviscatur
1144 4651 1312 4714 operis
1339 4655 1489 4708 vestri
1525 4668 1571 4710 et
1603 4660 1735 4715 dile-

149 4715 330 4767 ctionis
353 4756 366 4776 ,
399 4732 550 4783 quam
595 4723 883 4779 ostendistis
919 4729 970 4782 in
1014 4736 1217 4789 nomine
1246 4739 1438 4808 ipsius,
1476 4748 1563 4815 qui
1589 4751 1736 4804 mini-

147 4807 352 4859 strastis
382 4810 576 4863 sanctis
605 4823 650 4865 et
682 4816 1002 4878 ministratis.
1036 4824 1224 4896 Papae!
1250 4807 1519 4899 quomodo
1548 4854 1734 4899 eorum

147 4905 356 4950 recreat
396 4913 449 4952 et
489 4902 772 4960 confirmat
819 4911 1077 4979 animam,
1108 4933 1196 4972 res
1227 4930 1440 4979 veteres
1471 4943 1733 4988 revocans

149 4987 200 5039 in
243 4991 597 5060 memoriam,
639 5005 692 5050 et
720 4997 969 5070 redigens
1000 5007 1064 5058 ad
1096 5013 1472 5071 necessitatem
1507 5037 1610 5076 non
1643 5038 1732 5080 ex.

150 5080 427 5148 spectandi
475 5083 639 5138 Deum
679 5101 800 5143 esse
831 5092 1092 5151 oblitum?
1134 5098 1370 5160 Necesse
1396 5119 1479 5163 est
1504 5113 1644 5167 enim
1680 5126 1733 5170 ut

149 5167 236 5222 ille
265 5180 490 5239 peccet,
521 5176 610 5243 qui
654 5192 759 5232 non
789 5191 991 5238 certam
1035 5185 1191 5244 habet
1236 5199 1638 5263 persuasionem
1668 5207 1736 5262 de

148 5261 290 5330 justo
317 5263 413 5320 Dei
443 5265 648 5336 judicio
671 5279 724 5327 et
751 5272 819 5330 de
845 5291 995 5346 aequa
1024 5261 1271 5342 mercede
1296 5291 1588 5352 secundum
1613 5261 1734 5355 vitae

212 5425 287 5496 (ςι)
311 5425 435 5484 Quae
452 5428 602 5508 inter
635 5426 776 5508 duos‘
788 5431 1326 5508 unciups'elauduutm;
1357 5437 1422 5488 ab
1455 5441 1737 5508 Iuterprete

154 5483 344 5560 haliae,
361 5500 428 5558 ett
451 5494 617 5563 σηιξεο
638 5501 728 5563 sup
751 5491 1020 5563 exemplari
1041 5483 1463 5563 expressa—fuere,

153 5548 264 5619 είδρὶ
291 5549 534 5619 versiqan
547 5548 801 5619 legunturL
814 5552 869 5619 In
889 5548 1217 5619 Editis’au‘tem
1241 5548 1619 5617 Grteci's'iidstris

154 5608 407 5660 habentur.
435 5608 746 5662 Colbertiuus
768 5613 929 5664 Codex
957 5617 1036 5666 hic
1055 5608 1234 5680 deﬁcit,
1251 5608 1562 5680 diuitiis-niis:

466 5708 744 5768 PATROL.
793 5709 912 5773 Gtt.
960 5714 1187 5778 LXlll.

1867 972 2017 1027 Sicut
2041 983 2220 1029 autem
2250 976 2336 1030 hic
2367 992 2488 1030 cum
2519 977 2888 1047 increpatione
2921 981 3130 1036 laudem
3171 987 3337 1052 ponit,
3368 986 3455 1040 di-

1868 1078 1996 1118 cens
2023 1083 2036 1119 :
2060 1062 2184 1119 Cum
2212 1067 2456 1121 deberetis
2483 1085 2588 1123 esse
2617 1071 2847 1141 magistri
2876 1083 3084 1142 propter
3115 1084 3310 1145 tempus
3337 1093 3356 1131 :
3382 1078 3455 1156 ita

1867 1154 1979 1210 illic
2006 1173 2216 1227 quoque
2243 1177 2256 1214 :
2283 1159 2450 1213 Miror
2474 1163 2610 1230 quod
2635 1173 2738 1216 tam
2766 1163 2863 1218 cito
2894 1169 3264 1237 transferimini
3291 1172 3308 1240 (
3329 1154 3450 1227 Gal.

1864 1244 1920 1298 5.
1951 1245 2000 1298 7.
2028 1257 2074 1300 et
2105 1249 2157 1303 3.
2177 1250 2230 1304 4.
2250 1259 2297 1303 et
2333 1253 2350 1306 l
2399 1251 2476 1320 6).
2499 1251 2640 1308 Laus
2666 1263 2748 1308 est
2770 1271 2890 1309 cum
2913 1256 3268 1314 admiratione
3293 1277 3452 1317 :nam

1861 1333 1930 1390 de
1959 1337 2117 1392 rebus
2145 1341 2348 1410 magnis
2376 1343 2592 1412 quando
2633 1345 2932 1400 exciderint
2973 1349 3253 1407 miramur.
3288 1351 3452 1410 Vides

1860 1427 1919 1482 in
1947 1433 2290 1490 accusatione
2312 1445 2366 1490 et
2394 1438 2814 1506 reprehensione
2840 1443 3164 1500 absconsam
3187 1462 3308 1504 esse
3334 1449 3451 1506 lau-

1859 1519 2019 1577 dem?
2047 1523 2157 1580 Nec
2182 1525 2249 1581 de
2278 1542 2336 1582 se
2364 1529 2538 1583 solum
2567 1529 2670 1585 hoc
2699 1531 2852 1599 dicit,
2877 1534 2969 1589 sed
2994 1537 3156 1591 etiam
3177 1538 3246 1594 de
3273 1542 3452 1598 omni-

1858 1613 1960 1669 bus
1981 1634 1994 1668 :
2014 1632 2119 1670 non
2145 1619 2289 1674 enim
2308 1619 2462 1685 dixit,
2481 1620 2729 1689 Conﬁdo,
2751 1624 2870 1690 sed,
2889 1623 3205 1696 Con/idimus
3227 1631 3290 1685 de
3311 1632 3449 1689 vobis

1847 1707 2078 1764 meliora
2100 1725 2119 1764 :
2145 1709 2196 1764 id
2223 1720 2326 1778 est,
2373 1713 2534 1768 bona.
2569 1715 2674 1770 Aut
2705 1715 2818 1772 lucc
2843 1729 3023 1774 autem
3058 1720 3188 1777 dicit
3217 1723 3281 1778 de
3307 1726 3448 1782 bona

1860 1798 1984 1853 vita:
2027 1801 2245 1870 agenda:
2276 1803 2482 1858 ratione
2503 1846 2517 1870 ,
2549 1815 2642 1860 aut
2667 1806 2734 1863 de
2760 1813 3209 1869 remuneratione.
3243 1815 3447 1874 Deinde

1855 1903 1978 1945 cum
2018 1891 2241 1949 dixisset
2271 1897 2517 1963 superius
2547 1899 2688 1967 quod
2723 1901 2792 1954 sit
2817 1902 3048 1971 reproba
3075 1914 3130 1959 et
3160 1908 3446 1968 maledicto

1861 1982 2134 2051 proxima,
2160 1995 2213 2039 et
2239 1986 2382 2055 quod
2410 1989 2508 2042 erit
2537 1989 2594 2043 in
2621 1991 3052 2048 combustiouem
3075 2012 3087 2048 :
3111 2012 3176 2052 ne
3202 1999 3446 2056 videatur

1855 2073 1923 2128 de
1953 2073 2020 2128 iis
2050 2075 2236 2132 istbaec
2265 2077 2438 2142 silari,
2471 2081 2748 2150 subjunxit
2777 2084 2958 2138 statim
2995 2105 3008 2140 :
3042 2086 3165 2142 Non
3195 2092 3328 2146 enim
3355 2095 3444 2148 in-

1850 2164 2029 2234 justus
2054 2176 2126 2222 est
2155 2166 2314 2232 Deus,
2351 2179 2404 2222 ut
2426 2169 2749 2227 obliviscatur
2771 2176 2940 2243 operis
2969 2179 3120 2232 vestri
3145 2189 3192 2234 et
3217 2183 3444 2240 dilectio-

1868 2256 1980 2321 nis;
2010 2258 2320 2325 ostendens,
2348 2261 2487 2330 quod
2516 2262 2618 2318 etsi
2642 2263 2715 2317 ita
2748 2265 3049 2336 loquimur,
3081 2284 3190 2324 non
3218 2275 3443 2330 omnino

1861 2348 1976 2403 huic
1995 2347 2063 2404 de
2088 2350 2240 2404 vobis
2265 2352 2515 2408 dicimus.
2548 2354 2616 2408 Et
2640 2356 2685 2409 si
2717 2355 2783 2410 de
2809 2357 2966 2412 nobis
2992 2374 3100 2414 non
3123 2360 3280 2431 dicis,
3309 2366 3440 2436 quid

1854 2437 2070 2492 demum
2100 2449 2368 2509 tamquam
2392 2441 2606 2498 desides
2635 2445 2969 2516 perstringis,
2992 2457 3046 2504 et
3071 2459 3240 2506 terres
3261 2457 3441 2524 Spina-

1851 2544 1967 2582 rum
1996 2529 2254 2586 refricans
2281 2534 2632 2588 memoriam?
2661 2536 2750 2589 ll.
2769 2537 3018 2608 Cupimus
3051 2550 3222 2597 autem
3253 2561 3437 2601 unum-

1848 2633 2094 2692 quemque
2133 2631 2354 2676 vestrum
2383 2625 2615 2679 eamdem
2645 2627 2907 2682 ostendere
2933 2630 3335 2690 sollicitudinem
3364 2639 3435 2691 ad

1847 2715 2183 2785 expletionem
2207 2717 2315 2786 spei
2341 2733 2500 2787 usque
2528 2719 2584 2774 in
2609 2720 2794 2787 ﬁnem;
2823 2720 2913 2776 12.
2943 2733 2998 2776 ut
3025 2740 3127 2779 non
3152 2743 3331 2804 segnes
3353 2733 3430 2800 ef-

1849 2807 2098 2876 ﬁciamini
2117 2851 2130 2874 ,
2163 2824 2336 2862 verum
2362 2810 2644 2866 imitatores
2672 2829 2846 2868 eorum
2870 2815 2959 2884 qui
2986 2817 3090 2885 ﬁde
3115 2829 3165 2873 et
3189 2822 3436 2890 patientia

1848 2900 2194 2954 hereditatium
2222 2903 2598 2968 promissiones.

1909 2973 1961 3026 5.
1994 2973 2155 3029 Pauli
2193 2979 2464 3047 prudentia
2510 2984 2776 3040 mirabilis.
2803 3016 2873 3031 --
2903 2989 3146 3061 Cupimus
3167 3037 3181 3060 ,
3212 2997 3418 3070 inquit:

1844 3078 1947 3118 non
1965 3066 2138 3120 solum
2169 3081 2298 3137 ergo
2330 3070 2395 3124 ad
2413 3072 2573 3128 verba
2594 3089 2762 3146 usque
2782 3077 2882 3133 hoc
2897 3081 3164 3138 volumus.
3182 3066 3426 3160 Sed-quid

1840 3156 2031 3226 cupis?
2058 3159 2316 3228 Cepimus
2340 3178 2434 3217 vos
2456 3164 2732 3222 adhaerere
2759 3171 2941 3224 virtuti
2967 3214 2983 3238 ,
3016 3190 3120 3228 non
3155 3187 3425 3249 tamquam

1841 3249 2016 3318 priora
2038 3251 2480 3324 condemnantes,
2504 3259 2597 3312 sed
2619 3261 2686 3314 de
2709 3259 2899 3316 futuris
2922 3265 3194 3324 timentes.
3223 3271 3294 3326 Et
3319 3289 3423 3328 non

1839 3339 1994 3410 dixit,
2017 3342 2310 3415 Tamquam
2331 3349 2503 3416 priora
2526 3352 2965 3424 condemnantes,
2989 3359 3083 3415 sed
3107 3369 3388 3431 praesentia
3408 3385 3424 3424 :

1837 3435 1968 3490 estis
1992 3437 2137 3491 enim
2181 3439 2462 3508 dissoluti,
2515 3443 2643 3500 facti
2674 3449 2805 3503 estis
2844 3453 3140 3521 segniores.
3171 3456 3278 3514 Sed
3306 3464 3425 3519 vide

1837 3539 1996 3594 quam
2027 3528 2234 3596 placide
2283 3531 2334 3585 id
2365 3535 2637 3603 ostendit,
2669 3547 2723 3592 et
2747 3557 2855 3596 non
2897 3541 3062 3599 feriit.
3110 3546 3248 3614 Quid
3281 3552 3422 3607 enim

1836 3617 2004 3672 dicit?
2032 3618 2278 3690 Cupimus
2296 3635 2464 3680 autem
2503 3644 2906 3703 unumquemque
2946 3646 3167 3694 vestrum
3195 3644 3421 3698 eamdem

1835 3712 2499 3774 ostenderesollicitudinem
2515 3737 2672 3792 usque
2687 3724 2739 3778 in
2761 3727 2934 3793 ﬁnem.
2959 3728 3075 3786 Hoc
3097 3733 3239 3788 enim
3270 3735 3424 3794 Pauli

1837 3802 2132 3869 prudentia:
2181 3816 2264 3880 est
2306 3809 2623 3869 admirabile
2647 3855 2661 3879 ,
2719 3817 2862 3885 quod
2907 3835 3016 3875 non
3053 3826 3288 3881 ostendit
3327 3843 3422 3884 eos

1835 3894 2084 3963 cessisse,
2105 3907 2161 3952 et
2189 3897 2360 3954 factos
2378 3915 2498 3958 esse
2524 3906 2882 3964 remissiores.
2909 3910 3101 3969 Dicere
3127 3917 3290 3984 enim,
3313 3917 3421 3975 Cu-

1835 3987 2001 4054 pimus
2029 4005 2434 4063 unumquemque
2460 4007 2698 4065 uestrum,
2731 3999 2833 4056 hoc
2881 4013 2988 4072 est,
3038 4007 3259 4074 perinde
3287 4025 3351 4065 ac
3373 4013 3420 4068 si

1832 4076 1981 4134 dicas
2013 4097 2027 4139 :
2057 4081 2194 4138 Volo
2222 4093 2275 4139 te
2303 4101 2517 4157 semper
2536 4089 2776 4156 studere,
2805 4101 2861 4148 et
2889 4095 3060 4165 qualis
3083 4099 3230 4168 prius
3259 4116 3416 4168 eras,

1836 4169 1994 4227 talem
2034 4188 2157 4230 esse
2190 4185 2243 4230 et
2273 4191 2414 4234 nunc
2435 4189 2489 4235 et
2516 4180 2569 4234 in
2598 4192 2893 4252 posterum.
2925 4185 3037 4242 Hoc
3073 4191 3214 4245 enim
3238 4193 3420 4248 mitio-

1833 4279 1946 4320 rem
1966 4263 2094 4320 facit
2119 4269 2615 4338 reprehensionem,
2638 4286 2693 4329 et
2715 4278 2820 4330 non
2842 4283 2986 4348 aegre
3011 4281 3418 4344 admittendam.

1832 4353 1942 4411 Nec
1967 4355 2120 4421 dicit,
2153 4358 2310 4425 Volo,
2340 4363 2483 4431 quod
2511 4373 2627 4419 erat
2649 4365 2876 4425 docendi
2903 4372 3269 4439 auctoritatis;
3301 4376 3416 4442 Sed,

1833 4447 1975 4516 quod
2006 4457 2243 4518 paterna:
2289 4463 2407 4507 erat
2434 4454 2824 4512 benevolentia:
2853 4461 3024 4530 magis
3052 4477 3210 4532 quam
3243 4468 3378 4523 velle
3399 4511 3416 4535 ,

1833 4538 2112 4611 Cepimus;
2136 4545 2522 4613 propemodum
2549 4548 2765 4604 dicens:
2799 4550 3062 4621 Ignoscite
3086 4556 3130 4609 si
3157 4558 3282 4626 quid
3307 4574 3417 4614 mo-

1833 4629 2025 4686 lestum
2063 4641 2119 4687 et
2163 4649 2324 4703 grave
2353 4634 2678 4694 dixerimus.
2721 4640 2966 4709 Cupimtts
3019 4660 3421 4719 unumquemque

1833 4735 2051 4778 vestrum
2090 4727 2320 4780 eamdem
2369 4731 2635 4786 ostendere
2661 4731 3056 4788 sollicitudinem
3077 4738 3145 4789 ad
3172 4741 3418 4808 explatio-

1833 4831 1947 4869 nem
1970 4817 2078 4887 spei
2098 4819 2276 4872 uestra
2300 4835 2456 4888 usque
2478 4822 2532 4874 in
2559 4823 2733 4890 ﬁnem.
2760 4823 2899 4889 Quid
2929 4835 3013 4880 est
3054 4827 3199 4883 hoc?
3241 4831 3376 4901 Spes
3398 4873 3415 4899 ,

1833 4907 2024 4978 inquit,
2051 4917 2250 4978 portat,
2291 4910 2406 4980 ipsa
2447 4923 2656 4968 recreat
2689 4915 2804 4971 :Ne
2849 4916 3180 4989 afﬂigamini,
3227 4938 3295 4978 ne
3319 4924 3431 4987 de-.

1832 5002 2080 5070 speretis,
2113 5018 2184 5057 ne
2211 5004 2281 5058 sit
2306 5012 2485 5060 vestra
2525 5021 2648 5077 spes
2689 5021 3084 5080 supervacanea
3115 5029 3130 5068 :
3162 5031 3284 5070 nam
3328 5018 3417 5088 qui

1834 5093 1971 5146 bona
2001 5103 2274 5162 operatur,
2321 5095 2458 5150 bona
2490 5109 2692 5166 sperat,
2741 5109 2796 5155 et
2826 5118 3114 5173 numquam
3139 5105 3208 5161 de
3237 5123 3296 5162 se
3325 5107 3419 5164 de-

1834 5187 2032 5253 sperat.
2073 5183 2142 5239 Ut
2189 5201 2291 5239 non
2317 5189 2492 5258 segnes
2531 5189 2833 5260 elﬁciemini,
2857 5193 3034 5249 adhuc
3063 5195 3371 5254 efﬁciamini
3401 5218 3415 5254 :

1835 5279 1996 5349 Atqui
2050 5279 2277 5364 dicebat
2324 5283 2615 5352 superius,
2690 5286 2943 5354 Quoniam
3003 5290 3246 5346 imbecilli
3299 5296 3421 5364 facti

1842 5367 1961 5416 estis
1988 5363 2060 5416 ad
2081 5364 2407 5420 audiendum.
2435 5367 2542 5422 Sed
2579 5368 2698 5422 vide
2727 5371 2995 5439 quomodo
3035 5363 3316 5444 segnitiem
3344 5375 3415 5431 ibi

1841 5454 1906 5507 ad
1935 5455 2177 5510 auditum
2220 5465 2390 5527 usque
2425 5461 2705 5526 statuerit;
2740 5460 2829 5518 hic
2865 5473 3044 5518 autem
3092 5465 3235 5520 aliud
3263 5467 3421 5522 tacite

1843 5546 2100 5614 signiﬁcat
2123 5556 2275 5602 :cum'
2305 5549 2718 5606 dioturus'en‘im
2744 5563 2906 5620 esset,
2937 5554 3014 5609 Ne
3040 5559 3416 5624 permaneatis.

1841 5639 1996 5706 dixit,
2041 5639 2123 5695 Ne
2170 5657 2346 5712 segnes
2391 5643 2698 5712 eﬁiciamini.
2731 5645 2936 5703 Rursus
2961 5663 3053 5703 eos
3090 5651 3155 5702 ad
3183 5649 3415 5704 futurum

3067 5738 3106 5797 6
