4002 6426
615 267 679 320 8τ

624 386 835 444 tempus
864 368 1066 442 profert
1086 364 1225 436 quod
1253 363 1422 432 culpm
1451 374 1559 414 non
1583 366 1667 412 est
1690 355 1870 417 amne,
1896 352 2101 414 dicens,
2134 343 2200 400 Ut

625 441 1024 535 non'segniores
1075 455 1378 528 eﬁiciamini.
1424 452 1574 506 Illius
1617 448 1761 504 enim
1789 444 1931 516 quod
1965 441 2201 496 nondum

621 572 729 623 est,
760 570 1044 625 numquam
1068 552 1323 607 fuerimus
1347 548 1519 616 culpa:
1538 543 1778 599 obnoxii.
1800 541 1931 596 Nam
1956 540 2021 602 is,
2046 549 2203 604 quem

628 653 747 720 quis
776 649 1015 703 hortatur
1042 652 1100 697 ut
1128 642 1183 695 iu
1222 652 1465 710 prmsens
1491 636 1562 690 sit
1586 634 1813 703 diligens
1838 640 1893 685 et
1921 628 2204 691 sollicitus,

630 758 749 797 cum
781 740 850 793 sit
877 738 1173 807 negligens,
1194 732 1425 788 fortasse
1470 729 1573 784 erit
1600 727 1761 781 etiam
1800 723 1998 797 pigrior
2022 729 2076 775 et
2110 736 2208 776 ne-

631 830 949 902 gligentior;
982 840 1141 896 quem
1165 833 1343 878 autem
1368 823 1418 875 in
1449 821 1704 883 futurum,
1727 832 1830 870 non
1860 814 1947 869 ita.
1968 811 2211 881 Cupimus

631 932 818 986 autem,
861 920 1051 989 inquit,
1095 928 1498 985 unumquemque
1520 919 1759 965 vestrum.
1790 906 1950 961 Multa
1978 906 2213 960 benevo-

634 1017 796 1074 lentia
825 1023 908 1070 est
931 1031 944 1065 :
971 1021 1024 1066 et
1047 1023 1359 1080 magnorum
1384 1015 1435 1061 et
1458 1016 1740 1073 parvorum
1762 999 2011 1054 similiter
2032 1010 2215 1051 curam

635 1108 791 1179 gerit,
824 1114 879 1161 et
909 1104 1060 1158 novit
1101 1113 1311 1165 omnes,
1344 1106 1399 1152 et
1448 1094 1716 1149 neminem
1747 1089 2004 1159 despicit;
2036 1086 2130 1141 sed
2160 1087 2215 1141 in

632 1177 1072 1269 unumquemque
1115 1191 1356 1248 eamdem
1412 1189 1550 1257 gerit
1602 1199 1807 1247 curam,
1840 1192 1893 1237 et
1931 1193 2111 1248 parem
2161 1177 2215 1232 in

638 1306 829 1348 omnes
860 1290 1141 1343 honorem.
1179 1280 1329 1339 Unde
1370 1281 1530 1336 etiam
1562 1277 1731 1346 magis
1758 1272 2132 1344 persnadebat,
2159 1278 2219 1323 ut

640 1383 928 1439 verborum
951 1376 1284 1444 susciperent
1328 1369 1625 1425 molestiam
1655 1375 1710 1421 et
1759 1365 2119 1432 asperitatem.
2153 1357 2220 1414 Ut

643 1489 746 1527 non
772 1485 966 1541 segnes,
1002 1465 1189 1535 inquit,
1224 1461 1528 1533 efﬁciamini.
1563 1458 1693 1511 Nam
1726 1465 1784 1511 ut
1826 1452 2029 1508 desidia
2077 1451 2223 1505 laedit

644 1540 841 1631 corpus
866 1575 880 1611 :
914 1558 985 1611 ita
1010 1555 1174 1609 etiam
1202 1552 1436 1604 animam
1457 1547 1684 1602 cessatio
1730 1559 1759 1597 a
1801 1543 1956 1597 bonis
1985 1540 2224 1610 supinio-

646 1630 761 1708 rem
803 1648 996 1713 reddit,
1043 1654 1098 1700 et
1126 1644 1449 1714 ignaviorem
1480 1648 1535 1693 et
1561 1636 1902 1691 imbecillam.
1938 1630 2224 1685 lmitatares

646 1752 833 1809 autem,
855 1739 1043 1809 inquit,
1062 1751 1233 1790 eorum
1253 1733 1339 1804 qui
1365 1748 1452 1801 per
1468 1730 1619 1799 ﬁdem
1643 1737 1691 1783 et
1714 1726 2005 1796 patientiam
2030 1723 2227 1776 heredi-

650 1844 758 1891 tant
788 1831 1164 1904 promissiones.
1196 1827 1262 1881 Et
1287 1825 1501 1894 quinam
1534 1822 1587 1875 hi
1638 1820 1764 1883 sint,
1793 1818 2047 1885 deinceps
2076 1814 2222 1870 dicit.

651 1927 805 1982 Prius
818 1924 969 1987 dixit,
989 1918 1271 1975 imitamini
1288 1933 1348 1971 ea
1366 1930 1485 1986 quas
1513 1914 1657 1984 prius
1678 1928 1707 1965 a
1730 1910 1881 1965 vobis
1913 1916 2059 1964 recte
2081 1916 2228 1977 gesta

651 2026 777 2074 sunt
807 2034 820 2069 :
849 2013 1043 2070 deinde
1071 2026 1137 2066 ne
1164 2010 1365 2074 dicant,
1389 2006 1663 2078 quaenam?
1681 2018 1776 2059 cos
1800 2001 2018 2058 deducit
2036 2000 2101 2053 ad
2132 2013 2227 2069 pa-

658 2106 973 2171 triarcham,
996 2117 1181 2159 eorum
1209 2099 1423 2170 quidem
1450 2112 1567 2168 qua:
1593 2103 1737 2150 recte
1757 2102 1905 2164 gesta
1936 2098 2080 2157 sunt,
2102 2089 2233 2161 ipsis

653 2200 867 2274 propria
893 2195 1132 2266 exempla
1158 2193 1416 2256 aﬂ'erens;
1449 2205 1515 2244 ne
1558 2197 1733 2242 autem
1765 2191 2009 2255 putarent
2034 2196 2093 2237 se
2112 2195 2234 2237 esse

657 2272 923 2355 desertos,
954 2302 984 2342 a
1009 2285 1311 2357 patriarcha
1334 2281 1617 2337 confortat.
1652 2277 1761 2331 lloc
1783 2284 1960 2330 autem
1992 2272 2137 2339 facit,
2165 2287 2236 2326 ne

658 2384 903 2440 dicerent
930 2395 988 2437 se
1016 2385 1353 2446 contemptos
1371 2372 1522 2444 quasi
1554 2370 1749 2424 nullius
1775 2367 1929 2437 pretii
1953 2364 2236 2420 derelictos

661 2456 862 2539 fuisse;
890 2471 983 2527 sed
1002 2477 1221 2542 possent
1241 2467 1379 2521 scire
1405 2462 1543 2533 quod
1573 2462 1808 2515 virorum
1841 2456 1993 2511 valde
2014 2468 2239 2524 genero—

663 2580 843 2622 sorum
871 2571 927 2619 et
972 2563 1187 2618 fortium
1233 2558 1302 2613 sit
1334 2557 1453 2620 hoc,
1484 2567 1675 2622 nempe
1702 2552 1839 2605 viam
1894 2546 2097 2617 ingredi
2142 2560 2239 2617 per

664 2656 1004 2718 tentationes,
1035 2660 1090 2707 et
1112 2649 1255 2720 quod
1290 2647 1418 2702 viris
1447 2645 1654 2715 magnis
1694 2651 1749 2701 et
1796 2637 2124 2696 admirandis
2162 2636 2241 2693 sic

666 2761 796 2804 usus
839 2745 909 2801 sit
935 2746 1096 2799 Deus.
1143 2740 1363 2810 Oportet
1393 2748 1594 2800 autem,
1637 2733 1825 2803 inquit,
1878 2730 2055 2783 omnia
2099 2726 2242 2783 ferre

666 2856 788 2896 cum
814 2838 1065 2909 patientia
1086 2853 1099 2888 :
1120 2834 1221 2888 hoc
1250 2832 1389 2886 enim
1418 2838 1501 2885 est
1526 2828 1686 2881 etiam
1715 2824 1957 2880 credere.
1980 2822 2037 2877 Si
2067 2829 2242 2875 autem

667 2930 811 2988 dicat
825 2928 963 2999 quod
980 2927 1089 2992 det,
1106 2933 1159 2980 et
1176 2924 1350 2979 statim
1368 2920 1659 2990 acceperis,
1680 2917 1805 2989 quid
1822 2912 2125 2972 credidisti?
2140 2926 2245 2967 non

670 3030 773 3085 est,
805 3017 993 3089 inquit,
1017 3014 1243 3085 amplius
1271 3022 1373 3066 tua:
1418 3010 1561 3071 ﬁdei,
1590 3007 1683 3062 sed
1725 3022 1879 3071 meae,
1932 3005 2131 3074 inquit,
2155 3002 2246 3073 qui

677 3106 939 3175 promissa
971 3104 1117 3173 prius
1147 3103 1357 3174 explevi
1412 3112 1465 3157 et
1490 3100 1632 3156 dedi.
1686 3098 1782 3155 Sin
1820 3105 1998 3152 autem
2034 3096 2208 3153 dicam
2235 3140 2253 3167 ,

679 3196 775 3261 Do,
802 3205 856 3250 et
883 3204 1001 3264 post
1027 3204 1239 3249 centum
1269 3209 1437 3248 annos
1459 3192 1617 3254 dabo,
1646 3201 1696 3245 tu
1728 3198 1905 3247 autem
1936 3204 2039 3243 non
2058 3188 2254 3259 despe-

677 3284 905 3352 raveris,
932 3294 1058 3338 tunc
1087 3300 1173 3339 me
1197 3283 1513 3338 existimasti
1537 3282 1640 3336 fide
1665 3282 1904 3352 dignum,
1937 3287 2063 3334 tunc
2093 3279 2257 3333 habes

679 3378 747 3432 de
784 3390 871 3431 me
924 3390 1043 3430 eam
1081 3391 1237 3444 quam
1294 3390 1390 3445 par
1424 3384 1507 3429 est
1550 3374 1878 3443 opinionem.
1923 3371 2084 3426 Vides
2114 3372 2257 3441 quod

680 3482 825 3537 saepe
862 3467 1099 3521 nascitur
1128 3465 1493 3529 incredulitas,
1525 3480 1628 3517 non
1660 3464 1832 3517 solum
1865 3477 1927 3516 ex
1980 3461 2095 3529 spei
2135 3476 2260 3531 ege-

682 3565 842 3621 state,
874 3554 968 3610 sed
996 3557 1154 3610 etiam
1182 3570 1246 3609 ex
1289 3553 1745 3623 pusillanimitate,
1786 3562 1836 3605 et
1869 3552 2009 3620 quod
2041 3565 2147 3604 non
2186 3550 2263 3605 sis

687 3650 908 3721 patienti
947 3646 1147 3713 animo,
1196 3658 1251 3701 et
1289 3662 1393 3700 non
1419 3661 1485 3700 ex
1513 3659 1578 3700 eo
1608 3644 1698 3715 qui
1745 3642 2005 3713 promisit.
2044 3641 2163 3696 Non
2191 3651 2261 3695 est

684 3740 839 3804 enim,
872 3739 1064 3810 inquit,
1096 3738 1315 3808 injustas
1342 3735 1498 3800 Deus,
1535 3743 1592 3788 ut
1630 3733 1953 3788 obliviscatur
1981 3731 2264 3786 dilectionis

685 3841 863 3888 vestra:
875 3841 921 3885 et
932 3828 1306 3892 sollicitudinis,
1325 3843 1477 3899 quam
1495 3824 1782 3879 ostendistis
1801 3825 1852 3876 in
1867 3825 2065 3877 nomine
2081 3822 2262 3893 ipsius,

686 3924 775 3993 qui
801 3920 1122 3975 ministrastis
1142 3919 1330 3973 sanctis
1349 3926 1395 3971 et
1415 3916 1731 3970 ministratis.
1753 3914 1936 3983 Magna
1958 3913 2025 3968 de
2056 3914 2159 3967 illis
2187 3922 2265 3967 te-

688 4012 971 4074 stiiieatur,
1006 4024 1113 4063 non
1142 4022 1304 4078 opera
1337 4016 1562 4071 tantum,
1586 4005 1678 4061 sed
1715 4015 1768 4060 et
1795 4004 1959 4059 alacri
1988 4004 2165 4057 animo
2188 4004 2265 4056 fa-

690 4113 773 4158 cta
805 4120 818 4155 ε
854 4103 904 4155 id
931 4102 1073 4172 quod
1103 4101 1229 4157 alibi
1258 4100 1333 4153 ait
1359 4116 1372 4153 :
1408 4098 1529 4153 Non
1556 4097 1722 4152 solum
1753 4107 1944 4164 autem,
1996 4098 2085 4150 sed
2113 4106 2159 4149 et
2184 4112 2264 4149 se-

693 4196 829 4265 ipsos
874 4193 1121 4248 dederunt
1164 4190 1386 4246 Domino
1430 4200 1476 4245 et
1523 4192 1685 4245 nobis.
1734 4191 1899 4256 Quam
1942 4190 2263 4247 ostendistis.

695 4285 884 4355 inquit,
918 4285 971 4338 in
999 4283 1202 4338 nomine
1224 4284 1356 4355 ejus,
1378 4281 1463 4351 qui
1488 4282 1809 4335 ministrastis
1835 4280 2024 4334 sanctis
2048 4291 2094 4333 et
2120 4279 2270 4331 mini-

693 4379 883 4431 stratis.
912 4376 1045 4431 Vide
1066 4374 1335 4446 quomodo
1359 4375 1478 4430 illos
1505 4388 1689 4429 rursus
1715 4382 1885 4436 curat,
1917 4382 1973 4427 ut
2001 4373 2089 4442 qui
2117 4373 2268 4426 dixe-

696 4470 763 4523 rit
787 4480 837 4523 et
873 4468 959 4521 hic
1000 4467 1295 4537 repetierit.
1329 4465 1430 4533 Qui
1472 4464 1801 4530 ministratis,
1834 4473 1893 4517 ut
1918 4478 2014 4517 eos
2050 4463 2267 4529 excitat,

694 4559 986 4614 ostendens
1033 4557 1174 4628 quod
1219 4571 1325 4612 non
1374 4554 1484 4611 illis
1515 4554 1759 4621 fecerint,
1808 4553 1903 4609 sed
1932 4554 2060 4609 Deo.
2098 4552 2266 4619 Quam

694 4650 1003 4715 ostendistis,
1060 4648 1249 4719 inquit,
1310 4661 1415 4701 non
1461 4646 1637 4700 solum
1692 4645 1746 4698 in
1787 4654 2021 4707 sanctos,
2064 4644 2158 4698 sed
2212 4643 2265 4698 in

696 4742 861 4796 Deum
891 4760 904 4794 ;
936 4740 1037 4795 hoc
1064 4740 1205 4794 enim
1254 4747 1358 4803 est,
1413 4734 1481 4788 In
1522 4735 1724 4788 nomine
1764 4733 1960 4801 ipsius;
2009 4746 2075 4787 ac
2105 4733 2148 4786 si
2193 4732 2273 4787 di-

696 4844 863 4898 ceret,
893 4834 1114 4901 Propter
1144 4845 1336 4885 nomen
1384 4827 1503 4897 ejus
1545 4824 1724 4879 omnia
1770 4823 1992 4879 lecistis.
2017 4823 2119 4891 Qui
2144 4837 2273 4894 ergo

629 4974 645 4987 ,
702 4934 901 4978 tantam
951 4938 981 4976 a
1035 4921 1185 4976 vobis
1228 4920 1423 4989 accipit
1466 4914 1881 4973 sollicitudinem
1924 4924 1980 4971 et
2023 4914 2271 4970 dilectio-

703 5031 864 5078 nem,
912 5029 1006 5068 vos
1061 5027 1350 5083 numquam
1398 5010 1676 5082 despiciet,
1706 5023 1880 5079 neque
1924 5007 2095 5065 vestri
2137 5007 2277 5065 obli-

702 5108 950 5162 viscetur.

771 5200 830 5252 4.
862 5197 986 5251 llmc
1010 5194 1308 5260 audientes,
1334 5208 1485 5263 rogo,
1513 5194 1880 5250 ministremus
1900 5191 2119 5251 sanctis.
2146 5191 2274 5247 Om-

703 5292 788 5345 nis
825 5291 968 5343 cnim
1001 5286 1174 5342 ﬁdelis
1215 5295 1300 5341 est
1342 5293 1559 5340 sanctus
1584 5325 1600 5350 ,
1629 5293 1894 5357 quatenus
1936 5292 2020 5340 est
2058 5283 2231 5339 ﬁdelis
2261 5300 2279 5341 :

702 5383 912 5437 etiamsi
940 5380 1060 5451 quis
1087 5380 1158 5435 sit
1183 5377 1483 5433 mundanus
1508 5387 1563 5434 et
1608 5377 1904 5444 saecularis,
1927 5384 2011 5432 est
2030 5382 2279 5433 sanctus:

706 5472 1071 5542 Sanctiﬁcatus
1100 5469 1242 5524 enim
1267 5510 1283 5535 ,
1309 5467 1514 5539 inquit,
1547 5479 1622 5523 est
1657 5468 1734 5522 vir
1760 5466 1984 5536 inﬁdelis
2010 5466 2064 5521 in
2102 5481 2280 5534 uxore,

706 5577 751 5620 et
778 5582 906 5619 uxor
928 5563 1147 5632 inﬁdelis
1172 5564 1226 5617 in
1246 5563 1355 5616 viro
1386 5560 1460 5632 (1.
1490 5558 1606 5617 Cor.
1639 5561 1694 5616 7.
1726 5559 1838 5634 14).
1860 5558 1994 5617 Vide
2014 5558 2285 5630 quomodo

709 5657 840 5713 tides
866 5655 989 5711 facit
1011 5652 1513 5712 sanetiﬂcationem.
1541 5651 1599 5709 Si
1623 5666 1755 5721 ergo
1784 5649 2115 5711 mundanum
2136 5647 2286 5708 vide-

1329 250 1389 307 s.
1428 240 1707 306 JOANNIS
1741 212 2221 296 cnnvsosrom
2258 224 2575 284 ARCHIEP.
2615 211 3153 278 CONSTANTINOP.
3398 222 3415 251 —.
3757 209 3808 264 gs

2311 331 2477 381 rimus
2517 328 2568 379 in
2612 325 2792 393 aliquo
2836 318 3151 381 infortunio,
3190 330 3400 372 manum
3428 315 3476 371 ei
3517 319 3808 390 porrigamus.
3885 378 3892 391 ,

2311 419 2388 474 Ne
2431 406 2491 472 in
2531 432 2624 485 eos
2668 415 2842 467 solum
2886 411 2977 482 qui
3021 410 3213 465 sedent
3255 408 3306 463 in
3346 409 3598 463 montibus
3623 423 3810 473 nostrum

2312 511 2543 566 studium
2571 506 2918 561 oStcndamus
2957 504 3070 557 :illi
3101 500 3317 571 quidem
3343 508 3465 554 sunt
3499 504 3650 557 sancti
3674 514 3719 560 et
3737 509 3814 565 vita

2315 613 2368 660 et
2396 603 2532 666 lide;
2582 598 2749 655 sancti
2787 606 2965 651 autem
3006 594 3058 647 hi
3102 606 3315 663 quoque
3358 590 3479 657 fide,
3513 593 3650 647 multi
3684 606 3817 654 autem

2316 698 2473 755 etiam
2502 694 2632 749 vita.
2665 692 2742 747 Ne
2765 733 2781 757 ,
2812 689 2857 743 si
2888 689 3207 743 monachum
3243 682 3525 738 viderimus
3551 683 3597 738 in
3624 700 3817 755 carcere,

2313 801 2438 839 tunc
2465 780 2858 856 ingrediamur;
2888 776 2971 831 sin
2998 785 3174 828 autem
3207 773 3547 836 mundanum,
3573 776 3817 847 [1011111811-

2312 880 2521 934 diamur
2548 891 2563 930 :
2593 882 2674 928 est
2702 871 2787 926 hic
2808 882 3020 940 quoque
3042 876 3261 921 sanctus
3286 875 3337 920 et
3364 863 3540 920 frater.
3566 865 3687 934 Quid
3707 883 3816 935 vero,

2315 968 2505 1037 inquit,
2552 965 2597 1019 si
2636 964 2706 1018 sit
2750 959 3057 1016 immundus
3097 967 3153 1013 et
3194 956 3519 1011 sceleratus?
3547 956 3669 1011 Audi
3703 958 3820 1013 Chri-

2313 1074 2454 1115 smm
2502 1058 2808 1113 dicentem:
2862 1051 3039 1105 Nolite
3075 1049 3333 1120 judicare,
3367 1057 3419 1101 ut
3456 1064 3554 1101 non
3583 1048 3821 1117 judiccutisi

2316 1150 2528 1220 (Matth.
2567 1149 2620 1203 7.
2662 1147 2740 1215 1).
2774 1144 2853 1198 Tu
2895 1141 2977 1196 fac
3014 1149 3232 1210 propter
3261 1138 3450 1192 Deum.
3484 1138 3546 1192 Et
3572 1137 3681 1208 quid
3706 1140 3822 1194 dico?

2317 1241 2521 1297 etiamsi
2550 1254 2614 1295 ex
2645 1235 2894 1307 gentibus
2919 1230 3224 1303 quempiam
3255 1228 3543 1283 viderimus
3567 1229 3615 1283 in
3652 1228 3824 1284 infortu-

2319 1333 2431 1398 nio,
2461 1337 2673 1400 oportet
2700 1328 2748 1381 ei
2778 1325 3129 1386 benefacere;
3162 1329 3236 1384 et,
3261 1328 3319 1374 ut
3339 1319 3504 1374 semel
3527 1318 3702 1387 dicam,
3718 1324 3824 1377 omni

2323 1421 2525 1476 homini
2550 1419 2634 1474 cui
2663 1415 2879 1471 adversi
2908 1412 3108 1483 aliquid
3132 1410 3327 1466 accidit
3352 1428 3365 1463 :
3391 1410 3555 1464 multo
3581 1420 3825 1466 autemm

2319 1516 2400 1583 gis
2429 1512 2697 1567 mundano
2728 1507 2893 1564 lidcli.
2936 1505 3072 1560 Audi
3102 1503 3324 1560 Paulum
3356 1502 3614 1557 dicentem
3634 1545 3648 1570 ,
3682 1502 3827 1559 Bonna

2321 1604 2471 1667 facite
2509 1603 2576 1655 ad
2605 1616 2811 1666 omnes,
2851 1598 3072 1651 maxime
3109 1604 3279 1649 autem
3322 1593 3391 1647 ad
3438 1595 3710 1648 domesticos
3746 1596 3828 1663 ﬁdei

2322 1696 2466 1762 (Gal.
2500 1698 2550 1749 Ο.
2589 1692 2700 1766 10).
2734 1691 2842 1747 Sed
2880 1691 3064 1745 nescio
3093 1688 3234 1744 unde
3262 1687 3366 1742 hoc
3395 1689 3464 1742 sit
3499 1686 3826 1755 introductum,

2322 1800 2377 1846 et
2415 1786 2680 1843 undenam
2718 1784 2832 1839 lucc
2863 1782 3117 1838 invaserit
3140 1778 3497 1836 consuetudo.
3529 1777 3650 1833 Nam
3674 1780 3746 1849 qui
3768 1795 3830 1835 eos

2322 1881 2495 1936 solum
2527 1877 2717 1949 quaerit
2744 1875 2832 1946 qui
2856 1875 3016 1928 vitam
3045 1881 3208 1942 agunt
3238 1871 3552 1935 solitariam,
3581 1879 3632 1925 et
3656 1870 3746 1924 vult
3761 1870 3830 1925 illis

2324 1972 2661 2035 benefacere,
2691 1979 2746 2025 et
2773 1968 2842 2023 de
2872 1966 2981 2020 illis
3012 1978 3199 2019 rursus
3232 1963 3446 2018 curiose
3479 1969 3702 2018 scrutans
3720 1970 3764 2016 et
3779 1962 3831 2016 di-

2324 2079 2455 2120 cens
2483 2082 2498 2117 :
2527 2061 2583 2118 Si
2615 2075 2719 2115 non
2750 2059 2821 2114 sit
2846 2057 3061 2127 dignus,
3089 2056 3135 2109 si
3166 2070 3271 2109 non
3297 2053 3370 2109 sit
3388 2052 3583 2123 justus,
3612 2052 3653 2105 si
3678 2066 3761 2105 non
3781 2050 3831 2105 ls-

2327 2157 2431 2211 ciat
2456 2156 2630 2224 signa,
2669 2164 2885 2205 manum
2922 2162 3027 2201 non
3056 2144 3325 2216 porrigam
3359 2160 3373 2197 :
3405 2142 3733 2213 eleemosyne
3754 2142 3833 2211 plu-

2334 2252 2528 2307 rimum
2560 2243 2821 2307 detraxit,
2860 2240 2989 2311 quin
3014 2239 3174 2294 etiam
3203 2236 3305 2291 hoc
3341 2235 3516 2305 ipsum
3542 2248 3725 2304 quoque
3743 2242 3833 2289 111111-

2330 2355 2459 2412 pore
2485 2334 2810 2408 procedente
2850 2346 3037 2386 rursus
3064 2327 3290 2383 auferet.
3324 2326 3485 2396 Atqui
3523 2325 3606 2379 illa
3632 2314 3761 2379 etiam
3780 2334 3833 2379 est

2331 2435 2672 2501 clecmosyua
2700 2439 2820 2495 qua:
2848 2424 2907 2478 lit
2935 2422 2988 2477 in
3020 2428 3356 2491 peccatores,
3400 2433 3520 2488 qua:
3545 2417 3592 2470 iu
3620 2431 3737 2470 reos.
3759 2415 3833 2470 Hoc

2331 2527 2472 2583 enim
2512 2531 2595 2578 est
2623 2521 2965 2589 cleemosyna
2993 2553 3009 2579 ,
3037 2528 3143 2567 non
3172 2525 3362 2567 eorum
3390 2508 3480 2579 qui
3511 2508 3637 2563 bona
3663 2508 3835 2562 iecerunt

2333 2636 2518 2691 opera,
2567 2614 2663 2672 sed
2706 2626 2895 2670 eorum
2939 2606 3032 2679 qui
3075 2612 3389 2677 peccarunt,
3435 2602 3683 2657 misereri.
3720 2602 3768 2655 Et
3798 2609 3835 2654 ut

2334 2713 2493 2774 scias,
2523 2707 2646 2762 audi
2668 2701 2865 2760 Christi
2894 2697 3226 2770 parabolam.
3255 2693 3552 2756 Descendit,
3584 2692 3740 2762 inquit,
3762 2694 3835 2759 quin

2335 2806 2455 2858 dam
2483 2800 2545 2854 ab
2583 2793 2919 2864 Jerosolymis
2957 2791 3012 2844 in
3050 2787 3259 2843 Iericho
3279 2828 3295 2852 ,
3335 2796 3384 2840 et
3412 2784 3585 2838 incidit
3610 2784 3655 2836 in
3681 2782 3835 2836 latrones

2337 2895 2484 2969 (Luc.
2510 2890 2598 2946 l0.
2627 2888 2717 2943 30.
2748 2883 2911 2955 seqq.)
2940 2896 2956 2937 :
2985 2888 3042 2936 et
3067 2894 3190 2934 cum
3217 2892 3345 2934 eum
3394 2876 3755 2940 verberassent,
3778 2890 3835 2927 re-

2338 2965 2610 3058 liquerunt
2640 2982 2692 3033 in
2720 2977 2804 3031 via
2832 2973 3237 3029 semimortuum
3269 2968 3589 3024 sauciatum.
3627 2965 3753 3021 Venit
3772 2981 3837 3018 au-

2339 3089 2447 3133 tem
2490 3075 2625 3128 forte
2655 3067 2869 3140 quidam
2919 3064 3125 3129 Levita,
3168 3068 3225 3114 et
3260 3074 3387 3114 eum
3415 3059 3583 3114 visum
3609 3059 3835 3128 praeteriit:

2341 3168 2691 3233 similiterque
2729 3154 2983 3213 sacerdos
3026 3153 3117 3208 illo
3143 3152 3260 3207 viso
3292 3149 3604 3221 praxterivit.
3630 3148 3754 3203 Venit
3775 3148 3837 3201 de-

2344 3275 2487 3317 mum
2534 3254 2749 3327 quidam
2793 3248 3184 3313 Samaritanus,
3228 3253 3283 3299 et
3324 3244 3544 3297 multam
3581 3242 3685 3312 ejus
3712 3255 3837 3295 curam

2344 3353 2553 3427 gessit:
2586 3344 2823 3415 alligavit
2868 3341 3112 3404 vulnera,
3160 3334 3357 3390 infudit
3404 3335 3611 3395 oleum,
3658 3332 3840 3400 imposuit

2344 3423 2516 3507 asino,
2544 3438 2695 3495 duxit
2720 3434 2773 3489 in
2797 3429 3175 3494 diversorium,
3202 3426 3445 3496 dixitque
3470 3424 3699 3495 pnefeeto
3721 3423 3839 3475 direr-

2345 3535 2493 3600 sorii,
2515 3542 2695 3586 curam
2717 3525 2832 3595 ejus
2850 3536 3000 3593 gere.
3026 3519 3094 3573 Et
3114 3516 3235 3572 vide
3258 3532 3504 3586 magnam
3526 3513 3836 3569 liberalitatem:

2349 3627 2415 3681 Et
2445 3640 2557 3695 ego,
2589 3618 2781 3689 inquit,
2809 3613 2940 3667 dabo
2979 3610 3064 3665 tibi
3091 3608 3337 3677 quidquid
3367 3604 3675 3676 impcnderis.
3701 3601 3841 3657 Deinde

2347 3690 2654 3783 interrogat,
2692 3706 2837 3774 ,Quis
2885 3712 2956 3757 est
3000 3716 3152 3771 ergo,
3203 3699 3409 3767 inquit,
3460 3698 3567 3766 ejus
3610 3690 3837 3765 prosimus?

2346 3801 2694 3872 Respondeas
2722 3798 3079 3869 lcgisperitus,
3114 3793 3215 3859 Qui
3241 3792 3359 3863 fecit
3389 3784 3841 3872 utisericardiam.au-

2346 3894 2424 3949 dit
2449 3869 2472 3948 ε’
2501 3891 2641 3947 Vade
2670 3906 2786 3962 ergo
2808 3931 2824 3957 ,
2859 3899 2904 3943 et
2930 3897 2984 3941 tu
3004 3928 3019 3951 ,
3048 3891 3130 3958 fac
3156 3885 3411 3940 similiter.
3455 3882 3521 3934 Et
3557 3875 3666 3933 vide
3694 3869 3842 3962 quaintIl

2348 3983 2485 4038 dixit
2524 3958 2857 4052 parabolam.
2898 3979 3015 4033 Non
3040 3977 3175 4031 dixit
3193 3984 3221 4041 τ
3241 3973 3385 4044 quod
3416 3970 3624 4027 Iudaeus
3648 3961 3791 4020 iecerit
3810 3958 3843 4009 in

2351 4074 2745 4129 Samaritauum
2774 4112 2788 4135 ,
2835 4068 2929 4125 sed
2959 4067 3101 4138 quod
3133 4063 3502 4122 Samaritanus
3530 4071 3718 4116 omnem
3751 4052 3844 4105 illam

2352 4163 2648 4220 ostenderit
2676 4161 3076 4217 liberalitatem.
3109 4158 3240 4212 llinc
3266 4155 3546 4219 discimus,
3586 4160 3739 4220 parem
3767 4154 3844 4194 om-

2354 4257 2502 4310 nium
2531 4269 2715 4309 curam
2742 4267 2860 4308 esse
2889 4249 3211 4314 habendam,
3240 4261 3339 4302 nec
3367 4244 3748 4300 domesticorum
3768 4227 3845 4282 ﬁdei

2353 4346 2551 4411 solum,
2583 4342 2840 4415 neglectis
2865 4342 3005 4397 aliis.
3046 4341 3137 4396 Sic
3165 4353 3294 4410 ergo
3322 4350 3379 4391 lll
3408 4350 3629 4406 quoque,
3654 4330 3691 4383 si
3714 4320 3846 4377 videris

2356 4438 2588 4507 aliquem
2631 4436 2772 4490 male
2817 4434 3130 4504 patientem,
3179 4430 3312 4485 nihil
3358 4427 3585 4496 amplius
3626 4418 3844 4507 scruterist

2360 4498 2523 4583 habet
2567 4526 2659 4582 ille
2683 4525 2774 4595 jus
2816 4498 3033 4590 auxilii,
3084 4519 3226 4592 quod
3268 4518 3411 4574 male
3438 4514 3671 4587 patiatur.
3709 4498 3847 4595 Natus

2358 4621 2588 4683 asinum,
2619 4632 2777 4688 quem
2818 4615 3015 4671 videris
3040 4612 3311 4677 suli'ocari,
3341 4610 3521 4679 erigis,
3553 4619 3643 4659 nec
3664 4600 3782 4666 cujus
3801 4593 3848 4688 sit

2362 4708 2640 4773 scrutaris,
2690 4707 2863 4762 multo
2903 4706 3072 4776 magis
3119 4717 3225 4757 non
3270 4708 3482 4770 Oportet
3525 4689 3723 4750 scrutari
3752 4682 3850 4747 majus

2364 4803 2455 4859 ille
2481 4801 2644 4857 homo
2672 4799 2743 4855 sit
2771 4816 2787 4855 :
2811 4799 2904 4853 Dei
2927 4807 3028 4863 est,
3058 4796 3175 4851 sive
3198 4796 3269 4851 sit
3290 4793 3527 4852 Gra-cus,
3550 4790 3651 4842 sive
3670 4780 3848 4837 intimus:

2365 4894 2412 4950 si
2439 4893 2511 4949 sit
2540 4891 2793 4954 inﬁdelis,
2827 4888 3031 4958 indiget
3072 4886 3291 4941 auxilio.
3342 4884 3398 4938 Si
3445 4882 3582 4936 enim
3627 4869 3851 4958 examinate

2366 4985 2582 5057 quidem
2611 4992 2666 5039 et
2691 4955 2987 5052 diiudicare
3015 4979 3108 5034 tibi
3137 4987 3282 5032 esset
3306 4977 3636 5046 permissum,
3669 4970 3782 5018 recte
3798 4955 3848 5052 111·

2368 5090 2522 5132 ceres
2550 5090 2566 5128 :
2600 5088 2739 5128 nunc
2766 5081 2944 5126 autem
2972 5068 3249 5125 calamitas
3290 5081 3397 5120 non
3428 5063 3548 5118 sinit
3586 5059 3687 5112 11ωο
3718 5060 3854 5107 exami-

2371 5181 2521 5222 nare.
2550 5164 2682 5220 Nam
2723 5164 2768 5218 si
2797 5177 2897 5218 nec
2933 5161 3002 5217 de
3030 5160 3177 5214 sanis
3220 5163 3431 5228 oportet
3468 5148 3699 5210 scrutari,
3724 5136 3853 5195 mede

2372 5259 2599 5315 aliorum
2639 5257 2800 5312 rebus
2842 5269 2961 5309 esse
2990 5251 3249 5313 curiosos,
3296 5247 3463 5301 multo
3501 5241 3652 5312 magis
3683 5236 3738 5288 de
3766 5228 3853 5283 nuli?

2376 5351 2723 5424 patientibus.
2767 5347 2983 5418 Alioqui
3014 5358 3145 5400 vero
3187 5340 3360 5412 quid?
3390 5334 3572 5393 Vidisti
3616 5344 3717 5424 cui“
3752 5320 3852 5424 nlui

2377 5413 2452 5500 uti
2478 5440 2750 5505 secundis,
2773 5448 2829 5495 et
2848 5413 3017 5510 gloria
3043 5435 3238 5490 ﬂorere
3258 5432 3385 5488 etin
3406 5431 3538 5485 bona
3556 5413 3853 5510 existinmiune

2378 5551 2521 5603 esse,
2548 5549 2671 5590 cum
2695 5531 2829 5588 dicis
2854 5544 2979 5586 eum
3001 5540 3122 5584 esse
3146 5524 3345 5582 malum
3370 5529 3423 5578 et
3449 5505 3748 5587 improbum?
3766 5498 3853 5603 quid

2379 5631 2578 5703 patitur
2619 5646 2633 5685 :
2677 5627 2725 5684 si
2750 5634 2939 5701 autem
2976 5620 3161 5678 videas
3190 5617 3329 5676 male
3368 5614 3657 5687 patientem.
3692 5616 3745 5654 κθ
3762 5594 3855 5647 dic"
