3988 6546
218 286 271 344 8⁸1
973 284 1042 342 IN
1075 284 1300 343 EPIST.
1355 286 1446 342 AD
1478 285 1778 345 HEBREO

1893 285 2053 344 CAP.
2086 287 2178 344 Ἦ.
2225 287 2464 345 HOMIL.
2499 288 2570 344 Χ.
2619 341 2623 343 .
3395 289 3466 346 88

213 400 337 454 ἕσται
355 413 370 428 ·
404 399 436 452 ὁ
461 396 523 453 δὲ
549 395 633 462 είς
661 395 722 452 τὸ
754 395 973 466 μέλλον,
1002 398 1104 469 οὐχ
1124 397 1319 464 οὕτως.
1336 400 1777 470 Ἐπιθυμοῦμεν

210 482 277 545 δὲ.
305 481 496 551 φησὶν,
534 479 807 535 ἕκαστον
851 477 1040 550 ὑμῶν.
1086 481 1264 554 Πολλὴ
1304 484 1340 554 ἡ
1373 482 1732 553 φιλοστοργία
1758 501 1772 513 ο

210 561 283 616 καὶ
305 561 562 632 μεγάλων
590 560 686 615 καὶ
717 560 935 632 μικρῶν
961 561 1166 632 ὁμοίως
1204 562 1454 633 κήδεται,
1495 565 1592 617 καὶ
1625 563 1775 626 ,πάν-

207 665 282 712 τας
314 641 451 713 οἶδε,
484 646 584 700 καὶ
611 645 808 700 οὐδένα
840 647 1084 717 παρορᾷ,
1114 645 1254 701 ἀλλά
1291 647 1392 718 τὴν
1436 647 1610 719 αὐτὴν
1645 647 1777 717 περὶ

205 731 414 782 ἕκαστον
443 728 781 800 κηδεμονίαν
809 727 1215 793 ἐπιδείκνυται,
1245 728 1342 783 καὶ
1374 730 1473 802 τὴν
1501 730 1776 801 ἰσοτιμίαν

203 813 315 882 πρὸς
349 812 569 876 πάντας
592 829 607 844 ο
651 813 777 868 ὅθεν
805 813 903 867 καὶ
938 811 1144 884 μᾶλλον
1193 812 1383 867 ἔπειθε
1423 813 1683 878 δέξασθαι
1715 812 1777 866 τὸ

203 896 440 968 φορτικὸν
487 896 602 951 τῶν
653 897 1081 968 ρημάτων.”Ινα
1121 895 1210 966 μὴ
1253 895 1464 966 νωθροὶ
1493 897 1775 966 γένησθε,

201 981 332 1050 φησί.
355 980 634 1052 Καθάπερ
659 981 769 1052 γὰρ
796 980 830 1051 ἡ
860 979 1031 1049 ἀργία
1061 980 1121 1032 τὸ
1151 979 1312 1050 σῶμα
1336 978 1597 1049 βλάπτει·
1632 977 1778 1032 οὕτω

203 1065 278 1119 καὶ
323 1065 426 1134 τὴν
474 1064 658 1135 ψυχὴν
710 1065 745 1137 ἡ
796 1063 969 1133 ἀργία
1013 1062 1122 1118 τῶν
1177 1061 1403 1132 ἀγαθῶν
1430 1061 1778 1132 ύπτιωτέραν

202 1146 482 1219 ἐργάζεται
525 1149 624 1201 καὶ
667 1146 893 1216 ἀσθενῆ.
924 1145 1184 1215 Μιμηταί
1223 1145 1312 1211 δὲ,
1341 1143 1496 1216 φησὶ,
1527 1143 1647 1199 τῶν
1680 1144 1780 1200 διὰ

201 1234 443 1298 πίστεως
489 1231 591 1286 καί
637 1230 1049 1300 μακροθυμίας
1099 1229 1642 1299 κληρονομούντων
1669 1229 1776 1295 τὰς

201 1317 568 1385 ἐπαγγελίας.
610 1314 722 1368 Καὶ
744 1314 889 1376 τίνες
914 1306 1064 1368 οὗτοί
1091 1315 1252 1376 εἰσιν,
1283 1311 1411 1380 ἐξῆς
1436 1311 1608 1381 λέγει.
1636 1311 1777 1384 Πρό-

201 1417 339 1470 τερον
363 1399 582 1471 εῖρηκε,
619 1396 949 1468 Μιμήσασθε
990 1397 1059 1450 τά
1090 1396 1334 1468 πρότερα
1383 1395 1536 1465 ὑμῶν
1580 1411 1778 1465 κατορ-

203 1485 415 1552 θώματα
438 1500 452 1513 ο
483 1477 626 1545 εἶτα,
651 1482 738 1536 ἵνα
765 1480 842 1552 μὴ
866 1479 1094 1548 λέγωσι,
1121 1481 1292 1544 Ποῖα;
1339 1479 1540 1543 αὐτοὺς
1584 1478 1777 1547 ἀνάγει

201 1569 281 1621 ἐπὶ
318 1569 412 1620 τὸν
457 1565 832 1635 πατριάρχην,
857 1563 966 1616 τῶν
1013 1562 1114 1634 μὲν
1143 1562 1586 1634 κατορθωμάτων
1629 1563 1778 1614 οῖκο-

200 1650 279 1704 θεν
323 1651 512 1711 αὐτοῖς
554 1647 738 1719 φέρων
772 1646 840 1700 τά
868 1644 1270 1716 ὑποδείγματα,
1299 1645 1395 1699 τοῦ
1429 1645 1488 1698 δὲ
1532 1644 1776 1715 νομίζειν

200 1730 721 1802 ἐγκαταλελεῖφθαι,
780 1729 888 1784 ἀπὸ
930 1727 1026 1782 τοῦ
1072 1729 1441 1801 πατριάρχου.
1492 1728 1665 1781 Τοῦτο
1720 1726 1778 1782 δὲ

197 1820 350 1880 ποιεῖ,
385 1817 476 1870 ἵνα
513 1816 589 1886 μὴ
627 1814 862 1883 λέγωσιν
909 1814 990 1867 ὅτι
1041 1813 1117 1877 ὡς
1159 1813 1374 1877 οὐδενὸς
1420 1811 1563 1878 ἄξιοι
1612 1810 1776 1880 λόγου

197 1889 697 1970 καταφρονηθέντες
727 1895 1255 1966 ἐγκατελείφθησαν,
1287 1895 1401 1949 ἀλλ’
1420 1895 1620 1949 εἰδέναι
1642 1893 1778 1964 ἔχω-

198 2001 275 2036 σιν
303 1981 514 2035 ὅτιτῶν
556 1979 794 2051 μάλιστα
821 1978 1088 2049 γενναίων
1118 1979 1327 2050 ἀνδρῶν
1347 1978 1508 2033 τοῦτό
1539 1979 1680 2041 ἐστι,
1717 1976 1778 2030 τὸ

194 2066 276 2120 διὰ
301 2063 632 2137 πειρασμῶν
666 2061 874 2116 ὁδεύειν
901 2062 993 2115 τὸν
1025 2061 1163 2133 βίον,
1187 2062 1285 2117 καὶ
1307 2064 1390 2116 ὅτι
1424 2063 1536 2127 τοῖς
1560 2061 1772 2130 θαυμα-

199 2152 340 2212 στοῖς
373 2149 469 2202 καὶ
505 2147 766 2218 μεγάλοις
789 2147 1052 2215 ἀνδράσιν
1079 2145 1226 2200 οὕτω
1257 2145 1522 2218 κέχρηται
1561 2146 1591 2199 ό
1619 2145 1773 2208 Θεός.

198 2235 285 2285 Δεῖ
330 2232 412 2294 δὲ,
453 2230 614 2301 φησὶ,
666 2229 807 2300 μετὰ
859 2229 1249 2302 μακροθυμίας
1286 2230 1508 2284 ἅπαντα
1551 2230 1772 2300 φέρειν·

195 2314 353 2368 τοῦτο
367 2314 477 2385 γάρ
493 2315 609 2366 ἐστι
632 2314 728 2367 καὶ
748 2311 1067 2370 πιστεῦσαι.
1097 2312 1225 2368 Ἐὰν
1247 2313 1303 2366 δὲ
1320 2312 1450 2384 είπῃ
1468 2314 1551 2367 ὅτι
1570 2311 1774 2376 δίδωσι,

197 2399 289 2451 καὶ
315 2397 488 2468 λάϐῃς
529 2395 758 2461 εὐθέως,
807 2395 980 2450 τίκαὶ
1028 2397 1394 2461 ἐπίστευσαςς
1453 2397 1642 2451 ούκέτι
1668 2396 1778 2466 γὰρ

194 2481 294 2552 τῆς
329 2479 569 2544 πίστεώς
593 2481 714 2534 ἐστι
735 2479 898 2534 τοῦτο
923 2480 1025 2550 τῆς
1078 2483 1202 2552 σῆς,
1260 2481 1377 2536 ἀλλ’
1425 2480 1585 2552 ἐμοῦ,
1619 2481 1775 2551 φησὶ,

194 2563 288 2616 τοῦ
307 2563 673 2635 προλαϐόντος
694 2563 794 2636 τὴν
823 2563 1160 2632 ἐπαγγελίαν
1181 2563 1277 2618 καὶ
1294 2563 1611 2627 δεδωκότος.
1655 2563 1778 2616 Ἐὰν

189 2647 247 2701 δὲ
276 2651 421 2703 εῐπω
449 2648 532 2702 ὅτι
563 2647 784 2716 δίδωμι,
820 2649 916 2701 καὶ⁵
966 2647 1106 2718 μετά
1137 2647 1332 2701 ἐκατὸν
1362 2648 1456 2717 ἔτη
1491 2646 1670 2711 δώσω,
1711 2646 1777 2699 σὺ

188 2729 246 2785 δέ
278 2733 362 2802 μὴ
382 2731 695 2802 ἀπελπίσῃς
715 2749 730 2763 °
754 2730 878 2784 τότε
922 2748 988 2803 με
1015 2732 1278 2802 ἐνόμισας
1296 2731 1633 2799 ἀξιόπιστον,
1655 2730 1776 2784 τότε

186 2815 291 2885 τὴν
327 2815 718 2887 προσήκουσαν
759 2815 892 2888 περὶ
934 2813 1071 2887 ἐμοῦ
1108 2813 1270 2880 δόξαν
1303 2815 1466 2886 ἔχεις.
1509 2815 1671 2886 Ὁρᾷς
1694 2814 1778 2867 ὅτι

183 2899 458 2962 πολλάκις
506 2900 541 2968 ἡ
597 2898 832 2952 ἀπιστία
880 2898 980 2952 οὐκ
1027 2898 1086 2965 ἐξ
1141 2897 1522 2975 ἀνελπιστίας.
1567 2899 1779 2967 γίνεται

180 2984 376 3052 μόνον.
402 2982 545 3037 ἀλλά
578 2982 674 3036 καὶ
691 2983 757 3035 ὲκ
781 2981 879 3035 τοῦ
907 2982 1254 3057 ὀλιγοψυχεῖν
1278 2982 1372 3035 καὶ
1396 2982 1470 3052 μὴ
1499 2983 1778 3053 μακροθυ-

176 3068 459 3138 μετν,οὐκ
497 3069 565 3120 ἐκ
594 3065 692 3119 τοῦ
733 3065 1249 3135 ὲπαγγειλαμένου;
1305 3067 1386 3119 οὐ
1427 3066 1538 3134 γὰρ
1574 3066 1779 3132 ἄδικος

171 3154 210 3203 ό
246 3150 428 3215 Θεὸς,
464 3150 655 3220 ιρησὶν,
705 3147 1101 3203 ἐπιλαθέσθαι
1156 3147 1268 3216 τῆς
1318 3147 1558 3217 ἀγάπης
1587 3148 1777 3218 ὑμῶν,

167 3234 278 3288 καὶ
317 3235 436 3303 τῆς
459 3231 747 3302 σπουδῆς
785 3227 864 3303 ἧς
897 3232 1286 3297 ἐνεδείξασθε
1333 3235 1424 3297 εὶς
1467 3232 1534 3285 τὸ
1590 3233 1782 3301 ὄνομα

169 3319 402 3386 αὐτοῦ,
467 3315 957 3383 διακονήσαντες
996 3315 1120 3383 τοῖς
1170 3316 1381 3386 ἁγίοις,
1433 3315 1533 3370 καί
1583 3315 1782 3370 διακο-

169 3403 464 3469 νοῦντες.
503 3399 740 3468 Μεγάλα
766 3399 953 3464 αὐτοῖς
978 3402 1268 3471 μαρτυρεῖ,
1289 3401 1393 3454 οὐκ
1420 3399 1560 3471 ἔργα
1594 3398 1779 3469 μόνον,

162 3486 313 3540 ἀλλὰ
350 3486 459 3540 καὶ
509 3483 653 3556 μετὰ
709 3482 1023 3554 προθυμίας
1078 3483 1252 3554 ἔργαο
1314 3483 1344 3537 δ
1401 3483 1498 3536 καὶ
1541 3481 1778 3552 ἀλλαχοῦ

159 3587 369 3638 φησιν’
406 3571 496 3624 οὐ
515 3569 716 3638 μόνον
744 3566 835 3629 δὲ,
878 3567 1042 3623 ἀλλά
1091 3566 1191 3622 καί
1241 3565 1497 3632 ἑαυτοὺς
1549 3566 1782 3621 ἔδωκαν

151 3651 242 3718 τῷ
277 3653 493 3721 Κυρίῳ
515 3651 617 3705 καί
643 3645 942 3721 ἡμῖνιἾΙς
955 3651 1358 3716 ἐνεδείξασθε,
1384 3650 1574 3722 φησιν,
1594 3651 1682 3716 εις
1713 3649 1780 3704 τὸ

154 3735 377 3805 ὄνομα
436 3735 664 3796 αὑτοῦ,
720 3733 1205 3801 διακονήσαντες
1259 3733 1388 3800 τοῖς
1435 3732 1624 3801 ἁγίοις
1679 3731 1779 3786 καὶ

155 3815 326 3890 [108]
388 3816 851 3883 διακονοῦντες.
890 3817 1037 3890 Ὅρα
1095 3819 1212 3882 πῶς
1252 3817 1418 3869 πάλιν
1461 3815 1661 3870 αὐτοὺς
1694 3815 1781 3867 θε-

154 3903 424 3970 ραπεύει
465 3900 772 3970 ἐπαγαγὼν
801 3901 898 3956 καὶ
927 3902 1120 3968 εἰπὼν,
1155 3899 1628 3966 Διακονοῦντες;
1658 3899 1780 3952 Ἔτι

151 3987 270 4041 καὶ
305 3987 440 4052 νῦν,
465 3986 646 4054 λέγει,
677 3985 1076 4052 διακονοῦντες,
1109 3985 1399 4040 διανιστῶν
1434 3985 1633 4046 αὐτοὺς
1686 3982 1782 4036 καὶ

156 4071 402 4133 δεικνὺς
430 4071 517 4124 ὅτι
548 4070 653 4122 οὐκ
681 4069 916 4133 ἐκείνοις
943 4069 1336 4138 πεποιήκασιν,
1367 4067 1502 4121 ἀλλά
1525 4067 1604 4137 τῷ
1629 4066 1776 4138 Θεῷ.

165 4155 290 4208 Ἦν
303 4152 728 4218 ἐνεδείξασθε,
746 4153 912 4224 φησίν
927 4170 940 4184 ’
973 4153 1075 4223 οὐχ
1096 4151 1284 4216 ἁπλῶς
1301 4153 1380 4216 είς
1402 4151 1530 4215 τοὺς
1559 4151 1779 4218 ἀγίους,

171 4237 298 4290 ἀλλ’
358 4240 446 4300 είς
502 4237 599 4290 τὸν
627 4235 793 4290 Θεόν·
839 4235 1002 4290 τοῦτο
1036 4236 1147 4307 γάρ
1180 4235 1348 4298 ἐστιν,
1379 4237 1480 4301 Εἰς
1506 4235 1570 4288 τὸ
1595 4235 1783 4301 ὄνομα

175 4321 373 4376 αὑτοῦ
397 4337 415 4350 ⁸
438 4321 578 4374 ὡσεὶ
609 4320 789 4388 ἔλεγε,
821 4319 922 4373 Διά
957 4319 1021 4372 τὸ
1051 4319 1225 4390 ὄνομα
1258 4319 1424 4372 αὑτοῦ
1453 4319 1631 4372 πάντα
1681 4335 1782 4371 πε·-

182 4405 482 4476 ποιήκατε.
544 4404 605 4457 ὐ
632 4403 816 4458 τοίνυν
847 4403 1118 4475 τοσαύτης
1154 4404 1284 4474 παρ’
1309 4402 1464 4474 ὑμῶν
1492 4401 1783 4457 ἀπολαύων

187 4489 432 4559 σπουδῆς
475 4489 575 4541 καὶ
631 4488 891 4561 ἀγάπης,
943 4487 1004 4542 οὐ
1036 4489 1444 4559 καταφρονήσει
1472 4487 1602 4541 ποτὲ
1629 4486 1784 4558 ὑμῶν

190 4571 309 4626 οὐδὲ
333 4572 684 4644 ἐπιλήσεται.

264 4734 328 4789 δ’.
357 4737 546 4790 Ταῦτα
584 4734 905 4798 ἀκούοντες,
938 4734 1269 4805 παρακαλῶ,
1298 4731 1636 4802 διακονῶμεν
1671 4734 1784 4796 τοῖς

203 4818 392 4886 ἁγίοις.
424 4821 542 4882 Πᾶς
561 4818 675 4890 γάρ
706 4818 896 4882 πιστὸς
923 4819 1098 4886 ἆγιος,
1130 4817 1265 4870 καθὸ
1283 4816 1474 4878 πιστός
1499 4815 1616 4867 ἐστι
1645 4832 1658 4846 ’
1682 4814 1785 4868 κᾶν

204 4903 460 4972 κοσμικὸς
559 4920 664 4967 τις,
693 4901 851 4971 ἀγιός
885 4903 1064 4954 ἐστιν·
1109 4897 1569 4970 Ἠγίασταιγάρ,
1594 4897 1783 4967 φησὶν,

211 4986 407 5056 όάγὴρ
442 4990 477 5041 ό
500 4987 765 5052 ἄπιστος
801 4986 873 5038 ἐν
921 4983 997 5052 τῇ
1044 4985 1306 5054 γυναικὶ,
1331 4983 1427 5036 καὶ
1468 4983 1507 5050 ἡ
1551 4981 1706 5050 γυνὴ
1745 4981 1784 5050 ἡ

213 5066 456 5136 ἄπιστος
482 5068 656 5135 ἐντῷ
681 5069 880 5137 ἀνδρί.
941 5069 1083 5138 Ὅρα
1136 5066 1255 5131 πῶς
1304 5067 1398 5120 τὸν
1435 5065 1710 5134 ἀγιασμὸν
1747 5066 1780 5136 ἡ

216 5154 382 5218 πίστις
411 5157 579 5210 ποιεῖ.
617 5154 740 5209 Κᾶν
767 5150 1249 5223 κοσμικὸνξτοίνυν
1283 5151 1486 5221 ἴδωμεν
1509 5151 1569 5202 ὲν
1624 5167 1784 5221 περι-

221 5238 408 5304 στάσει,
443 5238 732 5311 όρέγωμεν
787 5240 987 5307 χεῖρα·
1051 5235 1127 5307 μὴ
1180 5237 1316 5307 πρὸς
1368 5237 1493 5299 τοὺς
1531 5237 1588 5288 ἐν
1629 5235 1784 5305 ὄρεσι

221 5319 362 5390 μόνον
393 5322 744 5393 καθημένους
793 5315 946 5390 ὦμεν
979 5320 1288 5374 σπουδαῖον
1344 5319 1491 5389 ἅγιοι
1544 5317 1644 5388 μὲν
1673 5318 1784 5389 γάρ

220 5407 394 5458 ἐκεῖνοι
424 5407 520 5460 καὶ
553 5405 656 5475 βίῳ
704 5405 802 5459 καὶ
845 5403 1052 5466 πίστει,
1111 5402 1260 5471 ἆγιοι
1307 5403 1366 5456 δὲ
1411 5403 1507 5456 καὶ
1537 5395 1684 5454 οὗτοι
1716 5403 1781 5471 τῇ

221 5488 401 5555 πίστει,
424 5489 613 5543 πολλοὶ
642 5489 701 5542 δὲ
733 5489 831 5543 καὶ
863 5487 984 5558 βίῳ.
1016 5487 1130 5554 Μὴ,
1165 5485 1263 5539 ὲάν
1294 5485 1496 5556 ἴδωμεν
1552 5484 1786 5556 μοναχὸν

223 5570 291 5635 εἰς
313 5572 573 5644 φυλακὴν,
611 5572 738 5625 τότε
773 5570 1108 5640 εἰσέλθωμεν
1129 5585 1144 5599 ⁸
1168 5569 1264 5622 ἐὰν
1300 5569 1357 5622 δὲ
1390 5570 1674 5641 κοσμικὸν,
1708 5569 1783 5640 μὴ

222 5653 528 5726 εἰσέλθωμεν
551 5672 565 5684 ο
595 5655 753 5725 ἅγιός
791 5655 910 5707 ἐστι
940 5653 1036 5707 καὶ
1079 5647 1255 5717 οὗτος,
1292 5653 1388 5706 καὶ
1438 5651 1689 5721 ἀδελφός.
1715 5653 1782 5705 Τί

224 5732 324 5808 οὖν,
351 5740 535 5811 φησὶν,
569 5741 668 5795 ἐάν
794 5738 1104 5811 ἀκάθαρτος
1143 5738 1238 5794 καὶ
1287 5738 1518 5810 μιαρός;
1581 5738 1781 5794 ’Λκουε

1887 397 1983 452 τοῦ
2014 399 2254 472 Χριστοῦ
2277 399 2551 470 λέγοντος·
2577 401 2676 470 Μὴ
2698 401 2953 470 κρίνετε,
2977 399 3175 470 ἵναμὴ
3201 400 3465 471 κριθῆτε.

1887 482 1959 537 Σὺ
1993 482 2083 538 διὰ
2105 483 2197 537 τὸν
2225 483 2360 536 Θεὸν
2389 483 2641 554 ποίησον.
2672 485 2782 538 Καὶ
2809 484 2864 538 τί
2894 484 3074 552 λέγω;
3101 483 3206 538 κᾶν
3231 486 3470 556 Ἕλληνα

1888 565 2086 638 ἴδωμεν
2106 569 2164 620 ἐν
2181 568 2522 634 περιστάσει,
2550 564 2610 622 εὖ
2636 571 2810 623 ποιεῖν
2833 569 2934 632 δεῖ,
2959 569 3054 622 καὶ
3077 568 3266 632 ἀπλῶς
3290 570 3472 626 πάντα

1886 649 2174 723 ἄνθρωπον
2211 654 2270 706 ἐν
2322 652 2713 724 περιστάσεσιν
2745 653 2900 714 ὄντα,
2925 652 3106 724 πολλῷ
3151 652 3210 706 δὲ
3264 653 3470 723 μᾶλλον

1887 735 2077 787 πιστὸν
2106 735 2391 804 κοσμικόν.
2415 735 2612 788 ’Ἄκουε
2637 735 2850 789 Παύλου
2873 735 3146 804 λέγοντοςο
3177 736 3248 790 Τὸ
3270 735 3464 791 καλὸν

1886 816 2110 870 ποιεῖτε
2140 817 2293 885 πρὸς
2314 816 2572 883 πάντας,
2607 817 2877 886 μάλιστα
2898 817 2967 871 δὲ
3000 817 3153 886 πρὸς
3196 817 3340 885 τοὺς
3379 821 3471 873 οὶ-

1887 899 2092 965 κείους
2116 899 2229 968 τῆς
2275 899 2554 964 πίστεως.
2620 900 2762 953 Ἀλλ’
2819 901 2918 954 οὐκ
2950 896 3066 954 οῐδα
3109 901 3274 954 πόθεν
3313 899 3472 954 τοῦτο

1887 983 2284 1052 εἰσενήνεκται,
2319 983 2414 1034 καὶ
2463 981 2630 1034 πόθεν
2681 981 2822 1054 αῦτη
2873 985 3215 1054 κεκράτηκεν
3252 987 3286 1054 ή
3341 1002 3470 1038 συν-

1886 1065 2070 1136 ήθεια.
2107 1066 2167 1120 '0
2197 1065 2305 1136 γὰρ
2333 1065 2463 1129 τοὺς
2493 1066 2830 1136 μονάζοντας
2855 1068 3017 1135 μόνον
3046 1069 3342 1138 ἐπιζητῶν,
3369 1067 3472 1121 κά.⁴

1886 1149 2102 1213 κείνους
2127 1149 2321 1219 μόνους
2349 1144 2408 1203 εὖ
2436 1153 2610 1204 ποιεῖν
2629 1150 2818 1213 θέλων,
2839 1151 2932 1204 καὶ
2959 1151 3202 1215 ἐκείνους
3224 1152 3282 1206 δέ
3306 1151 3472 1207 πάλιν

1887 1231 2402 1304 περιεργαζόμενος,
2422 1234 2517 1286 καὶ
2542 1233 2740 1301 λέγων,
2772 1233 2898 1287 Ἐάν
2925 1234 2999 1305 μὴ
3077 1233 3248 1299 ἄξιος,
3269 1236 3363 1290 ἐάν
3395 1237 3472 1308 μὴ

1883 1313 1918 1392 ᾖ
1951 1317 2181 1381 δίκαιος,
2211 1316 2308 1370 ἐὰν
2338 1317 2412 1388 μὴ
2441 1320 2641 1389 σημεῖα
2663 1322 2816 1390 ποιῇ,
2848 1321 2950 1373 οὐκ
2983 1318 3165 1389 ὀρέγω
3186 1323 3368 1393 χεῖρα,
3408 1323 3471 1376 τὸ

1887 1399 2049 1454 πλέον
2079 1399 2180 1469 τῆς
2210 1399 2582 1470 ἐλεημοσύνης
2613 1400 2809 1466 ἐξεῖλε,
2841 1401 3120 1455 καὶτοῦτο
3149 1401 3208 1454 δὲ
3237 1402 3369 1456 αὐτὸ
3391 1406 3471 1475 τῷ

1886 1483 2066 1554 χρόνῳ
2084 1483 2247 1537 πάλιν
2268 1483 2556 1554 ἀναιρήσει
2578 1501 2594 1516 ·
2619 1485 2800 1538 καίτοι
2826 1501 2888 1549 γε
2914 1485 3256 1557 ἐλεημοσύνη
3283 1486 3468 1559 ἐκείνη

1887 1569 2058 1629 ἐστὶν,
2090 1570 2122 1638 ή
2155 1567 2232 1632 είς
2262 1567 2387 1629 τοὺς
2411 1567 2789 1638 ἁμαρτωλοὺς,
2815 1570 2847 1639 ἡ
2880 1571 2960 1632 είς
2990 1570 3115 1633 τοὺς
3133 1568 3472 1634 ὑπευθύνους

1885 1651 2167 1722 γινομένη.
2219 1651 2590 1723 Ἑλεημοσύνη
2632 1653 2742 1722 γὰρ
2767 1653 2926 1707 τοῦτό
2955 1653 3126 1718 ἐστιν,
3159 1653 3222 1707 ού
3247 1652 3308 1706 τὸ
3337 1654 3470 1718 τοὺς

1887 1733 2349 1804 κατωρθωκότας.
2404 1734 2543 1788 ἀλλὰ
2599 1735 2662 1788 τὸ
2731 1738 2858 1799 τοὺς
2925 1735 3471 1806 πεπλημμεληκότας

1885 1815 2076 1870 ἐλεεῖν.
2113 1817 2224 1870 Καὶ
2258 1818 2342 1870 ἵνα
2388 1818 2590 1890 μάθῃς,
2621 1816 2786 1872 ἄκουε
2815 1818 2869 1871 τί
2892 1821 3102 1890 φησινό
3128 1817 3363 1888 Χριστὸς
3381 1818 3472 1872 διά

1884 1900 1986 1970 τῆς
2013 1901 2330 1972 παραϐολῆς
2351 1918 2365 1933 ο
2405 1901 2642 1970 Κατῄει,
2670 1901 2829 1971 φησι,
2858 1901 2949 1968 τίς
2973 1901 3092 1956 ἀπὸ
3142 1901 3472 1970 Ἰεροσολύ-

1882 2001 2016 2054 pur
2041 1987 2130 2051 είς
2168 1983 2402 2054 Ἱεριχὼ,
2439 1983 2817 2053 καὶλῃσταῖς
2857 1983 3211 2053 περιέπεσε’
3252 1983 3347 2038 καὶ
3376 2000 3471 2036 τυ·

1886 2069 2194 2138 πτήσαντες
2221 2068 2408 2132 αὐτὸν,
2436 2068 2586 2140 [109]
2616 2069 2808 2123 είασαν
2844 2068 2996 2140 παρά
3026 2067 3129 2138 τὴν
3171 2066 3292 2121 ὁδὸν
3335 2066 3470 2136 ἡμι-

1887 2151 2023 2222 θανῆ
2061 2151 2432 2221 τυγχάνοντα.
2463 2151 2620 2206 Κατά
2655 2151 2712 2205 δὲ
2769 2149 3072 2223 συγκυρίαν
3111 2149 3350 2218 Δευῖτης
3383 2164 3471 2211 τις

1888 2235 2038 2306 παρὰ
2063 2235 2163 2307 τὴν
2197 2235 2315 2288 ὁδὸν
2341 2230 2498 2306 ἦλθε,
2537 2235 2630 2290 καὶ¹
2660 2235 2784 2290 ἰδὼν
2812 2235 2997 2300 αὑτὸν,
3023 2232 3434 2305 ἀντιπαρῆλθεν
3451 2249 3468 2265 ο

1887 2319 2093 2384 ὁμοίως
2125 2317 2183 2370 δὲ
2219 2316 2314 2371 καὶ
2359 2316 2541 2388 ἱερεύς
2562 2335 2648 2382 τις
2679 2318 2738 2371 τὸ
2767 2317 2899 2372 αὐτὸ
2923 2318 3160 2390 ποιήσας
3188 2315 3470 2387 παρέδρα-

1890 2421 2011 2475 μεν.
2049 2402 2318 2473 ’Ύστερον
2352 2401 2409 2455 δὲ
2431 2396 2563 2472 ἦλθέ
2585 2418 2671 2465 τις
2690 2401 3039 2474 Σαμαρείτης
3059 2410 3108 2464 α,
3143 2401 3238 2453 καὶ
3269 2397 3471 2468 πολλὴν

1886 2486 1984 2558 τὴν
2019 2485 2347 2557 κηδεμονίαν
2376 2485 2673 2556 ἐποιήσατο
2701 2485 2790 2539 ἐπ’
2824 2485 2978 2555 αύτῷ
3001 2522 3018 2539 .
3067 2482 3333 2554 Ἐπέδησε
3359 2481 3472 2554 γὰρ

1887 2570 1955 2624 τά
1985 2567 2302 2640 τραύματα,
2342 2567 2640 2635 ἐπέσταξεν
2686 2566 2889 2635 ἔλαιον,
2922 2565 3250 2622 ἀνεϐίϐασεν
3306 2563 3474 2619 αὑτὸν

1887 2654 1982 2707 ἐπὶ
2003 2653 2093 2705 τὸν
2127 2651 2270 2717 ὄνον,
2316 2650 2524 2722 ἤγαγεν
2563 2650 2727 2704 αὑτὸν
2761 2651 2843 2715 είς
2881 2649 2942 2704 τὸ
2967 2650 3310 2720 πανδοχεῖον,
3349 2645 3472 2701 εἷπε

1886 2735 1964 2806 τῷ
1989 2735 2263 2806 πανδοχεῖ·
2282 2735 2631 2806 Θεράπευσον
2655 2733 2841 2789 αὐτόν.
2864 2734 2976 2788 Καὶ
2999 2735 3103 2806 ὅρα
3131 2734 3232 2804 τὴν
3263 2731 3473 2802 φιλοτι-

1891 2818 2020 2889 μίαν
2047 2818 2148 2889 τὴν
2175 2815 2381 2889 πολλὴν
2409 2833 2424 2848 ο
2447 2817 2562 2872 Καὶ
2584 2816 2700 2887 ἐγώ
2729 2831 2832 2872 σοι
2864 2815 3058 2881 δώσω,
3090 2816 3281 2889 φησιν.
3321 2814 3476 2870 ὅσον

1887 2901 1965 2956 ἂν
1985 2900 2332 2972 ἀναλώσῃς.
2367 2896 2502 2955 Εἶτα
2533 2900 2866 2954 πυνθάνεται
2889 2916 2901 2928 ·
2937 2900 3036 2967 Τίς
3051 2895 3166 2955 οὖν
3190 2897 3361 2955 δοκεῖ
3374 2914 3476 2952 σοι

1887 2985 2160 3053 πλησίον
2190 2983 2380 3040 αὑτοῦ
2412 2983 2758 3053 γεγονέναις
2811 2983 2870 3037 '0
2895 2982 2953 3037 δὲ
3001 2983 3228 3054 νομικὸς
3278 2979 3473 3045 εἰπὼν,

1900 3068 1961 3121 '0
1985 3066 2245 3133 ποιήσας
2270 3067 2334 3120 τὸ
2363 3069 2539 3133 ἕλεος
2563 3067 2692 3136 μετ’
2723 3066 2935 3130 αὑτοῦ,
2958 3066 3172 3131 ἀκούει,
3205 3065 3474 3134 Πορεύου

1888 3145 2022 3214 οὖν,
2052 3149 2152 3204 καὶ
2179 3149 2261 3204 σὺ
2286 3149 2442 3203 ποίει
2465 3151 2708 3218 ὁμοίως.
2739 3152 2850 3219 Καὶ
2884 3150 2982 3204 θέα
3013 3150 3175 3203 ποίαν
3203 3143 3326 3202 εἷπε
3366 3165 3476 3202 πα-

1892 3233 2149 3306 ραϐολήν.
2187 3235 2302 3287 Οὐκ
2351 3229 2504 3286 εἶπεν
2538 3234 2620 3286 ὅτι
2689 3234 2945 3296 Ἰουδαῖος
2995 3235 3080 3296 είς
3123 3231 3475 3304 Σαμαρείτην

1890 3317 2169 3387 ἐποίησεν,
2201 3315 2316 3369 ἀλλ’
2338 3317 2420 3370 ὅτι
2451 3316 2807 3386 Σαμαρείτης
2831 3317 2930 3384 τὴν
2976 3315 3292 3386 φιλοτιμίαν
3331 3313 3479 3368 ὲκεί-

1891 3417 1991 3471 νην
2029 3400 2250 3453 ἃπασαν
2295 3397 2621 3464 ἐνεδείξατο.
2681 3397 2966 3452 Ἐντεῦθεν
3018 3397 3384 3469 μανθάνομεν,
3416 3396 3477 3464 ἐξ

1893 3483 2013 3553 ίσης
2055 3481 2402 3553 προνοεῖσθαι
2433 3482 2542 3535 τῶν
2583 3481 2827 3547 πάντων,
2859 3480 2922 3534 οὐ
2967 3481 3077 3534 τῶν
3127 3479 3346 3534 οἰκείων
3372 3479 3476 3548 τῆς

1890 3565 2130 3626 πίστεως
2189 3566 2352 3636 μόνον
2401 3565 2890 3636 ἐπιμελουμένους,
2938 3565 3046 3618 τῶν
3085 3563 3383 3636 ἀλλοτρίων
3415 3563 3477 3618 δέ

1889 3649 2242 3720 ἀμελοῦντας.
2274 3647 2435 3702 Οὕτω
2467 3649 2650 3702 τοίνυν
2679 3651 2776 3703 καὶ
2809 3649 2897 3712 σὺ,
2939 3649 3036 3702 ἐὰν
3069 3647 3188 3720 ἴδῃς
3219 3644 3344 3702 τινὰ
3375 3663 3478 3701 κα-

1890 3732 2004 3797 κῶς
2038 3733 2343 3804 πάσχοντα,
2385 3730 2554 3802 μηδὲν
2582 3731 2954 3803 περιεργάζου
2985 3731 3211 3785 λοιπόνο
3254 3729 3369 3800 ἔχει
3413 3729 3478 3784 τὸ

1889 3815 2164 3886 δικαίωμα
2195 3815 2296 3886 τῆς
2343 3815 2597 3886 βοηθείας
2626 3814 2686 3868 τὸ
2739 3813 2929 3876 κακῶς
2961 3814 3156 3868 παθεῖν
3187 3814 3372 3868 αὐτόν.
3411 3813 3478 3868 ΕΞ
3533 3829 3537 3836 ·

1891 3901 2000 3972 γάρ
2032 3899 2153 3954 ὄνον
2175 3901 2276 3954 ἐὰν
2303 3900 2420 3972 ἴδῃς
2443 3899 2772 3970 ἀγχόμενον,
2799 3897 3036 3970 ἐγείρεις
3065 3896 3249 3963 αὑτὸν,
3285 3897 3382 3950 καὶ
3410 3896 3478 3951 ού

1893 3971 2231 4056 περιεργάζῃ
2297 3971 2444 4047 τίνος
2503 3982 2654 4036 ἐστί·
2710 3981 2890 4052 πολλῷ
2941 3980 3144 4051 μᾶλλον
3191 3979 3480 4054 ἄνθρωπον

1890 4067 1952 4120 ού
1987 4067 2069 4120 δεῖ
2127 4066 2591 4138 περιεργάζεσθαι
2636 4066 2783 4130 τίνος
2839 4065 2992 4120 ἐστί’
3025 4064 3122 4119 τοῦ
3165 4064 3304 4118 Θεοῦ
3335 4065 3478 4129 ἐστι,

1892 4149 1998 4204 κᾶν
2022 4150 2228 4220 Ἕλλην
2261 4145 2318 4224 ᾖ,
2349 4150 2453 4204 κᾶν
2509 4150 2784 4214 Ἰουδαῖος.
2834 4151 2898 4204 Εἰ
2934 4148 3043 4222 γὰρ
3077 4149 3172 4203 καὶ
3226 4149 3477 4212 ἄπιστος,

1891 4233 2030 4288 ἀλλά
2061 4233 2313 4305 βοηθείας
2335 4232 2529 4288 δεῖται.
2550 4234 2613 4287 Εί
2647 4233 2746 4306 μὲν
2775 4233 2884 4307 γὰρ
2914 4233 3192 4299 ἐξετάζειν
3224 4233 3322 4287 καὶ
3355 4229 3479 4304 κρί-

1892 4337 2005 4374 νειν
2043 4318 2328 4390 ἐπετράπη
2369 4335 2475 4382 σοι,
2529 4317 2711 4384 καλῶς
2757 4317 2928 4372 ταῦτα
2968 4317 3154 4386 ἔλεγες
3180 4335 3194 4349 ’
3226 4315 3326 4370 νῦν
3356 4316 3413 4370 δὲ
3440 4315 3476 4386 ἡ

1894 4401 2154 4475 συμφορά
2203 4401 2379 4456 ταῦτα
2411 4402 2516 4456 οὐκ
2562 4401 2758 4474 ἀφίησί
2803 4419 2864 4455 σε
2907 4399 3205 4466 ἐξετάζειν.
3260 4400 3324 4454 El
3366 4399 3477 4472 γάρ

1892 4488 2016 4544 οὐδὲ
2042 4485 2388 4556 ὑγιαίνοντας
2422 4484 2886 4558 περιεργάζεσθαι
2925 4485 3056 4556 χρὴ,
3090 4484 3212 4540 οὐδὲ
3253 4483 3322 4538 τὰ
3355 4483 3478 4537 ἐτέ-

1896 4588 2008 4643 ρων
2055 4569 2559 4642 πολυπραγμονεῖν,
2613 4568 2796 4640 πολλῷ
2870 4569 3074 4639 μᾶλλον
3111 4569 3240 4631 τοὺς
3287 4565 3477 4628 κακῶς

1895 4655 2226 4724 πάσχοντας.
2265 4651 2476 4716 Ἀλλως
2505 4652 2562 4705 δὲ
2595 4651 2686 4718 τίς
2723 4647 2880 4716 Εἶδες
2927 4650 3262 4724 εὐθηνοῦντα
3313 4647 3478 4703 αὐτὸν

1893 4739 1928 4811 ἢ
1947 4735 2360 4807 εὐδοκιμοῦντα,
2384 4736 2468 4790 ὅτι
2492 4735 2692 4804 λέγεις,
2717 4735 2951 4805 πονηρός
2980 4736 3096 4788 ἐστι
3120 4733 3215 4786 καὶ
3236 4731 3476 4803 φαῦλοςς

1894 4820 2083 4885 κακῶς
2118 4820 2351 4891 πάσχειο
2384 4821 2431 4872 εἰ
2459 4818 2516 4871 δὲ
2552 4817 2739 4882 κακῶς
2771 4819 3051 4888 πάσχοντα
3065 4818 3220 4889 ὁρᾷς,
3253 4815 3329 4888 μὴ
3348 4815 3477 4884 λέγε

1893 4908 1975 4961 ὅτι
2010 4904 2244 4977 πονηρός
2283 4905 2453 4958 ἐστιν.
2490 4901 2662 4956 Ὅταν
2708 4900 2809 4972 μὲν
2843 4902 2953 4974 γὰρ
2985 4900 3268 4972 εὐδοκιμῇ,
3297 4899 3478 4962 καλῶς

1893 4989 2067 5044 ταῦτα
2097 4989 2328 5058 λέγομεν
2347 5003 2361 5017 ·
2393 4985 2520 5039 ὅταν
2554 4985 2612 5039 δὲ
2644 4985 2706 5039 ἐν
2734 4987 2996 5058 συμφορᾷ
3091 4986 3185 5040 καὶ
3221 4983 3481 5058 βοηθείας

1892 5074 2084 5138 δεῖται,
2110 5071 2171 5125 ού
2199 5069 2305 5142 χρὴ
2333 5069 2515 5138 λέγειν
2543 5070 2626 5122 ὅτι
2671 5069 2908 5140 πονηρός
2944 5071 3092 5123 ἐστιν
3119 5085 3131 5096 ·
3191 5067 3480 5140 ὠμότητος

1893 5156 2004 5228 γὰρ
2031 5154 2193 5210 τοῦτο
2221 5155 2316 5208 καὶ
2344 5153 2747 5223 ἀπανθρωπίας
2779 5154 2873 5207 καὶ
2898 5151 3240 5218 ἀλαζονείας.
3273 5150 3337 5203 Τί
3369 5150 3480 5204 τῶν

1907 5239 2174 5295 Ἰουδαίων
2190 5237 2538 5310 ἀνομώτερον
2554 5236 2798 5306 γέγονεν,
2820 5237 2937 5290 είπέ
2964 5253 3086 5306 μοις
3114 5235 3254 5290 Ἀλλ’
3278 5236 3427 5306 ὅμως
3446 5233 3477 5274 δ

1895 5323 2150 5379 ἐκόλασεν
2184 5323 2381 5386 αὐτοὺς
2413 5325 2440 5376 ό
2469 5321 2626 5387 Θεὸς,
2680 5322 2775 5376 καί⁵
2817 5321 3064 5386 δικαίως,
3121 5321 3217 5374 καὶ
3275 5319 3482 5390 σφόδρα

1957 5559 1974 5582 ³
1997 5559 2115 5613 Colb
2142 5596 2154 5619 ,
2178 5560 2338 5622 Regg.
2379 5560 2434 5622 et
2464 5555 2727 5622 Comme_l.,
2754 5556 2955 5622 ἡμιθανῆ
2987 5551 3478 5622 κατεάξαντεςζηλθε

1895 5623 1959 5701 δέ,
1978 5641 2049 5679 τις
2069 5617 2398 5701 Λευίῖηᾷέκαὶ
2430 5621 2545 5690 ίδῲν
2567 5619 2710 5687 αὐτὸν
2728 5619 2979 5682 παρῆλθεν·
3007 5617 3122 5677 ἦλθε
3145 5618 3197 5666 δέ
3225 5633 3296 5672 τις
3317 5617 3477 5676 Σαμα-

1896 5689 2068 5750 ρείτης,
2100 5684 2392 5746 quibusdam
2419 5684 2631 5752 omiqsis.
3385 5715 3388 5718 .

1958 5748 1986 5788 ιι
2007 5749 2138 5810 ὅμως
2156 5745 2488 5796 inducendum
2507 5745 2722 5794 Videtur.
