4002 6426
186 287 264 342 89

194 404 326 496 quin
357 407 696 496 essemalum
726 408 781 456 et
806 410 1127 474 Improbum.
1156 414 1287 468 Nam
1311 421 1526 486 quando
1555 435 1635 478 est
1664 434 1776 496 qni-

192 480 326 535 dem
369 484 503 538 fama
544 490 793 559 celebris,
836 494 952 550 haec
991 509 1138 556 recte
1165 503 1391 561 dicimus
1418 526 1430 562 :
1457 480 1781 581 quando|au-

201 582 317 627 tem
347 587 428 630 est
457 579 509 633 in
540 583 841 641 calamitate
864 599 916 642 et
939 602 1059 660 eget
1085 595 1310 663 auxilio,
1341 616 1446 654 non
1469 579 1682 673 oportet
1704 610 1782 663 di-

187 679 326 720 cere
354 682 475 722 eum
505 688 626 728 esse
656 676 853 732 malum
886 696 899 732 :
933 683 1031 736 hoc
1061 684 1204 739 enim
1237 698 1317 743 est
1346 694 1678 753 crudelitatis
1726 713 1780 754 ct

187 756 609 817 iuhumanitatis
636 777 692 820 et
721 774 1057 841 arrogantim.
1087 778 1224 846 Quid
1248 824 1261 846 ,
1306 781 1392 839 die
1433 802 1617 856 qmcso
1641 835 1653 855 ,
1688 793 1781 851 fuit

182 845 395 903 ,Ιιιὼυἰε
427 851 657 921 iniquius
679 858 702 909 ?
725 860 827 913 Sed
862 863 998 919 Deus
1028 882 1119 921 eos
1150 872 1338 940 puniit,
1374 884 1428 931 et
1450 845 1591 947 iure,
1623 893 1780 954 atque

181 937 331 1036 nul-eo
354 939 475 1009 jure
504 948 707 1013 Optimo
738 970 750 1005 :
783 961 837 1005 et
869 962 1045 1010 tamen
1075 974 1187 1026 eos,
1222 965 1310 1033 qui
1343 965 1580 1036 ipsorum
1613 937 1778 1031 mi;e-

173 1027 467 1095 Inbantur,
524 1034 706 1091 habuit
748 1055 1028 1114 acceptos,
1077 1066 1170 1105 eos
1212 1069 1361 1124 vero,
1408 1063 1496 1128 qui
1544 1063 1776 1133 ipsorum

178 1121 477 1219 calamitati
521 1129 839 1188 insultarunt
881 1151 933 1191 et
976 1141 1137 1196 lielali
1177 1158 1321 1213 sunt,
1348 1121 1776 1233 vplllllilINi/tll,‘

181 1211 397 1281 inquit,
434 1220 755 1285 patiebantur
784 1228 844 1279 ob
884 1235 1234 1289 routritionem
1262 1238 1454 1312 Josep/t
1485 1244 1676 1317 (Anius.
1718 1211 1770 1307 ti:

176 1305 262 1371 6).
312 1306 381 1359 Et
422 1324 607 1364 rursus
647 1314 774 1368 dicit
813 1336 825 1371 :
868 1319 1080 1376 Redime
1113 1343 1197 1380 eos
1224 1335 1310 1397 qui
1337 1305 1669 1409 occuluntur,

1714 1361 1742 1395 Ν

220 1360 232 1371 ι
493 1360 536 1364 νὴ
566 1360 605 1364 ὴν
650 1360 774 1368 --.-.-
814 1360 825 1371 .
868 1360 1078 1376 "mm...
1113 1360 1196 1380 wo
1224 1360 1305 1397 qua
1337 1360 1669 1409 uectuumur,
1714 1360 1773 1399 ne

174 1399 584 1486 parcasiProv.
606 1402 699 1457 “li.
733 1408 841 1475 Η).
861 1410 988 1501 ¹Νυη
1020 1415 1180 1481 dixit,
1211 1422 1482 1492 Scrutare,
1512 1441 1564 1483 et
1592 1449 1771 1501 qumre

173 1473 304 1542 quis
341 1476 408 1529 sit
434 1493 448 1530 τ
474 1473 1133 1561 ᾳυοιηιιυίιιῆρΙοιηιιηιίιιιο
1162 1473 1291 1550 mali
1318 1473 1570 1573 'qui

170 1574 378 1667 fruatur
400 1568 546 1671 ;“sed
588 1571 902 1641 simpliciter
943 1580 1092 1647 dixit,
1145 1584 1374 1654 Redime,
1404 1568 1645 1667 quisquis
1674 1603 1765 1671 sit,

168 1654 371 1725 inquit.
404 1658 519 1713 Hoc
548 1663 688 1717 enim
716 1668 945 1724 maxime
984 1682 1066 1727 est
1107 1677 1471 1753 eleemosyna.
1505 1654 1634 1743 Nam
1676 1654 1764 1763 qui

164 1751 354 1804 amico
383 1751 522 1808 bene
551 1754 710 1825 facit,
744 1760 931 1816 nonid
958 1766 1114 1833 plane
1147 1768 1270 1826 facit
1304 1751 1523 1845 propter
1552 1751 1712 1840 Deum
1748 1808 1761 1843 :

164 1842 257 1946 qui
292 1852 481 1946 autem
518 1845 717 1917 ignoto,
768 1853 812 1905 is
856 1852 989 1925 pare
1036 1871 1088 1913 et
1137 1863 1349 1921 sincere
1390 1870 1515 1924 facit
1543 1888 1760 1946 propter

168 1933 369 1988 Deum.
403 1936 468 1991 Et
496 1938 585 1994 ille
612 1943 827 2011 quidem
855 1947 1002 2014 dicit,
1035 1950 1110 2006 Ne
1142 1970 1327 2023 parcas
1363 1933 1618 2032 pecuni-is,
1644 1933 1755 2025 used

160 2029 385 2082 etiamsi
430 2044 613 2087 omnes
660 2046 907 2105 Oporteat
952 2044 1225 2102 effundere
1247 2092 1261 2115 ,
1296 2052 1359 2106 da
1391 2071 1403 2105 :
1436 2072 1533 2112 nos
1570 2029 1751 2118 autem

165 2116 421 2173 videntes
445 2120 707 2192 sullbcari,
740 2127 1039 2197 lamentari,
1070 2138 1218 2193 mille
1250 2143 1514 2201 mortibus
1536 2152 1749 2218 gravio-

166 2223 229 2261 ra
257 2211 401 2279 pati,
432 2222 481 2268 et
508 2231 653 2286 srepe
692 2218 911 2289 injuste,
945 2228 1214 2294 parcimus
1252 2211 1610 2303 pecuniisjet
1638 2257 1745 2300 non

1044 304 1107 360 ΙΝ
1148 305 1359 362 EPIST.
1402 308 1495 362 AD
1533 309 1902 371 HEBREOS.
1944 315 2098 375 CAP.
2142 318 2231 377 Vl.
2288 323 2521 383 HOMIL.
2566 328 2657 387 XI.

3393 332 3458 388 90

1892 425 2159 493 parcimus
2191 425 2475 493 fratribus;
2506 445 2682 484 rerum
2712 431 3068 488 inanimarum
3100 451 3279 491 curam
3325 443 3467 509 geri~

1890 532 2027 584 nius,
2057 518 2288 572 animam
2320 529 2497 575 autem
2526 523 2863 594 negligimus.
2898 526 3054 598 Atqui
3083 528 3208 584 dicit
3252 533 3462 591 l‘aulus:

1884 608 1911 661 1
1919 627 1952 662 η
1978 613 2359 667 mansuetudine
2378 615 2576 668 erudire
2590 633 2674 671 eos
2685 619 2771 688 qui
2793 620 3124 676 adversantur
3148 640 3165 677 :
3184 642 3243 679 ne
3262 632 3463 697 quando

1888 701 2022 757 Deus
2046 702 2127 757 det
2156 704 2258 757 illis
2288 706 2631 775 pwnitentiam
2661 709 2728 761 ad
2756 714 3153 779 cognoscendam
3184 720 3460 786 veritatem,

1881 803 1927 846 et
1955 795 2251 866 resipiscam
2276 813 2307 849 a
2333 796 2522 851 diaboli
2552 797 2745 869 laqueis
2766 842 2781 868 ,
2813 819 2843 853 a
2871 818 2968 871 quo
3015 807 3202 876 captivi
3233 819 3463 865 tenentur

1878 885 1945 939 ad
1972 887 2129 956 ipsius
2155 888 2461 942 voluntatem
2488 888 2562 958 (2.
2591 888 2724 945 Tim.
2763 891 2818 947 2.
2855 886 2945 948 25.
2975 893 3089 967 26).
3134 896 3220 952 Ne
3257 903 3459 971 quando

1875 973 2004 1029 dicit
2049 992 2064 1031 :
2112 978 2260 1035 vides
2300 992 2492 1050 quanta
2528 987 2780 1053 patientia
2828 989 3042 1058 plenum
3090 994 3159 1047 sit
3196 998 3460 1053 verbum?

1876 1064 2008 1119 Eum
2041 1081 2139 1121 nos
2184 1085 2398 1140 quoque
2442 1075 2714 1132 imitantes
2742 1079 2808 1134 de
2840 1072 3054 1137 nemine
3083 1084 3453 1155 desperemus.

1876 1157 2085 1213 Etenim
2118 1161 2414 1231 piscatores
2444 1180 2563 1221 cum
2594 1182 2737 1239 sa'pe
2765 1172 2897 1226 retia
2928 1174 2981 1227 in
3019 1191 3169 1231 mare
3189 1178 3420 1246 jccerint
3442 1224 3455 1247 ,

1873 1250 2004 1303 nihil
2036 1262 2157 1305 sunt
2196 1258 2500 1325 assequuti;
2549 1275 2671 1314 cum
2715 1271 2902 1331 postea
2946 1275 3123 1320 autem
3162 1268 3454 1338 jecissent,

1874 1354 2042 1397 totum
2071 1359 2413 1417 acceperunt.
2449 1352 2524 1406 lta
2552 1369 2651 1409 nos
2678 1371 2891 1427 quoque
2924 1360 3229 1431 neutiquam
3260 1362 3454 1432 despc-

1870 1450 2070 1503 ramus,
2102 1440 2198 1494 sed
2227 1454 2602 1511 exspectamus
2642 1448 2783 1516 quod
2818 1457 2985 1504 totum
3032 1452 3192 1507 simul
3236 1464 3458 1523 repente

1871 1529 2023 1583 nobis
2051 1533 2348 1589 ostendetis
2378 1535 2605 1590 fructum
2633 1550 2923 1595 maturum.
2952 1541 3084 1597 Nam
3118 1555 3173 1599 et
3199 1544 3451 1615 agricola,

1869 1631 2149 1690 postquam
2177 1626 2564 1694 seminaverit,
2597 1631 2829 1699 primum
2867 1634 3010 1689 diem
3056 1645 3109 1689 et
3156 1638 3452 1692 secundum

1868 1714 2225 1782 praestolatur,
2248 1728 2301 1771 et
2320 1718 2481 1790 longe
2502 1731 2742 1791 tempore
2761 1737 3036 1795 exspectat
3060 1745 3075 1792 ;
3102 1738 3207 1782 tum
3232 1743 3454 1799 repente

1868 1804 2047 1870 videt,
2081 1807 2317 1878 undique
2361 1809 2569 1867 fructus
2606 1814 2767 1869 simul
2808 1818 3194 1885 germinantes.
3243 1821 3352 1875 lloc
3402 1824 3449 1873 in

1865 1897 2017 1953 vobis
2046 1915 2262 1969 quoque
2291 1902 2524 1959 futurum
2572 1918 2947 1977 exspectamus
2989 1913 3157 1981 gratia
3200 1924 3256 1967 et
3300 1914 3450 1969 beni-

1863 1991 2065 2059 gnitate
2116 1993 2327 2049 Domini
2375 1999 2542 2052 nostri
2588 1999 2716 2054 .lesu
2761 2000 2994 2068 Christi,
3026 2004 3110 2057 cui
3140 2021 3262 2059 cum
3294 2004 3451 2058 Patre

1868 2099 1968 2136 una
2014 2101 2134 2140 eum
2179 2097 2364 2143 sancto
2407 2090 2610 2159 Spiritu
2650 2095 2840 2162 gloria,
2886 2097 3191 2164 imperium,
3239 2099 3449 2165 honor,

1866 2193 2005 2233 nunc
2026 2189 2076 2233 et
2105 2194 2337 2250 semper,
2364 2193 2417 2238 et
2445 2185 2496 2239 in
2524 2186 2718 2241 saecula
2749 2189 3091 2243 smculorum.
3122 2190 3315 2245 Amen.

172 2349 3428 2413 ᾑ--Ἦ-Ἁῃξῇ-Ὧ

1504 2459 1850 2529 HOMILIA
1908 2473 2027 2534 ΧΙ.

150 2585 292 2639 CAP.
329 2586 381 2639 6.
412 2601 463 2638 v.
496 2587 577 2639 15.
612 2586 828 2641 Abralue
858 2588 989 2641 enim
1017 2590 1308 2655 promittens
1342 2591 1491 2659 Deus,
1524 2614 1637 2650 cum
1668 2618 1751 2655 ne-

228 2680 421 2731 minem
448 2679 646 2733 haberet
672 2697 759 2747 per
778 2696 922 2749 quem
940 2674 1147 2752 juraret'
1167 2686 1429 2753 majorem,
1444 2688 1639 2756 juravit
1662 2711 1752 2763 per

224 2772 475 2841 scipsum,
504 2772 673 2825 dicens
697 2787 714 2825 :
734 2773 818 2826 14.
854 2770 977 2825 Nisi
998 2773 1291 2829 benedicens
1323 2779 1608 2835 benedicam
1636 2787 1745 2853 tibi,

224 2872 276 2914 et
316 2862 664 2931 multiplicans
694 2863 1040 2933 multiplicabo
1077 2874 1141 2918 te.
1182 2866 1269 2921 15.
1303 2868 1367 2921 Et
1397 2871 1470 2924 sic
1513 2874 1750 2945 longani-

228 2957 381 3010 miter
420 2960 585 3026 ferens
623 2956 836 3025 adeptus
879 2966 951 3011 est
995 2961 1449 3028 repromissiouem.
1502 2963 1747 3024 Homines

224 3050 363 3101 enim
395 3064 486 3118 per
506 3050 746 3110 maiorem
776 3064 829 3101 se
846 3049 1066 3118 jurant:
1092 3049 1177 3104 16.
1204 3062 1251 3104 et
1270 3055 1432 3106 omnis
1454 3066 1745 3113 controver-

222 3141 315 3192 sice
339 3140 459 3206 ﬁnis
483 3140 533 3191 in
557 3141 1009 3210 conformationem
1034 3150 1108 3196 est
1125 3145 1500 3213 juramentum.

228 3232 277 3284 t’.
321 3228 459 3284 Cum
488 3229 743 3284 liebrmos
768 3231 1113 3287 vehementer
1150 3244 1203 3287 et
1245 3234 1453 3292 fortiter
1484 3242 1746 3312 tetigisset

154 3335 205 3377 et
233 3338 330 3377 eos
361 3324 492 3377 satis
520 3324 835 3393 terruisset;
872 3326 1100 3393 primum
1128 3326 1340 3396 quidem
1374 3345 1467 3386 eos
1497 3337 1743 3391 consola-

156 3429 237 3471 tur
263 3417 547 3478 laudibus;
579 3417 815 3470 secundo
837 3428 1037 3483 autem,
1062 3420 1202 3487 quod
1226 3430 1307 3475 est
1338 3424 1495 3478 etiam
1528 3426 1738 3497 fortius,

151 3510 293 3577 quod
326 3526 387 3563 ea
422 3526 540 3578 qum
568 3519 783 3580 sperant
825 3512 931 3564 sint
968 3512 1189 3566 omnino
1227 3523 1631 3587 consequuturi.
1675 3524 1741 3578 Et

148 3604 487 3668 consolatur,
533 3611 636 3656 non
680 3619 709 3655 a
756 3605 1105 3672 prmsentibus
1132 3647 1147 3672 ,
1196 3608 1289 3661 sed
1334 3622 1369 3661 a‘
1403 3614 1734 3678 praeteritis:

148 3696 295 3765 quod
323 3695 541 3764 quidem
568 3696 647 3749 eis
677 3696 842 3765 magis
873 3699 1245 3763 persuadebat.
1274 3699 1731 3766 Quemadmodum

145 3782 290 3833 enim
336 3782 387 3832 in
433 3780 696 3849 supplicio
731 3797 824 3850 per
850 3782 939 3835 illa
970 3783 1138 3852 magis
1167 3792 1362 3851 terret,
1395 3785 1466 3840 ita
1493 3788 1657 3841 etiam
1686 3789 1735 3842 iu

146 3872 391 3939 prminiis
422 3886 515 3939 per
544 3870 659 3926 haze
689 3874 1015 3938 consoiatur,
1047 3874 1135 3930 Dei
1168 3891 1288 3930 esse
1318 3893 1521 3933 morem
1555 3890 1737 3936 osten-

147 3964 284 4015 dens
317 3982 332 4016 :
367 3963 411 4016 is
441 3972 620 4017 autem
653 3972 753 4026 est,
786 3980 890 4018 non
925 3966 1103 4019 statim
1144 3968 1397 4024 exhibere
1441 3975 1737 4039 promissa,

146 4055 245 4109 sed
269 4055 435 4124 longe
463 4066 582 4123 post
609 4065 865 4125 tempore.
904 4057 1015 4111 lloe
1041 4066 1219 4113 autem
1249 4058 1392 4124 faeit,
1424 4072 1476 4115 et
1503 4077 1611 4116 sum
1642 4078 1736 4132 po-

150 4147 333 4199 lentiae
362 4162 612 4216 magnum
642 4148 919 4216 proferens
948 4149 1201 4203 indicium
1223 4193 1236 4214 ,
1264 4160 1318 4205 et
1351 4167 1447 4206 nos
1478 4154 1739 4211 inducens

148 4236 212 4289 ad
246 4237 432 4301 fidem,
461 4246 516 4290 ut
544 4236 635 4307 qui
664 4239 844 4292 vivunt
886 4240 935 4293 in
966 4240 1340 4295 afflictionibus
1359 4285 1374 4307 ,
1406 4251 1459 4296 et
1484 4258 1582 4299 nec
1609 4258 1733 4314 pro-

148 4328 313 4380 missa
364 4329 628 4396 accipiunt
672 4344 769 4383 nec
809 4330 1104 4393 mercedes,
1137 4332 1201 4383 ad
1236 4333 1445 4405 labores
1474 4350 1577 4387 non
1606 4337 1741 4390 deli-

149 4422 314 4471 ciant.
373 4419 436 4473 Et
484 4436 670 4474 omnes
713 4421 1024 4485 dimittens,
1070 4423 1192 4477 licet
1236 4423 1457 4479 haberet
1502 4428 1723 4497 multos,

152 4511 427 4563 Abraham
462 4512 513 4564 in
549 4513 778 4565 medium
811 4502 1068 4576 adduxit,
1099 4523 1152 4566 et
1179 4525 1396 4585 propter
1426 4517 1521 4570 viri
1550 4526 1729 4571 aucto.

151 4604 402 4661 ritatem,
435 4613 487 4657 et
513 4604 653 4672 quod
685 4603 733 4656 id
766 4606 995 4659 maxime
1041 4604 1095 4658 in
1135 4621 1200 4657 eo
1243 4608 1502 4661 evenerit.
1543 4610 1738 4675 Quam-

148 4708 321 4762 quam
347 4692 477 4746 dicit
504 4694 559 4747 in
585 4696 690 4748 line
712 4692 977 4762 Epistolas,
1005 4695 1143 4764 quod
1172 4696 1256 4750 isti
1285 4694 1472 4751 omnes
1498 4706 1617 4752 cum
1645 4713 1737 4754 eas

152 4783 632 4852 procnl‘vidissent
669 4792 723 4838 et
763 4786 992 4853 amplexi
1031 4794 1248 4853 essent,
1280 4802 1383 4841 non
1416 4799 1739 4858 acceperunt

150 4875 584 4943 promissiones,
635 4890 700 4927 ne
756 4878 956 4942 absque
1014 4876 1166 4928 nobis
1216 4888 1734 4933 cousuuunarentur.

144 4965 372 5018 Abram:
395 4963 547 5027 anim,
583 4960 786 5031 inquit,
827 4958 1121 5028 promittens
1149 4956 1304 5022 Deus,
1332 4972 1445 5009 cum
1476 4959 1726 5009 neminem

150 5060 369 5110 haberet"
397 5070 486 5125 per
521 5064 668 5123 quem
693 5053 895 5121 juraret
930 5049 1192 5116 majorem,
1214 5049 1407 5114 iuravit
1432 5065 1520 5117 per
1546 5058 1731 5103 semet-

145 5153 336 5218 ipsum,
371 5148 584 5200 dicens:
609 5144 725 5198 Nisi
751 5144 1041 5197 benedicens
1071 5141 1361 5194 benedican;
1388 5141 1500 5205 tibi,
1529 5150 1572 5193 et
1604 5142 1736 5206 nud-

146 5243 389 5308 tiplican‘s
430 5237 778 5305 multiplicabo
820 5245 885 5287 te.
931 5234 994 5287 Et
1037 5234 1109 5286 sic
1149 5232 1503 5302 longanimiter
1546 5237 1729 5301 ferens,

149 5336 362 5402 adeptus
406 5341 477 5384 est
517 5328 974 5397 rapi-amissionem.
1017 5324 1297 5389 Quomodo
1335 5323 1493 5391 igitur
1532 5325 1584 5377 in
1628 5326 1733 5379 lino

149 5426 306 5486 dicit,
341 5420 465 5475 Non
495 5421 687 5485 accepit
715 5418 1071 5488 promissiones
1110 5416 1129 5482 (
1159 5415 1314 5468 llebr.
1342 5416 1428 5468 ll.
1458 5415 1533 5469 59
1556 5416 1603 5483 );
1648 5414 1735 5470 hic

149 5532 300 5581 vero,
334 5513 715 5583 Longanimiter
737 5515 921 5581 feretis,
935 5510 1146 5578 adeptus
1168 5520 1238 5562 est
1264 5509 1735 5579 repromissionem.’

148 5607 425 5677 quomodo
470 5620 577 5657 non
626 5603 869 5671 accepit?
914 5600 1185 5670 quomodo
1213 5610 1292 5654 est
1325 5600 1586 5668 adeptus?
1616 5601 1730 5657 Non

150 5705 211 5759 de
238 5702 439 5758 iisdem
468 5700 553 5753 hic
582 5697 768 5753 et'illic
790 5697 946 5762 dicit;
978 5694 1073 5751 scd
1099 5694 1364 5765 duplicem
1394 5693 1519 5749 facit
1542 5710 1733 5751 conso-

1858 2604 2129 2650 lationem.
2217 2597 2866 2653 l'rouiisit'Abraiu‘e:et
2915 2616 3032 2669 qum
3082 2600 3169 2657 hic
3215 2603 3430 2672 quidem

1855 2695 1999 2751 sunt,
2047 2686 2193 2740 dedit
2233 2688 2390 2757 longe
2432 2699 2549 2757 post
2593 2699 2860 2758 tempore;
2907 2707 3024 2761 qua:
3063 2702 3239 2747 autem
3287 2695 3428 2761 illic,

1856 2780 2087 2834 nondum
2122 2800 2135 2834 :
2171 2790 2223 2833 et
2249 2781 2325 2834 sic
2355 2781 2507 2851 longa
2541 2786 2670 2835 usus
2702 2782 2951 2851 patientia
2974 2826 2987 2850 ,
3020 2786 3429 2852 promissionem

1852 2884 1932 2925 est
1972 2872 2233 2941 adeptus?
2281 2872 2439 2927 Vides
2477 2872 2616 2942 quod
2651 2888 2756 2927 non
2788 2874 2900 2927 Sola
2936 2876 3220 2943 promissio
3264 2888 3426 2932 totum

1851 2965 2045 3027 effecit,
2088 2964 2181 3019 sed
2223 2966 2381 3018 etiam
2427 2964 2583 3034 longa
2628 2966 2920 3034 patientia?
2968 2966 3063 3021 llic
3107 2982 3200 3023 eos
3242 2977 3425 3037 terret,

1849 3058 2138 3111 ostendens
2169 3055 2308 3125 quod
2337 3072 2478 3126 saepe
2505 3058 2789 3125 impeditur
2814 3060 3096 3126 promissio
3128 3076 3222 3129 per
3250 3062 3425 3131 pusilli

1847 3150 2009 3204 animi
2041 3150 2249 3202 vitium.
2282 3148 2349 3201 Et
2378 3149 2479 3201 hoc
2506 3149 2717 3217 quidem
2746 3150 2981 3203 ostendit
3008 3165 3104 3221 per
3134 3153 3382 3221 populum
3412 3172 3423 3207 :

1849 3259 1968 3296 nam
1991 3244 2240 3311 quoniam
2266 3240 2460 3310 pusillo
2491 3238 2703 3294 fuerunt
2732 3242 2931 3305 animo,
2964 3257 3065 3295 nou
3096 3252 3219 3296 sunt
3249 3243 3424 3310 adepti

1846 3334 2254 3403 promissionem
2280 3352 2291 3386 :
2313 3332 2638 3385 ceiitrarium
2668 3341 2843 3386 autem
2874 3332 3103 3385 ostendit
3136 3349 3227 3401 per
3250 3336 3421 3389 Abra-

1845 3424 1988 3477 ham.
2031 3420 2233 3476 Deinde
2274 3422 2325 3473 in
2367 3420 2473 3474 fine
2520 3420 2648 3475 facit
2695 3422 2854 3475 etiam
2899 3422 3097 3491 aliquid
3141 3426 3417 3492 amplius:

1840 3513 2071 3569 Ostendit
2110 3510 2249 3581 quod
2285 3512 2442 3564 etiam
2483 3524 2602 3565 cum
2646 3512 2798 3581 longa
2831 3512 3077 3580 patientia
3110 3529 3211 3567 non
3242 3526 3421 3570 essent

1837 3606 2039 3674 adepti,
2074 3620 2245 3673 neque
2273 3604 2348 3657 sic
2377 3601 2589 3671 quidem
2618 3609 2744 3656 sunt
2768 3602 2977 3656 tristitia
3009 3604 3204 3659 aii‘ecti.
3238 3604 3418 3659 Homi-

1839 3714 1922 3749 nes
1951 3697 2081 3749 enim
2114 3712 2203 3765 per
2230 3692 2471 3764 majorem
2491 3693 2694 3761 jurant,
2718 3702 2765 3745 et
2790 3694 2912 3763 ipsis
2942 3695 3103 3746 omnis
3134 3707 3419 3749 controver-

1835 3787 1925 3838 siir
1951 3787 2068 3851 ﬁnis
2096 3787 2146 3837 in
2178 3784 2615 3851 conﬁrmationem
2645 3794 2718 3835 est
2737 3784 3085 3850 jurameutum
3113 3801 3130 3839 :
3159 3782 3292 3840 Deus
3322 3804 3417 3840 au-
3444 3790 3453 3801 ‘

1832 3884 1929 3928 tem
1960 3882 2074 3927 cum
2114 3873 2309 3926 nullum
2354 3873 2552 3924 haberet
2600 3874 2841 3940 majorem
2883 3890 2970 3941 per
3008 3891 3153 3943 quem
3188 3879 3410 3945 juraret,

1828 3967 2019 4036 iurari!
2039 3981 2126 4036 per
2152 3965 2491 4035 semetipsum.
2528 3961 2711 4017 Recte.
2741 3962 2869 4032 Quis
2892 3972 2972 4019 est
2998 3982 3125 4034 ergo
3152 3968 3243 4035 qui
3263 3970 3413 4036 jura-

1830 4058 1903 4105 vit
1933 4052 2194 4105 Abrahae?
2232 4067 2407 4104 annon
2445 4051 2646 4105 Filius?
2691 4050 2835 4119 Non,
2880 4053 3069 4119 inquit.
3124 4054 3273 4107 Unde
3311 4056 3410 4106 hoc

1825 4142 1997 4195 diris?
2045 4141 2281 4195 Maxime
2329 4141 2545 4210 quidem
2601 4142 2747 4209 ipse;
2803 4142 2899 4197 sed
2954 4158 3060 4196 non
3115 4145 3403 4197 contendo.

1828 4233 2050 4301 Quando
2077 4248 2205 4302 ergo
2233 4233 2346 4301 ipse
2371 4234 2516 4302 jnrat
2561 4233 2661 4287 hoc
2698 4234 2816 4303 ipso
2850 4234 3176 4304 iuramento,
3211 4237 3403 4295 Amen.

1828 4343 1970 4379 amen
1996 4326 2105 4379 dico
2128 4326 2301 4389 vobis;
2325 4341 2500 4379 annon
2524 4327 2644 4381 ideo
2663 4326 2887 4395 scilicet,
2910 4328 3050 4399 quod
3081 4343 3187 4382 non
3216 4326 3410 4381 habeat

1830 4417 2208 4487 inajorem'per
2235 4432 2391 4485 quem
2420 4417 2605 4485 juret?
2633 4417 2705 4473 Ut
2729 4417 2874 4473 enim
2893 4419 3093 4487 iuravit
3123 4418 3299 4485 Pater,
3338 4419 3409 4472 ita

1829 4514 1987 4567 etiam
2020 4512 2345 4581 Filiusjnrat
2376 4529 2468 4582 per
2489 4528 2547 4567 se
2573 4512 2777 4578 dicens,
2810 4512 2988 4574 Amen,
3016 4528 3162 4565 amen
3190 4512 3306 4565 dico
3325 4526 3411 4565 ιιι)⁴

1828 4606 1920 4659 bis.
1967 4606 2061 4660 llic
2105 4607 2231 4675 ipsis
2276 4615 2493 4659 revocat
2537 4607 2587 4658 in
2631 4605 2939 4659 memoriam
2967 4603 3165 4658 Christi
3193 4618 3407 4672 quoque

1825 4698 2148 4765 juramenta,
2190 4710 2313 4765 qua:
2353 4696 2563 4751 dicebat
2598 4694 2811 4749 assidue
2843 4712 2856 4747 :
2883 4694 3058 4758 Amen,
3086 4702 3249 4746 amen
3295 4693 3408 4745 dico

1832 4788 1939 4853 tibi,
1966 4790 2051 4856 qui
2080 4788 2236 4841 credit
2266 4789 2318 4840 in
2346 4804 2451 4851 me,
2486 4803 2587 4839 non
2614 4786 2857 4840 morietur
2883 4785 2936 4839 in
2966 4794 3205 4839 internum
3231 4783 3408 4851 (Joun.

1833 4880 1916 4933 ll.
1951 4879 2067 4948 26).
2098 4878 2232 4943 Quid
2265 4888 2366 4943 est,
2400 4876 2465 4931 Et
2494 4878 2657 4957 omnis
2685 4876 3037 4931 controversia:
3061 4876 3176 4938 ﬁnis
3203 4876 3253 4927 iu
3284 4889 3408 4927 con-

1832 4972 2167 5042 ﬁrmationem
2198 4980 2266 5025 est
2290 4970 2677 5041 jurameutum?
2713 4969 2771 5024 id
2804 4974 2886 5023 est
2915 4986 2927 5021 :
2958 4983 3023 5023 ex
3054 4968 3158 5022 hoc
3187 4967 3412 5022 solvitur

1833 5066 2004 5118 omnis
2035 5063 2418 5118 controversia:
2446 5063 2707 5118 dubitatio
2741 5081 2754 5117 :
2787 5077 2892 5118 non
2920 5061 3099 5133 hujus,
3128 5070 3220 5115 aut
3246 5062 3410 5128 illius,

1833 5158 1929 5211 sed
1956 5157 2153 5210 omnis.
2185 5156 2357 5225 Atque
2385 5156 2667 5225 oportebat
2691 5154 2909 5225 quidem
2935 5156 3096 5210 etiam
3124 5154 3239 5208 sine
3264 5153 3413 5223 jura-

1835 5258 2014 5302 menlo
2059 5248 2166 5301 Deo
2209 5248 2451 5301 credere.
2481 5247 2567 5301 1⁵7.
2612 5245 2677 5299 1η
2704 5263 2823 5314 quo,
2854 5246 3042 5315 inquit,
3076 5245 3415 5298 abundantius

1833 5345 2000 5395 volens
2032 5340 2167 5393 Deus
2193 5340 2453 5393 ostendere
2483 5339 2866 5408 pollicitationis
2892 5338 3159 5391 heredibus
3182 5335 3412 5389 immobi—

1835 5436 2025 5489 litatem
2047 5434 2247 5487 consilii
2274 5434 2373 5497 sui,
2404 5432 2701 5500 interposuit
2723 5431 3111 5503 jusjurandum.
3145 5430 3242 5484 llic
3269 5445 3413 5483 cout-

1833 5526 2117 5598 prehendit
2136 5526 2293 5581 etiam
2323 5524 2527 5581 fideles.
2554 5525 2843 5593 Propterea
2868 5524 3110 5579 meminit
3130 5524 3289 5578 etiam
3316 5522 3416 5575 hu-

1831 5619 1916 5690 jus
1962 5604 2351 5689 promissionis,
2382 5632 2499 5685 qua:
2540 5616 2687 5686 prior
2731 5616 2868 5672 facta
2916 5626 2997 5670 est
3040 5615 3414 5671 communiter.

1911 5711 1924 5746 ⁴
1957 5710 2047 5760 llic
2070 5710 2238 5771 incipit
2261 5707 2455 5759 humilia
2479 5706 2733 5756 undecima
2760 5706 2805 5751 in
2831 5701 2965 5752 Coll).
