4002 6426
576 355 637 413 9¹
1278 368 1334 424 S.
1377 366 1655 425 JOANNIS
1685 364 2154 424 CllRYSOSTOMI
2206 364 2519 421 ARClllEP.
2560 365 3092 421 CONSTANTINOP.
3775 364 3840 420 92

574 477 913 547 lnterposuit,
946 474 1137 547 inquit,
1160 476 1545 547 jusjurandum.
1581 476 1677 534 llic
1706 493 1892 534 rursus
1915 477 2044 533 dicit
2071 477 2149 532 Fi—

573 569 703 623 lium
734 567 900 623 fuisse
941 567 1351 623 intercessorem
1372 606 1390 633 ,
1433 568 1573 623 inter
1614 566 1858 622 homines
1886 578 1935 622 et
1967 568 2152 621 Deum.

573 658 664 715 18.
700 657 768 714 Ut
796 673 886 727 per
908 658 1038 711 duas
1075 673 1155 712 res
1189 657 1489 723 immobiles,
1524 658 1701 728 quibus
1737 659 2046 730 impossibile
2083 668 2156 711 est

572 751 773 805 mentiri
802 748 985 804 Deum.
1019 749 1122 804 Per
1148 764 1407 820 quasnam
1436 752 1563 805 res?
1606 751 1707 806 l’cr
1736 751 1835 806 hoc
1856 753 1993 821 quod
2022 753 2156 809 dixit

569 858 631 899 ac
660 842 925 914 promisit,
947 851 1001 896 et
1029 856 1125 911 per
1153 841 1257 897 hoc
1282 842 1423 913 quod
1450 842 1788 913 promissioni
1818 842 2013 914 adjecit
2039 844 2152 914 jus-

564 934 874 1004 jurandum.
915 933 1048 989 Nam
1090 934 1345 1004 quoniam
1370 934 1508 1004 apud
1539 933 1783 990 homines
1811 933 1916 991 hoc
1943 934 2152 990 videtur

568 1041 689 1082 esse
743 1024 1084 1096 credibilius,
1136 1041 1368 1097 nempe,
1419 1025 1778 1097 juramentum
1804 1067 1821 1097 ,
1876 1036 2154 1099 propterea

570 1119 747 1189 ipsum
776 1132 992 1187 quoque
1019 1116 1243 1172 addidit.

641 1201 701 1255 9.
735 1201 893 1256 Vides
921 1199 1065 1270 quod
1108 1213 1212 1252 non
1242 1211 1393 1251 suam
1431 1203 1639 1265 spectet
1666 1193 1982 1265 dignitatem
2003 1235 2020 1262 ,
2060 1195 2157 1250 sed

576 1290 845 1362 quomodo
876 1287 1183 1343 hominibus
1212 1285 1562 1356 persuadeat,
1613 1293 1670 1341 et
1717 1284 1785 1339 de
1832 1298 1895 1339 se
1940 1282 2157 1353 indigna

577 1382 681 1437 dici
709 1380 958 1443 sustinet,
998 1388 1056 1432 ut
1085 1377 1176 1447 qui
1210 1377 1339 1431 velit
1385 1376 1599 1446 plenam
1630 1385 1685 1429 et
1730 1367 1933 1429 certam
1963 1372 2160 1428 aﬂ‘erre

575 1470 984 1543 probationem?
1017 1469 1085 1523 Et
1126 1468 1178 1521 in
1221 1466 1530 1521 Ahrahamo
1568 1465 1787 1537 quidem
1815 1464 2051 1519 ostendit
2081 1472 2160 1518 to-

573 1577 686 1621 tutn
709 1580 833 1619 esse
863 1564 993 1627 Dei,
1025 1578 1130 1616 non
1160 1561 1305 1616 illius
1335 1562 1604 1615 diuturna:
1634 1560 1907 1631 patientia:
1928 1601 1943 1626 ,
1993 1558 2162 1629 siqui-

573 1654 698 1710 dem
746 1652 1003 1708 sustinuit
1051 1652 1211 1706 etiam
1262 1650 1465 1706 addere
1510 1650 1912 1721 juramentum;
1969 1649 2013 1703 si
2067 1664 2163 1718 per

570 1760 732 1815 quem
754 1744 939 1815 jurant
969 1742 1237 1807 homines,
1274 1741 1418 1797 Deus
1446 1756 1660 1812 quoque
1688 1756 1783 1811 per
1818 1740 2160 1812 ipsumjura-

569 1838 668 1904 vit,
702 1850 897 1909 nempe
938 1851 1032 1905 per
1078 1835 1340 1905 seipsum.
1383 1834 1488 1891 Sed
1521 1836 1594 1889 illi
1626 1835 1840 1905 quidem
1887 1843 2158 1905 tamquam

570 1944 669 1999 per
695 1927 975 1997 majorem,
1026 1926 1113 1981 hic
1157 1935 1336 1981 autem
1385 1942 1491 1979 non
1542 1940 1811 1996 tamquam
1844 1941 1940 1996 per
1993 1925 2161 1993 majo-

570 2035 729 2076 rem:
759 2028 815 2075 et
861 2028 1041 2073 tamen
1096 2017 1242 2073 fecit.
1284 2016 1400 2072 Non
1452 2027 1577 2072 sunt
1628 2017 1770 2072 enim
1815 2016 1959 2086 paria
1986 2057 2002 2083 ,
2064 2016 2160 2069 ho-

568 2113 768 2169 minem
797 2126 895 2182 per
917 2127 977 2166 se
994 2112 1199 2179 jurarc,
1227 2120 1282 2165 et
1312 2109 1478 2164 Deum
1507 2127 1520 2164 :
1550 2110 1713 2164 homo
1742 2111 1885 2163 enim
1927 2125 2031 2163 non
2064 2108 2159 2162 ha-

569 2206 663 2260 bet
705 2205 789 2259 sui
847 2212 1194 2273 potestatem.
1254 2202 1418 2259 Vides
1466 2202 1609 2273 quod
1661 2202 1765 2258 hoc
1820 2217 1928 2258 non
1986 2204 2157 2273 magis

570 2299 801 2353 Abraha:
825 2297 1026 2352 dictum
1053 2298 1123 2351 sit
1146 2311 1307 2367 quam
1331 2296 1528 2351 nobis?
1552 2295 1931 2360 Fortissimum,
1960 2295 2153 2364 inquit,

572 2388 813 2442 solatium
839 2387 1113 2440 habeamus
1157 2386 1243 2455 qui
1270 2386 1592 2456 confugimus
1629 2386 1698 2439 ad
1725 2386 1991 2439 tenendam
2037 2402 2157 2455 pro-

570 2481 793 2549 positam
822 2495 986 2549 spem.
1016 2478 1113 2533 llic
1141 2492 1355 2547 quoque
1380 2492 1570 2533 rursus
1599 2478 1754 2549 longa
1785 2492 1915 2532 usus
1944 2476 2155 2546 patien-

570 2570 664 2631 tia.
697 2578 1018 2637 asscquutus
1051 2577 1136 2623 est
1171 2567 1607 2637 promissionem.
1640 2566 1791 2621 Nunc
1812 2607 1828 2632 ,
1864 2566 2071 2636 inquit,
2103 2577 2158 2623 et

570 2674 677 2713 non
725 2658 903 2713 dixit:
934 2658 1200 2727 Quoniam
1239 2658 1459 2728 juravit.
1507 2656 1646 2726 Quid
1678 2657 1748 2712 sit
1788 2665 1969 2713 autem
2010 2656 2159 2727 jura-

569 2761 832 2818 mentum,
860 2750 1117 2818 ostendit,
1148 2750 1336 2806 dicens
1356 2791 1369 2815 ,
1394 2749 1588 2807 Jurare
1616 2764 1715 2822 per
1741 2748 2024 2819 majorem.
2049 2747 2157 2805 Sed

569 2844 822 2911 quoniam
848 2852 935 2898 est
958 2842 1290 2899 incredulum
1319 2855 1491 2912 genus
1519 2840 1816 2905 hominum,
1845 2839 1914 2895 ad
1941 2839 2154 2905 eadem,

568 2934 637 2989 ad
657 2950 777 3005 qua:
799 2950 916 2999 nos,
945 2950 1005 2989 se
1034 2935 1274 2989 dimittit.
1299 2935 1449 2990 Sicut
1475 2948 1604 3004 ergo
1624 2932 1771 3002 jurat
1794 2942 2015 3003 prepter
2035 2947 2153 2999 nos,

570 3027 785 3081 etiamsi
826 3027 921 3082 illo
965 3028 1037 3082 sit
1066 3027 1341 3097 indignum
1386 3026 1529 3097 quod
1580 3041 1686 3081 non
1726 3024 1981 3081 credatur
2021 3042 2037 3080 :
2083 3026 2157 3081 ita

568 3120 731 3174 etiam
758 3119 961 3176 dictum
1003 3130 1085 3175 est
1124 3119 1253 3174 illud
1276 3160 1291 3184 ,
1328 3118 1523 3173 Didicit
1549 3134 1613 3172 ea:
1646 3118 1708 3173 iis
1730 3134 1843 3187 qua:
1876 3134 2056 3189 passus
2083 3128 2156 3173 est

570 3210 757 3280 (Hebr.
782 3210 837 3266 5.
863 3211 922 3281 8)
956 3228 970 3263 :
999 3210 1254 3281 quoniam
1278 3210 1589 3267 existimant
1614 3209 1861 3265 homines
1898 3208 2003 3264 hoc
2035 3224 2155 3266 esse

567 3303 738 3373 magis
763 3303 866 3357 fide
892 3302 1148 3373 dignum,
1188 3302 1399 3372 assequi
1444 3317 1539 3372 per
1578 3301 1988 3371 experientiam.
2016 3301 2153 3368 Quid

567 3402 672 3460 est,
710 3392 1037 3461 Propositum
1067 3393 1256 3461 spem?
1281 3391 1359 3447 Ex
1391 3392 1474 3446 his
1498 3433 1513 3459 ,
1542 3392 1754 3461 inquit,
1784 3390 1960 3446 futura
1987 3391 2155 3462 conji-

567 3486 778 3539 cimus:
811 3500 931 3537 nam
959 3486 1003 3538 si
1034 3486 1147 3539 [nec
1174 3494 1295 3553 post
1336 3492 1543 3537 tantum
1583 3492 1795 3552 tempus
1834 3492 2151 3550 evenerunt,

569 3592 791 3632 omnino
830 3577 918 3631 illa
946 3592 1177 3646 quoque.
1221 3576 1582 3642 Quamobrem
1619 3592 1737 3644 qua:
1774 3574 1911 3628 facta
1940 3574 2156 3629 fuerunt

565 3664 819 3730 Abrahaa,
849 3665 1003 3721 nobis
1028 3680 1241 3736 quoque
1262 3664 1422 3721 fidem
1452 3665 1654 3720 faciunt
1681 3665 1749 3721 de
1775 3666 1993 3721 futuris.
2017 3667 2035 3698 ¹
2062 3666 2150 3722 19.

569 3758 733 3822 Quam
754 3760 883 3813 sicut
908 3776 1149 3814 ancoram
1177 3759 1418 3813 habemus
1445 3760 1630 3813 anima
1652 3768 1811 3812 tutam
1839 3776 1900 3814 ac
1925 3760 2146 3828 ﬁrmam,

567 3862 613 3927 et
642 3851 955 3906 incedentem
994 3863 1151 3923 usque
1196 3852 1263 3906 ad
1308 3852 1553 3905 interiora
1596 3851 1859 3906 velaminis
1889 3866 1907 3906 :
1933 3850 2024 3906 20.
2069 3849 2154 3904 ubi

568 3958 854 4013 prmcursor
876 3960 970 4016 pro
999 3945 1141 3999 nobis
1166 3944 1388 3998 introivit
1411 3941 1447 3997 .I
1453 3960 1584 4009 esus,
1615 3944 1893 3997 secundum
1920 3943 2149 3999 ordinem

569 4036 943 4091 Melchisedech
968 4038 1197 4109 pontifex
1225 4036 1392 4105 factus
1426 4037 1480 4089 in
1515 4046 1779 4090 internum.
1810 4036 1943 4091 Cum
1974 4036 2150 4091 adhuc

568 4130 741 4184 simus
789 4130 839 4183 in
887 4130 1109 4196 mundo,
1139 4138 1195 4185 et
1239 4143 1273 4185 e
1314 4129 1421 4183 vita
1454 4128 1693 4185 nondum
1735 4131 2147 4193 excesserimus,

569 4220 805 4276 ostendit
827 4220 938 4290 jam
969 4235 1090 4277 esse
1132 4221 1186 4277 in
1216 4219 1496 4291 promissis
1529 4237 1545 4275 ι
1576 4236 1699 4277 nam
1728 4235 1825 4291 per
1861 4234 2013 4290 spem
2039 4220 2149 4289 jam

568 4326 754 4367 sumus
798 4312 850 4366 iu
898 4312 1067 4366 czelis.
1109 4312 1470 4381 Exspectate,
1519 4311 1723 4381 inquit;
1766 4312 1984 4366 omnino
2006 4313 2149 4367 enim

568 4404 689 4457 erit.
726 4404 928 4459 Deinde
958 4404 1173 4474 plenam
1201 4403 1435 4458 all‘erens
1485 4404 1884 4472 persuasionem
1912 4444 1927 4467 ,
1971 4402 2103 4457 dicit
2135 4420 2147 4455 :

567 4495 731 4567 Magis
758 4506 938 4552 autem
969 4510 1066 4566 spe
1090 4496 1201 4566 jam
1227 4495 1547 4565 consequuti
1574 4495 1727 4548 estis.
1764 4494 1831 4549 Et
1858 4509 1962 4548 non
1992 4494 2149 4560 dixit,

565 4587 767 4645 Sumus
795 4588 977 4652 intus;
1008 4586 1125 4651 sed,
1160 4586 1279 4656 Ipsa
1325 4596 1409 4642 est
1440 4586 1686 4655 ingressa
1718 4603 1733 4639 :
1762 4585 1905 4656 quod
1936 4584 2150 4655 quidem

563 4689 680 4733 erat
708 4680 887 4735 verius
930 4688 987 4735 et
1027 4678 1382 4748 probabilius.
1432 4676 1582 4733 Sicut
1625 4678 1767 4732 enim
1806 4691 2003 4733 ancora
2031 4678 2153 4733 navi

563 4786 797 4841 appensa
824 4812 839 4835 ,
872 4785 981 4825 non
1013 4771 1144 4825 sinit
1188 4784 1309 4824 eam
1352 4768 1690 4823 circumferri
1720 4808 1735 4831 ,
1779 4767 1991 4823 etiamsi
2031 4782 2149 4821 eam

567 4864 707 4917 venti
738 4865 982 4932 quatiant
1024 4861 1448 4917 innumerabiles
1473 4903 1487 4926 ,
1528 4860 1622 4915 sed
1663 4874 1900 4930 appensa
1944 4858 2150 4915 ﬁrmam

568 4956 742 5010 reddit
765 4966 819 5011 et
847 4955 1095 5011 stabilem
1129 4974 1142 5009 :
1174 4956 1245 5010 ita
1267 4953 1429 5008 etitim
1460 4969 1603 5025 spes.
1642 4953 1773 5009 Vide
1794 4963 1971 5008 autem
1994 4968 2151 5024 quant

566 5047 722 5101 valde
756 5056 1140 5117 congruentem
1186 5046 1453 5101 invenerit
1493 5046 1777 5115 imaginem
1826 5063 1837 5099 :
1874 5060 1978 5099 non
2008 5046 2150 5099 enim

567 5139 700 5193 dicit
722 5138 1149 5202 fundamentum,
1175 5139 1317 5207 quod
1344 5139 1724 5207 discrepasset,
1753 5137 1847 5191 sed
1875 5152 2148 5191 ancoram.

568 5231 702 5287 Nam
729 5230 870 5298 quod
910 5239 995 5285 est
1042 5233 1094 5283 in
1130 5229 1293 5284 lluctu
1340 5230 1522 5292 maris,
1555 5238 1610 5283 et
1650 5245 1754 5282 non
1796 5228 2012 5284 videtur
2032 5242 2154 5284 esse

568 5320 856 5375 admodum
890 5320 1104 5373 [irinum
1134 5328 1190 5374 et
1216 5320 1407 5373 stabile
1426 5360 1440 5382 ,
1474 5327 1580 5373 stat
1606 5334 1769 5388 super
1795 5334 1984 5389 aquam
2019 5328 2153 5372 tam-

567 5428 727 5482 quam
758 5426 918 5480 supra
951 5418 1186 5474 terram,
1230 5409 1559 5478 lahascitque
1607 5420 1663 5464 et
1710 5425 1815 5463 non
1848 5410 2071 5465 labascit
2107 5409 2150 5466 ³.

626 5550 641 5578 ς
671 5547 792 5605 Quae
814 5547 1097 5605 sequutum:
1108 5550 1269 5605 usque
1290 5537 1354 5605 ad
1374 5549 1630 5586 numerum
1654 5536 1685 5584 4
1706 5537 1883 5605 desunt
1907 5538 1958 5605 ia
1977 5536 2113 5605 Cglb.

625 5611 645 5642 s
674 5597 726 5673 ᾗ,
759 5597 1036 5673 Μεξ.’ξρυᾴ
1061 5597 1217 5673 βδνῇῐ.
1258 5599 1475 5673 legitur:
1506 5607 1621 5673 Nam
1646 5598 1773 5673 quod
1811 5607 1880 5669 est
2000 5597 2150 5673 [luctu

562 5668 713 5723 maris
748 5675 793 5718 et
826 5666 878 5716 in
918 5660 1101 5725 liquido
1132 5660 1363 5725 elemento
1386 5674 1479 5709 non
1511 5660 1665 5725 potest
1693 5660 1882 5725 σῃυιὶηο
1921 5661 2147 5725 stabiliri.

564 5721 651 5784 nec
673 5740 802 5782 stare
826 5721 1028 5791 perinde
1050 5740 1107 5777 ac
1131 5724 1171 5777 si
1196 5723 1243 5773 in
1266 5728 1397 5774 terra
1418 5730 1568 5783 esset,
1602 5721 1842 5785 siquidem
1874 5722 2072 5775 labascit
2104 5729 2151 5775 et

565 5809 655 5845 non
680 5792 894 5843 labascit.

2256 476 2387 531 Nam
2442 477 2493 532 in
2541 475 2605 531 iis
2656 477 2872 548 quidem
2930 478 3019 548 qui
3071 490 3198 535 sunt
3257 480 3411 537 valde
3464 483 3603 537 lirmi
3657 482 3842 538 solidi-

2253 584 2359 639 que
2388 578 2445 626 et
2486 570 2820 640 phil050phi,
2872 571 2999 625 illud
3040 584 3405 631 consentanee
3462 577 3643 645 posuit
3682 577 3839 632 Chri-

2265 676 2420 732 stus,
2475 662 2661 719 dicens
2714 679 2729 717 :
2778 662 2877 729 Qui
2916 662 3187 729 wdi/icavit
3238 663 3447 716 domum
3497 680 3646 717 suant
3690 680 3846 731 supra

2266 770 2461 830 petram
2505 755 2737 828 (Matth.
2771 756 2824 809 7.
2856 754 2968 824 24)
2998 772 3012 809 :
3048 756 3099 810 in
3145 754 3210 809 iis
3256 764 3436 810 autem
3474 756 3567 826 qui
3594 765 3724 811 sunt
3752 755 3848 811 de-

2267 852 2425 917 fessi,
2474 860 2533 906 et
2568 850 2767 906 debent
2811 862 2907 919 spe
2934 848 3170 919 portari,
3211 848 3598 904 convenienter
3622 847 3730 904 hoc
3759 864 3851 919 po.

2265 947 2371 1001 suit
2401 944 2615 1000 Paulus.
2638 942 2771 998 Nam
2800 941 2992 997 tinctus
3018 939 3236 1012 quidem
3263 950 3320 996 et
3344 956 3534 1012 magna
3558 952 3850 1012 tempestas

2264 1035 2516 1105 scapham
2547 1034 2721 1104 quatit
2749 1052 2762 1088 :
2796 1048 2921 1104 spes
2950 1042 3129 1088 autem
3164 1048 3270 1087 non
3320 1032 3449 1087 sinit
3488 1030 3849 1097 circumferri,

2262 1128 2472 1185 etiamsi
2498 1142 2615 1181 eam
2638 1128 2780 1180 venti
2803 1126 3004 1195 agitent
3025 1125 3464 1181 innumerabiles.
3486 1126 3849 1193 Quamobrem

2259 1220 2304 1273 si
2333 1234 2449 1274 eam
2480 1233 2583 1272 non
2608 1216 2999 1281 habuissemus,
3019 1216 3127 1285 jam
3159 1217 3285 1271 olim
3312 1231 3563 1273 essemus
3587 1216 3849 1271 demersi.

2263 1311 2381 1365 Non
2412 1310 2586 1365 solum
2629 1318 2806 1362 autem
2852 1308 2904 1362 in
2936 1307 3301 1375 spiritualibus
3327 1349 3343 1373 ,
3385 1308 3483 1363 sed
3509 1308 3675 1363 etiam
3707 1308 3762 1362 in
3789 1308 3852 1363 iis

2261 1416 2384 1473 quas
2411 1400 2476 1455 ad
2506 1400 2643 1455 hanc
2671 1399 2834 1453 vitam
2865 1398 3138 1468 pertinent
3162 1439 3177 1465 ,
3209 1413 3456 1467 magnam
3485 1398 3605 1469 ejus
3629 1399 3740 1453 vim
3768 1400 3850 1453 in-

2262 1492 2476 1549 veneris
2500 1532 2513 1556 ,
2564 1490 2618 1545 in
2667 1499 3003 1556 mercatura,
3034 1489 3088 1543 in
3128 1490 3489 1559 agricultura,
3526 1490 3580 1543 in
3615 1489 3804 1543 militia
3834 1508 3845 1542 :

2262 1586 2363 1642 nisi
2392 1583 2535 1638 enim
2566 1582 2829 1652 quiSpiam
2868 1595 2989 1635 eam
3017 1581 3197 1634 statim
3232 1580 3333 1634 sibi
3365 1581 3753 1651 pneposuerit,
3785 1596 3851 1635 ne

2259 1690 2395 1747 Opus
2423 1673 2637 1745 quidem
2664 1672 2921 1741 attigerit.
2962 1676 3232 1727 Ancoram
3258 1682 3440 1727 autem
3468 1686 3577 1726 non
3604 1671 3743 1727 dixit
3766 1672 3850 1726 ab

2260 1769 2457 1835 Salute,
2486 1764 2581 1821 sed
2609 1764 2814 1819 firmam
2853 1772 2910 1818 et
2936 1763 3206 1830 stabilem,
3236 1773 3296 1819 ut
3318 1763 3569 1820 ostendat
3597 1765 3718 1835 ejus
3754 1764 3847 1819 lir-

2260 1861 2497 1914 mitatem
2530 1858 2595 1913 iis
2615 1857 2704 1928 qui
2735 1857 2821 1911 illa
2850 1855 3141 1912 fuleiuntur
3167 1855 3233 1911 ad
3260 1858 3490 1912 salutem
3518 1873 3532 1909 :
3561 1856 3688 1912 ideo
3716 1856 3845 1912 sub-

2259 1950 2450 2020 iungit,
2482 1948 2607 2016 Qua:
2635 1947 2920 2019 ingreditur
2955 1948 3008 1999 in
3035 1947 3282 2001 interiora
3319 1947 3622 2013 uelaminis;
3661 1947 3716 2002 id
3742 1959 3844 2011 est,

2257 2059 2376 2112 quzc
2402 2040 2645 2111 pervadit
2669 2054 2837 2110 usque
2862 2038 2930 2093 ad
2957 2038 3171 2093 cadum.
3202 2037 3405 2095 Deinde
3441 2038 3606 2094 tidem
3633 2055 3846 2111 quoque

2257 2134 2551 2204 subjunxit,
2581 2142 2638 2186 ut
2677 2147 2785 2185 non
2828 2130 3005 2185 solum
3049 2130 3122 2185 sit
3146 2144 3308 2199 spes,
3354 2130 3449 2185 sed
3492 2130 3661 2187 etiam
3697 2132 3847 2185 valde

2258 2241 2405 2281 vera.
2426 2224 2557 2279 Nam
2579 2232 2699 2293 post
2736 2220 3109 2293 jusjurandum
3156 2222 3307 2291 ponit
3340 2222 3501 2277 ctiam
3548 2223 3729 2287 aliam,
3758 2239 3847 2293 per

2258 2334 2355 2376 res
2367 2320 2508 2389 ipsas
2521 2316 3058 2382 demonstrationem,
3078 2330 3270 2385 nempe
3282 2314 3423 2386 quod
3438 2313 3743 2369 Prwcursor
3758 2333 3844 2385 pro

2258 2414 2398 2467 nobis
2419 2408 2838 2465 introivitJesus.
2858 2408 3168 2462 Prwcursor
3208 2418 3387 2462 autem
3417 2415 3504 2463 est
3542 2408 3841 2477 aliquorum

2258 2519 2577 2575 prmcursor,
2604 2503 2742 2557 sicut
2767 2500 3000 2555 Joannes
3015 2499 3236 2555 Christi.
3261 2499 3329 2554 Et
3356 2515 3465 2554 non
3493 2500 3630 2554 dixit
3648 2501 3839 2565 solum,

2258 2594 2519 2661 Introivit,
2573 2592 2691 2657 sed,
2749 2590 2848 2647 Ubi
2894 2606 3183 2660 precursor
3234 2606 3328 2659 pro
3391 2591 3537 2645 nobis
3582 2593 3841 2654 introivit;

2259 2695 2443 2755 utpote
2472 2699 2593 2739 cum
2614 2698 2712 2739 nos
2737 2698 2949 2753 quoque
2978 2681 3269 2738 debeamus
3298 2698 3364 2736 eo
3391 2683 3698 2752 pervenire.
3732 2683 3837 2738 Non

2261 2788 2341 2833 est
2372 2778 2515 2833 enim
2540 2775 2763 2829 multum
2797 2774 3144 2829 interstitimn
3176 2773 3315 2828 inter
3354 2788 3748 2843 przecursorem
3790 2786 3839 2831 et

2260 2887 2355 2927 eos
2411 2872 2500 2940 qui
2550 2878 2892 2939 sequuntur:
2926 2882 3051 2923 nam
3106 2867 3305 2938 alioqui
3352 2878 3652 2929 nonesset
3708 2885 3838 2938 pne-

2267 2978 2476 3019 cursnr.
2509 2962 2903 3016 Prazcursorem
2951 2960 3094 3014 enim
3145 2970 3199 3014 et
3241 2974 3335 3014 eos
3382 2960 3474 3029 qui
3503 2971 3837 3029 sequuntur.

2256 3063 2469 3124 oportet
2494 3067 2614 3107 esse
2644 3052 2696 3105 in
2714 3051 2902 3107 eadem
2930 3052 3012 3105 via
3036 3067 3052 3117 ;
3084 3050 3229 3105 illum
3256 3051 3395 3104 viam
3418 3050 3651 3121 ingredi,
3671 3064 3727 3106 et
3748 3051 3837 3105 bos

2256 3142 2535 3214 consequi.
2584 3142 2878 3197 Secundum
2920 3141 3151 3194 ordinem
3198 3140 3572 3195 Melchisedech
3616 3144 3833 3212 ροιιιὶία

2256 3238 2308 3292 in
2356 3247 2601 3294 internum
2647 3235 2833 3305 factus.
2890 3234 3030 3289 Ecce
3087 3234 3189 3288 alia
3242 3250 3455 3305 quoque
3506 3238 3832 3300 consolatio,

2254 3333 2299 3387 si
2347 3332 2561 3402 quidem
2605 3344 2765 3399 supra
2810 3337 2892 3383 est
2917 3338 3103 3383 noster
3136 3328 3371 3397 pontifex
3398 3370 3413 3394 ,
3446 3338 3501 3383 ct
3531 3330 3703 3384 multo
3727 3347 3832 3385 me-

2255 3427 2357 3480 lior
2386 3425 2448 3479 iis
2474 3424 2563 3493 qui
2594 3421 2877 3491 suntapud
2906 3420 3142 3483 Iudaeos.
3176 3438 3280 3474 non
3311 3422 3484 3476 solum
3526 3424 3709 3483 modo.
3749 3426 3828 3478 sed

2253 3509 2414 3564 etiam
2444 3510 2605 3575 loco,
2666 3510 3047 3577 tabernaculo,
3100 3518 3423 3565 testamento
3471 3515 3527 3563 et
3587 3518 3825 3575 persona.

2255 3599 2461 3658 Dictum
2490 3611 2576 3659 est
2600 3612 2780 3659 autem
2827 3603 2895 3659 de
2943 3620 3009 3660 eo
3049 3602 3192 3675 quod
3237 3612 3321 3659 cst
3367 3600 3669 3658 secundum
3723 3612 3828 3654 caro

2253 3707 2395 3748 nem.

2324 3784 2378 3839 3.
2404 3784 2625 3853 Oportet
2660 3800 2790 3856 ergo
2826 3793 2881 3841 et
2907 3800 3003 3841 eos
3028 3801 3253 3858 quorum
3283 3796 3366 3841 est
3408 3782 3664 3841 sacerdos
3688 3781 3829 3851 longe

2253 3888 2376 3930 esse
2445 3875 2739 3942 meliores;
2798 3885 2854 3932 et
2917 3887 3177 3947 quantum
3250 3878 3390 3932 inter
3459 3879 3733 3932 Aaronem
3782 3883 3829 3927 et

2253 3966 2523 4023 Christum
2579 3968 2840 4035 interest,
2896 3976 3101 4024 tantum
3152 3969 3416 4025 interesse
3462 3969 3604 4023 inter
3643 3982 3742 4023 nos
3782 3976 3827 4022 et

2255 4059 2492 4115 Judzeos.
2528 4060 2666 4115 Ecce
2691 4062 2833 4116 enim
2877 4062 2929 4117 in
2992 4063 3201 4132 superis
3233 4062 3496 4117 habemus
3523 4061 3817 4122 victimam,

2256 4153 2309 4207 in
2336 4152 2544 4223 superis
2583 4154 2919 4209 sacerdotem
2946 4196 2962 4223 ,
3019 4156 3071 4211 in
3110 4156 3320 4226 superis
3359 4156 3709 4211 sacriﬁcium.
3734 4154 3823 4209 Eas

2260 4259 2391 4315 ergo
2439 4244 2731 4300 oll'eramus
2782 4245 2987 4301 hostias
3013 4262 3134 4317 quae
3179 4247 3233 4301 in
3261 4247 3350 4302 illa
3382 4262 3474 4301 ara
3513 4247 3723 4316 possint
3760 4243 3826 4298 of-

2260 4335 2430 4391 ferri:
2477 4353 2583 4391 non
2632 4337 2861 4406 amplius
2916 4354 3047 4393 oves
3098 4348 3155 4395 et
3208 4338 3413 4405 boves,
3459 4355 3569 4394 non
3610 4339 3824 4408 amplius

2264 4428 2577 4498 sanguinem
2609 4438 2661 4483 et
2690 4428 2934 4483 nidorem
2966 4448 2978 4484 :
3010 4430 3123 4485 haec
3148 4431 3327 4485 omnia
3376 4441 3501 4485 sunt
3526 4431 3754 4496 abolita,
3783 4438 3830 4483 et

2260 4533 2358 4586 pro
2404 4519 2485 4573 eis
2514 4528 2595 4572 est
2641 4519 2980 4574 introductus
3022 4520 3199 4575 cultus
3246 4521 3540 4575 rationalis.
3578 4520 3715 4589 Quid
3758 4529 3829 4575 est

2258 4620 2437 4667 autem
2466 4612 2644 4667 cultus
2684 4612 3010 4666 rationalis?
3058 4612 3191 4679 Quae
3222 4628 3317 4681 per
3345 4614 3582 4668 animam
3612 4613 3825 4668 clientu-

2261 4715 2367 4770 tur,
2395 4720 2514 4776 qua:
2563 4720 2657 4773 per
2685 4704 2935 4774 spiritum
2967 4704 3258 4775 (Spiritus,
3305 4706 3498 4774 inquit,
3560 4716 3634 4759 est
3677 4705 3829 4765 Deus;

2260 4807 2307 4851 et
2336 4814 2419 4851 eos
2440 4797 2526 4867 qui
2556 4798 2722 4865 ipsum
2748 4802 2967 4849 adorant
2992 4838 3007 4863 ,
3039 4800 3092 4849 in
3122 4798 3304 4867 spiritu
3350 4808 3396 4851 et
3422 4799 3635 4852 veritate
3656 4808 3832 4868 oportet

2261 4888 2477 4942 adorare
2505 4885 2685 4959 [Joan.
2713 4893 2766 4941 s.
2790 4886 3066 4959 24]),qua:
3095 4904 3201 4942 non
3228 4903 3362 4957 opus
3383 4888 3586 4945 habent
3604 4904 3831 4961 corpore,

2261 4994 2366 5034 non
2409 4994 2543 5048 opus
2572 4978 2772 5033 habent
2816 4980 3208 5044 instrumentis,
3240 4994 3347 5034 non
3371 4980 3507 5035 locis
3539 4998 3554 5034 :
3588 4980 3704 5036 hare
3725 4996 3836 5041 vero

2262 5078 2389 5124 sunt
2419 5070 2706 5134 modestia,
2742 5072 3117 5139 temperantia,
3146 5072 3514 5143 eleemosyua,
3545 5073 3835 5139 tolerantia,

2263 5162 2490 5228 lenjtas,
2544 5169 2599 5215 et
2639 5161 2918 5229 patientia.
2974 5160 3101 5217 Haec
3144 5163 3405 5217 sacriticia
3448 5164 3653 5220 videris
3692 5166 3835 5219 etiam

2262 5253 2444 5308 multis
2483 5262 2629 5308 retro
2659 5254 2870 5308 saeculis
2899 5255 3177 5325 przeligura
3190 5266 3262 5310 ta.
3311 5255 3618 5325 Sacri/icate
3643 5297 3660 5324 ,
3686 5256 3834 5326 inquit

2267 5344 2456 5412 David,
2481 5342 2585 5397 Deo
2614 5345 2924 5414 sacriﬁcium
2942 5347 3161 5417 justitia:
3185 5363 3203 5401 :
3226 5357 3281 5402 et
3308 5362 3520 5413 rursus,
3539 5348 3833 5415 Sacriﬁcabo

2265 5436 2353 5489 tibi
2377 5435 2687 5503 sacriﬁcium
2739 5436 2948 5501 laudis;
2977 5446 3054 5504 et,
3087 5436 3417 5506 Sacriﬁcium
3463 5438 3631 5492 laudis
3656 5436 3831 5508 gloriﬁ-

2267 5531 2400 5586 cabit
2470 5545 2587 5595 me;
2639 5539 2735 5595 et,
2784 5528 3112 5597 Sacriﬁcium
3168 5528 3279 5585 Deo
3348 5532 3563 5600 spiritus
3614 5528 3828 5582 contritus

2271 5620 2454 5691 (Psal.
2483 5621 2539 5675 4.
2593 5620 2648 5674 6.
2691 5621 2890 5675 etilii.
2927 5622 3012 5674 17.
3046 5630 3093 5673 et
3140 5622 3231 5675 49.
3258 5620 3329 5676 9.5
3371 5632 3416 5674 et
3457 5622 3548 5677 50.
3604 5620 3725 5690 19):
3752 5627 3821 5679 ει.

2272 5714 2408 5781 Quid
2455 5730 2487 5767 α
2539 5724 2585 5767 te
2630 5715 2837 5783 requirit
2895 5712 3145 5767 Dominus
3194 5715 3296 5767 nisi
3354 5726 3407 5766 ut
3461 5716 3626 5783 ipsum
3670 5711 3820 5763 audias

2275 5804 2459 5877 (Mich.
2489 5805 2541 5861 6.
2572 5804 2669 5876 8)?
2710 5803 3024 5861 llolocausta
3049 5815 3094 5857 et
3120 5821 3212 5875 pro
3248 5816 3451 5876 peccato
3491 5822 3588 5861 non
3625 5805 3701 5857 llbl
3724 5802 3813 5867 fud-
