4002 6426
178 323 258 382 93
976 324 1042 381 lN
1082 319 1297 380 EPIST.
1341 320 1432 376 AD
1462 317 1830 378 ιιεθῐιιεοδ.

171 445 296 488 rnnt
344 433 518 504 (Psal.
548 434 638 491 50.
668 434 778 505 l8).
813 434 954 490 Tunc
981 436 1260 502 dixi,Ecce
1279 439 1442 500 venio,
1476 449 1528 492 ut
1556 443 1762 511 faciam,

171 528 321 582 Deus
344 570 358 594 ,
389 529 697 582 voluntatem
721 539 856 582 tuam
903 529 1074 602 (Psal.
1126 531 1216 586 59.
1258 533 1310 586 8.
1345 531 1431 603 9);
1476 541 1531 586 ct
1556 548 1763 600 rursus,

178 621 324 688 Quin
374 620 502 674 mihi
553 621 668 675 thus
709 619 902 688 a/I'ertis
942 639 1005 676 ex
1047 622 1188 678 Saba
1229 623 1366 695 (Jer.
1397 624 1449 679 6.
1489 625 1624 694 20)?
1674 635 1764 694 et,

170 716 370 769 Amove
405 732 437 768 a
462 731 540 769 me
581 732 762 770 sonum
789 717 1100 776 canticorum
1150 727 1388 784 tuorum;
1427 729 1474 774 et
1503 722 1754 789 psalmum

170 808 629 861 instrumentorum
677 814 882 860 tuorum
927 824 1029 862 non
1058 807 1267 863 audiam
1292 808 1494 883 (Amos.
1534 811 1588 865 5.
1627 811 1764 881 23):

174 903 277 962 sed
333 920 431 976 pro
473 904 558 960 his
604 904 1015 961 Misericordiam
1059 905 1173 962 volo
1215 915 1264 960 et
1310 922 1411 960 non
1461 905 1770 974 sacri/icium

177 983 348 1065 (om
381 997 546 1067 6.6).

253 1089 398 1145 Deus
421 1091 722 1160 quibusnam
749 1091 1015 1160 sacrificiis
1031 1091 1284 1161 placatur.
1300 1121 1372 1134 —
1395 1091 1556 1148 Vides
1576 1091 1772 1163 quibus

174 1181 465 1236 sacrificiis
514 1183 753 1251 placatur
785 1182 971 1238 Deus?
1013 1182 1164 1238 vides
1203 1192 1255 1237 et
1281 1183 1464 1236 multis
1481 1183 1591 1252 jam
1622 1192 1770 1241 retiu

174 1273 398 1328 saeculis
425 1274 513 1330 illa
545 1273 759 1348 quidem
782 1275 1102 1338 excessisse,
1137 1275 1250 1328 haec
1280 1289 1408 1329 vero
1434 1288 1620 1330 eorum
1651 1275 1770 1330 loco

175 1365 452 1421 subiisse?
507 1365 634 1420 "me
682 1367 842 1436 igitur
882 1365 1186 1420 all'eramus.
1238 1365 1368 1419 Nam
1416 1367 1504 1420 illa
1551 1367 1774 1437 quidem

173 1465 308 1512 sunt
343 1458 647 1512 divitiarum
695 1468 748 1513 et
791 1473 976 1511 eorum
1009 1457 1095 1527 qui
1138 1456 1372 1524 habent;
1425 1457 1542 1514 hazc
1587 1468 1768 1514 autem

175 1549 397 1603 virtutis
426 1566 442 1615 ;
475 1549 561 1602 illa
590 1557 716 1603 sunt
736 1548 1074 1602 extrinsecus
1098 1589 1112 1612 ,
1148 1547 1246 1602 ista
1278 1547 1605 1604 intrinsecus
1632 1565 1646 1615 ;
1678 1549 1774 1608 illa

173 1641 262 1695 vel
313 1641 540 1710 quilibet
588 1640 801 1708 operari
857 1640 1130 1709 potuerit,
1185 1640 1300 1693 hinc
1348 1649 1529 1694 autem
1589 1641 1762 1710 pauci.

175 1734 394 1800 Quanto
429 1732 574 1788 enim
621 1747 721 1786 ove
753 1732 914 1787 homo
958 1740 1042 1788 est
1085 1731 1277 1787 melior
1305 1742 1361 1787 et
1405 1735 1766 1803 praestantior,

175 1834 332 1882 tanto
361 1823 466 1879 hoc
512 1823 606 1878 illo
635 1823 954 1880 sacrificium
991 1842 1004 1878 :
1038 1823 1125 1878 hic
1155 1824 1297 1878 enim
1340 1825 1575 1886 animam
1624 1835 1766 1882 tuam

172 1916 342 1970 aﬂ'ers
383 1916 635 1970 hostium.
689 1916 827 1971 Sunt
883 1925 1061 1970 autem
1101 1915 1222 1972 alia:
1268 1931 1484 1988 quoque
1538 1916 1761 1991 bostim,,

175 2024 307 2064 vere
337 2008 648 2062 holocausta
672 2048 689 2074 ,
745 2022 937 2077 nempe
962 2017 1269 2062 sanctorum
1302 2018 1602 2080 martyrum
1643 2025 1768 2065 cor-

185 2115 324 2169 pora
353 2117 368 2155 :
395 2100 497 2155 illic
538 2107 723 2154 sancta
755 2108 810 2154 et
837 2099 1011 2152 anima
1040 2108 1096 2154 et
1123 2113 1318 2170 corpus
1355 2119 1368 2155 :
1403 2101 1488 2154 illa
1517 2116 1770 2172 magnum

190 2193 396 2252 habent
437 2193 651 2250 odorem
685 2191 1085 2246 suaveolentiae.
1129 2192 1288 2248 Potes
1334 2201 1388 2248 tu
1439 2208 1692 2263 quoque.
1723 2195 1770 2252 si

187 2286 358 2350 velis,
392 2285 492 2339 tale
541 2283 737 2338 offerre
767 2282 1112 2338 sacrificium.
1164 2283 1300 2352 Quid
1343 2285 1484 2356 enim
1513 2328 1527 2350 ,
1571 2287 1615 2340 si
1650 2286 1769 2357 igne

176 2392 374 2448 corpus
415 2393 518 2431 non
556 2377 972 2432 combusseris?
1025 2375 1120 2431 sed
1162 2387 1314 2446 potes
1350 2378 1456 2454 alio
1484 2379 1637 2446 igne;
1683 2362 1769 2434 Iut-

173 2480 303 2542 puta
346 2470 469 2540 igne
513 2469 846 2539 paupertatis
888 2467 1234 2536 voluntaria),
1289 2469 1409 2538 igne
1439 2470 1764 2524 afllictionis.

177 2562 376 2617 Licere
421 2562 566 2615 enim
618 2561 845 2615 delicate
891 2560 1139 2632 lauteque
1197 2570 1249 2615 et
1289 2561 1565 2631 splendide
1604 2562 1765 2615 vitam

168 2669 374 2724 agere;
408 2653 734 2708 laboriosam
764 2660 941 2706 autent
973 2661 1028 2707 et
1069 2652 1318 2707 acerbam
1350 2653 1512 2706 vitam
1540 2653 1764 2723 eligere,

168 2756 224 2799 et
262 2760 467 2814 corpus
499 2753 670 2798 morte
717 2743 979 2799 allicere:
1015 2759 1194 2797 annon
1237 2753 1318 2798 est
1365 2744 1565 2798 oblatio
1615 2743 1764 2799 holo-

168 2836 385 2890 causti?
430 2835 640 2905 Corpus
673 2844 817 2890 tuum
874 2845 1046 2890 morte
1075 2835 1231 2890 afﬁce
1283 2844 1338 2890 et
1382 2838 1666 2908 crucifige,
1713 2846 1768 2892 et

171 2931 293 3001 ipse
319 2945 536 3000 quoque
576 2929 810 2998 accipies
839 2942 1094 2984 coronam
1141 2927 1298 2997 hujus
1331 2929 1600 3000 martyrii.
1634 2929 1765 2983 Nam

169 3021 315 3093 quod
366 3021 477 3076 illic
521 3030 775 3090 Operatnr
804 3021 978 3085 ensis,
1021 3019 1124 3074 hoc
1175 3020 1260 3074 hic
1308 3021 1470 3075 faciat
1514 3031 1766 3091 prompta

170 3101 337 3168 animi
385 3114 661 3168 alacritas.
709 3111 825 3166 Non
905 3120 1062 3177 urat,
1112 3128 1285 3183 neque
1331 3111 1570 3167 detineat
1616 3128 1768 3170 amor

174 3205 420 3276 pecunia:
442 3247 458 3270 ,
508 3189 601 3259 sed
633 3214 815 3258 uratur
843 3213 898 3259 et
947 3205 1318 3274 exstingmtur
1368 3205 1479 3273 ipsa
1515 3205 1683 3274 turpis
1713 3217 1769 3264 et

177 3299 386 3354 nefaria
441 3297 710 3367 cupiditas
761 3296 881 3366 igne
914 3295 1176 3366 Spiritus,
1237 3296 1551 3352 concidatur
1583 3297 1763 3368 gladio

172 3391 424 3457 Spiritus.
461 3388 572 3444 Hoc
597 3397 681 3442 est
709 3389 986 3457 pulchrum
1017 3386 1338 3444 sacriﬁcium
1363 3429 1377 3454 ,
1407 3389 1548 3458 quod
1577 3405 1764 3445 sacer-

171 3485 292 3538 dote
317 3497 462 3554 opus
511 3497 616 3540 non
661 3480 857 3548 habet,
911 3481 1004 3536 sed
1037 3481 1154 3550 ipso
1199 3490 1402 3534 tantum
1449 3480 1758 3538 offerente:

171 3576 317 3646 quod
392 3575 602 3640 inferne
657 3574 871 3645 quidem
932 3574 1236 3644 peragitur,
1291 3590 1524 3644 superne
1577 3586 1756 3634 autem

169 3669 460 3728 confesdm
515 3667 780 3724 ascendit.
822 3666 1012 3728 Nonne
1062 3666 1394 3721 admiramur
1438 3667 1580 3734 quod
1631 3667 1762 3722 olim

165 3752 308 3822 ignis
359 3751 696 3814 descendens
739 3753 918 3814 omnia
949 3753 1353 3809 consumebat?
1407 3753 1592 3810 l’otest
1645 3751 1772 3816 fieri

166 3852 227 3895 ut
273 3842 415 3913 ignis
446 3857 663 3912 quoque
713 3858 854 3900 nunc
901 3843 1195 3900 descendat
1244 3843 1339 3898 illo
1392 3843 1548 3913 longe
1590 3843 1764 3897 admi-

163 3935 412 3999 rabilior,
465 3945 521 3989 et
568 3935 745 4001 omnia
782 3951 902 4006 quae
948 3947 1073 3992 sunt
1125 3938 1399 4010 proposita
1443 3943 1763 4000 consumat:

165 4027 282 4079 imo
316 4042 450 4082 vere
501 4041 604 4080 non
646 4036 966 4094 consumat,
998 4028 1093 4083 sed
1125 4030 1304 4083 omnia
1351 4030 1402 4084 in
1435 4030 1622 4083 caelum
1656 4028 1758 4086 tot.

165 4119 245 4176 lat
272 4135 287 4172 :
316 4133 427 4179 non
461 4119 656 4186 redigit
680 4119 768 4173 illa
792 4120 844 4173 in
871 4120 1132 4186 cinerem,
1165 4121 1259 4175 sed
1294 4121 1403 4175 Deo
1423 4121 1579 4176 offert
1603 4122 1761 4179 dona.

243 4208 611 4264 Misericordia
653 4228 773 4282 erga
801 4230 1048 4283 pauperes
1077 4215 1480 4268 commendatur.
1509 4245 1580 4258 -—-
1606 4215 1764 4270 Tales

162 4313 330 4358 erant
357 4303 597 4358 Cornelii
631 4305 979 4360 oblationes:
1027 4305 1296 4361 Orationes
1342 4308 1482 4362 enim
1505 4350 1517 4371 ,
1563 4309 1765 4374 inquit,

162 4409 272 4451 tua:
319 4407 370 4450 et
397 4399 731 4469 cleemosyna:
771 4400 1104 4456 ascenderunt
1149 4406 1199 4455 in
1227 4402 1518 4456 memoriam
1561 4403 1613 4455 in
1643 4419 1760 4456 cono

160 4499 352 4555 specta
374 4487 471 4541 Dei
488 4487 624 4560 (Act.
647 4489 733 4544 10.
756 4491 830 4559 4).
853 4491 1014 4547 Vides
1035 4493 1288 4562 optimam
1312 4494 1767 4564 conjngationctn?

162 4580 325 4635 Tunc
347 4579 619 4644 audimur,
652 4582 866 4650 quando
889 4583 986 4653 ipsi
1010 4600 1221 4654 quoque
1243 4586 1487 4640 audimus
1507 4587 1767 4641 acceden-

161 4682 251 4728 tes
267 4687 556 4743 pauperes.
580 4673 680 4741 Qui
700 4675 932 4742 obstruit,
957 4678 1148 4746 inquit,
1177 4695 1327 4732 aures
1356 4696 1474 4732 suas
1497 4696 1558 4731 ne
1587 4681 1766 4732 audiat

161 4783 473 4836 pauperem,
525 4785 694 4838 preces
716 4773 825 4838 ejus
853 4786 953 4823 non
999 4773 1233 4824 exaudiet
1265 4770 1401 4825 Deus
1439 4771 1623 4840 (l’rov.
1671 4772 1762 4828 2l‘.

161 4860 287 4926 ιδ).
320 4858 512 4913 Beatus
539 4863 624 4929 qui
651 4861 886 4931 intelligit
914 4874 1068 4931 super
1095 4879 1304 4932 egenum
1351 4873 1398 4916 et
1441 4878 1715 4932 pauperem
1747 4879 1764 4916 :

161 4951 222 5003 in
269 4951 361 5003 die
379 4951 520 5004 mala
548 4951 772 5006 liberabit
799 4969 912 5006 eam
941 4951 1190 5007 Dominus
1217 4952 1386 5024 (Psal.
1418 4953 1506 5007 b0.
1539 4954 1614 5024 2).
1641 4954 1756 5009 Non

161 5051 357 5096 autem
387 5042 529 5098 alius
550 5042 662 5097 dies
689 5042 860 5099 malus
880 5085 894 5108 ,
935 5044 1037 5099 nisi
1066 5045 1158 5098 ille
1198 5045 1312 5099 dios
1367 5047 1761 5114 peccatoribus.

163 5133 311 5197 Quid
349 5141 472 5199 est,
525 5134 626 5199 Qui
650 5135 927 5205 intelligit?
969 5135 1067 5202 Qui
1110 5143 1290 5191 mente
1327 5145 1505 5191 versat
1527 5137 1654 5206 quid
1696 5139 1766 5192 sit

162 5240 402 5295 pauper,
450 5227 540 5293 qui
587 5226 704 5294 ejus
748 5225 907 5280 discit
929 5225 1273 5282 afﬂictionem
1312 5245 1325 5280 :
1359 5245 1479 5281 nam
1511 5229 1600 5298 qui
1643 5229 1759 5297 ejus

164 5321 359 5378 didicit
387 5321 756 5390 aflticti‘onem,
809 5322 1029 5377 omnino
1060 5323 1176 5390 ejus
1210 5323 1569 5379 miserebitur.
1601 5323 1655 5378 Si
1686 5325 1766 5377 vi-

165 5415 315 5469 deris
347 5430 661 5484 pauperem,
713 5429 778 5467 ne
810 5423 1194 5481 prmtercnrras
1216 5458 1229 5479 ,
1260 5415 1352 5469 sed
1381 5416 1562 5468 statim
1594 5417 1767 5482 ('03im

166 5509 420 5577 quisnam
447 5521 622 5569 esses,
648 5508 688 5559 si
716 5517 768 5558 tu
790 5506 876 5560 Ille
894 5521 1046 5560 esses
1065 5523 1077 5557 :
1097 5506 1222 5576 quid
1254 5523 1357 5560 non
1378 5507 1547 5560 velles
1571 5522 1762 5561 omnes

169 5597 393 5654 facere?
418 5597 521 5664 Qui
548 5595 823 5667 intelligit,
871 5595 1061 5664 inquit.
1108 5598 1296 5667 Cogita
1322 5596 1466 5668 quod
1510 5604 1592 5652 est
1617 5613 1768 5667 aeque

175 5690 312 5744 liber
359 5699 528 5758 atque
557 5700 648 5751 tu,
697 5698 751 5742 et
790 5698 872 5743 est
900 5688 1141 5756 ejusdem
1172 5689 1327 5758 cujus
1370 5698 1424 5743 tu
1451 5689 1766 5753 nobilitatis,

172 5794 222 5840 et
246 5782 430 5839 omnia
453 5791 630 5837 tecum
664 5781 899 5851 possidet
928 5783 1231 5835 communia
1267 5799 1280 5835 :
1317 5790 1367 5836 ct
1398 5796 1540 5852 saepe
1582 5796 1647 5837 ne
1675 5795 1770 5852 pa-

1871 322 2028 379 CAP.
2075 325 2160 382 Vl.
2211 328 2443 386 llOMlL.
2487 331 2582 386 XI.
3379 331 3452 390 94

1871 462 1983 502 rem
2032 443 2249 516 quidem
2302 447 2434 502 facis
2493 446 2600 502 tuis
2643 445 2912 514 canibus;
2968 445 3062 502 sed
3112 446 3188 502 illi
3235 445 3453 518 quidem

1874 538 2171 604 satiantur,
2220 537 2306 591 hic
2347 549 2524 592 autem
2572 553 2716 607 saepe
2741 537 2939 593 dormit
2977 537 3254 603 esuriens;
3286 547 3341 592 et
3367 539 3458 608 qui
3539 613 3542 615 Α

1870 639 1952 683 est
1984 629 2138 693 liber,
2187 644 2333 699 saepe
2365 629 2472 683 tuis
2497 629 2670 684 servis
2701 629 2872 685 factus
2903 639 2987 686 est
3039 631 3198 688 vilior
3226 639 3280 686 et
3310 629 3458 700 abje-

1870 723 2026 776 ctior.
2071 725 2139 776 At
2165 722 2241 776 illi
2273 722 2429 777 nobis
2458 733 2716 793 praestant
2745 739 2962 790 Operam
2987 764 3004 790 ,
3034 723 3262 792 inquies.
3308 722 3460 791 Qua:-

1873 831 1994 868 nam
2027 829 2088 870 ea
2129 815 2257 868 est?
2289 814 2425 869 bene
2457 815 2548 869 tibi
2579 815 2862 869 serviunt?
2903 815 3040 884 Quid
3068 815 3217 871 dices
3239 856 3253 880 ,
3285 817 3330 869 si
3362 813 3458 870 tibi

1871 907 2159 962 ostendero
2199 905 2343 962 hunc
2391 907 2548 977 looge
2596 906 2856 975 majorem
2898 907 2989 962 tibi
3023 919 3278 978 praeSIare
3325 922 3457 977 ope-

1872 1016 1985 1056 ram
2011 1041 2027 1067 ,
2073 1016 2230 1070 quam
2258 1001 2376 1055 illos
2407 999 2431 1054 ?
2475 1001 2567 1056 tibi
2595 1000 2738 1055 enim
2771 999 2942 1054 aderit
2973 999 3025 1053 in
3053 999 3140 1054 die
3165 999 3377 1070 judicii,
3405 1007 3459 1054 et

1871 1102 1926 1149 te
1957 1095 2026 1148 ah
2056 1094 2177 1166 igne
2203 1094 2414 1164 eripiet.
2447 1093 2584 1160 Quid
2617 1091 2881 1163 ejusmodi
2913 1092 3007 1146 tibi
3035 1090 3238 1146 faciunt
3266 1106 3455 1146 omnes

1875 1186 2058 1240 servi?
2103 1185 2326 1254 Quando
2355 1196 2561 1241 mortua
2602 1194 2685 1240 est
2731 1182 2955 1238 Tabitha
3005 1182 3138 1252 (Aet.
3172 1181 3292 1250 10),
3328 1179 3447 1250 quis

1869 1289 1986 1329 eam
2028 1273 2338 1330 suscitavit?
2367 1276 2504 1331 servi
2531 1275 2988 1330 circumsistentes
3013 1313 3028 1337 ,
3071 1274 3138 1326 an
3169 1270 3448 1326 mendici?

1870 1365 1948 1422 Tu
1980 1377 2157 1421 autem
2189 1383 2257 1422 ne
2277 1367 2501 1422 liberum
2524 1367 2735 1437 quidem
2755 1367 2836 1420 vis
2858 1381 3014 1420 servo
3039 1379 3224 1435 parem
3250 1362 3432 1417 fat-ere

1871 1455 1968 1510 Est
1991 1472 2237 1527 magnum
2269 1456 2438 1527 frigus
2464 1467 2517 1512 et
2543 1457 2684 1527 jacet
2715 1471 2918 1525 pauper
2950 1468 3243 1525 pannosus,
3268 1467 3442 1505 emor-

1872 1554 2015 1610 tuus,
2048 1546 2281 1602 stridens
2307 1549 2556 1603 dentibus
2577 1589 2593 1615 ,
2645 1558 2698 1602 et
2725 1548 2817 1617 qui
2841 1554 3060 1614 aspectu
3103 1555 3150 1600 et
3184 1544 3366 1597 habitu
3396 1551 3449 1597 te

1873 1647 2050 1706 potest
2074 1655 2416 1696 commovere
2452 1658 2466 1694 :
2512 1651 2567 1694 tu
2601 1649 2776 1692 autem
2805 1638 2988 1692 calens
3010 1645 3064 1691 et
3093 1635 3275 1691 ebrius
3304 1649 3445 1702 pra:-

1869 1729 2036 1790 teris:
2069 1738 2121 1784 et
2150 1730 2421 1800 quomodo
2449 1731 2529 1783 vis
2555 1740 2612 1783 nt
2643 1731 2780 1783 Deus
2806 1738 2856 1783 te
2882 1727 3103 1797 eripiat,
3143 1723 3357 1796 quando
3387 1739 3447 1780 es

1873 1819 1928 1878 in
1951 1821 2296 1876 calamitate?
2319 1820 2475 1890 Saepe
2503 1829 2676 1874 autem
2699 1819 2800 1874 hoc
2825 1834 3036 1888 quoque
3063 1818 3228 1871 dicis:
3264 1814 3374 1886 Ego
3401 1813 3446 1868 si

1869 1925 2074 1974 essem,
2116 1922 2172 1966 et
2223 1912 2385 1966 multa
2419 1921 2726 1980 peccantem
2776 1910 3007 1979 aliquem
3063 1907 3390 1977 accepissem
3426 1947 3444 1972 ,

1867 2019 1991 2062 eum
2010 2002 2354 2066 dimisissem,
2379 2011 2431 2056 et
2450 2003 2586 2056 Deus
2606 2017 2710 2055 non
2728 2000 2979 2054 dimittit?
2997 1997 3071 2054 Ne
3092 2000 3191 2052 hoc
3210 1997 3444 2052 dixeris:

1871 2103 1929 2149 tu
1965 2093 2108 2148 enim
2136 2109 2256 2148 eum
2315 2094 2404 2164 qui
2452 2093 2502 2146 in
2536 2099 2587 2146 te
2614 2091 2744 2146 nihil
2780 2090 3050 2161 peccavit,
3094 2103 3250 2158 quem
3296 2097 3448 2157 potes
3506 2137 3516 2150 _

1872 2185 2132 2250 liberare,
2161 2183 2416 2255 despicis.
2462 2184 2516 2242 Si
2570 2185 2729 2240 talem
2781 2193 2834 2238 tu
2863 2183 3126 2252 despicis,
3177 2180 3448 2252 quomodo

1873 2275 2079 2330 Denste
2095 2275 2183 2346 qui
2210 2277 2259 2330 in
2289 2277 2459 2346 ipsum
2486 2289 2674 2343 peccas
2697 2273 2933 2329 dimittet
2952 2274 2976 2325 ἰ
2997 2289 3172 2326 annon
3194 2273 3306 2326 haec
3343 2286 3450 2326 me-

1871 2377 2053 2422 rentur
2068 2367 2405 2436 gehennam?
2435 2368 2498 2422 Et
2519 2366 2640 2436 quid
2669 2364 2902 2420 mirum?
2923 2379 3118 2435 corpus
3144 2378 3286 2433 smpe
3311 2378 3448 2418 mor-

1875 2468 2056 2521 tuum.
2079 2459 2226 2512 nullo
2253 2474 2411 2514 sensu
2451 2458 2751 2528 prmditum,
2784 2457 3042 2511 honorem
3063 2471 3166 2510 non
3208 2456 3442 2526 amplius

1867 2549 2128 2617 sentiens,
2154 2549 2629 2604 innumerabilibus
2645 2549 2805 2603 variis
2826 2557 2879 2604 et
2901 2547 3080 2602 aureis
3099 2562 3260 2600 ornas
3277 2546 3446 2602 vesti-

1866 2639 1964 2698 bus
1984 2661 1997 2695 :
2019 2640 2142 2694 illud
2167 2651 2344 2694 autem
2374 2640 2513 2710 quod
2541 2639 2707 2707 dolet,
2732 2639 2996 2695 laceratur
3017 2647 3070 2692 et
3097 2647 3376 2708 torquetur
3393 2649 3450 2693 et

1864 2744 1890 2779 τι
1923 2729 2059 2784 fame
2085 2739 2137 2784 ct
2169 2729 2370 2800 frigore
2400 2731 2691 2797 cruciatur,
2724 2730 2976 2801 deSpicis,
3005 2738 3059 2784 et
3084 2729 3228 2783 inani
3259 2729 3444 2799 gloria:

1867 2822 1984 2890 plus
2035 2821 2250 2893 largiris
2279 2837 2438 2892 quam
2493 2822 2584 2876 Dei
2631 2821 2830 2875 timori.
2878 2822 3054 2890 Atque
3085 2819 3287 2874 utinam
3321 2819 3447 2875 hac-

1866 2921 2059 2978 tenus;
2089 2912 2185 2967 sed
2205 2911 2450 2982 protinus
2478 2915 2823 2966 accedentem
2851 2927 3072 2966 accusas
3097 2930 3109 2965 :
3140 2911 3250 2966 Cur
3275 2911 3444 2979 enim,

1868 3003 2068 3073 inquis,
2122 3019 2228 3058 non
2256 3003 2552 3074 operetur?
2598 3017 2695 3058 cur
2721 3018 2850 3057 vero
2895 3003 3098 3056 otiosus
3127 3002 3323 3057 alitur?
3353 3002 3448 3058 Dic

1868 3096 1996 3150 mihi
2029 3114 2042 3150 :
2069 3105 2124 3150 tu
2153 3105 2330 3150 autem
2348 3110 2649 3166 operansne
2668 3095 2838 3149 babes
2868 3111 2986 3172 qua:
3011 3093 3196 3162 habes,
3218 3111 3324 3150 non
3352 3110 3450 3150 au-

1867 3196 1973 3240 tem
1999 3195 2217 3257 accepta
2239 3187 2533 3242 hereditate
2560 3196 2777 3256 paterna
2795 3183 2983 3254 ?Quod
3003 3185 3046 3239 si
3070 3186 3230 3240 etiam
3253 3202 3448 3255 opera-

1869 3280 1988 3345 ris,
2040 3288 2323 3348 propterea
2377 3278 2468 3332 alii
2497 3276 2834 3348 exprobras?
2887 3292 2992 3330 non
3041 3277 3194 3330 audis
3224 3277 3448 3333 Paulum

1867 3369 2177 3430 dicentem?
2206 3369 2494 3438 Postquam
2541 3370 2683 3423 enim
2725 3367 2894 3433 dixit,
2933 3368 3034 3435 Qui
3072 3386 3173 3422 non
3205 3381 3453 3436 aperatur

1868 3477 1957 3515 nec
1978 3463 2284 3527 manducet,
2314 3462 2442 3515 dicit
2477 3479 2490 3516 :
2530 3459 2628 3515 Vos
2663 3469 2828 3514 autem
2857 3460 3041 3513 bonum
3073 3462 3314 3531 facientes
3346 3480 3452 3518 non

1868 3555 2115 3621 deﬁciatis
2175 3554 2268 3624 (2.
2321 3552 2500 3607 Thess.
2547 3553 2604 3609 5.
2650 3551 2738 3607 10.
2791 3549 2922 3624 15).
2979 3552 3085 3607 Sed
3139 3552 3327 3631 dicis,
3358 3556 3461 3626 Est,

1871 3648 2150 3717 impostor.

1935 3762 1968 3816 4
2013 3760 2150 3821 Ouid
2181 3769 2234 3814 tu
2260 3759 2416 3823 dicis,
2444 3773 2476 3812 o
2504 3758 2700 3814 homo?
2732 3768 2952 3829 propter
2979 3773 3146 3814 unum
3175 3773 3370 3829 panem
3391 3771 3460 3833 et;

1867 3861 2070 3904 vestiens
2096 3866 2218 3905 eum
2247 3851 2484 3920 appellas
2508 3850 2903 3920 impostorem?
2933 3851 3006 3912 At,
3023 3852 3207 3906 statim
3238 3852 3293 3906 id
3315 3868 3446 3909 rem

1865 3942 1940 3996 dit
1963 3981 1978 4006 ,
2007 3941 2194 4010 inquit.
2224 3941 2303 3994 Tu
2333 3951 2512 3996 autem
2545 3940 2723 3994 omnia
2767 3950 2854 3994 tua
2887 3949 3035 3998 recte
3059 3940 3462 4000 administras?

1866 4019 2002 4088 Quid
2030 4020 2204 4076 vero?
2231 4035 2492 4076 omnesne
2537 4028 2662 4074 sunt
2687 4033 2950 4088 pauperes
2990 4027 3210 4089 pr0pter
3237 4019 3451 4074 otium?

1866 4128 2026 4168 nemo
2056 4122 2274 4182 propter
2300 4111 2681 4181 naufragium?
2709 4127 2868 4166 nemo
2894 4121 3116 4182 propter
3139 4109 3401 4179 judicium
3425 4107 3450 4163 2

1866 4220 2025 4262 nemo
2055 4214 2271 4274 propter
2299 4203 2541 4262 furtum?
2567 4218 2725 4259 nemo
2740 4213 2961 4273 propter
2986 4201 3222 4274 pericula
3242 4201 3266 4254 τ
3289 4215 3451 4275 nemo

1867 4307 2088 4366 propter
2118 4295 2378 4349 morbos?
2422 4308 2582 4349 nemo
2607 4302 2828 4363 propter
2855 4291 3019 4348 alium
3049 4291 3273 4348 casum?
3299 4289 3408 4346 Sed
3429 4329 3448 4356 ,

1865 4385 1909 4440 si
1954 4385 2280 4442 audierimus
2330 4386 2562 4455 aliquem
2595 4383 2710 4439 hac
2757 4383 3166 4453 deplorantem,
3195 4389 3252 4438 et
3293 4380 3451 4440 valde

1863 4476 2244 4532 vociferantem
2268 4518 2283 4542 ,
2312 4487 2376 4532 et.
2418 4476 2618 4534 nullum
2647 4476 2700 4531 in
2730 4474 2921 4531 caelum
2947 4475 3328 4544 suspicientem
3345 4511 3366 4543 ,
3393 4480 3450 4530 et

1865 4569 2184 4637 promissam
2199 4583 2408 4624 comam
2427 4569 2682 4630 alentem,
2707 4576 2760 4623 et
2785 4567 2976 4638 pannis
2989 4566 3241 4632 obsitum,
3268 4565 3448 4622 statim

1865 4676 1986 4713 eum
2007 4661 2371 4730 impostorem,
2384 4660 2601 4730 planum
2620 4668 2675 4715 et
2695 4659 3064 4714 simulatorem
3087 4655 3446 4727 appellamus.

1867 4754 1981 4808 Non
2031 4763 2083 4808 te
2129 4753 2330 4824 pudet?
2362 4769 2646 4823 quemnam
2689 4766 2849 4807 vocas
2899 4749 3282 4822 impostorem?
3307 4748 3450 4806 Nihil

1867 4843 2083 4900 dederis
2104 4885 2118 4909 ,
2141 4855 2204 4900 et,
2241 4861 2309 4900 ne
2334 4860 2458 4902 eum
2502 4858 2746 4901 accuses.
2776 4843 2888 4900 Sed
2937 4843 3132 4908 habet,
3163 4843 3366 4916 inquit,
3396 4852 3453 4901 et

1867 4937 2100 4990 simulat.
2136 4936 2248 4991 Hoc
2276 4945 2360 4991 est
2391 4937 2462 4990 tui
2488 4977 2503 5001 ,
2535 4951 2642 4992 non
2684 4935 2826 4990 illius
2869 4935 3143 4990 accusatio
3172 4953 3185 4990 :
3213 4935 3317 4991 scit
3342 4935 3446 4991 sibi

1869 5043 1981 5082 rem
2010 5042 2132 5083 esse
2173 5043 2296 5082 eum
2346 5025 2685 5095 crudelibus,
2716 5040 2840 5081 cum
2869 5026 3061 5082 belluis
3089 5026 3260 5097 magis
3284 5041 3443 5096 quam

1866 5135 1988 5174 cum
2037 5119 2342 5174 hominibus
2361 5159 2378 5185 ,
2407 5129 2462 5173 et
2487 5118 2630 5189 quod
2657 5119 2865 5174 etiamsi
2915 5119 3136 5173 verbum
3167 5117 3452 5187 eloquatur

1869 5211 2210 5277 miserabile,
2243 5211 2518 5266 neminem
2548 5213 2746 5282 poterit
2790 5211 3099 5266 attrahere:
3128 5219 3185 5267 et
3210 5210 3330 5266 ideo
3359 5225 3454 5266 ne-

1868 5317 2021 5358 cesse
2047 5301 2208 5357 habet
2234 5317 2294 5357 se
2319 5302 2693 5358 miserabiliori
2722 5301 2906 5358 habitu
2938 5301 3188 5367 induere,
3213 5311 3270 5358 ut
3299 5311 3449 5356 tuum

1869 5395 2076 5463 frangat
2103 5394 2446 5450 auiinum.Si
2474 5394 2764 5449 viderimus
2803 5393 3108 5463 quempiam
3148 5395 3202 5450 in
3243 5393 3452 5450 liberali

1869 5486 2051 5541 habitu
2081 5486 2460 5552 accedentem;
2489 5484 2616 5553 Iste,
2645 5485 2838 5555 inquit,
2870 5493 2958 5540 est
2986 5486 3280 5555 impostor,
3309 5495 3364 5540 et
3391 5493 3454 5540 ut

1869 5581 2112 5637 videatur
2136 5579 2360 5634 honesto
2387 5580 2507 5634 loco
2533 5594 2654 5634 esse
2700 5587 2887 5643 natus,
2919 5578 2988 5631 ita
3019 5576 3266 5633 accedit:
3297 5577 3343 5633 si
3366 5577 3454 5636 vi-

1868 5674 1952 5730 dei
1967 5675 2106 5728 imus
2132 5673 2187 5728 in
2213 5673 2398 5728 habitu
2413 5672 2709 5739 contrario,
2727 5685 2856 5725 eum
2877 5669 3040 5726 etiam
3069 5669 3450 5738 vituperamus.

1869 5765 2005 5835 Quid
2024 5766 2134 5836 jam
2169 5764 2408 5822 facient?
2435 5763 2479 5820 Ο
2526 5763 2823 5820 εωγίιίαιιιῑ
2867 5777 2901 5818 o
2932 5761 3315 5820 indolentiam!
3343 5759 3451 5819 Cur
