4002 6426
586 313 657 370 95

586 423 850 486 membra,
883 416 1050 487 inquit
1077 456 1092 483 ,
1138 412 1388 483 aperiunt
1434 406 1715 462 mutilata?
1738 404 1966 475 Propter
1997 414 2047 460 te
2077 423 2089 457 :
2122 404 2167 460 si

588 525 830 569 essemus
860 503 1256 569 misericordes,
1277 514 1384 554 non
1402 508 1545 553 esset
1562 497 1641 552 eis
1662 510 1796 566 opus
1823 494 1907 549 bis
1932 492 2168 551 artibus:

590 606 634 658 si
656 619 685 657 a
715 601 884 672 primo
899 611 1114 651 accessu
1139 591 1550 663 persuasissent,
1569 602 1674 642 non
1698 596 1804 641 tam
1819 585 1980 639 multa
1993 593 2174 639 essent

593 692 901 752 machinati.
933 688 1063 757 Quis
1079 697 1160 743 est
1184 685 1321 740 adeo
1344 684 1528 745 miser,
1560 688 1617 734 ut
1638 689 1843 733 tantum
1874 677 2004 733 velit
2025 678 2170 731 voci-

593 786 773 848 ferari,
799 791 856 836 ut
881 796 938 836 se
960 779 1086 833 velit
1104 776 1356 831 indecore
1380 786 1588 843 gerere,
1615 778 1675 825 ut
1700 768 1825 823 velit
1844 768 2051 838 publice
2076 767 2170 821 de-

595 879 727 933 ﬂere
748 884 802 930 et
822 869 1104 928 lamentari
1119 883 1240 925 cum
1257 866 1395 922 nuda
1415 880 1606 929 uxore,
1624 877 1741 918 cum
1762 861 1883 915 filiis
1898 862 2177 931 conspergi

594 964 815 1024 cinere?
844 963 970 1019 Hmc
995 969 1122 1018 sunt
1170 958 1358 1030 quavis
1404 963 1713 1027 paupertate
1746 952 2034 1008 deteriora.
2072 953 2176 1008 Sed

598 1067 816 1129 prepter
846 1056 962 1109 haec
991 1067 1093 1108 nos
1118 1068 1224 1107 non
1253 1050 1423 1105 solum
1462 1062 1645 1102 eorum
1672 1060 1779 1099 non
1808 1045 2135 1099 miseremur
2162 1088 2176 1110 ,

599 1150 695 1208 sed
721 1150 881 1205 etiam
922 1161 1018 1201 eos
1060 1158 1392 1199 accusamus.
1424 1141 1488 1195 Et
1526 1140 1700 1194 adhuc
1743 1138 2183 1194 succensehimus

601 1242 745 1315 quod
772 1242 939 1297 Deum
959 1248 1209 1309 rogantes
1232 1252 1335 1290 non
1368 1233 1749 1289 exaudiamur?
1774 1241 1824 1287 et
1844 1230 2019 1286 adhuc
2043 1246 2185 1301 ωδε-θ

603 1334 860 1404 feremus,
884 1330 1023 1402 quod
1050 1336 1266 1383 orantes
1285 1342 1388 1381 non
1434 1322 1889 1393 persnadeanms?
1914 1320 2029 1375 Non
2060 1319 2187 1374 hor-

599 1422 882 1486 rescimus,
912 1434 945 1473 ο
970 1416 1192 1472 dilecti?
1222 1414 1293 1468 At
1316 1425 1480 1480 saepe,
1502 1408 1693 1477 inquit,
1724 1405 1868 1461 dedi.
1900 1403 1978 1458 Tu
2000 1410 2179 1458 autem

602 1528 708 1568 non
754 1523 967 1579 semper
992 1504 1269 1561 comedis?
1316 1515 1511 1572 pueros
1541 1508 1717 1554 autem
1767 1512 1909 1566 saepe
1935 1502 2183 1564 petentes

601 1619 729 1658 num
759 1599 969 1668 abigis?
998 1596 1043 1652 0
1089 1593 1502 1665 impudentiam!
1535 1592 1829 1659 Paupcrem
1875 1600 2038 1639 vocas
2085 1583 2185 1637 im—

603 1692 940 1763 pudentem?
965 1699 1020 1747 ct
1049 1700 1103 1743 tu
1148 1689 1363 1758 quidem
1391 1685 1608 1753 rapiens
1639 1698 1745 1736 non
1774 1696 1832 1735 es
1861 1676 2182 1748 impudens:

604 1785 699 1839 ille
725 1778 903 1838 autem
935 1796 1131 1850 rogans
1156 1790 1213 1834 ut
1238 1778 1334 1833 des
1386 1790 1574 1847 panem
1607 1782 1688 1826 est
1721 1769 2039 1840 impudens?
2069 1766 2185 1821 Neu

604 1877 807 1945 cogitas
836 1883 1029 1945 quanta
1059 1866 1354 1924 sit'ventris
1381 1863 1719 1920 necessitas?
1749 1876 1931 1915 annon
1972 1866 2189 1926 propter

609 1968 709 2021 hoc
722 1966 850 2019 facis
877 1962 1088 2017 omnia?
1104 1974 1281 2015 annon
1303 1967 1588 2027 propterea
1617 1952 1839 2021 negligis
1864 1945 2188 2019 spiritualia?

606 2075 784 2114 annon
808 2059 1134 2128 pr0positum
1163 2063 1246 2108 est
1275 2052 1464 2105 caelum
1493 2061 1545 2103 et
1574 2060 1794 2116 regnum
1817 2039 2109 2098 caelorum?
2137 2047 2190 2093 tu

609 2162 791 2205 autem
822 2150 963 2203 illius
1004 2146 1201 2200 timens
1251 2140 1598 2212 tyrannidem
1622 2136 1805 2191 omnia
1845 2132 2110 2197 sustines,
2138 2136 2194 2183 et

614 2260 720 2299 non
748 2238 1023 2310 despicis?
1050 2237 1175 2291 llaec
1216 2242 1297 2290 est
1324 2230 1672 2301 impudentia.
1700 2226 1817 2282 Non
1858 2223 2008 2277 vides
2036 2234 2194 2275 senes

613 2346 832 2387 mancos
860 2340 913 2384 et
936 2326 1191 2383 mutilos?
1221 2324 1350 2390 Sed,
1378 2338 1411 2376 ο
1438 2320 1687 2375 delirium
1712 2318 1727 2371 !
1756 2316 1872 2383 Hic,
1904 2313 2094 2384 inquit,
2119 2318 2197 2366 tot

614 2438 806 2478 aureos
834 2421 925 2475 dat
956 2418 1184 2481 fmnori;
1219 2416 1312 2470 ille
1343 2423 1520 2467 autem
1555 2420 1652 2475 tot,
1679 2406 2040 2463 ctmcndicat.
2065 2405 2198 2459 Par-

615 2531 805 2572 vorum
839 2528 1123 2585 puerorum
1157 2510 1386 2564 narratis
1435 2507 1636 2560 fabulas
1658 2545 1673 2569 ,
1707 2516 1981 2574 nugasque
2017 2508 2071 2555 et
2098 2497 2195 2554 de-

618 2608 736 2662 liria
771 2626 783 2659 :
816 2620 941 2659 nam
984 2604 1056 2657 illi
1092 2601 1297 2656 fabulas
1329 2600 1465 2653 tales
1500 2612 1528 2651 a
1557 2596 1765 2650 nutrice
1790 2593 2046 2647 .audiuut.
2078 2589 2197 2645 Non

621 2698 725 2752 hoc
754 2709 1062 2765 persuasum
1096 2692 1291 2756 habeo,
1324 2705 1429 2743 non
1457 2686 1655 2753 credo,
1689 2684 1848 2739 absit.
1883 2681 2202 2737 Foeneratur

619 2788 856 2859 aliquis,
885 2796 939 2840 et
990 2801 1111 2839 cum
1170 2782 1408 2853 abundet
1434 2780 1623 2850 opibus
1667 2776 1977 2831 mendicat?
2019 2786 2205 2842 quam-

621 2880 835 2943 obrem,
854 2878 962 2943 dic,
979 2875 1197 2945 qureso?
1222 2873 1347 2943 quid
1369 2882 1449 2927 est
1469 2871 1673 2940 turpius
1690 2883 1848 2939 quam
1866 2863 2203 2920 mendicare?

622 2971 793 3025 satius
821 2977 905 3023 est
927 2967 1065 3021 mori
1092 3008 1106 3032 ,
1135 2980 1296 3035 quam
1324 2962 1653 3018 mendicare.
1680 2959 1969 3026 Quousque
2006 2955 2206 3011 erimus

623 3064 751 3118 δωνί
775 3071 830 3117 et
860 3059 1172 3116 inhumani?
1217 3056 1354 3123 Quid
1388 3070 1537 3119 vero,
1564 3066 1825 3107 omnesne
1848 3048 2203 3114 fteuerantur,

622 3167 883 3208 omnesne
921 3160 1046 3205 sunt
1103 3146 1467 3218 impostores?
1496 3158 1724 3198 nemone
1776 3157 1901 3197 vere
1949 3137 2207 3210 pauper?

624 3245 802 3307 Certe,
824 3244 1013 3313 inquit,
1030 3251 1153 3295 sunt
1181 3241 1353 3295 multi.
1377 3240 1484 3293 Cur
1502 3253 1629 3308 ergo
1655 3237 1763 3290 illis
1780 3251 1885 3289 non
1905 3234 2010 3290 fers
2026 3247 2206 3304 opem,

625 3356 746 3393 cum
769 3338 843 3392 sis
869 3352 1052 3391 eorum
1076 3334 1197 3389 vita:
1224 3341 1442 3387 exactus
1462 3339 1513 3384 et
1540 3337 1821 3383 accuratus
1843 3323 2211 3381 examinator?

628 3430 754 3484 llaac
778 3436 903 3481 sunt
931 3433 1217 3495 pra-textus
1242 3433 1294 3477 et
1318 3419 1614 3475 excusatio.
1640 3416 1721 3469 Da
1750 3416 1885 3470 omni
1913 3416 2138 3486 petenti;
2166 3422 2214 3467 et

630 3536 745 3573 eum
770 3560 784 3582 ,
816 3517 904 3587 qui
932 3516 1045 3569 velit
1074 3524 1249 3566 mutuo
1278 3512 1535 3581 accipere,
1568 3526 1631 3563 ne
1659 3508 1904 3561 averseris
1933 3522 1951 3560 :
1981 3505 2213 3561 extende

634 3624 848 3663 tnamtm
881 3617 1046 3671 tuam,
1073 3622 1139 3660 ne
1166 3606 1234 3659 sit
1263 3613 1559 3657 contracta.
1588 3600 1703 3656 Non
1728 3615 1913 3655 sumus
1942 3600 2062 3653 vita:
2088 3614 2216 3653 exa-

638 3701 965 3763 minatores;
1016 3698 1209 3766 alioqui
1268 3693 1465 3748 nullius
1511 3693 1580 3745 ita
1628 3691 2020 3745 miserehimur.
2066 3688 2208 3753 Cur,

634 3788 851 3857 quando
893 3789 1054 3841 lteum
1085 3800 1241 3853 rogas
1261 3826 1276 3849 ,
1303 3782 1473 3837 dicis:
1504 3780 1580 3835 Ne
1612 3780 1923 3834 memineris
1972 3789 2220 3848 peccato—

643 3888 763 3928 rum
789 3870 1068 3924 meorum?
1088 3868 1477 3935 Quamobrem,
1491 3866 1702 3921 etiamsi
1725 3865 1815 3919 ille
1833 3864 1902 3918 sit
1924 3860 2077 3916 valde
2098 3873 2222 3930 pec-

642 3973 815 4027 cator,
841 3965 945 4018 hoc
968 3963 1020 4016 iu
1049 3963 1167 4031 ipso
1190 3976 1409 4031 quoque
1432 3971 1639 4027 reputa,
1663 3966 1716 4011 et
1736 3954 2046 4010 memineris
2071 3953 2218 4009 illius

643 4066 1018 4129 peccatorum.
1055 4054 1413 4123 Benignitatis
1439 4061 1491 4105 ct
1529 4050 1825 4105 clementiae
1859 4059 1942 4101 est
1980 4055 2214 4115 tempus,

647 4167 755 4205 non
780 4156 1045 4202 accurata:
1062 4155 1114 4200 et
1129 4154 1333 4199 exactae
1352 4141 1787 4205 exatuinationis;
1812 4136 2218 4200 misericordize,

647 4257 756 4296 non
787 4239 1241 4294 ratiocinationis.
1268 4235 1393 4290 Vult
1417 4234 1611 4289 nutriri
1639 4250 1651 4285 :
1676 4234 1719 4286 si
1746 4233 1825 4285 vis
1845 4230 2083 4298 quidem,
2118 4227 2218 4292 da;

647 4335 734 4391 sin
786 4333 990 4397 minus,
1020 4331 1273 4393 amanda,
1306 4328 1441 4382 nihil
1472 4327 1805 4394 disceplans.
1834 4320 2015 4387 Quare
2055 4319 2222 4374 miser

648 4443 710 4483 es
744 4435 799 4480 et
834 4424 1057 4479 infelix?
1095 4421 1275 4489 Quare
1306 4436 1406 4476 nec
1438 4422 1554 4488 ipse
1584 4416 1889 4479 misereris,
1921 4421 1975 4468 et
2000 4426 2095 4467 eos
2127 4411 2222 4481 qui

648 4521 841 4574 volunt
873 4517 1115 4572 avertis?
1142 4514 1275 4569 Nam
1317 4512 1538 4583 quando
1580 4511 1667 4564 hic
1704 4509 1786 4563 vel
1839 4506 1930 4560 ille
1960 4519 1989 4557 a
2037 4515 2088 4557 te
2123 4518 2224 4555 au-

648 4610 815 4665 dierit
844 4610 989 4679 quod
1017 4608 1120 4662 iste
1148 4606 1365 4673 quidem
1407 4613 1490 4659 est
1525 4602 1800 4669 deceptor,
1833 4595 1923 4649 ille
1959 4608 2088 4649 vero
2123 4594 2222 4660 hy-

1240 305 1300 363 S.
1337 303 1612 362 JOANNIS
1646 299 2120 363 CHRYSOSTOMI
2158 296 2471 358 ARCHIEP.
2511 293 3041 355 CONSTANTINOP.

2271 315 2471 358 J‘IIISI’.
2511 315 3041 355 υυυδιῆαιιαυν.

2271 402 2475 470 pocrita
2517 410 2573 457 et
2602 401 2886 456 simulator
2909 442 2925 468 ,
2959 402 3062 460 iste
3111 411 3292 459 autem
3322 402 3601 464 imperatur
3622 432 3634 467 :
3656 429 3796 485 neque

2271 490 2356 545 his
2381 490 2491 557 dat,
2507 508 2679 563 neque
2705 494 2809 547 illis
2836 513 2848 547 :
2869 494 3172 564 suspicatur
3188 496 3332 550 enim
3351 512 3534 554 omnes
3553 506 3795 563 essetalcs.

2268 582 2427 637 Scitis
2450 584 2589 638 enim
2608 584 2745 654 quod
2780 585 2914 640 mala
2937 586 3091 640 facile
3111 588 3481 657 suspicamur;
3510 606 3624 661 qua
3649 607 3795 654 autem

2271 674 2433 740 bona,
2463 690 2568 729 non
2597 676 2747 731 item.
2766 674 2946 731 Simus
2975 677 3378 745 misericordes,
3405 695 3509 736 non
3535 696 3796 757 utcumque,

2268 766 2364 820 sed
2394 775 2450 820 ut
2470 766 2630 822 Pater
2659 778 2843 823 noster
2866 768 3099 824 caelestis
3130 788 3143 824 :
3172 771 3287 840 ipse
3307 772 3472 826 nutrit
3498 774 3741 834 adulteros
3758 794 3797 836 et

2269 864 2599 912 scortatores
2626 867 2680 911 et
2705 860 3122 929 praestigiatorcs
3150 878 3166 915 :
3192 870 3247 916 et
3274 861 3402 931 quid
3426 863 3584 917 dico?
3618 882 3704 923 eos
3729 876 3795 940 qui

2271 950 2517 1005 laborant
2564 951 2708 1005 omni
2739 967 2938 1022 genere
2970 954 3105 1008 vitii.
3135 953 3266 1009 Nam
3318 971 3536 1013 necesse
3560 971 3638 1013 est
3683 972 3731 1014 ut
3764 966 3801 1019 in

2273 1050 2420 1095 tanto
2446 1042 2647 1097 mundo
2679 1044 2827 1098 multi
2855 1046 2964 1101 sint
2993 1046 3126 1101 tales
3152 1064 3167 1102 :
3198 1046 3293 1103 sed
3323 1057 3503 1104 tamen
3535 1065 3705 1106 omnes
3728 1071 3803 1109 nu-

2273 1132 2363 1185 trit
2388 1172 2403 1197 ,
2435 1148 2621 1188 omnes
2651 1134 2820 1189 induit
2853 1153 2866 1190 :
2892 1151 3053 1192 nemo
3082 1154 3331 1209 umquam
3361 1137 3501 1195 fame
3523 1143 3695 1210 petiit,
3721 1147 3799 1200 nisi

2273 1221 2394 1291 quis
2417 1222 2552 1277 forte
2579 1238 2672 1277 sua
2698 1234 2911 1292 Sponte.

2346 1311 2591 1366 Monac/ii
2611 1314 2979 1386 eleemosynam
2995 1324 3237 1386 petentes.
3261 1317 3591 1390 Eleemosyna
3604 1325 3807 1387 quomodo

2271 1404 2463 1457 danda.
2490 1433 2563 1443 —
2599 1405 2669 1459 Ita
2701 1407 2867 1460 simus
2911 1408 3287 1465 misericordes
3322 1428 3335 1466 :
3368 1420 3425 1465 et
3450 1412 3492 1466 si
3517 1422 3678 1481 egeat,
3704 1424 3749 1467 ct
3772 1416 3804 1468 si

2272 1496 2341 1550 sit
2363 1496 2415 1549 in
2436 1497 2775 1564 necessitate,
2795 1498 2842 1553 ei
2863 1500 2941 1554 fer
2956 1515 3133 1570 opem.
3152 1501 3303 1557 Nunc
3324 1514 3502 1558 autem
3527 1504 3742 1558 venimus
3758 1521 3806 1560 eo

2274 1586 2778 1652 irrationabilitatis,
2811 1598 2868 1642 ut
2898 1604 3003 1643 non
3033 1591 3207 1645 solum
3234 1591 3335 1646 hoc
3357 1592 3617 1648 faciamus
3641 1594 3686 1645 in
3713 1610 3809 1663 pau-

2276 1677 2489 1746 peribus
2516 1677 2603 1746 qui
2628 1678 2902 1734 ambulattt
2932 1695 3028 1749 per
3066 1684 3299 1752 compita
3330 1692 3385 1738 et
3412 1685 3721 1753 angiportus,
3742 1687 3812 1741 sed

2274 1768 2435 1824 etiam
2459 1770 2511 1823 in
2542 1770 2839 1824 monachis.
2864 1772 2962 1827 llic
2990 1773 3073 1829 vel
3102 1775 3209 1839 ille,
3240 1776 3432 1846 inquit,
3456 1787 3536 1831 est
3559 1778 3798 1847 impostor.

2276 1859 2393 1915 Non
2441 1861 2545 1916 hoc
2594 1863 2753 1917 modo
2791 1863 3033 1919 dicebam
3056 1908 3072 1934 ,
3104 1867 3245 1936 quod
3276 1869 3321 1923 si
3369 1869 3616 1923 omnibus
3639 1870 3810 1939 quidem

2276 1950 2466 2008 demus
2515 1954 2979 2012 iudiscriminatim
3005 1998 3022 2025 ,
3062 1973 3282 2029 semper
3322 1961 3717 2025 miserebimur;
3747 1964 3808 2016 sin

2287 2060 2465 2105 autem
2493 2054 2819 2122 coeperimus
2842 2067 2963 2107 esse
2988 2052 3185 2105 curiosi
3213 2093 3229 2117 ,
3260 2067 3552 2120 numquam
3587 2049 3818 2103 miserebi-

2264 2188 2267 2195 ,
2290 2144 2452 2199 mur?
2476 2144 2612 2213 Quid
2634 2144 2800 2201 dicis?
2831 2153 2889 2199 ut
2911 2160 3101 2215 panem
3124 2144 3349 2215 accipiat
3376 2154 3459 2197 est
3489 2140 3757 2211 impostor?
3773 2139 3815 2194 Si

2290 2244 2498 2307 peteret
2526 2236 2740 2308 quidem
2793 2236 2987 2291 talenta
3017 2236 3131 2289 auri
3175 2245 3228 2290 et
3267 2230 3513 2302 argenti,
3563 2242 3648 2286 aut
3687 2240 3819 2286 vestes

2276 2329 2553 2399 pretiosas
2588 2337 2644 2384 et
2692 2328 3001 2399 magnificas
3022 2368 3037 2395 ,
3071 2339 3163 2383 aut
3190 2328 3460 2397 mancipia
3485 2366 3500 2391 ,
3534 2326 3710 2380 merito
3731 2339 3818 2378 cum

2287 2435 2509 2477 vocares
2534 2421 2874 2490 deceptorem
2900 2439 2915 2475 :
2944 2423 2988 2476 si
3016 2430 3194 2476 autem
3239 2419 3371 2475 nihil
3403 2419 3616 2484 horum,
3644 2415 3725 2471 sed
3748 2415 3820 2469 ali-

2290 2524 2528 2569 mentum
2550 2525 2605 2569 et
2631 2523 3016 2585 tegumentum,
3040 2529 3161 2584 quae
3178 2523 3302 2568 sunt
3326 2509 3691 2582 philosophias,
3708 2522 3818 2571 num,

2287 2622 2473 2677 qumso
2498 2648 2513 2671 ,
2539 2606 2658 2663 ideo
2688 2608 2981 2677 deceptor?
3009 2609 3293 2663 Cessemus
3313 2607 3380 2660 ab
3409 2604 3511 2659 hac
3537 2605 3820 2673 importuna,

2286 2702 2523 2756 satauica
2560 2712 2613 2757 et
2654 2701 2948 2771 perniciosa
2978 2702 3310 2757 curiositate.
3344 2699 3480 2755 Nam
3513 2701 3555 2755 si
3583 2715 3637 2754 se
3658 2700 3701 2753 in
3726 2699 3820 2753 cleri

2288 2791 2502 2862 quidem
2535 2809 2817 2848 numerum
2846 2793 2988 2849 dicat
3008 2809 3128 2848 esse
3150 2795 3398 2859 relatum,
3432 2804 3523 2847 aut
3550 2792 3591 2847 si
3618 2806 3671 2845 sc
3695 2792 3823 2844 nomi-

2291 2892 2384 2938 net
2436 2883 3091 2955 saccrdotem,‘diligenter
3136 2884 3363 2954 inquire,
3389 2894 3446 2939 et
3484 2883 3557 2937 sis
3602 2884 3821 2945 curiosus;

2292 2989 2398 3028 non
2425 2984 2509 3030 est
2537 2977 2680 3030 enim
2713 2992 2906 3045 expers
2935 2978 3155 3047 periculi
3188 2993 3309 3047 qua:
3338 2978 3459 3031 sine
3502 2977 3725 3030 examine
3746 2974 3823 3027 illic

2292 3063 2352 3117 tit
2375 3066 2829 3128 communicatio;
2864 3067 2931 3122 de
2961 3068 3121 3123 rebus
3150 3069 3293 3123 enim
3326 3067 3537 3137 magnis
3566 3077 3640 3122 est
3666 3066 3824 3136 pericu-

2292 3155 2445 3211 lum-z
2473 3158 2685 3227 quodsi
2713 3161 2888 3214 cibqu
2917 3171 3081 3231 petat,
3112 3160 3239 3215 nihil
3264 3161 3576 3223 examines;
3606 3176 3697 3213 non
3720 3158 3822 3212 enim

2291 3249 2408 3313 das,
2441 3252 2534 3306 sed
2559 3253 2779 3321 accipis.
2810 3253 3041 3323 Exquire
3066 3255 3111 3308 si
3135 3255 3234 3316 vis,
3269 3264 3323 3309 et
3348 3264 3593 3308 scrutare
3614 3250 3824 3322 quomodo

2305 3336 2575 3389 Abraham
2608 3349 2668 3387 se
2697 3332 2977 3388 exhiberet
3007 3332 3325 3403 hospitalem
3367 3332 3427 3387 in
3455 3345 3637 3387 omnes
3663 3330 3738 3401 qui
3766 3342 3829 3382 ac-

2304 3426 2586 3483 cedebant.
2606 3426 2661 3481 Si
2688 3426 2754 3480 de
2778 3427 2840 3480 iis
2862 3426 2950 3495 qui
2982 3425 3047 3479 ad
3077 3426 3250 3496 ipsum
3280 3422 3828 3495 confugiebantcuriose

2305 3528 2452 3576 esset
2478 3527 2767 3583 scrutatus,
2787 3517 3018 3587 hoSpitio
3045 3532 3151 3571 non
3172 3517 3480 3585 excepisset
3505 3515 3732 3586 angelos;
3755 3511 3829 3565 for-

2308 3622 2449 3666 tasse
2465 3611 2608 3665 enim
2637 3624 2743 3664 non
2768 3609 3081 3664 existimans
3106 3623 3199 3664 cos
3217 3623 3339 3664 esse
3360 3607 3602 3679 angelos,
3628 3621 3730 3663 cum
3747 3604 3830 3658 aliis

2310 3704 2431 3759 illos
2459 3718 2670 3774 quoque
2708 3702 3002 3772 expulisset
3035 3721 3047 3756 :
3077 3700 3171 3755 scd
3204 3700 3460 3771 quoniam
3509 3712 3683 3753 omnes
3723 3694 3830 3751 exci-

2310 3796 2509 3868 piebat,
2541 3796 2749 3866 excepit
2773 3796 2933 3850 etiam
2956 3794 3196 3865 angelos.
3221 3793 3355 3848 Num
3375 3809 3441 3848 ex
3465 3793 3568 3846 vita
3594 3805 3753 3847 eorum
3769 3787 3831 3855 qui

2310 3890 2610 3958 accipiunt,
2642 3887 2736 3942 tibi
2762 3887 3063 3941 mercedem
3093 3885 3182 3940 dat
3208 3884 3389 3939 Deus?
3432 3883 3513 3938 Ex
3538 3883 3693 3938 libero
3713 3876 3831 3933 animi

2313 3982 2577 4047 instituto,
2599 3996 2663 4034 ex
2687 3982 2851 4035 multa
2874 3979 3193 4034 liberalitate
3219 3987 3273 4032 ct
3289 3974 3670 4039 munificentia,
3695 3988 3747 4029 ex
3770 3970 3833 4024 be

2314 4075 2572 4145 nignitatc
2602 4083 2657 4129 ct
2688 4073 2924 4128 bonitate
2959 4090 2971 4126 :
3003 4072 3119 4125 hmc
3147 4072 3307 4137 adsit,
3350 4080 3407 4125 et
3430 4070 3605 4125 omnia
3640 4067 3754 4121 bona
3774 4076 3835 4114 as-

2317 4167 2583 4235 sequeris.
2609 4166 2738 4232 Qua:
2761 4164 2919 4219 detur
2944 4162 3196 4217 omnibus
3222 4161 3377 4217 nobis
3406 4158 3687 4228 consequi,
3711 4151 3831 4225 gratia

2317 4269 2372 4314 et
2398 4258 2724 4329 benignitate
2756 4255 2968 4311 Domini
3020 4255 3188 4310 nostri
3219 4255 3346 4310 Jcsu
3373 4253 3575 4309 Christi
3599 4294 3613 4317 ,
3639 4264 3739 4304 cum
3762 4260 3833 4313 qui!

2320 4353 2463 4409 Patri
2509 4366 2610 4406 una
2661 4366 2785 4406 cum
2833 4358 3021 4404 sancto
3064 4348 3267 4419 Spiritu
3310 4347 3482 4418 gloria
3510 4388 3527 4413 ,
3579 4340 3832 4415 imperium.

2324 4444 2531 4507 honor,
2565 4455 2709 4495 nunc
2749 4449 2806 4495 et
2849 4454 3098 4509 semper,
3136 4438 3275 4494 etin
3320 4436 3519 4493 saecula
3563 4432 3833 4491 seculorum.

2327 4535 2517 4585 Amen.

2105 4744 2441 4806 HOMlLIA
2475 4744 2625 4807 XII.

648 4891 781 4948 ειν.
807 4890 862 4944 7.
906 4899 960 4941 γ.
1010 4884 1062 4938 1.
1108 4878 1208 4935 Hic
1247 4875 1382 4932 enim
1434 4864 1840 4931 Melchisedech,
1880 4876 1971 4917 rea:
2018 4858 2234 4923 Solem,

726 4982 960 5038 sacerdos
992 4975 1084 5029 Dei
1109 4974 1309 5031 summi,
1341 4966 1427 5037 qui
1454 4960 1662 5018 obviavit
1695 4956 1911 5012 Abrahae
1934 4966 2163 5022 regresso
2211 4964 2243 5001 ιι

730 5073 867 5129 crede
892 5086 1086 5140 regum,
1120 5076 1165 5119 et
1193 5062 1440 5117 benedixit
1469 5059 1515 5113 ci
1544 5073 1562 5109 :
1589 5055 1644 5108 9..
1675 5053 1757 5107 cui
1783 5058 1827 5102 et
1869 5047 2090 5101 decimas
2134 5058 2246 5097 om-

735 5169 876 5221 nium
903 5161 1071 5215 divisit
1099 5156 1388 5214 Abraham;
1420 5150 1635 5219 primum
1661 5143 1861 5215 quidem
1886 5141 2245 5206 interpretatur

734 5274 825 5313 rex
843 5253 1079 5326 jnstitire,
1104 5246 1286 5302 deinde
1310 5252 1476 5296 autent
1498 5250 1545 5293 et
1568 5254 1657 5292 rex
1678 5237 1873 5298 Salem,
1903 5230 2038 5300 quod
2063 5237 2133 5282 est
2158 5240 2249 5280 rea:

738 5352 916 5421 pacis;
947 5345 1002 5399 ’5.
1034 5343 1143 5396 sine
1167 5348 1343 5408 putre,
1376 5334 1485 5387 sine
1523 5341 1714 5392 matre,
1764 5327 1871 5379 sine
1914 5320 2210 5392 genealogia
2230 5357 2247 5381 ,

741 5414 901 5509 neque
923 5434 1123 5488 initium
1154 5430 1372 5489 dierum,
1402 5438 1559 5494 neque
1584 5421 1735 5491 linem
1761 5418 1875 5471 uiue
1913 5414 2100 5467 habens
2119 5451 2133 5475 ,
2163 5424 2251 5462 as-

742 5505 993 5585 sitnilatus
1021 5533 1188 5578 autem
1220 5519 1358 5573 Filio
1381 5515 1503 5581 Dei,
1536 5520 1702 5567 manet
1732 5507 1965 5564 sacerdos
1990 5505 2041 5559 in
2070 5516 2251 5574 perpe-

746 5635 907 5678 tuum.

752 5718 801 5774 1.
842 5711 1050 5770 Veteris
1071 5719 1125 5767 et
1150 5706 1281 5765 Novi
1313 5703 1501 5760 volens
1542 5696 1739 5756 Paulus
1778 5689 2062 5749 ostendere
2103 5684 2258 5743 diﬂ'c-

2343 4853 2599 4920 rentiam,
2625 4848 2810 4906 multis
2840 4847 2895 4904 in
2926 4845 3059 4902 locis
3085 4845 3137 4901 id
3168 4843 3481 4899 disseminat
3504 4881 3519 4905 ,
3550 4833 3846 4920 preluditquc.

2344 4956 2608 5010 auresque
2638 4939 2939 4994 auditorum
2964 4936 3210 5006 explorat
3235 4942 3286 4988 et
3331 4933 3479 5002 prius
3518 4935 3726 4984 exercet.
3760 4919 3845 4976 Natu

2353 5044 2408 5090 et
2438 5033 2617 5114 staliJn
2646 5032 2712 5085 ah
2743 5030 2896 5084 initio
2925 5028 3028 5083 hoc
3054 5037 3323 5095 tamquam
3348 5023 3724 5079 fundamentum
3742 5011 3847 5084 jecit.

2349 5100 2581 5180 dicens':
2612 5123 2719 5176 Illis
2748 5121 2964 5191 quidem
2993 5121 3239 5188 loquutus
3264 5126 3347 5171 est
3372 5115 3425 5169 in
3450 5110 3718 5184 prophetis,
3743 5100 3847 5157 nobis

2352 5228 2530 5272 autem
2562 5218 2611 5269 in
2643 5214 2780 5269 Filio
2814 5229 2828 5266 :
2862 5212 2968 5266 illis
3008 5210 3347 5265 multifariam
3397 5207 3667 5273 multisque
3702 5194 3846 5253 modist

2354 5312 2509 5367 nobis
2532 5321 2710 5364 autem
2739 5323 2833 5376 per
2861 5305 3081 5360 Filium.
3118 5302 3317 5357 Deinde
3346 5316 3464 5355 cum
3492 5298 3557 5353 de
3600 5294 3718 5349 Filio
3752 5284 3847 5355 quis-

2356 5418 2477 5457 nam
2508 5410 2651 5456 esset
2676 5395 3015 5452 disseruisset
3044 5402 3099 5448 ct
3122 5392 3247 5462 quid
3276 5391 3518 5452 fecisset,
3553 5396 3602 5442 ct
3638 5384 3679 5435 ei
3713 5386 3846 5451 parcre

2358 5496 2632 5558 suasiSset,
2666 5508 2733 5547 nc
2765 5490 2917 5545 nobis
2946 5487 3132 5543 eadem
3165 5466 3466 5539 acciderent
3492 5494 3603 5550 qua:
3626 5470 3847 5531 Judaiisml

2358 5588 2583 5642 dixisset
2624 5601 2746 5640 cum
2791 5598 2912 5639 esse
2961 5578 3297 5636 sacerdotem
3345 5572 3625 5630 secundum
3672 5562 3846 5620 ordinem

2360 5678 2786 5748 Melchisedech,
2834 5685 2888 5734 ct
2926 5689 3071 5747 saepe
3099 5671 3353 5730 voluisset
3378 5667 3513 5724 banc
3541 5656 3719 5734 ingredi
3742 5647 3845 5707 dilic-
