4002 6426
198 310 266 367 97
968 325 1035 382 IN
1074 326 1284 415 EPIST.
1328 329 1419 384 AD
1457 328 1815 387 llEBltAEOS.
1856 331 2005 387 CAP.
2048 331 2159 388 VH.
2201 331 2429 391 HOMIL.
2472 336 2577 395 XII.
3381 351 3450 409 98

195 439 451 506 rentiam,
471 447 525 495 et
537 442 701 496 multa
718 441 864 511 prius
880 442 1264 512 dispensasset,
1284 460 1483 518 eosque
1502 457 1771 519 tamquam

158 542 163 545 ‘
198 530 497 586 imbecillos
525 534 856 604 increpasset
882 545 934 590 et
984 551 1169 591 rursus
1201 550 1439 596 curasset
1464 550 1514 595 et
1540 556 1779 596 recreasa

196 632 281 677 set
303 633 360 677 ut
380 625 712 680 conﬁderent
732 644 744 678 :
768 636 892 682 tunc
914 628 1132 685 auribus
1153 629 1263 699 jam
1284 631 1582 703 vigentibus
1604 642 1659 688 et
1685 649 1779 689 ve-

198 714 505 785 getisaﬁ‘ert
522 718 782 773 rationem
812 718 1127 775 diﬁ'crentite
1158 739 1171 777 :
1200 738 1322 777 nam
1352 724 1670 794 quidejecto
1698 736 1778 783 es:

197 810 402 875 animo,
421 827 525 866 non
543 811 698 869 facile
710 814 958 870 audierit.
982 817 1043 869 Et
1064 816 1116 870 id
1141 826 1196 871 ut
1216 819 1373 884 scias,
1394 820 1518 873 audi
1540 820 1777 889 Scriptu-

196 918 315 959 ram
358 904 624 960 dicentem
660 923 672 958 :
704 906 771 960 Et
824 925 923 962 non
969 910 1237 964 audierunt
1289 911 1519 981 Moysen:
1572 923 1780 983 propter

196 996 669 1064 pusillanimitatem
697 998 888 1067 (Exod.
918 999 970 1055 6.
1013 1001 1094 1071 9).
1127 1002 1419 1073 Propterea
1452 1019 1573 1057 eum
1632 1006 1778 1074 prius

194 1088 379 1141 multis
422 1096 478 1142 et
528 1089 854 1147 terribilibus
905 1099 959 1147 et
1007 1093 1227 1163 placidis
1250 1110 1312 1148 ac
1336 1094 1580 1164 benignis
1601 1096 1779 1155 verbis

194 1190 384 1231 eorum
410 1179 756 1235 exinaniisset
776 1181 941 1236 animi
967 1184 1343 1251 aegritudinem
1362 1226 1377 1250 ,
1412 1194 1537 1242 tunc
1558 1187 1635 1242 de
1674 1203 1780 1243 ete-

198 1277 315 1324 tero
358 1270 637 1327 descendit
664 1272 729 1327 ad
761 1274 1023 1329 rationem
1054 1275 1371 1332 diﬁ‘erentiac
1401 1296 1413 1332 :
1444 1288 1498 1333 et
1526 1280 1651 1349 quid
1692 1280 1777 1334 di-

193 1360 306 1413 cit?
339 1360 438 1415 llic
459 1363 592 1416 enim
620 1363 992 1421 Melchisedech
1014 1410 1025 1426 .
1051 1386 1139 1422 rex
1163 1369 1338 1424 Solem
1355 1411 1370 1438 ,
1398 1374 1635 1428 sacerdos
1680 1373 1776 1429 Dei

190 1452 402 1505 summi.
431 1453 497 1506 Et
526 1454 665 1523 quod
693 1464 777 1509 est
806 1458 1047 1513 mirabile
1070 1502 1086 1526 ,
1116 1460 1170 1514 in
1202 1462 1318 1531 ipso
1369 1473 1493 1533 typo
1540 1466 1779 1521 ostendit

191 1545 419 1600 multam
450 1561 573 1601 esse
597 1547 978 1631 diderentiam.
1008 1552 1139 1607 Nam
1185 1555 1325 1610 sicut
1372 1557 1515 1624 dixi,
1568 1573 1598 1612 a
1648 1568 1776 1631 typo

190 1650 410 1705 semper
451 1636 608 1692 Iidem
645 1638 772 1694 facit
799 1643 1049 1710 veritati,
1079 1659 1144 1698 ex
1174 1648 1458 1713 praeteritis
1489 1651 1774 1717 praesentia

189 1728 411 1795 asserit,
444 1741 663 1798 propter
687 1730 1106 1789 imbecillitatem
1133 1736 1455 1795 auditorum.
1491 1739 1591 1795 llic
1617 1744 1771 1810 enim,

189 1818 385 1890 inquit,
420 1819 813 1887 Melchisedech,
842 1840 934 1878 rea;
959 1824 1157 1893 Solem,
1186 1831 1422 1885 sacerdos
1447 1830 1538 1885 Dei
1558 1836 1771 1900 summi,

188 1921 235 1963 et
264 1912 354 1976 qui
379 1912 595 1967 obuiauit
614 1914 834 1969 Abraha:
852 1934 1078 1988 regresso
1098 1936 1129 1972 a
1153 1922 1289 1976 ccede
1313 1939 1518 1994 regum,
1547 1935 1593 1978 et
1623 1927 1773 1981 bene-

189 2001 323 2056 dixit
361 2004 408 2057 ei
434 2021 451 2056 :
488 2006 571 2058 cui
619 2015 666 2059 et
705 2006 925 2062 decimas
965 2011 1189 2065 omnium
1234 2013 1401 2067 divisit
1448 2016 1721 2071 Abraham.
1755 2021 1773 2051 ¹

190 2092 327 2149 Cum
375 2095 612 2151 breviter
664 2106 829 2153 totam
884 2101 1149 2169 posuisset
1199 2107 1558 2162 narrationem
1588 2151 1603 2175 ,
1654 2126 1773 2165 eam

196 2187 421 2256 mystice
438 2198 517 2243 est
535 2192 927 2262 contemplatus
947 2211 962 2249 :
986 2203 1040 2250 et
1063 2196 1290 2265 primum
1311 2213 1341 2252 a
1369 2201 1584 2257 nomine
1610 2220 1624 2256 :
1660 2204 1775 2259 Pri-

202 2293 344 2331 mum
369 2279 583 2349 quidem,
609 2282 799 2352 inquit,
828 2288 1190 2356 interpretatur
1209 2306 1299 2344 rea:
1310 2293 1546 2362 justitite.
1572 2295 1772 2357 Recte:

194 2369 401 2426 Sedccb
431 2372 573 2428 enim
603 2374 797 2430 dicitur
820 2377 1049 2447 justitia,
1071 2381 1258 2438 Melchi
1282 2395 1459 2442 autem
1485 2404 1576 2444 rex
1605 2408 1617 2443 :
1646 2405 1776 2461 ergo

190 2460 583 2520 Melchisedech
607 2481 702 2521 rex
730 2467 953 2537 justitite
978 2481 1079 2528 est.
1110 2472 1273 2529 Vides
1299 2478 1456 2532 etiam
1500 2478 1553 2533 in
1598 2460 1774 2537 nomi-

190 2553 349 2611 nibus
389 2568 697 2613 accuratam
740 2560 1108 2632 diligentiam?
1154 2566 1284 2633 Quis
1327 2578 1412 2623 est
1447 2582 1626 2628 autem
1669 2589 1773 2629 rex

179 2647 431 2715 justitize,
452 2650 557 2705 nisi
578 2652 833 2709 Dominus
863 2665 1046 2712 noster
1072 2658 1229 2715 Jesus
1258 2661 1547 2718 Christus?
1573 2666 1776 2723 Deinde

183 2740 351 2795 etiam
384 2757 480 2797 rex
510 2742 707 2812 Salem,
738 2762 766 2800 a
794 2749 1009 2805 civitate
1040 2771 1052 2806 :
1086 2750 1189 2808 hoc
1217 2765 1301 2811 est
1329 2771 1424 2812 rex
1452 2760 1596 2827 pacis
1630 2777 1643 2812 :
1674 2761 1777 2815 hoc

186 2834 337 2888 enim
364 2834 637 2906 significat
663 2838 860 2896 Salem.
898 2843 1050 2910 Quod
1082 2861 1267 2905 rursus
1287 2859 1369 2907 est
1397 2850 1597 2907 Christi
1624 2871 1638 2907 :
1689 2855 1777 2910 hic

185 2924 337 2979 enim
367 2941 467 2981 nos
496 2927 624 2983 fecit
647 2930 823 3000 justas
843 2973 856 2995 ,
886 2944 939 2989 et
968 2936 1264 3005 paciﬁcavit
1291 2956 1412 3011 qua:
1434 2953 1559 2998 sunt
1589 2945 1639 2999 in
1668 2962 1775 3001 ca:-

185 3013 274 3077 lis,
304 3024 362 3071 et
387 3034 507 3089 qua:
537 3018 588 3073 in
616 3030 779 3076 terra.
811 3024 943 3092 Quis
990 3027 1150 3085 homo
1189 3040 1273 3085 est
1316 3048 1410 3087 rex
1456 3033 1681 3103 justitiae
1723 3048 1779 3093 et

187 3106 381 3172 pacis?
428 3108 615 3165 Nullus
661 3124 743 3166 est
786 3116 886 3170 nisi
935 3119 1082 3174 solus
1116 3120 1375 3178 Dominus
1405 3136 1588 3179 noster
1616 3127 1777 3183 Jesus

190 3200 462 3256 Christus.
497 3200 702 3256 Deinde
740 3204 896 3259 aliam
945 3217 1157 3272 quoque
1199 3204 1471 3273 subjungit
1515 3205 1771 3261 diﬁ‘eren-

187 3291 344 3346 tiam.
377 3291 505 3347 Sine
526 3303 688 3361 patre,
728 3292 833 3347 sine
872 3303 1065 3359 matre,
1105 3294 1215 3347 sine
1250 3296 1576 3367 genealogia,
1616 3312 1774 3367 neque

189 3383 401 3435 initium
415 3382 635 3447 dierum,
660 3400 819 3453 neque
842 3384 956 3438 vita:
1001 3384 1153 3453 ﬁnem
1194 3385 1381 3440 habens
1404 3428 1420 3453 ,
1463 3387 1774 3444 assimilatas

187 3485 361 3529 autem
392 3474 530 3529 Filio
560 3474 687 3539 Dei,
718 3486 881 3530 manet
912 3478 1147 3532 sacerdos
1185 3478 1237 3531 in
1276 3491 1589 3549 perpetuum.
1631 3481 1775 3549 Quo-

188 3567 336 3619 niam
367 3581 501 3636 ergo
528 3567 577 3621 ei
606 3567 1024 3622 adversabantur
1059 3585 1177 3638 qua:
1224 3570 1363 3624 dicta
1408 3581 1560 3636 sunt,
1609 3572 1689 3627 Tu
1724 3590 1776 3629 es

186 3657 427 3711 sacerdos
462 3660 509 3711 in
537 3668 779 3711 aeternum
806 3660 1080 3713 secundum
1104 3662 1331 3716 ordinem
1366 3662 1776 3731 Melchisedech;

189 3746 277 3800 ille
298 3758 482 3802 autem
512 3759 627 3803 erat
654 3758 918 3815 mortuus,
946 3759 1124 3805 etnon
1154 3751 1250 3805 fuit
1280 3753 1527 3809 sacerdos
1549 3754 1601 3809 in
1625 3767 1775 3811 teter-

186 3855 319 3893 num
355 3856 368 3891 :
403 3840 526 3894 vide
555 3842 825 3910 quomodo
860 3842 959 3897 hoc
985 3843 1056 3896 sit
1081 3845 1492 3913 contemplatus.
1539 3847 1613 3902 Ne
1656 3848 1777 3916 quis

183 3930 337 3983 enim
363 3930 641 3999 objiceret,
677 3932 746 3985 Et
776 3932 894 4000 quis
926 3933 1029 3988 hoc
1059 3934 1127 3988 de
1158 3936 1371 3990 homine
1401 3937 1632 3992 dixerit?
1659 3938 1776 3997 Non

186 4037 250 4075 re
279 4023 393 4090 ipsa
416 4062 431 4085 ,
461 4022 655 4092 inquit,
712 4023 833 4078 dico
858 4045 871 4080 :
896 4024 998 4080 hoc
1026 4035 1129 4091 est,
1160 4026 1440 4082 NC>CiHIUS
1481 4044 1637 4098 quem
1669 4030 1776 4085 Pa-

184 4124 328 4167 trem
355 4114 620 4174 habuerit.
652 4127 743 4170 aut
763 4132 920 4185 quam
944 4128 1165 4172 matrem
1194 4135 1207 4171 :
1243 4136 1348 4175 non
1375 4121 1590 4189 quando
1617 4137 1775 4178 acce-

183 4205 335 4275 perit
362 4206 571 4261 initium
596 4246 612 4271 ,
644 4224 749 4263 non
780 4209 991 4277 quando
1019 4210 1087 4265 sit
1116 4222 1377 4267 mortuus.
1402 4213 1470 4268 Et
1493 4215 1618 4284 quid
1642 4212 1773 4283 tum,

186 4298 417 4369 inquit?
440 4315 567 4353 num
593 4302 842 4370 quoniam
870 4304 1138 4359 nescimus
1160 4346 1175 4368 ,
1220 4322 1323 4361 non
1373 4317 1456 4363 est
1499 4319 1775 4383 mortuus,

181 4407 291 4447 nec
324 4390 514 4445 habuit
544 4394 832 4462 parentes?
860 4394 1025 4450 Recte
1053 4396 1208 4464 dicis,
1241 4406 1294 4451 et
1316 4410 1555 4455 mortuus
1576 4411 1691 4469 est,
1723 4410 1779 4457 et

186 4484 390 4538 habuit
426 4496 694 4554 parentes.
726 4485 1003 4552 Quomodo
1030 4502 1179 4558 ergo,
1207 4488 1332 4544 Sine
1357 4500 1500 4559 patre
1523 4502 1566 4545 et
1588 4496 1779 4550 matre?

179 4578 493 4643 quomodo,
532 4574 709 4647 Neque
746 4577 949 4630 initium
993 4578 1221 4644 dierum,
1265 4598 1424 4648 neque
1472 4585 1623 4651 finem
1666 4585 1781 4640 vita

183 4668 429 4724 habens?
458 4669 779 4736 Quomodo?
808 4687 873 4726 eo
901 4672 1040 4741 quod
1072 4673 1122 4727 in
1155 4674 1427 4743 Scriptura
1459 4694 1563 4733 non
1590 4678 1782 4734 aﬁera-

185 4772 299 4815 tur.
337 4762 405 4816 Et
435 4762 565 4832 quid
588 4763 690 4817 hoc
712 4764 833 4818 est?
883 4764 951 4820 Ut
997 4765 1085 4820 hic
1129 4767 1244 4821 sine
1295 4768 1486 4830 Patre,
1529 4772 1781 4838 quoniam

184 4868 302 4907 non
332 4864 647 4909 recensetur
670 4856 979 4926 genealogis
1013 4873 1025 4909 :
1060 4856 1132 4911 ita
1161 4857 1408 4913 Christus
1438 4860 1551 4930 ipsa
1579 4861 1656 4916 rei
1684 4878 1784 4917 na-

185 4953 337 4996 tura.

261 5034 321 5090 2.
356 5034 499 5090 Ecce
528 5051 628 5091 nec
653 5036 859 5091 initium
894 5052 993 5093 nec
1016 5038 1174 5094 ﬁnem
1203 5039 1427 5096 habens.
1454 5041 1603 5100 Sicut
1628 5043 1784 5113 huius

184 5127 473 5182 nescimus
500 5143 672 5197 neque
696 5129 903 5183 initium
933 5129 1142 5186 dierum
1169 5174 1184 5195 ,
1213 5147 1387 5202 neque
1415 5134 1551 5188 viti!
1582 5134 1741 5192 linem
1766 5177 1781 5201 ,

184 5233 257 5274 eo
286 5220 437 5285 quod
474 5236 577 5274 non
607 5222 803 5290 scripta
833 5222 942 5277 sint
974 5240 986 5275 :
1019 5223 1090 5278 ita
1136 5225 1264 5281 Jesu
1312 5228 1581 5283 nescimus
1606 5271 1621 5295 ,
1675 5245 1784 5289 non

184 5311 339 5380 quod
373 5327 481 5366 non
513 5313 711 5381 scripta
748 5313 893 5378 sint,
919 5315 1013 5370 sed
1043 5317 1168 5386 quia
1201 5333 1307 5373 non
1338 5328 1484 5375 sunt.
1515 5320 1649 5376 Nam
1693 5323 1785 5379 ille

186 5402 413 5472 quidem
442 5412 525 5457 est
551 5404 743 5474 ﬁgura,
768 5414 824 5460 et
850 5405 973 5462 ideo
999 5423 1109 5463 non
1129 5419 1211 5464 est
1240 5410 1498 5480 scriptum
1527 5430 1541 5464 :
1572 5413 1657 5467 hic
1684 5429 1784 5467 au-

189 5503 301 5548 tem
334 5495 629 5554 veritas.et
653 5495 775 5551 ideo
804 5514 906 5551 non
926 5508 1010 5553 est
1029 5500 1332 5556 talis.Sicut
1352 5502 1515 5557 etiam
1537 5504 1587 5557 in
1618 5506 1788 5559 nomi-

188 5586 355 5641 nibus
380 5602 395 5639 :
432 5601 556 5641 nam
585 5585 675 5641 hic
708 5588 925 5645 cuidem
947 5599 1101 5645 erant
1126 5592 1533 5663 appellationes,
1560 5594 1671 5651 Res
1696 5596 1787 5667 ju-

267 5753 286 5785 ι
313 5751 407 5804 ηις
428 5750 599 5815 incipit
620 5752 669 5800 in
692 5749 824 5803 colb.
850 5750 1043 5803 homilia
1067 5755 1370 5812 duodecima.

1875 450 2033 505 stitia:
2061 462 2114 506 et
2136 453 2306 522 pacis,
2338 454 2446 507 illic
2474 463 2653 508 autem
2683 468 2861 509 rerum
2897 455 3094 510 veritas
3136 472 3150 509 :
3191 458 3261 511 ita
3294 459 3454 513 etiam

1878 542 1961 595 hic
1974 559 2186 612 quoque
2215 549 2345 599 sunt
2363 545 2770 612 appellationes,
2796 546 2901 601 illic
2929 557 3105 601 autem
3124 563 3296 602 rerum
3319 549 3456 602 veri-

1879 644 1977 688 tas.
2010 636 2288 703 Quomodo
2314 652 2442 706 ergo
2473 637 2634 692 habet
2662 639 2911 693 initium?
2941 640 3100 694 Vides
3116 640 3307 695 Filium
3335 658 3455 697 esse

1880 728 1994 789 sine
2016 728 2187 792 initio,
2207 743 2310 782 non
2329 728 2473 799 quod
2489 744 2593 783 non
2611 730 3029 786 haheatcausam
3048 750 3062 797 ;
3081 733 3182 788 hoc
3193 734 3333 788 enim
3355 748 3460 787 non

1880 826 2055 886 potest
2100 818 2248 885 ﬁeri;
2289 818 2451 875 habet
2484 820 2628 874 enim
2655 820 2868 877 Patrem
2902 841 2914 877 :
2949 838 3069 876 nam
3101 822 3300 893 alioqui
3326 840 3462 893 quo-

1882 907 2041 963 modo
2066 908 2207 963 ﬁlius
2222 907 2246 960 't
2272 908 2365 963 sed
2389 908 2531 978 quod
2552 924 2656 962 non
2679 906 2871 964 habeat
2889 910 3096 963 initium
3116 910 3261 974 vitae,
3292 925 3465 977 neque

1884 1000 2064 1055 ﬁnem.
2109 1001 2432 1056 Assimilatus
2461 1012 2627 1055 autem
2674 1000 2813 1055 Filio
2850 1000 2968 1054 Dei.
3005 1002 3107 1057 Ubi
3147 1014 3230 1058 est
3276 1003 3467 1057 simili-

1884 1092 2050 1148 tudo?
2093 1093 2247 1160 Quod
2296 1101 2351 1149 et
2394 1093 2551 1164 hujus
2591 1102 2646 1148 et
2691 1093 2835 1147 illius
2882 1093 3043 1148 ﬁnem
3079 1094 3384 1163 ignoramus
3410 1106 3464 1149 et

1885 1181 2092 1236 initium
2121 1198 2135 1235 :
2166 1182 2263 1239 sed
2286 1182 2445 1252 hujus
2488 1182 2739 1255 quidem,
2790 1198 2855 1239 ex
2897 1198 2965 1238 eo
3014 1184 3156 1253 quod
3201 1199 3304 1239 non
3356 1185 3465 1239 sint

1881 1275 2112 1343 scripta;
2144 1275 2286 1330 illius
2311 1292 2469 1345 vero,
2497 1292 2562 1331 ex
2591 1291 2656 1331 eo
2684 1275 2824 1346 quod
2855 1291 2965 1330 non
2990 1276 3116 1330 sint.
3148 1276 3245 1331 Hic
3272 1285 3355 1331 est
3392 1278 3463 1331 si-

1882 1366 2145 1421 militudo.
2171 1368 2227 1423 Si
2259 1378 2435 1424 autem
2482 1369 2682 1440 ubique
2724 1369 2901 1423 futura
2950 1378 3094 1424 esset
3137 1367 3462 1433 similitudo,

1880 1474 1985 1512 non
2016 1457 2197 1528 utique
2222 1469 2406 1515 essent
2437 1468 2593 1529 typus
2620 1468 2672 1513 et
2700 1460 2898 1514 veritas
2918 1500 2932 1526 ,
2964 1458 3059 1513 sed
3087 1458 3246 1513 ambo
3281 1467 3465 1513 essent

1882 1557 2058 1619 typus.
2090 1550 2241 1604 Sicut
2269 1552 2429 1604 etiam
2462 1550 2515 1604 in
2544 1550 2866 1619 imaginibus
2891 1558 2973 1604 est
3021 1549 3217 1620 aliquid
3245 1549 3461 1620 quidem

1877 1644 2075 1708 simile,
2097 1644 2293 1713 aliquid
2326 1660 2453 1700 vero
2476 1643 2741 1698 dissimile
2772 1662 2786 1698 :
2818 1658 2940 1697 nam
2968 1642 3227 1698 linearum
3244 1643 3457 1712 quidem

1878 1742 1934 1787 et
1981 1734 2347 1790 characterum
2397 1745 2479 1790 est
2531 1735 2773 1805 quaedam
2820 1733 3146 1799 similitudo;
3199 1733 3465 1803 impositis

1878 1834 2054 1879 autem
2084 1826 2357 1881 coloribus
2376 1867 2391 1891 ,
2423 1835 2550 1881 tunc
2580 1825 2862 1882 manifeste
2889 1826 3191 1881 ostenditur
3212 1825 3464 1880 diﬁ‘ercn-

1878 1917 1945 1969 tia
1971 1955 1986 1977 ,
2032 1926 2086 1972 et
2130 1916 2232 1971 hoc
2283 1917 2498 1987 quidem
2528 1916 2704 1972 simile
2725 1959 2740 1981 ,
2778 1916 2909 1972 illud
2934 1933 3063 1972 vero
3087 1918 3372 1972 dissimile.
3404 1919 3458 1971 4.

1877 2003 2157 2060 Intuemini
2181 2016 2347 2061 autem
2372 2018 2590 2079 quantus
2614 2008 2678 2061 sit
2706 2007 2808 2073 hic,
2841 2007 2923 2061 cui
2961 2017 3006 2060 et
3055 2008 3277 2063 decimas
3322 2008 3461 2060 dedit

1876 2096 1937 2149 de
1958 2097 2227 2167 prcecipuis
2257 2098 2515 2152 Abraham
2539 2098 2848 2166 patriarcha.
2880 2096 2996 2153 Jam
3028 2097 3302 2166 adaptavit
3332 2097 3463 2167 ligu-

1879 2203 2013 2241 rum.
2052 2189 2122 2243 De
2153 2200 2351 2245 caetero
2390 2188 2670 2244 conﬁdens
2716 2187 2948 2245 ostendit
2994 2203 3111 2243 eam
3156 2203 3277 2243 esse
3326 2203 3463 2257 prae-

1876 2281 2158 2336 clariorem
2185 2284 2323 2337 veris
2352 2285 2513 2338 rebus
2544 2300 2664 2354 qua:
2710 2282 2851 2353 apud
2892 2282 3128 2338 Judmos.
3173 2283 3231 2338 Si
3281 2293 3460 2338 autem

1876 2372 1963 2441 qui
1993 2381 2172 2441 typum
2202 2373 2360 2428 habet
2409 2372 2647 2441 Christi,
2702 2383 2785 2429 est
2832 2373 2966 2429 adeo
3016 2374 3356 2443 praestantior
3398 2389 3463 2429 ac

1878 2464 2090 2529 melior,
2112 2481 2217 2519 non
2247 2466 2421 2521 solum
2449 2467 2842 2531 sacerdotibus,
2873 2466 2969 2523 sed
2997 2466 3114 2536 ipso
3140 2467 3299 2521 etiam
3324 2469 3463 2538 prin-

1876 2556 1995 2623 cipe
2030 2557 2244 2627 geueris
2274 2558 2613 2614 sacerdotum
2648 2576 2659 2611 :
2694 2558 2819 2630 quid
2852 2559 3053 2614 dixeris
3083 2558 3150 2613 de
3194 2560 3464 2615 veritate?

1876 2646 2041 2702 Vides
2071 2664 2229 2718 quam
2253 2649 2467 2705 abunde
2498 2650 2733 2706 ostendit
2756 2652 3257 2721 exsuperationem?
3287 2652 3461 2707 Intue-

1876 2732 2024 2805 mini,
2059 2742 2247 2811 inquit,
2281 2754 2501 2813 quantus
2528 2744 2591 2796 sit
2615 2744 2695 2796 hic
2741 2744 2823 2797 cui
2866 2754 2912 2798 et
2954 2745 3176 2799 decimas
3219 2745 3355 2798 dedit
3401 2746 3464 2799 de

1876 2833 2144 2903 prrccipuis
2175 2834 2490 2905 patriarcha.
2525 2835 2796 2904 l’rareipua
2825 2834 3078 2901 dicuntur
3120 2835 3311 2904 spolia.
3355 2836 3463 2893 Nec

1876 2925 1977 2978 dici
2006 2934 2180 2994 potest
2203 2924 2344 2994 quod
2378 2925 2496 2979 illas
2526 2928 2572 2981 ei
2604 2926 2846 2990 dederit,
2881 2936 2937 2981 ut
2971 2927 3059 2996 qui
3101 2938 3244 2983 esset
3284 2930 3463 2985 socius

1878 3019 2000 3072 helli
2037 3035 2050 3069 :
2085 3026 2365 3085 propterea
2418 3018 2562 3073 enim
2611 3018 2773 3083 dicit,
2822 3018 3067 3074 Obviavit
3108 3035 3355 3090 regresso
3395 3036 3463 3075 ex

1876 3112 2023 3166 caede
2046 3126 2251 3180 rogum.
2285 3110 2465 3177 Domi,
2493 3110 2685 3182 inquit,
2710 3110 2931 3169 sedebat
2950 3152 2969 3179 ,
2994 3119 3050 3167 et
3082 3112 3235 3168 dedit
3261 3114 3310 3167 ei
3348 3115 3461 3184 pri-

1878 3203 2056 3256 mitias
2082 3216 2270 3257 eorum
2293 3217 2413 3271 quae
2438 3202 2550 3256 suis
2575 3202 2847 3257 laboribus
2869 3202 3211 3272 acquisierat.
3241 3203 3293 3258 5.
3322 3202 3385 3257 Et
3403 3220 3468 3258 ex

1876 3293 2000 3362 ﬁliis
2026 3292 2231 3362 quidem
2259 3292 2381 3345 Levi
2409 3292 2748 3346 sacerdotium
2779 3293 3079 3361 accipientes
3102 3332 3119 3358 ,
3165 3293 3467 3347 mandatum

1878 3383 2062 3438 habent
2084 3383 2306 3437 decimas
2331 3399 2527 3437 sanxere
2550 3399 2581 3436 a
2608 3383 2801 3453 papula
2829 3385 3108 3438 secundum
3156 3386 3312 3456 legem
3342 3425 3358 3449 ,
3406 3386 3462 3439 id

1877 3472 1985 3526 est,
2014 3479 2046 3514 a
2092 3460 2335 3530 fratribus
2382 3461 2487 3512 suis
2515 3474 2859 3528 :quamquam
2907 3470 2953 3511 et
2997 3461 3095 3528 ipsi
3139 3461 3350 3512 exierint
3400 3462 3465 3514 de

1875 3550 2057 3606 lumbis
2084 3550 2318 3604 Abrahae.
2348 3549 2521 3605 Tanta
2547 3550 2852 3614 sacerdotii,
2884 3550 3088 3620 inquit,
3122 3561 3203 3605 est
3227 3556 3469 3617 exsupe-'

1875 3643 2034 3706 ratio,
2066 3652 2127 3696 ut
2152 3642 2243 3711 qui
2272 3641 2476 3695 honore
2504 3650 2623 3695 sunt
2642 3656 2802 3711 pares
2825 3657 2854 3694 a
2882 3641 3171 3710 majoribus
3188 3652 3241 3695 et
3262 3641 3463 3697 habent

1874 3733 2123 3787 eumdem
2154 3732 2239 3787 sui
2264 3733 2477 3804 generis
2508 3733 2804 3803 principem
2827 3774 2840 3795 ,
2875 3733 2982 3787 sint
3009 3734 3178 3787 multo
3209 3732 3463 3788 meliores

1870 3837 1924 3881 et
1949 3828 2348 3897 pratstantiores
2394 3826 2533 3880 aliis.
2562 3825 2808 3880 Decimas
2842 3825 3054 3895 quidem
3081 3835 3227 3880 certe
3263 3824 3332 3879 ab
3353 3824 3462 3880 illis

1869 3919 2156 3990 accipiunt.
2191 3919 2414 3987 Quando
2454 3934 2581 3989 ergo
2604 3918 2848 3972 inventus
2881 3916 3040 3972 fuerit
3066 3917 3258 3988 aliquis
3282 3915 3351 3972 ab
3378 3915 3464 3972 his

1872 4012 2003 4082 ipsis
2025 4012 2261 4069 decimas
2289 4011 2560 4082 accipiens
2583 4052 2597 4077 ,
2632 4025 2814 4065 annon
2845 4008 2899 4063 hi
2930 4009 3144 4080 quidem
3169 4009 3345 4066 locum
3376 4017 3460 4065 te-

1871 4114 2001 4161 nent
2022 4106 2301 4170 laicorum,
2321 4105 2411 4161 ille
2428 4113 2606 4158 autent
2625 4113 2706 4158 est
2726 4104 2865 4158 inter
2889 4101 3238 4159 sacerdotes?
3276 4100 3462 4169 Neque

1873 4197 1976 4254 hoc
2000 4199 2197 4263 solum,
2222 4197 2317 4252 sed
2346 4196 2497 4252 neiis
2514 4195 2729 4266 quidem
2757 4204 2873 4251 erat
2902 4209 2998 4264 par
3020 4192 3246 4261 honore,
3273 4193 3367 4248 sed
3394 4208 3458 4248 ex

1873 4291 1978 4345 alio
2005 4306 2226 4361 genere.
2246 4289 2604 4358 Quamobrem
2629 4302 2735 4342 non
2761 4285 3000 4342 dedisset
3015 4284 3251 4342 decimas
3271 4286 3462 4339 alieni-

1872 4397 2043 4452 genae,
2076 4381 2177 4435 nisi
2208 4381 2409 4435 multus
2436 4379 2625 4435 fuisset
2651 4377 3069 4457 honor._Papae!
3099 4377 3222 4447 quid
3246 4377 3463 4433 eﬁ'ccit?

1874 4473 2046 4543 majus
2077 4488 2233 4542 quam
2265 4481 2323 4525 ut
2365 4471 2510 4526 credi
2556 4470 2764 4541 possit,
2818 4469 3026 4540 agitans
3072 4469 3361 4524 declaravit
3408 4470 3463 4523 in

1876 4564 2109 4633 Epistula
2140 4563 2204 4617 ad
2232 4562 2524 4618 Romanos.
2552 4561 2686 4616 Nam
2713 4556 2823 4616 illic
2848 4569 2903 4615 et
2932 4570 3127 4614 nostra:
3154 4570 3206 4615 et
3230 4560 3463 4615 Judaicm

1878 4656 2089 4711 vivendi
2122 4656 2345 4710 rationis
2374 4664 2427 4709 et
2454 4653 2693 4731 instituti
2710 4653 3004 4723 principem
3036 4663 3089 4705 et
3114 4654 3338 4719 primum
3374 4668 3465 4722 pa-

1877 4755 2012 4802 trem
2043 4747 2173 4803 dicit
2200 4764 2320 4802 csse
2348 4747 2619 4802 Abraham
2656 4763 2669 4798 :
2704 4743 2790 4807 hic
2818 4755 2997 4797 autem
3041 4743 3297 4798 adversus
3342 4761 3461 4797 cum

1875 4839 2037 4894 audet
2058 4840 2384 4906 admodum,
2429 4849 2485 4894 et
2523 4838 2760 4894 ostendit
2797 4835 3174 4905 praeputiatutn
3224 4852 3289 4891 eo
3345 4852 3464 4891 esse

1876 4934 2043 4985 multo
2070 4931 2520 5000 praestantiorem.
2544 4928 2820 4995 Quomodo
2837 4937 3015 4980 autem
3031 4927 3302 4981 ostendit?
3323 4927 3464 4997 quod

1877 5022 2005 5078 Levi
2033 5023 2270 5078 decimas
2300 5020 2557 5076 dederit?
2584 5018 2886 5085 Abraham,
2928 5018 3132 5088 inquit,
3181 5019 3346 5075 dedit.
3400 5020 3466 5076 Et

1877 5113 2005 5183 quid
2033 5113 2135 5167 hoc
2162 5114 2227 5166 ad
2256 5111 2394 5167 nos?
2420 5110 2643 5164 Maxime
2667 5109 2878 5179 quidem
2905 5108 2971 5162 ad
2997 5124 3089 5163 vos
3121 5127 3133 5163 :
3176 5126 3281 5165 non
3321 5111 3464 5166 enim

1877 5205 2216 5261 eontendetis
2238 5204 2455 5259 Levitas
2475 5216 2594 5257 esse
2622 5202 3026 5272 praestantiores
3053 5201 3376 5258 Abrahamo.
3409 5202 3463 5260 ϐ.

1879 5296 2038 5367 Cujus
2064 5305 2230 5350 autem
2255 5299 2511 5367 generatio
2538 5309 2637 5347 non
2664 5303 3031 5347 annumeratur
3056 5295 3109 5347 in
3129 5294 3219 5359 eis,
3244 5294 3468 5350 decimas

1877 5389 2089 5460 sumpsit
2113 5388 2176 5442 ab
2207 5386 2486 5441 Abraham.
2526 5385 2727 5439 Deinde
2768 5399 2873 5437 non
2904 5384 3094 5439 leviter
3120 5387 3462 5455 pertransiit,

1878 5481 1974 5537 sed
2006 5480 2233 5547 addidit,
2264 5478 2332 5533 Et
2361 5479 2494 5533 hunc
2517 5478 2604 5548 qui
2632 5476 2848 5531 habebat
2875 5477 3289 5548 repromissiones
3318 5478 3468 5532 bene-

1880 5575 2030 5629 dixit.
2074 5570 2339 5642 Quoniam
2383 5571 2486 5627 hoc
2525 5580 2644 5626 erat
2689 5570 2835 5625 omni
2866 5586 2932 5626 ex
2970 5579 3121 5640 parte
3151 5571 3462 5641 praeclarum

1881 5667 2105 5734 Judacis,
2134 5665 2373 5722 ostendit
2399 5666 2549 5721 illum
2575 5664 2654 5722 eis
2679 5678 2801 5719 esse
2830 5663 3196 5720 honestiorem
3237 5673 3290 5717 et
3329 5678 3465 5733 prm-

1883 5762 2169 5819 clariorem
2193 5775 2259 5816 ex
2289 5758 2558 5816 communi
2586 5756 2835 5815 omnium
2854 5755 3077 5827 judicio.
3108 5756 3160 5809 7.
3190 5754 3319 5811 Sine
3358 5755 3467 5808 alia
