4002 6426
614 233 684 289 99

1327 239 1385 296 S.
1424 234 1699 291 JOANNIS
1734 231 2206 288 CHRYSOSTOMI
2246 230 2559 287 ARClllEP.
2598 230 3135 293 CONSTANTINOP.

3685 242 3762 303 100

615 352 783 395 autem
811 338 1229 400 contradictione,
1262 336 1455 405 inquit,
1483 335 1617 406 quod
1641 337 1807 390 minus
1832 346 1905 391 est
1930 355 1961 390 α
1991 335 2196 390 meliore
2283 329 2417 384 Nam
2444 349 2564 386 cum
2588 335 2831 401 dixisset,
2864 337 3126 407 Scriptum
3152 349 3226 394 eat
3243 382 3259 407 ,
3287 341 3541 401 Miserebor
3559 355 3677 419 cuius
3699 363 3768 414 mi-

619 433 943 490 beuedicitur.
974 431 1081 487 lloc
1101 439 1203 494 est,
1233 429 1483 484 omnibus
1510 428 1723 484 videtur
1750 430 1823 495 id,
1850 431 1993 501 quod
2019 433 2158 489 minu

2276 422 2495 488 uerebor,
2524 435 2569 478 et
2595 429 2986 483 commiserabor
3010 434 3158 503 cujus
3187 437 3554 496 commiserabor
3575 444 3711 514 (Ibid.
3729 468 3763 509 υ,

611 543 713 599 est,
747 529 985 587 benedici
1011 544 1039 582 a
1071 525 1467 597 praestantiore.
1527 523 1691 593 Igitur
1719 522 1913 576 melior
1954 530 2009 576 et
2048 536 2189 591 prte-

610 623 840 677 stantior
860 630 942 676 est
969 629 1126 691 typus
1153 615 1374 681 Christi,
1403 615 1563 670 etiam
1590 628 1657 669 eo
1688 612 1805 683 ipso
1831 612 1919 682 qui
1958 611 2191 667 habebat

612 712 1011 783 promissiones.
1060 710 1115 765 8.
1171 707 1237 763 Et
1304 707 1385 760 hic
1439 706 1644 778 quidem
1697 705 1917 758 decimas
1968 702 2189 757 morim-

608 811 680 856 tes
754 802 978 855 homines
1029 799 1283 869 accipiunt
1308 813 1328 852 :
1355 798 1424 851 ibi
1476 804 1644 849 autem
1695 804 2001 849 contestatur
2051 792 2189 863 quod

606 895 741 949 vicit.
790 893 895 949 Sed
944 908 1013 949 ne
1060 892 1151 947 illa
1194 890 1473 952 dicerent,
1499 888 1607 943 Cur
1632 888 1904 956 superiora
1949 896 2184 956 tempora

606 987 721 1041 adis
742 987 765 1039 1
786 984 910 1056 quid
938 984 1004 1038 ad
1032 982 1340 1038 sacerdotes
1363 990 1605 1045 nostros,
1648 980 1692 1033 si
1738 978 2005 1032 Abraham
2044 978 2185 1033 deci-

605 1092 720 1132 mas
764 1076 948 1132 dedit?
1003 1074 1090 1129 dic
1135 1089 1197 1128 ea
1227 1088 1345 1143 quae
1374 1071 1439 1125 ad
1470 1086 1566 1124 nos
1591 1077 1832 1139 spectant
1864 1084 1878 1121 :
1912 1068 2183 1139 subjungit

600 1182 664 1222 ac
703 1167 878 1223 dicit:
920 1165 976 1221 9.
1022 1162 1111 1231 Et,
1168 1172 1223 1217 ut
1264 1164 1335 1215 ita
1365 1161 1554 1214 dictum
1600 1160 1685 1214 sit.
1741 1158 1907 1213 Recte
1974 1159 2023 1212 id
2072 1175 2179 1213 non

599 1268 785 1327 aperte
830 1256 983 1317 dixit.
1039 1269 1107 1310 ne
1152 1252 1365 1324 gravius
1393 1250 1730 1320 percelleret.
1783 1247 1887 1301 Per
1925 1248 2180 1302 Abraham

598 1360 644 1403 ct
673 1349 812 1413 Levi,
836 1348 923 1420 qui
948 1347 1169 1401 decimas
1195 1344 1407 1413 accepit,
1440 1342 1716 1395 decimatas
1741 1348 1834 1392 est.
1863 1339 2179 1405 Quomodo?

601 1442 687 1496 10.
716 1441 895 1494 Adhuc
924 1440 1056 1493 enim
1081 1438 1133 1489 in
1159 1434 1339 1489 lumbis
1368 1433 1527 1503 patris
1556 1440 1694 1495 erat,
1728 1432 1930 1497 quando
1966 1431 2177 1484 obviavit

596 1534 639 1585 ei
673 1528 1063 1585 Melchisedech.
1099 1526 1209 1580 lloe
1234 1533 1336 1589 est,
1370 1522 1497 1577 Levi
1526 1529 1640 1576 erat
1672 1520 1724 1575 in
1765 1520 1914 1590 ipso,
1968 1521 2173 1574 etiamsi

596 1625 828 1678 nomium
859 1630 972 1677 erat
1002 1628 1156 1673 natus
1183 1634 1195 1670 :
1231 1632 1325 1687 per
1350 1630 1471 1670 eum
1505 1613 1766 1669 decimam
1798 1613 1964 1667 dedit.
1999 1612 2133 1666 Vide
2156 1654 2172 1679 ,

594 1731 700 1767 non
726 1713 885 1776 dixit,
942 1709 1163 1773 Levita).
1213 1706 1329 1771 sed,
1378 1705 1500 1758 Levi
1547 1720 1565 1757 :
1609 1702 1751 1773 quod
1803 1702 1975 1771 majus
2023 1712 2171 1769 erat,

593 1806 763 1859 libens
813 1802 1019 1857 induxit
1070 1801 1136 1854 ad
1192 1799 1447 1869 majorem
1500 1797 1950 1868 exsuperantiam.
1987 1796 2172 1851 Vidisti

588 1907 842 1969 quantum
896 1894 1105 1950 intersit
1156 1894 1297 1947 inter
1336 1890 1603 1945 Abraham
1643 1898 1697 1944 et
1744 1887 2169 1955 Melchisedech,

586 1992 672 2061 qui
721 1990 825 2044 fert
877 1996 1057 2059 typum
1099 1984 1267 2039 nostri
1307 1981 1612 2052 pontiﬁcis?
1662 1980 1729 2035 Et
1766 1980 1999 2035 ostendit
2039 1995 2173 2049 prte-

583 2082 883 2138 ccllentiam
939 2079 1104 2135 fuisse
1155 2084 1456 2148 potestate,
1510 2089 1616 2130 non
1660 2074 2001 2129 necessitate.
2067 2073 2163 2128 Ille

584 2176 729 2229 enim
758 2172 906 2228 dedit
932 2171 1193 2227 decimam
1216 2210 1230 2231 ,
1274 2166 1414 2238 quod
1443 2166 1658 2237 quidem
1704 2176 1790 2220 est
1833 2164 2167 2221 sacerdotis:

586 2272 673 2324 hic
695 2266 993 2330 benedixit,
1030 2262 1172 2335 quod
1201 2261 1416 2333 quidem
1446 2270 1529 2318 est
1554 2258 1796 2315 melioris
1824 2274 1887 2314 ac
1915 2267 2171 2329 prmstan—

584 2361 756 2416 tioris.
792 2359 916 2413 llaec
947 2354 1308 2427 praecellentia
1355 2354 1550 2409 transit
1595 2352 1757 2407 etiam
1804 2352 1871 2406 ad
1920 2360 2165 2423 nepotes.

583 2451 989 2508 Admirabiliter
1014 2457 1216 2504 etcum
1247 2446 1500 2515 przeclara
1528 2444 1749 2500 victoria
1789 2459 1878 2498 res
1921 2443 2167 2497 Judaicas

583 2545 727 2597 foras
787 2539 1009 2611 expulit.
1067 2537 1357 2606 Propterea
1412 2534 1623 2591 dicebat
1652 2549 1664 2585 :
1698 2532 1983 2587 Imbecillos
2044 2533 2166 2604 facti

581 2632 921 2705 estis(Hebr.
973 2630 1029 2686 5.
1080 2628 1230 2700 ll):
1282 2628 1532 2699 quoniam
1574 2625 1688 2681 haec
1730 2625 1945 2680 volebat
1984 2624 2165 2694 jacere

580 2726 924 2781 fundamenta
953 2763 969 2789 ,
999 2736 1069 2777 ne
1098 2720 1199 2791 ipsi
1232 2719 1522 2774 resilirent.
1573 2717 1648 2771 Ea
1695 2724 1781 2772 est
1825 2716 1968 2771 enim
2016 2715 2162 2771 l’auli

578 2815 841 2887 sapientia
874 2831 888 2867 :
920 2812 1151 2884 primum
1182 2810 1568 2879 praemuniens,
1599 2807 1793 2863 deinde
1818 2821 1879 2862 ea
1903 2822 2020 2877 qua:
2045 2807 2157 2864 vult

578 2907 903 2979 aggreditur.
928 2904 1022 2959 Est
1043 2902 1185 2958 enim
1208 2915 1377 2973 genus
1398 2899 1675 2954 hominum
1701 2890 2009 2953 difﬁcile‘ad
2036 2913 2153 2967 per-

576 2997 929 3060 suadendum,
961 3003 1017 3050 et
1041 2993 1205 3048 multa
1234 3006 1360 3047 cura
1384 2990 1648 3060 indigens,
1679 2996 1734 3044 et
1772 2988 1960 3058 majori
1995 3003 2153 3058 quam

577 3090 793 3160 plantat.
825 3086 956 3142 Nam
990 3085 1101 3141 illic
1142 3082 1359 3153 quidem
1408 3091 1492 3136 est
1535 3090 1723 3136 natura
1769 3094 2055 3150 corporum
2101 3086 2157 3136 et

576 3189 756 3245 terrm,
789 3178 987 3235 cedens
1015 3176 1262 3230 manibus
1289 3173 1645 3244 agricolarum
1671 3189 1684 3225 :
1716 3171 1802 3227 hic
1844 3181 2026 3226 autem
2071 3180 2157 3227 est

573 3272 739 3327 libera
767 3268 995 3340 eligendi
1026 3267 1291 3333 voluntas,
1319 3279 1437 3335 qua:
1462 3265 1660 3319 multas
1710 3264 1937 3332 suscipit
1983 3273 2155 3318 muta-

570 3364 767 3431 tiones,
799 3370 853 3416 et
878 3373 1019 3415 nunc
1042 3356 1254 3429 quidem
1282 3356 1402 3419 hoc,
1436 3369 1577 3410 nunc
1604 3364 1783 3409 autem
1806 3353 1938 3408 illud
1964 3353 2111 3423 eligit
2135 3370 2149 3407 :

572 3454 685 3524 ipsa
714 3453 857 3507 enim
884 3460 969 3507 est
993 3464 1255 3520 propensa
1284 3446 1351 3501 ad
1374 3447 1584 3500 vitium.

637 3538 692 3591 5.
731 3537 1088 3604 Quamobrem
1119 3545 1328 3607 oportet
1365 3552 1462 3591 nos
1503 3549 1717 3603 semper
1740 3530 2044 3613 custodire,
2070 3543 2141 3584 ne

563 3629 937 3683 dormitemus.
962 3628 1092 3683 Ecce
1116 3629 1257 3684 enim
1287 3645 1389 3683 non
1426 3626 1737 3689 dorntitabit,
1766 3622 1957 3692 inquit,
1985 3634 2144 3690 neque

564 3722 779 3776 dormiet
805 3722 890 3789 qui
902 3721 1117 3775 custodit
1134 3719 1299 3775 Israel
1322 3737 1340 3784 ;
1366 3733 1438 3783 et,
1463 3717 1547 3773 Ne
1575 3718 1663 3772 de:
1686 3718 1740 3770 in
1758 3713 2142 3771 commotionem

564 3815 741 3886 pedem
769 3824 910 3868 tuum
936 3812 1110 3884 (Psal.
1144 3813 1265 3868 1‘20.
1294 3814 1345 3867 4.
1377 3812 1457 3883 5).
1489 3809 1604 3866 Non
1627 3808 1781 3875 dixit,
1804 3806 1881 3862 Ne
1904 3818 2143 3862 commoo

562 3908 765 3970 veuris,
794 3905 887 3961 sed
915 3947 931 3973 ,
977 3904 1054 3961 Ne
1079 3904 1195 3960 des.
1226 3904 1363 3959 Dare
1407 3918 1537 3974 ergo
1565 3908 1650 3957 est
1678 3900 1730 3955 in
1775 3906 1956 3954 nostra
1988 3903 2143 3967 pote-

563 4006 735 4062 state,
766 4012 873 4051 non
905 3997 956 4050 in
984 3995 1209 4065 alicujus
1238 3995 1478 4049 alterius.
1519 3992 1653 4048 Nam
1680 3990 1724 4046 si
1751 3990 1977 4045 velimus
1999 3997 2143 4042 stare

564 4088 705 4143 ﬁrmi
731 4130 747 4153 ,
775 4087 995 4142 stabiles
1034 4098 1087 4142 et
1117 4087 1418 4141 immobiles
1439 4128 1456 4153 ,
1483 4101 1590 4141 non
1635 4081 2092 4140 commovebimur
2125 4095 2140 4133 :

564 4180 648 4235 bis
674 4179 815 4234 enim
842 4179 1018 4233 verbis
1041 4179 1165 4233 illud
1185 4177 1559 4234 subindicavit.
1582 4176 1720 4243 Quid
1746 4174 1915 4245 ergo?
1936 4171 2143 4227 nihilne

562 4278 646 4326 est
673 4270 723 4324 in
770 4271 860 4325 Dei
902 4271 1204 4339 potestate?
1230 4269 1286 4324 In
1316 4269 1407 4323 Dei
1446 4268 1659 4339 quidem
1700 4273 1966 4337 potestate
2016 4268 2144 4316 sunt

562 4363 765 4427 omnia,
790 4361 884 4417 sed
911 4378 1014 4416 non
1041 4363 1110 4416 ita
1138 4369 1200 4417 ut
1224 4369 1465 4416 nostrum
1492 4360 1718 4415 liberum
1751 4356 1975 4411 laedatur
2000 4354 2144 4409 arbi-

564 4455 743 4509 trium.
795 4453 851 4509 Si
901 4469 1065 4524 ergo,
1105 4455 1314 4525 inquit,
1359 4464 1435 4509 est
1468 4453 1520 4507 in
1563 4450 1655 4507 Dei
1702 4458 2002 4521 potestate,
2047 4463 2143 4503 cur

562 4546 615 4601 in
667 4560 765 4601 nos
803 4544 1011 4600 confert
1055 4545 1305 4615 culpam?
1349 4544 1636 4614 Propterea
1662 4542 1794 4606 dixi,
1827 4540 1899 4595 Ita
1931 4548 1987 4593 ut
2036 4555 2140 4592 non

560 4636 786 4693 hedatur
833 4645 1074 4691 nostrum
1130 4636 1358 4690 liberum
1421 4633 1721 4688 arbitrium.
1773 4632 1866 4686 Est
1918 4645 2044 4701 ergo
2090 4629 2141 4683 in

560 4738 744 4783 nostra
765 4768 780 4792 ,
807 4734 862 4782 et
905 4726 958 4782 in
1004 4727 1119 4796 ejus
1148 4734 1411 4797 potestate
1443 4741 1456 4779 :
1483 4731 1696 4793 oportet
1724 4720 1867 4777 enim
1896 4735 1993 4773 nos
2039 4718 2144 4786 pri-

563 4834 706 4873 mum
756 4818 895 4873 bona
933 4819 1164 4889 eligere,
1217 4827 1420 4873 etcum
1451 4816 1789 4885 elegerimus,
1838 4820 1964 4867 tunc
1987 4810 2144 4867 aﬂ'ert

562 4927 679 4981 qua:
709 4926 802 4965 sua
831 4920 974 4965 sunt.

631 5001 713 5056 De
738 5002 891 5056 libero
911 5002 1137 5055 arbitrio.
1171 5031 1243 5042 —-
1272 5000 1388 5056 Non
1423 4999 1685 5070 prtevenit
1716 5007 1927 5051 nostras
1956 4991 2143 5049 volun-

566 5102 722 5161 tates,
752 5109 819 5149 ne
848 5092 1038 5164 perdat
1059 5100 1299 5147 nostrum
1329 5093 1556 5147 liberum
1582 5090 1862 5144 arbitrium
1891 5106 1902 5141 :
1929 5085 2141 5157 quando

564 5196 741 5241 autem
791 5198 891 5239 nos
932 5183 1268 5253 elegerimus,
1323 5192 1449 5237 tunc
1496 5182 1651 5236 nobis
1707 5180 1935 5234 multum
1983 5176 2139 5229 affert

564 5278 842 5333 auxilium.
874 5274 1156 5343 Quomodo
1181 5288 1308 5344 ergo
1334 5316 1350 5340 ,
1375 5273 1420 5328 si
1444 5274 1497 5328 in
1527 5282 1707 5327 nostra
1743 5279 2006 5343 potestate
2035 5277 2137 5335 est,

562 5371 693 5426 dicit
716 5368 912 5424 Paulus
945 5384 959 5420 :
986 5365 1106 5420 Non
1147 5367 1357 5420 volentis
1388 5383 1544 5435 neque
1572 5366 1817 5420 currentis
1838 5406 1854 5429 ,
1879 5363 1967 5418 sed
1988 5364 2139 5417 mise-

561 5464 718 5519 rentis
739 5471 813 5518 est
861 5459 955 5516 Dei
980 5459 1175 5531 (Rom.
1201 5459 1254 5514 9.
1289 5458 1444 5526 16)?
1490 5458 1724 5512 Primum
1767 5455 1983 5527 quidem
2035 5468 2138 5507 non

563 5566 831 5626 tamquam
858 5569 1009 5609 suam
1035 5550 1328 5608 introduxit
1352 5548 1690 5614 sententiam,
1720 5546 1814 5602 sed
1834 5545 2050 5615 collegit
2071 5560 2138 5597 ex

566 5665 631 5705 eo
649 5647 793 5709 uuod
824 5656 942 5705 erat
968 5645 1321 5712 propositum,
1352 5652 1407 5700 et
1435 5657 1501 5697 ex
1532 5655 1597 5697 eo
1617 5639 1757 5718 quod
1785 5638 2137 5709 prmmissum.

2270 511 2361 583 5);
2390 513 2538 581 dicit,
2566 515 2688 571 Non
2717 536 2837 590 ergo
2872 522 3084 577 volentis
3110 564 3125 585 ,
3149 542 3240 579 nec
3277 531 3543 599 currentia,
3570 511 3643 590 ted
3662 545 3769 598 mue.

2269 604 2526 700 remiscet
2562 607 2677 662 Dei.
2713 609 2867 666 Dices
2888 624 3067 668 autem
3098 615 3228 670 mihi
3255 658 3269 679 .
3301 618 3437 686 Quid
3463 622 3615 682 adhuc
3634 637 3764 700 queri.

2270 696 2729 794 turi-"Secundum
2759 713 2960 771 autem,
2992 707 3117 761 illud
3151 708 3277 765 licet
3300 711 3491 779 dicere,
3520 696 3769 794 quodcum;

2268 795 2353 840 est
2381 786 2431 841 id
2462 791 2601 858 quod
2640 802 2725 847 est
2749 796 2977 866 amplius
3000 838 3015 863 ,
3039 798 3156 868 ejus
3182 800 3311 856 dicit
3339 816 3458 859 esse
3487 813 3651 865 totum.

2267 886 2508 933 nostrum
2540 881 2751 950 quidem
2791 896 2873 941 est
2912 889 3224 961 prmeligere
3263 901 3319 948 et
3353 896 3510 964 velle;
3534 899 3613 957 Dei
3634 915 3767 964 autem

2265 977 2348 1023 est
2392 974 2655 1071 perlicere
2693 986 2750 1031 et
2775 979 2879 1071 ad”
2892 979 3058 1071 linem
3089 983 3378 1042 deducere.
3408 986 3639 1055 Quoniam
3675 1012 3769 1071 ergo

2264 1059 2406 1129 quod
2437 1062 2557 1132 plus
2584 1075 2668 1120 est
2694 1107 2709 1133 ,
2741 1076 2822 1127 est
2850 1069 2992 1127 illius
3016 1113 3032 1140 ,
3063 1081 3234 1129 totum
3262 1077 3403 1133 illius
3427 1094 3537 1136 esse
3558 1059 3767 1150 dicitdi-

2272 1172 2439 1229 quens
2468 1156 2853 1212 convenienter
2878 1158 3126 1212 humana:
3151 1161 3536 1217 consuetudini.
3572 1165 3681 1221 Nam
3706 1185 3774 1225 nos

2268 1262 2478 1318 quoque
2520 1248 2599 1302 sic
2640 1246 2866 1302 facimus
2916 1264 2931 1301 :
2984 1258 3041 1303 ut
3087 1250 3317 1319 exempli
3370 1266 3541 1320 causa,
3585 1257 3775 1319 videmus

2265 1337 2408 1392 ardes
2433 1337 2653 1407 pulchre
2678 1337 3004 1404 adiﬁcatas,
3032 1349 3086 1395 et
3109 1340 3338 1396 dicimus
3364 1351 3526 1399 totum
3555 1361 3658 1405 esse
3676 1355 3775 1407 arti-

2269 1428 2386 1482 ﬁcis
2414 1447 2427 1483 :
2455 1443 2776 1499 quamquam
2825 1445 2929 1484 non
2960 1440 3126 1485 totum
3160 1432 3230 1486 sit
3272 1433 3389 1502 ejus
3411 1474 3426 1497 ,
3455 1436 3541 1490 sed
3562 1446 3611 1492 et
3630 1455 3776 1510 opera.

2264 1518 2488 1583 riorum,
2511 1529 2565 1573 et
2586 1519 2785 1575 domini
2809 1522 2897 1591 qui
2927 1523 3127 1591 praebet
3158 1525 3455 1588 materiam,
3482 1536 3533 1581 et
3546 1532 3777 1589 multorum

2264 1613 2494 1668 aliorum
2519 1630 2533 1679 ;
2566 1614 2659 1669 sed
2694 1624 2870 1669 tamen
2897 1618 3149 1686 quoniam
3176 1618 3265 1672 ille
3285 1619 3428 1686 quod
3456 1620 3564 1690 plus
3590 1632 3661 1678 est
3676 1636 3759 1680 altu

2262 1705 2362 1771 lit,
2396 1706 2536 1761 illius
2581 1715 2751 1761 totum
2793 1721 2914 1762 esse
2954 1707 3201 1763 dicimus.
3252 1709 3325 1764 lta
3371 1710 3458 1767 hic
3500 1728 3702 1784 quoque.
3736 1719 3781 1773 Et

2260 1814 2446 1854 rursus
2482 1800 2537 1855 in
2576 1799 2935 1865 multitudine,
2980 1801 3070 1856 ubi
3110 1811 3237 1858 sunt
3268 1803 3423 1859 multi
3447 1846 3462 1870 ,
3502 1820 3779 1864 omnesesse

2259 1890 2524 1957 dicimus;
2551 1892 2641 1946 ubi
2683 1903 2862 1947 autem
2891 1895 3043 1963 pauci
3069 1936 3084 1961 ,
3113 1894 3408 1951 neminem.
3438 1896 3523 1953 Sic
3550 1899 3689 1954 etiam
3721 1904 3783 1956 hic

2259 1979 2390 2035 dicit
2414 1980 2609 2036 Paulus
2630 2022 2644 2048 ,
2677 1981 2797 2037 Non
2828 1984 3041 2038 volentis
3066 2000 3224 2053 neque
3261 1987 3513 2041 currentis
3534 2029 3549 2053 ,
3575 1989 3652 2043 sed
3675 1992 3784 2045 mite-

2260 2072 2415 2126 rentis
2436 2081 2509 2126 est
2545 2072 2655 2127 Dei.
2684 2072 2779 2128 Hie
2800 2063 2978 2128 autem
3016 2074 3123 2129 duo
3154 2090 3343 2146 magna
3367 2085 3424 2132 et
3446 2078 3677 2148 praeclara
3700 2081 3785 2136 elli-

2259 2163 2335 2217 cit
2362 2180 2375 2217 :
2406 2179 2570 2218 unum
2596 2163 2810 2233 quidem
2830 2206 2844 2231 ,
2876 2180 2943 2221 ne
2968 2164 3255 2221 efferamur
3276 2168 3345 2223 de
3372 2168 3525 2224 bonis
3550 2172 3783 2239 operibus:

2258 2257 2576 2321 secundum,
2599 2266 2655 2312 ut
2678 2266 2829 2314 recte
2856 2257 3114 2314 factorum
3142 2275 3357 2315 causam
3388 2262 3496 2317 Deo
3525 2264 3784 2320 tribuamus.

2256 2349 2481 2405 Etiamsi
2545 2363 2733 2405 curras
2762 2390 2779 2417 ,
2823 2351 3031 2406 etiamsi
3082 2352 3315 2407 studium
3387 2369 3589 2425 ponas,
3639 2357 3782 2427 inquit,

2257 2456 2327 2497 ne
2351 2450 2497 2495 tuum
2530 2456 2652 2496 esse
2673 2442 2950 2497 existimes
2980 2443 3121 2513 quod
3155 2453 3299 2500 recte
3324 2455 3530 2516 gestum
3555 2455 3632 2502 est
3656 2463 3669 2502 :
3694 2463 3783 2502 nam

2258 2532 2358 2587 nisi
2382 2547 2668 2606 supernam
2690 2548 2848 2603 opem
2872 2534 3205 2605 adipiscaris,
3238 2536 3435 2592 frustra
3459 2548 3606 2594 erunt
3629 2540 3783 2594 omnia.

2255 2624 2361 2681 Sed
2388 2633 2471 2681 est
2504 2625 2841 2697 perspicuum
2869 2626 2984 2683 fore
3010 2638 3068 2683 ut
3095 2629 3187 2683 illo
3212 2631 3505 2687 auxiliante
3533 2633 3783 2704 assequaris

2251 2714 2302 2770 id
2339 2715 2391 2770 in
2429 2733 2538 2787 quo
2571 2721 2732 2789 ponis
2752 2722 3031 2786 studium;
3056 2724 3151 2778 sed
3169 2725 3214 2779 si
3232 2736 3287 2780 et
3306 2734 3363 2781 tu
3384 2743 3591 2793 curras,
3610 2732 3649 2783 si
3662 2732 3778 2785 velis.

2250 2806 2369 2862 Non
2402 2810 2507 2863 hoc
2537 2826 2670 2881 ergo
2696 2810 2851 2877 dicit,
2874 2814 3020 2883 quod
3038 2815 3238 2871 frustra
3253 2820 3550 2884 currimus,
3568 2821 3652 2875 sed
3670 2823 3780 2892 quod

2252 2899 2457 2956 frustra
2488 2903 2785 2969 currimus,
2816 2906 2861 2960 si
2898 2914 3072 2961 totum
3102 2924 3222 2964 esse
3255 2919 3513 2965 nostrum
3548 2914 3781 2968 existima-

2253 3003 2395 3050 mus,
2425 2993 2470 3046 si
2505 3008 2615 3048 non
2658 2994 2782 3064 plus
2811 2997 2921 3051 Deo
2956 2998 3285 3055 tribuamus.
3332 3002 3454 3057 Non
3491 3005 3630 3059 enim
3657 3020 3780 3059 suum

2245 3093 2366 3133 esse
2406 3090 2580 3136 totum
2613 3084 2791 3138 voluit
2819 3086 2984 3151 Deus,
3010 3104 3079 3143 ne
3099 3089 3385 3146 videretur
3400 3108 3502 3147 nos
3516 3103 3699 3148 temere
3711 3108 3781 3148 co-

2249 3186 2474 3238 ronare;
2504 3190 2683 3244 neque
2714 3192 2905 3231 rursus
2932 3187 3202 3245 nostrum,
3229 3198 3299 3237 ne
3324 3184 3629 3239 incidamus
3652 3186 3697 3238 in
3714 3200 3781 3238 ar-

2247 3263 2573 3330 rogantiam.
2601 3265 2734 3320 Nam
2757 3267 2803 3321 si
2825 3282 2949 3322 cum
2973 3270 3242 3325 minorem
3265 3274 3568 3329 habeamus
3594 3284 3782 3345 partem,

2246 3349 2550 3415 eﬂ‘erimur,
2599 3361 2655 3407 et
2714 3357 2973 3424 praeclare
3023 3359 3092 3415 de
3140 3362 3301 3417 nobis
3353 3365 3651 3418 sentimus:
3680 3363 3781 3432 quid

2246 3440 2572 3508 faceremus,
2603 3446 2649 3500 si
2674 3455 2848 3502 totum
2870 3460 3016 3506 esset
3042 3453 3095 3507 in
3118 3463 3303 3509 nostra
3327 3465 3597 3525 potestate
3614 3458 3635 3510 ?
3652 3457 3781 3511 Multa

2245 3531 2394 3586 enim
2451 3534 2582 3589 fecit
2641 3536 2786 3593 Deus
2823 3549 2884 3595 ut
2924 3554 3167 3599 nostram
3209 3556 3521 3616 amputaret
3569 3562 3781 3617 arrogan-

2248 3621 2400 3677 tiam.
2438 3623 2508 3679 Et
2540 3636 2796 3697 praeterea
2830 3632 3035 3687 excelsa
3068 3652 3257 3690 manus
3290 3639 3406 3707 ejus
3450 3638 3600 3711 (lani.
3632 3639 3678 3693 5.
3693 3636 3782 3705 '25),

2246 3715 2449 3787 inquit.
2473 3716 2618 3786 Quot
2641 3736 2743 3777 nos
2767 3722 3135 3781 circumdedit
3158 3728 3535 3797 passionibtts,
3565 3740 3619 3785 ut
3644 3732 3781 3786 elatos

2244 3815 2451 3861 resecet
2479 3807 2744 3877 spiritus?
2771 3824 2930 3878 quam
2957 3809 3143 3865 multis
3163 3810 3330 3865 cinxit
3351 3812 3581 3867 bestiis?
3607 3808 3787 3879 Quando

2241 3896 2385 3952 enim
2433 3897 2619 3953 dicunt
2659 3898 2845 3970 aliqui,
2887 3900 3024 3968 Quid
3067 3900 3213 3956 hoc?
3240 3917 3502 3972 quorsum
3549 3900 3789 3957 hucHuc:

2240 3988 2425 4045 dicunt
2452 4000 2645 4059 prmter
2677 3992 2769 4047 Dei
2794 3992 3071 4063 placitum.
3100 3993 3156 4048 In
3189 4004 3337 4049 tanto
3369 4006 3421 4052 te
3452 3996 3634 4050 statuit
3652 4001 3782 4056 metu,

2240 4091 2293 4135 et
2335 4097 2402 4135 ne
2454 4097 2531 4136 ste
2581 4081 2799 4153 quidem
2857 4083 2925 4139 de
2979 4094 3032 4139 te
3078 4084 3353 4141 humiliter
3408 4087 3596 4150 sentis,
3634 4084 3713 4139 sed
3752 4082 3783 4135 si

2238 4172 2454 4241 quando
2499 4173 2581 4228 vel
2630 4189 2825 4243 parvus
2872 4176 2964 4231 tibi
3010 4174 3213 4231 faustus
3251 4179 3499 4232 evenerit
3526 4188 3784 4236 successus.

2238 4264 2304 4317 ad
2332 4264 2503 4332 ipsum
2535 4280 2699 4335 usque
2728 4267 2916 4321 cmlum
2946 4269 3135 4337 spiritu
3167 4271 3467 4326 extolleris.
3604 4271 3625 4306 τ

2309 4355 2363 4409 4.
2389 4355 2676 4426 Propterea
2702 4358 2999 4413 celerrima:
3040 4359 3174 4413 tiunt
3208 4360 3534 4416 mutationes
3557 4370 3609 4415 et
3632 4370 3783 4415 casus:

2239 4459 2293 4505 et
2319 4467 2386 4506 ne
2414 4452 2492 4506 sic
2521 4451 2735 4522 quidem
2762 4454 3119 4523 castigantur:
3148 4454 3269 4509 ideo
3299 4455 3606 4525 frequentes
3625 4460 3787 4508 morm

2238 4551 2291 4595 et
2321 4541 2617 4597 immaturre
2648 4560 2662 4608 ;
2697 4559 2796 4599 nos
2838 4554 3016 4599 autem
3052 4554 3321 4615 tamquam
3367 4543 3687 4600 immortales
3713 4555 3783 4595 su-

2241 4636 2398 4702 perbe
2427 4635 2494 4689 de
2517 4637 2671 4689 nobis
2696 4638 2956 4691 sentimus
2981 4678 2996 4703 ,
3029 4637 3180 4706 quasi
3213 4652 3506 4707 numquam
3529 4632 3744 4691 morituri
3773 4648 3783 4682 :

2239 4725 2308 4780 ita
2339 4727 2606 4795 rupimus,
2638 4727 2705 4781 ita
2758 4727 2807 4781 in
2838 4726 3064 4781 aliorum
3097 4728 3233 4781 lmua
3277 4728 3583 4782 invadimus
3603 4768 3619 4793 ,
3660 4721 3783 4795 quasi

2239 4833 2529 4888 numquam
2559 4818 2817 4873 reddituri
2844 4819 3103 4874 rationem
3150 4837 3165 4872 :
3206 4818 3274 4874 ita
3314 4819 3642 4875 :cdilieamus
3678 4826 3785 4869 tam-

2238 4924 2397 4978 quam
2446 4909 2531 4964 hic
2572 4925 2787 4980 semper
2819 4920 3132 4976 manentes;
3175 4919 3231 4967 et
3258 4926 3435 4983 neque
3467 4912 3561 4967 Dei
3604 4909 3784 4964 verbum

2237 5001 2473 5071 quotidie
2504 5004 2553 5056 in
2586 5004 2784 5057 nostris
2823 5001 3078 5057 insonans
3105 5002 3344 5068 auribus,
3377 5018 3557 5073 neque
3582 5015 3664 5056 res
3687 5000 3785 5068 ipsa:

2237 5108 2336 5148 nos
2363 5091 2633 5147 erudiunt.
2663 5093 2777 5148 Non
2808 5094 2936 5148 licet
2981 5095 3164 5149 videre
3192 5094 3336 5149 diem
3390 5109 3494 5150 nec
3528 5093 3720 5153 horam,
3744 5087 3784 5140 in

2234 5203 2337 5258 qua
2365 5202 2470 5241 non
2517 5187 2733 5242 assidue
2776 5187 2945 5242 videri
2976 5187 3181 5256 possint
3209 5187 3372 5241 multa
3404 5186 3556 5242 etl‘eri
3584 5185 3743 5238 funera
3771 5196 3782 5229 :

2232 5279 2326 5335 sed
2359 5280 2553 5333 frustra
2575 5279 2775 5343 omnia,
2807 5294 2909 5334 nec
2933 5279 3222 5348 quidquam
3251 5283 3317 5331 ad
3347 5288 3587 5332 nostram
3614 5272 3781 5344 pertin-

2231 5372 2308 5443 git
2349 5371 2622 5426 duritiem.
2654 5370 2838 5441 Neque
2884 5372 2935 5425 in
2966 5372 3156 5427 alienis
3198 5370 3594 5425 calamitatibus
3631 5379 3785 5435 possu-

2230 5478 2350 5519 mus
2386 5464 2529 5519 eflici
2574 5465 2863 5529 meliores;
2914 5464 3021 5517 imo
3067 5480 3195 5518 vero
3236 5464 3488 5517 nolumus
3520 5479 3535 5515 :
3564 5461 3651 5517 sed
3686 5471 3780 5512 cum

2228 5556 2327 5612 soli
2357 5556 2630 5626 Iugemus,
2664 5564 2791 5610 tunc
2828 5555 3237 5619 contrahimur;
3265 5564 3320 5609 et
3346 5555 3387 5609 si
3427 5554 3573 5610 Deus
3600 5562 3780 5607 manum

2235 5648 2540 5715 remiserit,
2570 5661 2755 5703 rursus
2786 5662 2884 5704 nos
2910 5662 3126 5703 manum
3152 5647 3479 5703 extollimus.
3506 5644 3664 5700 Nemo
3688 5652 3779 5711 qua!
