3988 6554
311 337 361 393 99
1084 337 1153 392 IN
1184 334 1408 392 EPIST.
1449 336 1541 390 AD
1578 336 1946 395 IIEBREOS.
1977 338 2129 397 CAP.
2176 342 2283 396 VII.
2327 340 2559 400 HOMIL.
2585 341 2703 399 XII.

307 448 436 515 λασε,
460 452 722 523 φανερῶς
745 452 821 523 μὴ
841 451 1031 515 εἰπὼν,
1055 452 1142 504 ἵνα
1166 452 1240 521 μὴ
1262 447 1459 521 πλήξῃ.
1482 449 1585 503 Διὰ
1616 451 1673 505 Ἀ
1684 452 1874 521 ϐραὰμ

306 534 381 587 καί
405 535 556 589 Λειντ
586 540 620 588 ri
646 536 907 601 δεκάτας
934 535 1258 605 λαμϐάνων
1280 534 1691 587 δεδεκάτωται.
1724 536 1875 599 Πῶς;

309 618 415 670 Ἔτι
448 617 564 686 γὰρ
603 620 676 671 ἐν
704 617 779 686 τῇ
806 619 997 687 ὀσφύϊ
1033 617 1140 671 τοῦ
1166 617 1392 685 πατρὸς
1440 613 1541 687 ἦν,
1575 617 1674 671 ὅτε
1719 635 1873 672 συν-

300 701 554 765 ήντησεν
585 699 749 765 αὐτῷ
778 704 812 755 ό
843 699 1242 769 Μελχισεδέκ.
1305 702 1613 763 Τουτέστιν,
1646 702 1703 754 ἐν
1724 701 1874 773 αὐτῷ

300 777 353 851 ἦν
378 784 407 834 6
438 782 572 836 Aau‘!
602 784 701 837 καὶ
741 786 909 854 μήπω
940 784 1170 854 τεχθεὶς,
1198 783 1267 837 δι’
1297 783 1464 836 αὑτοῦ
1498 783 1598 854 τὴν
1639 784 1873 855 δεκάτην

299 868 474 920 ἐδίδου.
513 868 683 938 Ὀρα,
717 868 817 921 οὐκ
843 864 1013 932 εἶπεν,
1056 869 1122 922 Οἰ
1162 866 1406 929 Λευῖται,
1437 868 1554 921 ἀλλ’
1596 868 1654 921 Ὀ
1677 870 1829 923 Λευΐ
1853 883 1867 898 ’

297 953 348 1003 rb
381 953 590 1019 μεῖζον.
614 955 690 1014 ὡς
722 952 901 1023 ἤθελε,
928 951 1221 1005 κάντεῦθεν
1266 956 1515 1020 συνάγων
1556 953 1637 1016 είς
1701 954 1870 1023 ὑπερ-

300 1034 462 1103 ϐολὴν.
495 1033 515 1105 [
548 1035 648 1088 124
672 1033 691 1106 ]
721 1030 875 1098 Εἶδες
894 1036 1057 1087 πόσον
1079 1034 1142 1087 rb
1172 1034 1337 1104 μέσον
1365 1036 1458 1088 τοῦ
1501 1035 1750 1106 Ἀϐραὰμ
1778 1036 1869 1090 καὶ

300 1120 375 1172 τοῦ
398 1120 736 1190 Μελχισεδέχ
759 1120 854 1171 τοῦ
874 1118 965 1171 rbv
984 1117 1157 1172 τύπον
1176 1119 1431 1188 φέροντος
1452 1118 1545 1171 τοῦ
1568 1120 1868 1190 ἀρχιερέως

299 1204 378 1256 τοῦ
408 1204 680 1273 ἡμετέρου
715 1221 731 1268 ;
769 1203 880 1255 Καὶ
908 1202 1146 1255 δείκνυσι
1180 1202 1278 1271 τὴν
1315 1202 1587 1273 ὑπεροχὴν
1626 1203 1864 1273 ἐξουσίᾳ,

303 1287 386 1337 οὐκ
417 1288 630 1356 ἀνάγκη
670 1286 1071 1357 γεγενημένην.
1136 1284 1373 1349 Ἐκεῖνος
1402 1288 1510 1356 7&9
1562 1286 1728 1339 ἔδωκε
1766 1285 1865 1357 τὴν

302 1368 535 1439 δεκάτην,
558 1371 697 1437 ὅπερ
732 1368 880 1420 ἐστὶν
911 1369 1103 1439 ἱερέως
1127 1382 1142 1397 ’
1174 1363 1327 1431 οὗτος
1360 1368 1677 1438 εὐλόγησεν,
1728 1370 1862 1440 ὅπερ

302 1455 403 1505 ἐστὶ
425 1454 747 1523 κρείττονος.
773 1451 923 1522 Λῦτη
954 1454 988 1522 ἡ
1022 1450 1265 1522 ὑπεροχὴ
1310 1453 1401 1503 καὶ
1432 1455 1511 1515 εἰς
1546 1452 1673 1515 τοὺς
1706 1453 1865 1521 ἐκγό-

303 1555 408 1598 νους
439 1537 715 1591 διαϐαίνει.
741 1535 1086 1607 Θαυμαστῶς
1129 1536 1224 1587 καὶ
1249 1536 1677 1605 περιγεγονότως
1710 1537 1861 1608 ἔρρι-

303 1624 391 1687 ψεν
412 1622 507 1686 ἔξω
538 1620 604 1673 τὰ
648 1620 937 1673 Ἰουδαϊκὰ.
974 1620 1074 1673 Διὰ
1105 1619 1260 1674 τοῦτο
1293 1621 1399 1689 ἄρα
1439 1621 1612 1687 ἔλεγε,
1636 1622 1859 1689 Νωθροί

305 1708 598 1771 γεγόνατε,
671 1704 861 1773 ἐπειδὴ
910 1704 1081 1757 ταῦτα
1127 1702 1532 1757 καταϐαλέσθαι
1589 1703 1858 1767 ἐϐούλετο,

304 1789 427 1840 ὥστε
460 1791 528 1858 μὴ
556 1789 961 1860 ἀποσκιρτῆσαι
1004 1786 1222 1849 αὐτούς.
1274 1785 1512 1855 Τοιαύτη
1546 1786 1655 1857 7&9
1699 1790 1731 1857 ἡ
1761 1805 1858 1840 ισο-

302 1874 391 1939 φῖ).
421 1873 503 1925 τοῦ
548 1872 793 1925 Παύλου·
836 1866 1370 1939 προκατασκευάζων
1412 1870 1652 1938 πρῶτον,
1688 1869 1861 1933 οὕτως

301 1957 539 2023 ἐμϐάλλει
572 1958 648 2018 εἰς
672 1954 708 2006 ἃ
735 1954 1008 2023 βούλεται.
1051 1951 1349 2014 Δυσπειθὲς
1384 1952 1574 2024 γὰρτὸ
1601 1952 1757 2020 γένος
1800 1952 1862 2005 rb

298 2038 634 2106 ἀνθρώπινον,
678 2041 771 2091 καὶ
824 2037 1025 2105 πολλῆς
1066 2037 1316 2107 δεόμενον
1370 2036 1706 2106 ἐπιμελείας,
1765 2038 1861 2091 καὶ

297 2122 521 2182 πλείονος
541 2122 573 2188 ἦ
602 2122 671 2175 τὰ
701 2122 864 2190 φυτά.
913 2122 1061 2173 Ἑκεί
1094 2120 1194 2190 μὲν
1244 2119 1353 2190 7&9
1384 2117 1545 2188 φύσις
1588 2119 1858 2190 σωμάτων

294 2205 412 2257 ἐστὶ
433 2207 516 2258 καὶ
544 2205 668 2274 γῆς,
702 2205 928 2258 εἶκουσα
955 2206 1073 2267 ταῖς
1109 2204 1217 2256 τῶν
1241 2204 1496 2273 γηπόνων
1518 2204 1705 2275 χερσίν
1733 2220 1746 2233 ·
1774 2205 1859 2257 ἐν·

290 2287 457 2340 ταῦθα
499 2289 554 2342 δὲ
600 2289 938 2359 προαίρεσις,
986 2287 1185 2349 πολλὰς
1228 2286 1489 2358 δεχομένη
1532 2287 1854 2358 μεταϐολὰς,

288 2387 386 2438 καὶ
412 2385 497 2438 νῦν
526 2386 622 2457 μὲν
636 2384 815 2448 τοῦτο,
837 2384 931 2438 νῦν
960 2385 1016 2438 δὲ
1041 2386 1218 2438 ἐκεῖνο
1244 2384 1546 2456 αἱρουμένη
1570 2400 1584 2415 ·
1631 2384 1857 2459 656995-

284 2470 399 2540 τὴς
424 2470 525 2541 7&9
562 2469 701 2541 αῦτη
734 2468 871 2537 πρὸς
900 2468 1121 2522 κακίαν.

346 2655 417 2717 τ’.
469 2648 556 2701 Διὸ
585 2648 692 2719 χρὴ
729 2646 962 2700 πάντοτε
992 2641 1284 2713 φυλάττειν
1344 2643 1608 2708 ἑαυτοὺς,
1644 2645 1854 2715 μήποτε

268 2732 755 2800 ἀπονυστάξωμεν.
812 2725 967 2781 Ἰδοὺ
996 2728 1127 2796 7&9,
1177 2726 1364 2795 φησὶν,
1407 2728 1479 2779 οὐ
1530 2728 1844 2793 νυστάξει.

274 2815 425 2871 οὐδὲ
443 2814 735 2878 ὐπνὼσει,
760 2815 795 2867 ὀ
822 2809 1164 2881 φυλάσσων
1190 2811 1300 2862 τὸν
1334 2808 1601 2877 Ἰσραήλο
1622 2812 1735 2863 καί’
1752 2812 1851 2882 Μὴ

258 2899 387 2966 δῷς
401 2901 490 2966 εἰς
499 2899 695 2952 σάλον
712 2896 817 2949 τόν
841 2893 997 2947 πόδα
1017 2910 1155 2947 σου.
1172 2892 1285 2946 Οὐκ
1300 2888 1441 2954 εἷπε,
1455 2895 1545 2964 Μὴ
1563 2894 1848 2967 σαλευθῇς,

254 2983 423 3047 ἀλλὰ,
453 2982 549 3049 Μὴ
586 2981 725 3046 δῷς.
762 2980 908 3047 Ἀρα
958 2976 1044 3046 ἐφ’
1071 2977 1202 3046 ἡμῖν
1252 2974 1313 3027 rb
1353 2974 1559 3038 δοῦναι,
1614 2978 1709 3031 καὶ
1751 2981 1852 3033 οὐκ

251 3066 349 3135 ἐφ’
387 3066 561 3137 ἐτέρῳ
606 3063 737 3116 τινί.
782 3062 881 3114 ’Ἂν
926 3061 1036 3129 7&9
1085 3058 1362 3129 ἐθέλωμεν
1395 3060 1616 3113 ἑστάναι
1648 3062 1851 3133 ἑδραῖοι

251 3150 358 3203 καὶ
380 3149 801 3221 ἀμετακίνητοι,
833 3145 895 3197 ού
929 3141 1401 3213 σαλευθησόμεθα·
1438 3142 1515 3213 τῷ
1540 3146 1650 3215 γὰρ
1678 3145 1851 3211 οὓτως

247 3236 430 3287 εἰπεῖν
456 3276 474 3300 ,
518 3234 679 3286 τοῦτο
717 3228 958 3300 ᾐνίξατο.
1017 3226 1083 3279 Τί
1114 3221 1242 3291 ούν;
1294 3224 1448 3279 οὐδὲν
1477 3227 1571 3278 ἐπὶ
1598 3226 1677 3298 τῷ
1699 3228 1847 3300 Θεῴ;

249 3318 441 3372 Πάντα
474 3318 575 3387 μὲν
604 3317 699 3368 ἐπὶ
723 3316 801 3383 τῷ
825 3312 964 3383 Θεῷ·
998 3310 1114 3364 ἀλλ’
1134 3310 1234 3379 οὐχ
1260 3308 1455 3374 οὕτως,
1479 3310 1620 3365 ὥστε
1644 3313 1705 3365 rb
1728 3314 1851 3369 αύτ-

245 3402 505 3467 εξούσιον
547 3401 710 3473 ἡμῶν
755 3397 1113 3470 βλάπτεσθαι.
1172 3396 1235 3448 Εἰ
1261 3394 1449 3449 τοίνυν
1475 3396 1569 3448 ἐπὶ⁸
1597 3396 1674 3468 τῷ
1700 3398 1845 3470 Θεῷ,

244 3488 408 3557 φησὶ,
435 3488 492 3539 τί
517 3472 669 3557 ἡμᾶς
696 3485 967 3548 αἱτιᾶται;
1001 3480 1100 3533 Διά
1130 3476 1291 3532 τοῦτο
1316 3472 1496 3543 εἷπον,
1515 3480 1627 3550 Οὐχ
1648 3482 1844 3551 οὕτως,

242 3570 388 3623 ὥστε
445 3570 509 3623 τὸ
556 3567 908 3632 αὐτεξούσιον
953 3564 1110 3636 ἡμῶν
1160 3560 1519 3632 βλάπτεσθαι.
1572 3564 1687 3635 Ἐφ’
1714 3568 1846 3637 ἡμῖν

244 3656 362 3708 ἐστι
389 3654 601 3717 τοίνυν,
636 3652 731 3705 καὶ
760 3652 847 3705 ἐπ’
869 3650 1018 3719 αὐτῷ
1038 3663 1050 3676 ·
1087 3647 1170 3701 δεῖ
1193 3645 1302 3715 γὰρ
1328 3646 1475 3715 ἡμᾶς
1489 3648 1703 3718 πρῶτον
1725 3651 1813 3704 ἐλέ
1829 3663 1845 3689 -'

246 3738 371 3792 σθαι
420 3740 493 3793 τά
528 3736 737 3804 ἀγαθὰ,
788 3736 885 3788 καὶ
930 3735 1020 3787 ὅτε
1071 3728 1327 3799 ἑλώμεθα
1354 3729 1537 3797 ἡμεῖς,
1591 3732 1717 3787 τότε
1748 3736 1843 3790 καὶ

248 3822 407 3886 αὐτὸς
435 3824 508 3875 r‘z
541 3820 676 3891 παρ’
699 3817 897 3873 ἑαυτοῦ
926 3817 1161 3887 εἰσάγει.

314 4006 391 4058 Οὐ
450 4003 757 4074 προφθάνει
806 4002 908 4066 τάς
954 4004 1229 4074 ἡμετέρας
1271 4003 1593 4075 βουλήσεις,
1647 4006 1732 4058 ῖνα
1763 4005 1838 4077 μὴ

246 4088 554 4159 λυμήνηται
585 4089 647 4140 rb
676 4086 1027 4152 αὐτεξούσιον
1054 4088 1243 4157 ἡμῶν
1280 4088 1409 4140 ὅταν
1435 4088 1491 4141 δὲ
1521 4090 1680 4158 ἡμεῖς
1707 4088 1839 4141 ἐλώ-

250 4174 385 4241 μεθα
414 4213 431 4236 ,
501 4173 625 4225 τότε
685 4171 893 4241 πολλὴν
948 4171 1165 4239 εἰσάγει
1218 4171 1323 4241 τὴν
1376 4171 1629 4242 βοήθειαν
1677 4174 1833 4242 ἡμῖν.

249 4256 366 4320 Πῶς
410 4251 507 4310 οῦν
538 4296 554 4317 ,
615 4256 665 4308 εἰ
717 4256 813 4310 καὶ
860 4255 949 4323 ἐφ’
982 4257 1117 4327 ἡμῖν
1147 4256 1315 4319 ἐστιν,
1351 4257 1380 4308 6
1408 4256 1621 4320 Παῦλός
1648 4273 1833 4327 φησιν*

252 4342 327 4393 Οὐ
351 4340 463 4395 τοῦ
489 4343 799 4404 θέλοντος,
833 4337 977 4393 οὐδὲ
1005 4338 1112 4394 τοῦ
1137 4339 1457 4408 τρέχοντος
1476 4379 1491 4399 .
1540 4340 1703 4394 ἀλλὰ
1727 4340 1835 4395 τοῦ

248 4422 569 4490 ἐλεοῦντος
595 4422 785 4484 Θεοῦ;
834 4421 1057 4493 Πρῶτον
1087 4422 1187 4493 μὲν
1211 4424 1309 4493 οὺχ
1337 4423 1413 4486 ὡς
1444 4423 1580 4478 ἰδίαν
1608 4423 1833 4496 γνώμην

249 4506 541 4575 εἰσήγαγεν
566 4547 581 4570 ,
642 4505 760 4559 ἀλλ’
800 4504 876 4568 ὡς
912 4505 977 4557 ἐκ
1010 4504 1106 4557 τοῦ
1141 4506 1508 4576 προκειμένου
1544 4507 1677 4560 αὐτὸ
1704 4525 1832 4561 συν-

245 4591 413 4659 ήγαγε
441 4632 457 4655 ,
509 4590 605 4642 καὶ
639 4590 704 4642 ἐκ
736 4587 831 4641 τοῦ
865 4587 1287 4658 προϐληθέντος.
1326 4588 1515 4643 Εἰπὼν
1544 4591 1650 4662 γάρ
1673 4607 1688 4622 ⁸
1720 4592 1832 4646 Γέ-

246 4687 491 4739 γραπται
511 4690 526 4703 ·
546 4671 813 4737 Ἐλεήσω
844 4670 917 4725 ὃν
942 4669 1020 4726 ἂν
1050 4671 1222 4736 ἐλεῶ,
1258 4672 1356 4725 καί
1390 4674 1738 4741 οἰκτειρήσω
1761 4674 1834 4728 ὃν

243 4754 320 4806 ἂν
340 4756 628 4819 οἰκτειρω,
663 4756 977 4824 ἐπήγαγεν·
1011 4755 1160 4823 Ἀρα
1181 4750 1294 4810 οὖν
1324 4754 1473 4826 [125]
1502 4757 1575 4809 οὐ
1603 4756 1709 4810 τοῦ
1736 4756 1833 4811 θέ-

241 4842 475 4904 λοντος,
510 4839 656 4893 οὐδὲ
684 4837 793 4893 τοῦ
822 4838 1162 4907 τρέχοντος,
1193 4838 1355 4893 ἀλλὰ
1380 4838 1489 4893 τοῦ
1512 4839 1832 4908 ἐλεοῦντος

244 4923 407 4977 Θεοῦ.
438 4924 617 4994 Ἐρεῖς
642 4918 737 4976 οὖν
771 4938 883 4993 μοι’
919 4922 984 4975 Τί
1010 4921 1090 4976 ἔτι
1120 4923 1430 4992 μέμφεται;
1463 4923 1727 4994 Δεύτερον
1749 4924 1829 4990 δὲ,

220 5008 415 5073 ⁶ἐκεῖνο
458 5007 608 5060 ἔστιν
659 5009 838 5060 εἰπεῖν
864 5044 879 5068 ,
937 5007 1021 5059 ὅτι
1070 5001 1131 5061 οὗ
1161 5007 1223 5059 τὸ
1254 5007 1424 5061 πλέον
1452 5008 1591 5073 ἐστὶ,
1622 5009 1686 5062 rb
1716 5011 1831 5063 πᾶν

244 5106 404 5159 φησιν
449 5085 616 5143 εἶναι.
670 5089 862 5159 Ἠμῶν
888 5093 996 5161 7&9
1028 5090 1091 5143 rb
1124 5090 1452 5161 προελέσθαι
1500 5092 1599 5144 καὶ⁵
1630 5091 1829 5162 βουλη-

245 5174 417 5244 θῆναι,
465 5173 603 5228 Θεοῦ
650 5174 706 5227 δὲ
758 5173 823 5227 rb
868 5174 1065 5227 ἀνύσαι
1121 5175 1216 5227 καὶ
1266 5176 1346 5239 εἰς
1387 5175 1543 5239 τέλος
1571 5174 1827 5243 ἀγαγεῖν.

259 5257 403 5309 Ἐπεὶ
447 5253 541 5311 οὖν
588 5257 801 5310 ἑκείνου
853 5257 917 5310 rb
964 5257 1131 5311 πλέον
1177 5258 1332 5326 ἐστὶ,
1385 5258 1448 5312 rb
1477 5260 1587 5312 πᾶν
1614 5260 1825 5315 ἐκείνου

261 5337 376 5395 εἶναί
421 5358 571 5411 φησι,
630 5341 774 5396 κατά
827 5340 927 5412 τὴν
979 5340 1272 5413 συνήθειαν
1321 5342 1424 5414 τὴν
1470 5342 1825 5415 ἀνθρωπίνην

258 5425 391 5480 τοῦτο
416 5425 607 5493 λέγων.
642 5425 801 5480 Οῦτω
827 5426 938 5494 7&9
968 5426 1063 5479 καὶ
1094 5427 1257 5495 ἡμεῖς
1288 5424 1558 5497 ποιοῦμεν
1578 5446 1591 5459 ·
1625 5423 1741 5481 οἷόν
1767 5446 1822 5481 τι

258 5508 397 5578 λέγωο
424 5510 666 5582 Ὀρῶμεν
694 5509 874 5563 οἰκίαν
903 5508 1362 5580 οἰκοδομουμένην
1389 5509 1592 5577 καλῶς,
1625 5514 1719 5566 καὶ
1742 5512 1823 5565 λέ-

256 5610 403 5664 γομεν
427 5610 443 5625 ⁸
497 5595 570 5648 Tb
614 5595 727 5648 πᾶν
773 5593 870 5646 τοῦ
896 5594 1144 5662 τεχνίτου
1172 5592 1288 5646 ἐστί
1315 5610 1329 5623 ⁸
1362 5594 1543 5647 καίτοι
1572 5611 1635 5663 γε
1667 5596 1729 5649 οὐ
1758 5596 1823 5649 rb

3464 343 3570 403 100

1976 453 2095 507 ἀλλ’
2138 456 2287 526 ὅμως
2356 458 2549 528 ἐπειδὴ
2604 457 2669 511 rb
2719 457 2887 511 πλέον
2941 456 3150 522 ἐκεῖνος
3204 459 3570 531 εἰσήνεγκεν,

1974 540 2186 595 ἐκείνου
2218 543 2278 595 τὸ
2304 544 2414 596 πᾶν
2438 539 2579 597 εἶναι
2608 542 2863 615 λέγομεν.
2901 543 3060 596 Οῦτω
3084 543 3149 615 δὴ
3180 545 3278 599 καὶ
3304 546 3565 602 ἐνταῦθα.

1975 625 2082 677 Καὶ
2114 626 2278 679 πάλιν
2309 628 2405 680 ἐπὶ
2434 627 2698 698 πλήθους,
2746 628 2875 681 ἔνθα
2906 626 3007 697 μὲν
3038 628 3088 681 οἰ
3115 628 3322 694 πολλοὶ,
3354 629 3567 696 πάντας

1972 703 2113 763 εἶναί
2142 726 2359 779 φαμεν·
2395 710 2522 764 ἔνθα
2547 711 2607 764 δὲ
2637 710 2831 778 ὀλίγοι,
2863 711 3075 764 οὐδένα.
3111 710 3269 765 Οὕτω
3298 712 3394 767 καὶ
3418 713 3565 767 Παῦ-

1971 791 2062 856 λος
2096 794 2331 848 ἐνταῦθά
2363 812 2498 866 φησι
2530 796 2589 848 rb
2615 836 2629 859 ,
2686 798 2769 849 Οὐ
2805 794 2912 849 τοῦ
2943 795 3250 864 θέλοντος,
3284 798 3429 854 οὐδὲ
3456 800 3565 853 τοῦ

1929 886 1936 892 ‘
1970 876 2307 945 τρέχοντος,
2356 879 2517 933 ἀλλὰ
2568 878 2674 932 τοῦ
2715 878 3040 944 ἐλεοῦντος
3081 880 3251 936 Θεοῦ.
3309 882 3482 936 Τοῦτο
3506 883 3564 936 δὲ

1969 956 2165 1025 λέγων,
2192 960 2286 1014 δύο
2314 961 2387 1014 τὰ
2418 962 2652 1032 μέγιστα
2679 961 2957 1034 κατορθοῖ*
2987 962 3047 1015 ἓν
3074 964 3194 1033 μὲν,
3220 966 3282 1018 rb
3306 966 3384 1038 μὴ
3407 968 3563 1021 ἐπαί-

1970 1042 2162 1111 ρεσθαι
2216 1044 2303 1113 ἐφ’
2330 1038 2413 1107 οἷς
2466 1044 2845 1116 κατορθοῦμεν
2866 1059 2880 1073 ·
2932 1044 3188 1116 δεύτερον
3217 1048 3297 1111 δὲ,
3332 1049 3393 1101 τὸ
3428 1067 3561 1104 κατ-

1966 1125 2264 1194 ορθοῦντας
2292 1127 2610 1181 ἀνατιθέναι
2641 1127 2721 1198 τῷ
2749 1126 2868 1199 Θεῷ
2908 1127 3008 1200 τὴν
3038 1130 3147 1183 τῶν
3178 1132 3555 1204 κατορθουμέ-

1967 1228 2073 1263 νων
2114 1213 2332 1267 ἀἰτίαν.
2392 1214 2513 1268 Κᾶν
2566 1213 2771 1284 τρέχῃς
2819 1213 3021 1279 τοίνυν,
3073 1214 3176 1269 κᾶν
3220 1216 3556 1289 σπουδάζῃς,

1967 1295 2130 1365 φησὶ,
2184 1297 2260 1367 μὴ
2308 1294 2497 1366 νόμιζε
2551 1298 2643 1350 σὺν
2674 1293 2818 1351 εἶναι
2849 1298 2913 1352 rb
2939 1299 3311 1369 κατόρθωμα·
3349 1300 3417 1354 ἂν
3445 1301 3558 1372 7&9

1968 1379 2043 1448 μὴ
2098 1379 2198 1449 τῆς
2247 1380 2455 1435 ἄνωθεν
2509 1380 2681 1453 τύχης
2730 1382 2948 1454 ῥοπῆς,
3010 1384 3192 1438 πάντα
3226 1383 3372 1454 εἰκῆ.
3408 1383 3557 1457 Πλὴν

1963 1464 2044 1516 ὅτι
2073 1464 2239 1536 τεύξῃ
2270 1466 2365 1518 τοῦ
2400 1466 2842 1537 σπουδαζομένου
2875 1466 3018 1538 μετὰ
3048 1470 3150 1539 τῆς
3178 1467 3388 1521 ἐκεῖθεν
3420 1484 3558 1539 συμ-

1967 1546 2211 1616 μαχίας,
2274 1548 2502 1619 εῦδηλόν
2550 1551 2738 1604 ὲστινο
2796 1549 2913 1603 ἀλλ’
2952 1549 3020 1603 ἂν
3069 1551 3270 1621 τρέχῃς
3317 1550 3412 1604 καὶ
3464 1553 3553 1619 σὺ,

1965 1630 2033 1683 ἂν
2063 1631 2244 1704 θέλῃς.
2298 1633 2372 1685 Οὐ
2404 1632 2563 1687 τοῦτο
2588 1630 2682 1688 οὖν
2706 1646 2732 1675 α
2764 1630 2938 1701 εἶπεν,
2993 1635 3076 1688 ὅτι
3107 1635 3229 1704 εἰκῆ
3262 1636 3549 1705 τρέχομεν,

1960 1714 2077 1767 ἀλλ’
2103 1716 2185 1768 ὅτι
2220 1716 2343 1786 είκῆ
2383 1717 2653 1788 τρέχομεν
2680 1760 2696 1785 ,
2754 1719 2852 1771 ἐάν
2883 1719 3158 1789 ἡμέτερον
3187 1715 3328 1771 εἶναι
3356 1719 3415 1771 τὸ
3441 1719 3555 1772 πᾶν

1960 1797 2271 1870 νομίζωμεν
2297 1840 2312 1865 ,
2365 1800 2463 1854 ὲάν
2501 1802 2577 1872 μὴ
2612 1802 2671 1855 rb
2708 1802 2872 1855 πλέον
2904 1803 3275 1872 ἀπονέμωμεν
3305 1801 3384 1872 τῷ
3406 1800 3550 1871 Θεῷ.

1960 1882 2098 1935 Οὔτε
2131 1884 2240 1954 7&9
2295 1884 2460 1938 αὐτοῦ
2496 1881 2639 1938 εἶναι
2674 1885 2735 1938 rb
2768 1887 2875 1938 πᾶν
2908 1886 3177 1955 ἠθέλησεν
3206 1887 3234 1939 6
3267 1884 3425 1949 Θεὸς,
3462 1884 3551 1940 ἵνα

1962 1963 2039 2034 μὴ
2087 1964 2213 2037 δόξῃ
2262 1968 2386 2037 εἰκῆ
2426 1967 2730 2037 στεφανοῦν
2771 1969 2918 2038 ἡμᾶς
2950 1983 2962 1996 ·
3020 1965 3146 2021 οὔτε
3176 1967 3333 2038 ἡμῶν
3361 1967 3546 2034 πάλιν,

1960 2047 2050 2101 ἶνα
2085 2049 2159 2120 μὴ
2192 2050 2273 2112 εἰς
2298 2050 2559 2103 ἀπόνοιαν
2589 2051 2939 2122 ἐκπέσωμεν.
2996 2052 3059 2103 Εἰ
3089 2050 3199 2120 7&9
3234 2050 3295 2103 rb
3323 2040 3573 2105 ἔλαττον)

1962 2131 2129 2201 μέρος
2186 2132 2403 2203 ἔχοντες
2455 2134 2670 2204 μεγάλα
2723 2133 3054 2205 φρονοῦμεν,
3105 2133 3179 2199 τί,
3217 2136 3265 2187 εἰ
3299 2135 3394 2187 τοῦ
3421 2134 3546 2189 ὅλου

1957 2216 2139 2287 κύριοι
2171 2211 2351 2287 ἦμεν;
2411 2217 2582 2272 πολλά
2616 2218 2728 2289 7&9
2760 2218 2788 2269 6
2817 2217 2948 2280 Θεὸς
2982 2218 3237 2288 ἐποίησεν
3273 2217 3417 2288 ὑπὲρ
3450 2217 3547 2272 τοῦ

1954 2299 2055 2369 τὴν
2083 2301 2406 2365 ἀλαζονείαν
2432 2301 2593 2371 ἡμῶν
2622 2301 2877 2371 ἐκκόψαι.
2895 2301 3001 2355 Καὶ
3027 2302 3113 2355 ἔτι
3143 2301 3182 2367 ἡ
3209 2301 3338 2370 χεὶρ
3358 2303 3548 2357 αὑτοῦ

1953 2384 2204 2454 ὑψηλὴ,
2253 2385 2407 2456 φησί.
2469 2386 2667 2449 Πόσσις
2724 2386 2871 2456 ἡμᾶς
2936 2385 3134 2439 πάθεσι
3193 2384 3545 2455 περιέϐαλεν,

1954 2469 2099 2523 ὥστε
2135 2470 2369 2539 ἐκκόψαι
2402 2471 2564 2541 ἡμῶν
2595 2470 2658 2523 rb
2690 2470 2982 2540 φρόνημα;
3040 2470 3229 2533 πόσοις
3261 2468 3544 2524 ἐκύκλωσε

1954 2553 2200 2625 θηρίοις;
2261 2554 2373 2607 Καὶ
2418 2554 2528 2624 7&9
2582 2555 2712 2608 ὅταν
2760 2552 2960 2621 λέγωσί
3008 2569 3189 2615 τινες,
3242 2550 3306 2605 Τί
3346 2552 3539 2618 τοῦτος

1951 2637 2032 2701 εἰς
2060 2636 2115 2689 τί
2148 2637 2340 2704 τοῦτο;
2390 2638 2543 2709 παρὰ
2574 2637 2636 2691 rb
2682 2636 2759 2706 τῷ
2786 2636 2906 2706 Θεῷ
2932 2636 3123 2690 δοκοῦν
3150 2635 3327 2689 ταῦτά
3355 2653 3541 2705 φασιν.

1966 2721 2055 2774 Ἐν
2105 2721 2345 2792 τοσούτῳ
2398 2738 2459 2774 σε
2511 2720 2662 2791 φόϐῳ
2710 2719 3054 2790 κατέστησε,
3111 2720 3205 2772 καὶ
3252 2718 3370 2772 οὐδὲ
3398 2718 3544 2772 οὕτω

1950 2806 2421 2875 ταπεινοφρονεῖς,
2456 2803 2590 2857 ἁλλά
2631 2804 2835 2875 μικρᾶς
2868 2802 3174 2873 εὐπραγίας
3208 2802 3274 2856 ἂν
3304 2802 3540 2878 ἐπιλάϐῃ

1952 2886 2105 2952 ποτὲ,
2131 2888 2269 2959 πρὸς
2313 2887 2476 2941 αὑτὸν
2526 2887 2753 2957 φθάνεις
2800 2886 2895 2940 τὸν
2940 2886 3168 2957 οὐρανὸν
3209 2886 3286 2957 τῷ
3334 2886 3535 2958 φρονὴο

1952 2988 2104 3044 ματι.

2021 3149 2175 3223 [126]
2210 3148 2253 3205 δ’
2258 3192 2271 3206 .
2306 3150 2405 3204 Διά
2436 3149 2595 3204 τοῦτο
2620 3153 2675 3205 αἱ
2704 3151 2959 3223 τάχισται
2988 3150 3284 3222 μεταϐολαὶ
3314 3152 3408 3205 καὶ
3437 3170 3537 3223 με·

1949 3233 2281 3299 ταπτώσεις,
2316 3234 2413 3287 καὶ
2465 3233 2587 3286 οὐδὲ
2623 3233 2766 3288 οὕτω
2810 3234 3181 3305 παιδευόμεθα
3206 3252 3220 3267 ·
3256 3234 3343 3287 διὰ
3375 3234 3536 3289 τοῦτο

1948 3316 2172 3371 θάνατοι
2222 3319 2470 3386 συνεχεῖς
2524 3318 2617 3370 καὶ
2652 3318 2842 3388 ἄωροι.
2894 3320 3057 3387 ἡμεῖς
3083 3318 3139 3370 δὲ
3172 3318 3247 3381 ὡς
3274 3318 3537 3372 ἀθάνατοι

1946 3400 2275 3471 φρονοῦμεν,
2311 3400 2386 3464 ὡς
2411 3399 2671 3453 οὐδέποτε
2700 3400 3111 3471 τεθνηξόμενον
3148 3398 3320 3463 οὕτως
3351 3400 3534 3471 ἀρπά-

1946 3484 2134 3555 ζομεν,
2184 3482 2328 3537 οὕτω
2371 3483 2825 3555 πλεονεκτοῦμεν,
2878 3485 2954 3545 ὡς
2986 3485 3241 3538 οὐδέποτε
3268 3483 3535 3549 δώσοντες

1944 3568 2122 3637 λόγον’
2150 3565 2321 3631 οὕτως
2350 3568 2766 3639 οἰκοδομοῦμεν,
2790 3568 2866 3633 ὠς
2888 3567 3122 3621 ἐνταῦθα
3148 3568 3402 3638 μένοντες
3416 3568 3529 3629 ἀεὶ.

1943 3653 2037 3706 καὶ
2086 3652 2207 3705 οὐδὲ
2261 3653 2289 3705 6
2338 3652 2430 3707 τοῦ
2482 3651 2617 3705 θεοῦ
2665 3652 2823 3721 λόγος
2874 3651 2997 3705 καθ’
3026 3652 3266 3721 ἑκάστην
3316 3652 3531 3723 ἡμέραν

1941 3738 2073 3806 ἡμῖν
2099 3734 2483 3805 ἐνηχούμενος,
2512 3735 2634 3789 οὐδὲ
2663 3736 2802 3789 αὺτά
2829 3735 3077 3790 παιδεύει
3105 3735 3175 3788 τά
3198 3735 3524 3807 πράγματα.

1941 3818 2055 3874 Οὐκ
2103 3820 2251 3873 ἔστιν
2308 3820 2561 3890 ἡμέραν,
2615 3821 2714 3873 οὐκ
2766 3819 2916 3873 ἐστιν
2957 3820 3107 3890 ὥραν
3148 3821 3357 3882 εἰπεῖν,
3408 3812 3530 3893 ἕνῇ

1942 3903 2019 3975 μὴ
2061 3905 2304 3972 συνεχεῖς
2344 3904 2493 3955 ἐστιν
2538 3904 2667 3956 ἰδεῖν
2714 3904 2987 3974 ἐκφοράς’
3040 3902 3176 3956 άλλά
3208 3903 3386 3955 πάντα
3420 3902 3530 3971 μά-

1939 4003 2072 4056 την,
2126 3987 2214 4040 καὶ
2254 3989 2353 4056 τῆς
2388 3987 2758 4058 σκληρότητος
2788 3986 2945 4057 ἡμῶν
2977 3985 3131 4039 οὐδὲν
3163 3984 3524 4038 καθικνεῖται.

1937 4070 2072 4123 Οὐδὲ
2124 4070 2183 4122 ἐν
2222 4073 2341 4133 ταῖς
2389 4071 2595 4141 ἐτέρων
2641 4070 2952 4141 συμφοραῖς
3002 4067 3246 4138 βελτίους
3273 4066 3526 4135 γενέσθαι

1933 4152 2234 4224 δυνάμεθα.
2274 4154 2476 4224 μᾶλλον
2503 4154 2580 4219 δὲ,
2615 4154 2737 4207 οὐδὲ
2770 4153 3020 4223 θέλομεν’
3069 4152 3185 4205 ἀλλ’
3213 4154 3343 4206 ὅταν
3369 4152 3527 4205 αὐτοὶ

1937 4236 2089 4308 μόνοι
2124 4236 2412 4307 πενθῶμεν
2433 4275 2449 4301 ,
2502 4237 2625 4290 τότε
2660 4235 3066 4307 συστελλόμεθα
3087 4253 3102 4268 ’
3158 4236 3265 4290 κᾶν
3294 4236 3395 4308 ἀνῇ
3423 4234 3525 4306 τὴν

1934 4324 2095 4390 χεῖρα
2139 4320 2168 4373 6
2213 4319 2385 4385 Θεὸς,
2438 4319 2601 4374 πάλιν
2648 4321 2812 4391 ἡμεῖς
2859 4321 2958 4391 τὴν
3004 4321 3167 4391 χεῖρα
3209 4319 3517 4389 ἐπὴραμεν.

1934 4403 2126 4467 Οὐδεὶς
2154 4404 2221 4457 τά
2248 4403 2363 4457 ἀνω
2384 4402 2411 4443 h
2439 4405 2646 4475 φρονεῖ,
2678 4404 2852 4467 οὐδεὶς
2878 4405 3209 4473 καταςρονεῖ
3235 4402 3343 4456 τῶν
3370 4403 3430 4456 ἐν
3451 4403 3520 4475 τῇ

1932 4492 2025 4559 γῇ.
2056 4488 2232 4553 οὐδεὶς
2264 4489 2403 4560 πρὸς
2436 4489 2529 4541 τὸν
2553 4487 2783 4559 οὐρανὸν
2811 4488 2932 4559 ὁρᾷ·
2969 4487 3087 4541 ἀλλ’
3111 4487 3301 4559 ὥσπερ
3330 4486 3381 4540 οἰ
3408 4490 3520 4557 χοῖ-

1937 4590 2018 4644 ροι
2071 4573 2223 4627 κάτω
2274 4572 2515 4638 νεύουσι,
2571 4571 2711 4645 πρὸς
2761 4572 2859 4643 τὴν
2902 4572 3153 4643 γαστέρα
3194 4571 3516 4639 κόπτοντες,

1933 4657 2028 4712 καὶ
2055 4656 2133 4727 τῷ
2159 4656 2406 4729 βορϐόρῳ
2432 4656 2933 4727 ἐγκαλινδούμενον
2968 4654 3113 4710 οὕτω
3140 4657 3235 4709 καὶ
3260 4658 3307 4710 οἰ
3330 4656 3517 4709 πολλοὶ

1930 4740 2039 4794 τῶν
2067 4739 2394 4811 ἀνθρώπων,
2429 4739 2677 4811 βορϐόρῳ
2701 4738 3074 4810 χαλεπωτάτῳ
3103 4738 3327 4802 ἑαυτοὺς
3358 4737 3516 4807 μολύ-

1932 4837 2117 4898 νοντες
2164 4834 2265 4887 οὐκ
2295 4832 2645 4889 αἰσθάνονται
2666 4849 2684 4866 ο
2739 4831 2947 4903 βέλτιον
2973 4830 3083 4903 γὰρ
3103 4842 3129 4873 ι
3158 4829 3316 4903 πηλῷ
3343 4830 3511 4904 μολύ-

1989 5086 2019 5115 ⁶
2039 5084 2176 5136 Colb.
2204 5085 2363 5147 Begg.
2377 5083 2561 5135 Comm.
2590 5088 2645 5132 et
2666 5097 2820 5147 marg.
2848 5083 3001 5147 Siavil.
3022 5084 3220 5144 εὔδηλόν
3245 5084 3389 5136 ἐστιν.
3415 5085 3507 5143 ἕως

1926 5148 2200 5223 ἂν.τὲἓίηΞ·
2228 5145 2656 5223 εωξίγρέλρξκοιὲ
2679 5145 2823 5223 ῖοὲίο
2844 5146 3015 5223 οὖνι..-

1990 5210 2017 5251 1»
2044 5206 2124 5257 ra
2137 5206 2266 5271 ἅνω.
2293 5207 2438 5271 Eglili,
2464 5206 2614 5263 ούδείς
2630 5209 2911 5271 ᾇνθρὼπινα.
2930 5206 3024 5271 Ηὶσ
3040 5206 3328 5271 manifestus
3366 5222 3506 5258 error

1927 5278 2023 5337 est,
2058 5271 2193 5337 ngd
2224 5265 2381 5337 ἀηδίᾳ
2408 5271 2527 5330 leg.,
2548 5270 2610 5337 τὰι
2627 5265 2978 5337 ἀνώιμιίρεὶι
3014 5269 3263 5337 intgrpreg
3301 5270 3503 5337 L_a_li_nus

1926 5335 2010 5403 qui
2034 5328 2438 5403 vermcaglesu'a1
2461 5328 2520 5403 ιιι
2543 5330 2707 5403 etiam
2739 5328 3001 5403 Μυιίιιζυε,
3026 5329 3111 5392 qui
3136 5328 3290 5383 νει·ιὶι
3312 5331 3497 5403 ιζίυὶηα.

1924 5392 2160 5449 Εηοτρηι
2183 5394 2297 5443 inde
2326 5392 2599 5454 profeclum
2628 5399 2765 5455 puto,
2790 5395 2919 5454 quod
2958 5406 3291 5455 amanuenses
3317 5396 3426 5451 ἀνος
3447 5402 3502 5445 ει

1922 5457 2020 5520 ἀνῳ
2064 5462 2150 5517 pro
2186 5456 2429 5522 ἄνθρωπος
2476 5459 2530 5503 et
2552 5455 2784 5517 ἀνθρώπῳ
2817 5455 3111 5504 scriberent.
3135 5454 3265 5505 Hinc
3292 5456 3497 5565 guidam

1924 5516 2132 5565 (Surculi
2158 5516 2345 5565 libram
2371 5527 2541 5563 vocem
2564 5518 2681 5565 ἀνω.
2703 5531 2847 5565 uuam
2873 5518 2944 5565 sic
2967 5525 3222 5565 exaratam
3246 5515 3288 5565 vi
3326 5518 3497 5565 ebant.

1924 5516 2132 5568 smmi
2158 5516 2345 5566 librarii
2371 5527 2541 5579 vocem
2564 5516 2681 5575 ἀνω,
2703 5531 2847 5579 quam
2873 5518 3222 5579 εἰρίοισι-διετῆ
3246 5516 3497 5574 videbam,

1957 5593 2014 5651 ει·
2037 5578 2475 5651 νοςεηιιᾷνθρὼειιρ,
2508 5578 2887 5651 εξρτεεεετυηι.
2936 5578 3233 5651 Exemplum
3276 5580 3493 5651 quam!

1921 5593 2014 5690 ρετ
2037 5593 2207 5629 vocem
2234 5593 2467 5639 ανυρωπφ
2508 5593 2887 5651 expresserunt.
2936 5593 3233 5650 ιιιεηιριιιηι
3276 5593 3493 5629 auuum

1962 5645 2165 5703 ala-agr.
2194 5643 2277 5703 Gr,
2309 5652 2355 5700 ρ.
2379 5638 2495 5703 ειε.
2542 5640 2625 5688 διο
2679 5653 2994 5703 amanuenms
3036 5640 3136 5697 huc.
3171 5641 3497 5703 cumlegeret

254 5678 529 5766 τᾶν-αὑτοῦ
560 5680 755 5766 ἐστιν,
810 5676 950 5766 ἀλλά
980 5677 1074 5766 καί
1104 5674 1214 5730 τῶν
1240 5677 1535 5766 ἐργατιῖινέ
1590 5679 1687 5766 καῖ
1716 5678 1815 5732 τοῦ

250 5762 330 5829 τὴν
353 5762 478 5833 ὕλην
504 5762 883 5834 παρασχόντος
906 5758 1192 5826 δεσπότου,
1217 5760 1317 5814 καί⁵
1342 5760 1566 5816 πολλῶν
1587 5760 1810 5833 ἐτέρωνο

1977 5764 1995 5786 ⁸
2026 5762 2169 5816 ἰεότῐξ
2193 5766 2376 5828 βέλτιον
2407 5762 2479 5812 δέ.
2514 5762 2531 5815 ζ
