4002 6426
156 278 253 335 101

148 401 364 441 sursum
414 393 538 439 sunt
566 384 726 456 sapit,
756 397 917 439 nemo
953 384 1178 454 despicit
1208 391 1416 438 terrena
1442 422 1458 448 ,
1486 398 1645 438 nemo
1674 382 1739 435 ad

145 480 340 533 curtum
362 478 585 549 aspicit;
614 477 707 531 sed
729 477 875 531 sicut
898 476 1049 546 porci
1077 474 1229 545 proni
1253 483 1449 528 terram
1476 482 1739 542 spectant,

146 572 199 625 iu
241 580 483 625 ventrem
533 567 815 632 inclinati,
857 566 910 620 in
945 579 1109 621 caeno
1134 563 1363 619 volutati
1401 582 1417 618 :
1467 563 1541 617 ita
1580 562 1739 616 etiam

145 662 295 717 tnulti
329 660 575 715 homines
621 658 900 714 teterrimo
927 670 1088 712 emno
1138 669 1198 710 se
1230 655 1570 723 inquinantes
1590 694 1607 721 ,
1634 669 1742 709 non

143 755 383 809 sentiunt
430 769 444 806 :
491 752 683 807 melius
719 751 862 806 enim
923 757 1008 805 est
1056 748 1333 803 immundo
1406 745 1519 800 luto
1577 744 1741 816 pollui

144 859 306 913 quam
350 843 605 913 peccatis.
648 840 782 895 Nam
815 840 906 910 qui
951 840 1044 894 illo
1089 847 1174 894 est
1213 836 1560 906 inquinatus,
1590 835 1741 891 brevi

143 946 392 1004 tempore
409 932 662 996 abluitur,
686 943 742 986 et
763 929 1061 986 redditurei
1092 928 1280 983 similis
1302 928 1391 996 qui
1407 940 1506 981 nec
1532 924 1601 980 ab
1624 925 1735 979 itii-

143 1028 222 1081 tio
274 1026 325 1079 in
358 1023 504 1078 illam
545 1023 731 1078 incidit
760 1022 1071 1092 voraginem
1101 1036 1115 1073 :
1147 1019 1238 1090 qui
1266 1027 1445 1074 autem
1467 1016 1659 1088 cecidit
1688 1016 1741 1071 in

157 1115 469 1170 barathrum
491 1113 717 1185 peccati,
737 1112 942 1181 accepit
960 1110 1420 1179 inquinamentum
1439 1105 1581 1176 quod
1601 1118 1741 1175 aqua

158 1220 265 1260 non
297 1205 585 1260 mandatur
603 1245 618 1270 ,
646 1202 739 1258 sed
772 1203 938 1256 multo
966 1208 1090 1270 eget
1130 1208 1372 1268 tempore
1396 1195 1740 1267 perfectaque

159 1297 475 1367 paenitentia
497 1337 514 1362 ,
560 1294 809 1368 lacrymis
846 1301 901 1347 et
938 1290 1242 1362 planctibus
1265 1331 1280 1357 ,
1333 1289 1635 1359 ntajorique
1684 1296 1742 1343 et

159 1386 549 1442 vehementiori
578 1382 957 1441 lamentatione
993 1396 1150 1452 quam
1177 1396 1297 1452 quae
1325 1389 1546 1451 propter
1583 1379 1742 1435 caris-

159 1478 331 1533 simos
379 1467 694 1531 ostenditis.
731 1473 866 1530 Nam
912 1474 994 1528 ha:
1037 1471 1252 1543 quidem
1298 1470 1489 1526 sordes
1526 1470 1593 1525 ad
1642 1485 1741 1527 nos

160 1569 499 1623 extrinsecus
525 1566 836 1633 adveniunt,
868 1574 923 1620 et
965 1564 1085 1620 ideo
1118 1578 1211 1620 eas
1243 1562 1351 1618 cito
1374 1561 1695 1631 depoaitnus
1724 1576 1739 1615 :

159 1657 269 1711 illae
308 1668 486 1711 autem
514 1657 763 1711 oriuntur
789 1656 1145 1719 intrinsecus,
1175 1662 1231 1708 et
1264 1653 1386 1708 ideo
1413 1653 1496 1705 vix
1523 1665 1617 1706 eas
1645 1651 1742 1705 ab-

158 1748 374 1805 luentes
409 1747 783 1803 emnndamus.
829 1745 911 1802 Ea:
951 1745 1101 1799 corde
1127 1744 1281 1809 enim,
1334 1743 1524 1814 inquit,
1554 1752 1739 1797 exeunt

156 1838 489 1908 cogitationes
517 1839 684 1902 malta,
711 1837 1088 1907 fornicationes,
1115 1834 1391 1898 adulteria,
1419 1836 1580 1903 furta,
1605 1834 1741 1904 falsa

159 1932 444 1984 testimonia
468 1929 679 1999 (Matth.
706 1931 791 1985 15.
828 1929 937 1999 19).
961 1929 1023 1982 Et
1050 1927 1169 1982 ideo
1198 1926 1410 1981 dicebat
1433 1925 1737 1996 Propheta:

157 2020 264 2076 Cor
304 2022 548 2073 mundum
575 2037 692 2073 crea
717 2021 769 2073 in
807 2036 885 2073 me
910 2018 1047 2072 Deus
1066 2018 1087 2089 (
1109 2017 1253 2071 Psal.
1297 2016 1387 2073 50.
1419 2016 1487 2071 12
1508 2018 1561 2085 );
1602 2013 1760 2071 alius

160 2124 361 2178 autent,
392 2112 553 2166 Ablue
574 2128 607 2165 a
632 2111 749 2165 vitio
772 2127 858 2164 cor
880 2119 1040 2174 tuum,
1068 2107 1352 2163 Jerusalem
1377 2105 1509 2179 (Jer.
1539 2106 1592 2161 4.
1623 2107 1737 2175 ll).

168 2203 329 2257 \‘ides
349 2201 487 2273 quod
510 2211 658 2273 recte
677 2216 836 2272 agere
858 2209 1099 2257 nostrum
1125 2199 1196 2253 sit
1211 2207 1267 2254 et
1288 2198 1381 2252 Dei
1397 2197 1421 2252 ’ἶ
1435 2196 1503 2253 Et
1524 2211 1740 2251 rursus:

171 2293 314 2347 Beati
358 2295 544 2347 mundo
611 2294 801 2358 corde,
855 2293 1097 2363 quoniam
1148 2290 1247 2357 ipsi
1290 2287 1459 2343 Deum
1505 2288 1741 2344 uidebunt

163 2385 374 2455 (Matth.
406 2386 459 2441 5.
489 2384 569 2456 δ).

232 2477 452 2531 Peccata
471 2474 725 2547 quomodo
748 2474 1096 2545 abstergenda.
1122 2502 1193 2513 —
1220 2470 1534 2526 Efﬁciamur
1553 2469 1739 2524 mundi

158 2584 256 2638 pro
285 2567 483 2622 nostris
495 2567 739 2632 viribus;
764 2567 1130 2635 ahstergamus
1145 2574 1324 2617 nostra
1345 2570 1580 2631 peccata.
1597 2560 1745 2626 Quod

156 2659 321 2713 modo
341 2670 519 2713 autem
538 2659 743 2729 possint
760 2656 1011 2726 abstergi,
1029 2656 1187 2709 docet
1210 2652 1489 2723 propheta,
1510 2651 1695 2706 dicens
1723 2667 1738 2703 ;

159 2750 450 2815 Lavununi,
476 2751 652 2802 mundi
669 2758 844 2813 estote,
865 2752 1056 2818 auferte
1072 2747 1190 2799 vitia
1209 2745 1270 2799 ab
1291 2744 1550 2797 animabus
1570 2744 1743 2801 vestris

157 2858 333 2899 coram
356 2842 516 2894 oculis
539 2840 662 2893 meis
696 2838 849 2909 (lsai.
880 2839 928 2893 1.
960 2837 1025 2892 16
1048 2839 1085 2905 ).
1113 2835 1253 2905 Quid
1284 2843 1389 2900 est,
1413 2832 1596 2891 Coram
1617 2848 1743 2887 ocu-

160 2934 222 2983 lis
245 2933 409 2983 nmis?
433 2932 563 2991 Quia
588 2932 835 2983 videntur
860 2928 1072 2994 quidem
1098 2928 1398 2994 aliquiesse
1418 2926 1524 2977 vitii
1553 2940 1743 2991 exper-

940 268 1007 332 IN
1042 264 1263 347 EPIST.
1305 275 1395 331 AD
1434 268 1796 331 assumes.

1839 276 1988 333 CAP.
2034 275 2146 335 VII.
2188 279 2419 337 HOMIL.
2460 282 2602 340 Xlll.
3311 283 3415 344 102

1846 394 1947 451 tes,
1978 385 2073 441 sed
2104 385 2429 455 hominibus,
2458 389 2568 443 Deo
2593 396 2773 444 autem
2796 397 2923 444 sunt
2948 386 3214 444 manifesti
3240 392 3424 459 sepul-

1843 490 1934 530 cra
1985 476 2229 532 dealbata
2257 496 2271 533 :
2302 479 2425 537 ideo
2447 480 2595 545 dicit,
2618 480 2708 537 Sic
2726 480 2931 536 auferte
2955 480 3095 535 sicut
3121 495 3221 551 ego
3241 480 3419 536 video.

1843 566 2036 622 Discite
2064 568 2255 623 bonum
2283 572 2472 638 facere,
2501 571 2746 640 exquirite
2776 571 3032 640 judicium
3057 611 3072 637 ,
3102 570 3343 626 humilem
3372 581 3422 628 ct

1844 676 2118 729 pauperem
2157 662 2436 731 justiﬁcate
2488 679 2507 716 :
2537 672 2584 716 et
2623 664 2783 717 venite
2809 672 2855 717 et
2882 664 3255 733 disceptemus,
3295 664 3422 720 dicit

1839 755 2120 819 Dominus;
2158 764 2206 809 et
2251 756 2295 809 si
2339 754 2440 809 sint
2485 764 2688 824 peccata
2736 764 2900 810 vestra
2941 756 3070 810 sicut
3126 759 3417 826 puniceum,

1838 848 1966 902 sicut
1995 848 2156 901 nivem
2195 844 2473 909 dealbabo;
2507 846 2550 898 si
2587 847 2686 899 sint
2742 857 2909 899 autent
2945 847 3075 900 sicut
3133 848 3414 915 coccinum,

1840 950 2094 1007 tamquam
2119 938 2292 991 lanam
2315 936 2555 990 dealbabo
2590 935 2739 1006 (Isai.
2776 937 2824 991 1.
2854 938 2942 991 17.
2971 937 3077 1007 18).
3104 939 3265 995 Vides
3279 939 3418 1009 quod

1839 1037 2085 1097 oporteat
2108 1042 2205 1082 nos
2228 1028 2434 1095 priores
2451 1026 2728 1094 mundare,
2760 1034 2815 1080 et
2841 1037 2965 1081 tunc
2992 1029 3130 1083 Deus
3158 1031 3421 1094 mundat!

1838 1118 1969 1173 Nam
2014 1134 2137 1174 cum
2185 1119 2333 1188 prius
2380 1118 2648 1185 dixisset,
2682 1117 2968 1181 Lavamini,
3010 1120 3190 1173 mundi
3228 1131 3416 1186 estote,

1843 1218 1969 1264 tunc
2015 1208 2329 1278 subjunxit,
2365 1207 2474 1279 Ego
2525 1207 2792 1269 dealbabo.
2841 1206 3011 1265 Nemo
3052 1224 3179 1279 ergo
3232 1225 3299 1265 ex
3356 1210 3424 1266 iis

1840 1301 1932 1371 qui
1958 1299 2178 1357 veniunt
2218 1300 2285 1354 ad
2325 1313 2591 1354 smnmum
2638 1299 2847 1367 vitium,
2889 1300 2958 1356 de
3005 1315 3066 1357 se
3108 1300 3353 1372 desperet
3404 1319 3419 1358 :

1838 1389 1972 1446 Nam
1997 1390 2208 1447 etiamsi
2234 1391 2471 1458 intrat-is,
2503 1390 2695 1461 inquit,
2726 1390 2795 1447 ad
2826 1392 3066 1448 habitum
3092 1433 3107 1454 ,
3146 1401 3203 1448 et
3230 1408 3426 1463 prope.

1842 1484 2057 1539 modum
2074 1482 2149 1537 ad
2174 1492 2418 1536 naturam
2454 1481 2621 1551 ipsius
2639 1482 2776 1548 vitii,
2801 1497 2870 1538 ne
2895 1483 3104 1539 timeas.
3129 1482 3422 1554 Propterea

1842 1589 1947 1628 non
1990 1573 2218 1630 exilibus
2253 1582 2312 1630 et
2354 1572 2596 1629 evanidis
2618 1574 2854 1644 acceptis
2882 1574 3151 1629 coloribus
3173 1615 3189 1640 ,
3213 1575 3306 1631 sed
3334 1578 3423 1649 qui

1841 1673 1964 1718 sunt
1996 1678 2161 1734 prope
2186 1664 2237 1717 in
2267 1664 2381 1733 ipsa
2408 1663 2488 1718 rei
2516 1663 2771 1728 essentia,
2811 1678 2903 1718 eos
2931 1664 3062 1720 dicit
3086 1674 3339 1721 venturos
3368 1668 3424 1723 in

1840 1764 2035 1811 statum
2066 1742 2417 1808 contrarium.
2437 1753 2554 1809 Non
2572 1754 2744 1810 solum
2770 1756 2915 1810 enim
2942 1754 3079 1809 dixit
3097 1756 3298 1826 lavare,
3328 1757 3425 1817 sed

1846 1856 2113 1916 tamquam
2145 1845 2321 1900 nivem
2351 1853 2406 1900 et
2437 1854 2706 1915 tamquam
2733 1847 2907 1900 lanam
2936 1844 3210 1911 dealbare,
3242 1857 3300 1902 ut
3329 1849 3425 1902 hoc

1842 1954 1964 1993 nam
1987 1954 2137 2009 spem
2168 1939 2324 1994 nobis
2353 1938 2607 2009 praebeat.
2640 1939 2784 2009 Ergo
2812 1954 3000 2009 magna
3041 1939 3123 1995 vis
3153 1940 3423 2010 paeniten-

1843 2030 1951 2097 tiae,
1978 2030 2241 2101 siquidem
2269 2045 2371 2086 nos
2400 2029 2526 2086 facit
2549 2030 2701 2101 quasi
2723 2031 2921 2095 nivem,
2953 2045 3008 2087 et
3036 2030 3251 2088 dealhat
3272 2034 3426 2102 quasi

1843 2120 2041 2187 lanam,
2071 2121 2279 2176 etiamsi
2309 2121 2453 2190 quod
2483 2121 2676 2175 invasit
2703 2130 2978 2190 peccatum
3009 2133 3220 2178 nostras
3252 2124 3426 2180 tiuxev

1841 2214 2157 2268 ritanimas.
2183 2214 2504 2270 Studeamus
2525 2228 2654 2285 ergo
2685 2214 2803 2269 fieri
2834 2215 3016 2271 mundi
3048 2232 3063 2270 :
3106 2215 3238 2270 nihil
3265 2232 3428 2286 grave

1837 2306 1997 2375 jussit
2025 2324 2038 2359 :
2063 2305 2304 2360 Judicate
2328 2306 2575 2375 orphano,
2598 2315 2647 2359 et
2674 2306 2840 2359 vidua:
2858 2306 2994 2374 quod
3027 2316 3098 2359 est
3117 2307 3315 2377 justum
3336 2307 3428 2376 [a-

1839 2401 1936 2453 cite
1979 2398 2142 2465 (Ibid.
2188 2416 2237 2452 v.
2282 2399 2409 2469 ιτ),
2452 2398 2643 2468 inquit.
2695 2398 2858 2453 Vides
2900 2398 3171 2467 quomodo
3221 2380 3424 2471 ubique

1840 2492 1981 2559 apud
2032 2490 2195 2544 Deum
2237 2504 2429 2559 magna
2465 2489 2691 2545 habetur
2733 2488 2870 2543 ratio
2918 2489 3326 2555 misericordiae,
3368 2502 3431 2549 es

1819 2581 2169 2636 .defcusionis
2199 2594 2386 2635 eorum
2414 2579 2503 2649 qui
2526 2579 2837 2634 afﬁciuntur
2864 2579 3099 2649 injuria?
3126 2580 3251 2636 Hrec
3280 2581 3420 2639 bona

1840 2673 2214 2744 aggrediamur
2261 2687 2446 2741 Opera,
2493 2680 2547 2725 et
2583 2671 2879 2740 poterimus
2925 2670 3022 2726 Dei
3068 2673 3236 2743 gratia
3283 2671 3425 2730 bona

1840 2768 2000 2821 etiam
2034 2766 2205 2819 futura
2236 2763 2492 2832 consequi
2528 2780 2541 2817 :
2570 2763 2762 2833 quibus
2794 2777 2892 2819 nos
2931 2779 3121 2819 omnes
3150 2766 3428 2836 contingat

1841 2860 2031 2930 dignos
2064 2858 2175 2912 ﬁeri
2207 2859 2258 2911 in
2284 2856 2502 2912 Christo
2523 2855 2649 2911 Jesu
2680 2856 2906 2911 Domino
2934 2866 3139 2912 nostro.

175 3005 3452 3039 Wm—

1581 3087 1790 3149 ΗΟΜΙ
1798 3084 1931 3148 LIA
1968 3082 2145 3146 XIII.

182 3173 316 3226 Car.
349 3171 404 3226 7.
435 3185 490 3224 ν.
526 3170 613 3225 11.
649 3167 711 3223 St
755 3181 874 3236 ergo
901 3161 1267 3218 consummatio
1296 3174 1385 3227 per
1425 3154 1765 3211 sacerdotium

253 3260 536 3315 Leviticum
557 3268 663 3312 erat
687 3256 930 3327 (papulas
947 3255 1079 3308 enim
1104 3252 1193 3328 sub
1214 3252 1324 3319 ipso
1350 3249 1510 3319 legem
1527 3243 1767 3314 accepit),

254 3353 380 3423 quid
439 3351 606 3404 adhuc
667 3347 1001 3403 necessarium
1062 3344 1158 3414 fuit
1209 3341 1487 3397 secundum
1543 3337 1773 3392 ordinem

258 3440 638 3497 Melchisedech
677 3440 835 3493 alium
876 3435 1227 3498 sacerdotem,
1263 3442 1308 3487 et
1349 3448 1453 3485 non
1497 3428 1772 3485 secundum

258 3535 495 3588 ordinem
541 3533 711 3586 Aaron
737 3530 877 3583 dici.’
927 3528 1013 3583 η.
1046 3527 1288 3581 translato
1318 3525 1452 3579 enim
1491 3520 1772 3576 sacerdotio

259 3640 463 3680 necesse
490 3633 562 3678 est
584 3634 635 3676 ut
655 3633 700 3676 et
726 3621 848 3691 legis
875 3619 1140 3673 translatio
1170 3618 1279 3686 ﬁat.
1302 3616 1388 3669 15.
1417 3612 1481 3666 1η
1506 3629 1605 3683 quo
1640 3611 1775 3665 enim

202 3723 210 3729 “
258 3719 370 3770 Iure
397 3715 669 3777 dicuntur,
702 3711 766 3767 de
797 3711 900 3764 alia
931 3709 1062 3763 tribu
1087 3719 1181 3769 est,
1211 3706 1274 3761 de
1298 3722 1399 3774 qua
1431 3704 1604 3756 nullus
1623 3700 1776 3754 altari

260 3819 451 3878 praesto
478 3807 593 3876 fuit.
627 3806 715 3860 H.
748 3804 1079 3875 Manifestum
1105 3811 1177 3855 est
1216 3799 1349 3852 enim
1388 3796 1522 3866 quod
1551 3810 1613 3848 cx
1636 3792 1778 3847 Iuda

259 3913 402 3957 ortus
426 3902 491 3955 sit
526 3898 768 3952 Dominus
794 3904 962 3949 noster
983 3933 998 3959 ,
1047 3892 1102 3947 in
1128 3908 1228 3961 qua
1258 3888 1391 3943 tribu
1418 3887 1546 3942 nihil
1586 3887 1648 3940 de
1692 3901 1777 3940 sa-

262 3991 493 4045 cerdotio
522 3988 723 4059 Moyses
750 3987 983 4055 loquutus
1016 3995 1107 4038 est.

262 4086 319 4139 1.
368 4084 432 4138 Si
475 4098 593 4152 ergo
630 4078 996 4135 consummatio
1025 4092 1112 4148 per
1139 4074 1476 4129 sacerdotium
1502 4070 1780 4127 Leviticum

189 4187 328 4240 erat,
359 4176 554 4244 inquit.
584 4170 717 4228 Cum
740 4172 964 4226 dixisset
987 4170 1055 4225 de
1081 4166 1491 4232 Melchisedech,
1523 4176 1577 4220 et
1597 4175 1779 4219 osten-

189 4269 371 4322 disset
395 4274 655 4336 quantum
681 4272 828 4320 esset
851 4261 1158 4316 Ahrahamo
1186 4259 1550 4329 pnestantior,
1581 4266 1637 4311 et
1665 4271 1781 4309 ma-

190 4374 361 4429 gnam
393 4356 797 4427 pronuntiasset
840 4351 1235 4414 dill'erentiam;
1268 4349 1392 4403 hinc
1415 4349 1668 4417 deinceps
1691 4347 1785 4402 de-

190 4455 466 4504 monstrat
493 4445 619 4516 quid
648 4445 856 4500 intersit
890 4444 1030 4497 inter
1054 4441 1458 4497 Testamentum
1487 4440 1658 4508 ipsum
1679 4480 1694 4505 ,
1732 4447 1787 4492 et

190 4538 474 4611 quomodo
524 4536 652 4593 illud
680 4534 897 4601 quidem
945 4533 1025 4589 sit-
1064 4532 1468 4601 imperfectum,
1516 4530 1618 4584 hoc
1658 4543 1786 4583 vero

197 4634 522 4705 perfectum.
555 4629 622 4684 Et
646 4627 879 4683 nondum
904 4625 969 4680 ad
996 4640 1082 4680 res
1108 4627 1250 4695 ipsas
1277 4623 1505 4687 accedit,
1537 4623 1628 4677 sed
1649 4623 1786 4677 inlc-

198 4740 300 4778 run
332 4723 603 4792 depugnat
624 4734 687 4776 ex
710 4717 1007 4773 sacerdotio
1033 4725 1086 4771 et
1113 4717 1472 4770 Testamento.
1494 4714 1618 4769 lianc
1646 4715 1787 4769 enim

199 4825 334 4869 tunc
357 4811 647 4878 incredulis
676 4818 831 4865 erant
856 4808 1024 4877 magis
1052 4806 1349 4872 credibilia,
1389 4804 1604 4874 quando
1628 4820 1696 4859 ex
1726 4804 1792 4858 iis

205 4924 331 4976 qua:
355 4906 504 4974 prius
520 4912 733 4971 accepta
752 4898 1246 4955 fuerantctcredita
1278 4898 1337 4951 lit
1383 4894 1787 4951 demonstratio.

199 4998 457 5055 Ostendit
483 4996 617 5051 Levi
641 5003 697 5049 et
715 4991 1017 5048 Ahrahamo
1047 4991 1205 5061 longe
1226 5004 1346 5044 esse
1367 4988 1793 5059 praestantiorem

200 5087 719 5151 Melchisedechum,
738 5087 827 5155 qui
854 5084 907 5139 itt
934 5083 1124 5138 ordine
1162 5081 1498 5138 sacerdotum
1528 5080 1628 5135 fuit
1653 5079 1793 5150 apud

202 5199 327 5239 eos.
344 5182 425 5237 Ex
447 5181 552 5235 alio
573 5194 757 5234 rursus
777 5184 1200 5248 argumentatur.
1214 5174 1296 5229 Ex
1317 5189 1545 5244 quonam
1568 5175 1682 5228 ?Ex
1705 5190 1795 5227 sa-

204 5274 456 5330 cerdotio
480 5270 801 5342 praesentiet
828 5285 890 5324 ex
908 5268 1151 5324 Judaico.
1168 5267 1236 5321 Et
1264 5267 1384 5322 vide
1412 5267 1539 5321 mihi
1564 5267 1799 5337 pruden-

208 5368 343 5421 tiam
372 5366 645 5434 ingentem
674 5379 686 5414 :
716 5377 783 5418 ex
812 5376 916 5431 quo
944 5361 1087 5415 enim
1122 5368 1238 5416 erat
1260 5359 1549 5414 verisimile
1577 5375 1701 5414 eum
1732 5375 1799 5415 ex

206 5455 515 5513 sacerdotio
536 5453 913 5525 expellendum
929 5466 1071 5517 esse,
1091 5452 1338 5522 quoniam
1359 5466 1463 5505 non
1484 5461 1799 5507 eratsecun-

207 5552 342 5607 dum
366 5552 610 5606 ordinem
662 5550 865 5615 Aaron,
893 5561 957 5600 ex
984 5559 1050 5600 eo
1066 5544 1207 5599 hunc
1226 5544 1438 5613 quidem
1460 5546 1662 5609 statuit,
1684 5545 1802 5600 illos

208 5662 347 5704 vero
376 5644 545 5716 ejicit.
579 5642 692 5696 lloc
737 5648 914 5693 autem
942 5636 1066 5691 facit
1110 5650 1170 5691 se
1202 5646 1468 5705 tamquam
1504 5637 1571 5691 de
1620 5639 1799 5708 aliquo

224 5739 571 5797 dubitantem
602 5731 879 5795 inducetis,
908 5742 1005 5782 cur
1026 5740 1132 5781 non
1163 5724 1371 5782 dicatur
1397 5729 1686 5785 secundum
1716 5744 1802 5784 or-

531 5825 805 5885 l’ATnOL.
859 5827 974 5884 (in.
1029 5825 1246 5887 L.\'lll.

1870 3168 2054 3223 dinem
2082 3169 2261 3222 Aaron
2286 3208 2303 3232 ,
2330 3166 2515 3235 sicque
2540 3164 2759 3221 dubium
2786 3164 3086 3221 solventem
3130 3183 3143 3219 :
3185 3164 3256 3220 Et
3303 3181 3403 3237 ego
3428 3208 3448 3232 ,

1870 3259 2079 3330 inquit,
2109 3260 2208 3312 hac
2244 3257 2315 3313 de
2345 3272 2405 3312 re
2436 3255 2622 3311 dubito
2644 3297 2659 3320 ,
2690 3271 2788 3311 cur
2832 3272 2940 3319 non
2971 3256 3130 3311 fuerit
3157 3258 3449 3315 secundum

1871 3353 2117 3409 ordinem
2140 3350 2387 3412 Aaronis.
2421 3349 2536 3404 Hoc
2564 3348 2707 3404 enim
2739 3348 3003 3419 signiﬁcat
3024 3349 3231 3416 dicens,
3262 3348 3323 3405 Si
3347 3366 3451 3403 au-

1873 3455 1971 3499 tent
2009 3442 2374 3498 consummatio
2400 3456 2490 3509 per
2518 3438 2855 3494 sacerdotium
2896 3438 3172 3494 Leuiticum
3201 3448 3325 3493 erat.
3379 3440 3449 3496 Et

1878 3534 2006 3590 illud
2027 3575 2042 3599 ,
2078 3532 2215 3603 Quid
2242 3531 2411 3585 adhuc
2462 3530 2799 3583 necessarium
2843 3530 2973 3598 fuit,
3007 3545 3250 3600 magnam
3281 3530 3443 3585 habet

1887 3622 2206 3691 emphasim.
2229 3620 2362 3673 Nam
2381 3619 2424 3672 si
2456 3629 2583 3673 ante
2611 3629 2755 3673 essm
2780 3620 2999 3688 quidem
3016 3621 3286 3683 Christus,
3305 3621 3451 3689 quod

1885 3712 1953 3766 ad
1975 3728 2191 3767 carnem
2213 3711 2426 3771 attinet,
2445 3710 2745 3764 secundum
2764 3710 3011 3763 ordinem
3032 3709 3450 3775 Melchisedech,

1874 3808 2070 3864 deinde
2088 3807 2274 3861 luisset
2295 3805 2400 3868 lex,
2432 3812 2488 3858 et
2512 3818 2631 3873 qua:
2661 3810 2818 3857 erant
2875 3800 3135 3856 Aaronica
3161 3800 3460 3855 :verisiuu-

1877 3900 2002 3955 liter
2030 3898 2133 3954 dici
2186 3904 2402 3967 posset,
2435 3894 2566 3957 hate,
2596 3902 2653 3949 ut
2689 3908 2807 3963 quae
2836 3892 2945 3947 sint
2992 3891 3331 3961 perfectiora,
3369 3892 3458 3946 illa

1877 3992 2191 4057 dissolvere,
2215 3997 2401 4058 utqua:
2424 3986 2878 4056 supervenissent.
2908 3984 2964 4039 Si
2995 3992 3171 4038 autem
3217 3981 3461 4038 Christus

1879 4095 1962 4139 est
1988 4082 2275 4151 posterior,
2307 4090 2359 4134 et
2390 4079 2552 4132 alium
2585 4078 2775 4145 accipit
2829 4085 3010 4146 typum
3042 4074 3348 4136 sacerdotii,
3378 4083 3464 4129 est

1883 4175 2220 4244 perSpicuum
2250 4173 2300 4224 id
2324 4171 2507 4235 fuisse,
2529 4167 2670 4239 quod
2716 4168 2803 4221 illa
2824 4175 3004 4223 essent
3044 4164 3461 4234 imperfectiura.

1880 4266 2151 4319 Ponamus
2188 4263 2329 4318 enim
2357 4302 2372 4326 ,
2418 4260 2624 4330 inquit,
2656 4258 2804 4312 verbi
2834 4271 2994 4312 causa
3023 4297 3039 4323 ,
3069 4256 3245 4311 omnia
3301 4256 3467 4311 fuisse

1883 4355 2119 4425 impleta,
2139 4362 2191 4408 et
2221 4352 2351 4407 nihil
2378 4347 2876 4418 esseituperl'ectum
2897 4349 2948 4400 in
2972 4345 3273 4402 sacerdotio
3299 4364 3311 4400 :
3339 4346 3464 4411 quid

1880 4464 2011 4517 ergo
2060 4462 2194 4518 opus
2243 4453 2359 4500 erat
2412 4452 2468 4496 ut
2536 4441 2834 4507 diceretur,
2888 4438 3182 4494 Secundum
3242 4437 3470 4491 ordinem

1888 4538 2277 4602 Melchisedech,
2297 4547 2352 4592 et
2379 4552 2507 4598 non,
2535 4533 2837 4589 Secundum
2870 4532 3306 4586 ordinentAaron
3325 4534 3348 4570 ν
3375 4546 3471 4584 cur

1886 4632 2107 4684 dimisso
2136 4632 2346 4683 Aaroue
2385 4627 2611 4681 alterum
2645 4624 2850 4678 induxit
2876 4622 3254 4684 saecrdotium,
3279 4636 3472 4688 nempe

1891 4723 2255 4779 Melchisedeci
2277 4723 2300 4771 γ
2323 4720 2383 4775 Si
2402 4718 2766 4773 consummatio
2782 4725 2890 4769 erat
2910 4730 2997 4783 per
3013 4713 3283 4765 b-viticum
3312 4729 3473 4765 sacer-

1889 4819 2081 4871 dotium
2101 4856 2117 4882 ,
2158 4815 2349 4879 uenipe
2379 4812 2421 4864 si
2446 4825 2622 4863 rerum
2654 4819 2708 4861 et
2727 4808 2848 4860 vita:
2874 4805 3181 4875 dogmatum
3220 4802 3474 4872 perfectio

1894 4924 1986 4978 per
2021 4905 2318 4960 Leviticum
2349 4913 2463 4956 erat
2509 4897 2889 4954 sacerdOtium.
2936 4894 3067 4947 Vide
3114 4906 3288 4946 autem
3341 4908 3475 4961 quo-

1892 4996 2052 5051 modo
2096 5003 2241 5049 recta
2270 4991 2353 5044 via
2384 4988 2773 5059 progrediatur.
2809 4985 2978 5051 Dixit,
3012 4986 3151 5056 quod
3181 4983 3475 5039 secundum

1891 5087 2133 5143 ordinem
2180 5082 2607 5148 Melchisedech,
2639 5077 2929 5134 ostendens
2976 5076 3117 5148 quod
3162 5076 3234 5131 sit
3283 5075 3477 5133 melius
3554 5146 3561 5153 ῃ

1895 5182 1946 5236 id
1990 5179 2130 5250 quod
2164 5186 2247 5233 est
2302 5173 2591 5230 secundum
2632 5171 2872 5227 ordinem
2918 5166 3349 5224 Melchisedech:
3394 5178 3479 5222 est

1896 5273 2037 5327 enim
2088 5268 2259 5323 multo
2325 5265 2534 5321 melius.
2584 5264 2844 5333 Deinceps
2894 5261 2996 5316 hoc
3044 5275 3203 5315 etiam
3247 5260 3481 5315 ostendit

1898 5382 1961 5417 ex
1995 5375 2233 5431 tempore
2255 5401 2268 5423 ,
2303 5358 2445 5429 quod
2472 5357 2675 5412 scilicet
2706 5363 2827 5423 post
2853 5355 3119 5407 Aaronem
3164 5353 3234 5405 sit
3272 5352 3318 5404 is
3344 5392 3356 5413 ,
3388 5352 3479 5419 qui

1900 5467 1981 5511 est
2027 5455 2380 5524 praesumtior.
2428 5448 2495 5502 Et
2536 5446 2659 5516 quid
2703 5446 2803 5501 sibi
2852 5443 2964 5497 vult
3030 5443 3170 5512 quod
3226 5442 3480 5509 deinceps

1901 5548 2139 5617 sequitur
2159 5586 2173 5607 ,
2204 5542 2435 5610 Papulas
2470 5539 2601 5594 enim
2626 5537 2715 5591 sub
2743 5538 2854 5604 ipso
2880 5536 3037 5605 legem
3086 5534 3274 5601 accepit
3299 5533 3323 5585 ?
3352 5531 3478 5600 quid

1901 5649 2019 5703 est,
2053 5638 2160 5692 Sub
2202 5634 2348 5703 ipso?
2405 5633 2507 5687 Per
2557 5631 2728 5701 ipsum
2777 5628 3105 5698 ingreditur,
3162 5642 3255 5694 per
3310 5626 3481 5692 ipsum

1900 5730 2039 5805 gerit
2068 5728 2245 5784 munia
2276 5744 2288 5779 :
2332 5740 2434 5782 non
2465 5732 2639 5797 potest
2688 5722 2791 5777 dici
2848 5719 2986 5795 quod
3016 5719 3135 5774 aliis
3182 5719 3251 5771 sit
3279 5718 3479 5774 datum.

3122 5806 3163 5868 Ἰ
