4002 6426
582 280 697 339 503-

606 395 833 467 l'opulus
875 392 963 445 sub
1013 389 1120 456 ipso
1178 385 1333 453 legem
1378 378 1565 447 accepit
1593 377 1736 429 :hoe
1765 384 1882 440 est,
1932 389 1994 428 ea
2043 387 2171 427 usus

599 466 702 546 est.
732 488 844 542 Non
898 488 1068 553 potest
1122 476 1224 531 dici
1274 470 1413 542 quod
1456 468 1682 539 perfecta
1730 466 1941 535 quidem
1986 473 2168 528 esset,

600 580 793 654 populo
840 585 1015 629 autem
1080 582 1182 621 non
1240 561 1519 633 praeposita
1560 558 1735 612 fuerit.
1788 556 1897 610 Sub
1945 561 2057 625 ipso
2100 555 2173 607 le—

599 644 708 744 uem
752 665 942 735 accepit
987 678 1003 715 :
1052 660 1153 712 hoc
1208 662 1329 719 est,
1381 653 1497 720 ipso
1548 660 1678 702 usus
1717 655 1821 701 est.
1874 644 2008 712 Quid
2041 657 2168 713 ergo

598 732 729 834 opus
758 732 881 815 erat
918 755 1020 809 alio
1062 747 1392 807 sacerdotio,
1425 743 1468 796 si
1513 740 1640 794 illud
1690 737 1980 807 perlectum
2022 732 2173 789 erat?

597 826 875 911 'l‘lranslato
916 845 1057 901 enim
1128 835 1467 899 sacerdotio,
1533 843 1754 886 necesse
1796 836 1879 881 est
1933 835 1989 879 ut
2045 826 2173 893 legis

594 956 809 1017 quoque
838 933 1114 993 translatio
1144 929 1275 984 fiat:
1321 927 1365 979 si
1409 933 1584 977 autem
1612 932 1829 975 necesse
1871 924 1953 972 est
1998 926 2056 969 ut
2106 915 2174 968 sit

596 1006 736 1092 alius
768 1027 1049 1088 sacerdos,
1075 1021 1160 1076 vel
1209 1018 1383 1088 potius
1418 1012 1562 1067 aliud
1602 1008 1956 1065 sacerdotium
1978 1048 1992 1075 ,
2017 1006 2172 1059 aliam

596 1136 810 1196 quoque
852 1120 1024 1187 legem
1052 1126 1173 1167 esse
1199 1119 1419 1163 necesse
1450 1112 1553 1158 est.
1597 1101 1709 1156 lloc
1752 1099 1818 1153 ad
1847 1113 1940 1153 eos
1968 1097 2056 1167 qui
2086 1096 2172 1149 di-

598 1189 758 1271 cunt:
781 1208 918 1278 Quid
942 1219 1074 1274 opus
1098 1210 1213 1256 erat
1237 1211 1373 1252 novo
1393 1191 1779 1249 Testamento?
1805 1189 1933 1243 Nam
1962 1194 2175 1257 poterat

598 1276 823 1376 quidem
842 1299 1004 1354 etiam
1030 1309 1095 1348 ex
1119 1286 1398 1361 prophetis
1418 1284 1599 1337 dicere
1625 1279 1986 1336 testimonium
2016 1295 2027 1329 :
2061 1276 2174 1331 lloc

599 1370 682 1452 est
738 1395 1112 1448 testamentum
1188 1379 1329 1450 quod
1394 1375 1630 1444 disposui
1690 1371 1928 1441 patribus
1981 1370 2174 1423 vestris

605 1489 738 1559 (Act.
802 1484 856 1537 5.
885 1478 975 1547 25)
1005 1494 1020 1531 :
1050 1473 1259 1529 interim
1314 1476 1491 1521 autem
1538 1472 1735 1533 pugnat
1760 1478 1823 1516 ex
1852 1459 2170 1516 sacerdotio.

600 1551 667 1631 Et
694 1575 809 1629 vide
837 1584 993 1641 quam
1034 1572 1241 1633 optaret
1266 1558 1319 1613 id
1369 1555 1541 1611 effari.
1582 1553 1741 1617 Dixit,
1771 1551 2062 1607 Secundum
2087 1567 2172 1603 or-

600 1670 768 1721 dinem
796 1655 1185 1717 Melchisedech.
1213 1651 1326 1706 Hoc
1347 1647 1505 1718 ejecit
1524 1644 1885 1717 sacerdotium
1914 1642 2173 1695 Aaronis:

600 1773 707 1813 non
736 1755 877 1809 enim
902 1750 1161 1808 dixisset,
1196 1739 1485 1796 Secundum
1512 1737 1740 1790 ordinem
1780 1732 2172 1795 Melchisedech,

599 1850 645 1903 si
694 1844 822 1900 illud
852 1850 996 1896 esset
1042 1836 1251 1890 melius.
1285 1832 1340 1886 Si
1368 1844 1495 1899 ergo
1522 1826 1880 1881 introductum
1909 1824 2005 1879 fuit
2034 1824 2173 1880 aliud

598 1934 975 1996 sacerdotium,
1001 1929 1228 1981 alterum
1253 1935 1464 1991 quoque
1482 1918 1717 1988 oportuit
1742 1930 1862 1971 esse
1893 1924 2177 1970 testamen-

600 2039 711 2083 tum
738 2044 751 2080 :
784 2035 955 2092 neque
996 2018 1139 2073 enim
1166 2015 1277 2068 fieri
1311 2019 1485 2081 potest
1514 2018 1572 2063 ut
1597 2008 1666 2063 sit
1694 2007 1947 2062 sacerdos
1971 2008 2173 2078 absque

602 2123 923 2176 testamento
960 2121 1013 2166 et
1040 2107 1248 2178 legibus
1287 2114 1341 2158 et
1366 2099 1686 2172 praeceptis;
1727 2114 1906 2169 neque
1953 2100 2176 2164 ut,a1io

600 2219 821 2281 accepto
847 2201 1147 2261 sacerdotio
1166 2241 1181 2267 ,
1209 2198 1300 2251 illo
1328 2204 1525 2250 utatur.
1577 2191 1778 2246 Deinde
1801 2230 1816 2258 ,
1846 2191 1987 2261 quod
2016 2192 2174 2261 objici

602 2310 849 2377 poterat,
880 2294 1150 2368 quomodo
1174 2289 1330 2344 fuerit
1353 2284 1606 2341 sacerdos
1629 2324 1643 2347 ,
1671 2284 1761 2352 qui
1801 2298 1908 2336 non
1933 2294 2045 2337 erat
2076 2283 2175 2337 Le-

600 2372 709 2452 vita
738 2412 752 2447 :
783 2393 903 2457 hoc,
927 2401 1049 2443 cum
1082 2398 1175 2454 per
1202 2379 1475 2449 superiora
1502 2375 1667 2430 veluti
1695 2373 1962 2443 quoddam
1991 2372 2177 2427 funda—

601 2496 838 2543 mentum
867 2481 1013 2550 prius
1034 2475 1250 2546 jecissct
1279 2510 1295 2534 ,
1319 2484 1388 2523 ne
1415 2466 1528 2521 vult
1555 2464 1771 2535 quidem
1801 2465 2012 2518 solvere
2037 2505 2051 2529 ,
2081 2463 2174 2518 sed

603 2588 873 2646 tamquam
903 2561 1362 2639 praetercurrcndo
1390 2558 1491 2612 hoc
1517 2555 1755 2610 inducit:
1789 2555 1948 2619 Dixi,
1984 2556 2173 2623 inquit,

603 2667 919 2723 translatum
948 2673 1071 2715 esse
1097 2651 1451 2710 sacerdotium
1479 2666 1491 2701 :
1522 2661 1649 2715 ergo
1676 2654 1730 2699 et
1774 2654 2172 2699 testamentum.

602 2754 896 2814 Transtulit
948 2758 1125 2803 autem
1174 2758 1279 2797 non
1328 2740 1501 2795 solum
1566 2735 1759 2799 modo,
1807 2748 1979 2803 neque
2046 2748 2179 2802 prm-

602 2853 793 2923 ceptis,
824 2844 919 2902 sed
951 2843 1111 2898 etiam
1143 2838 1284 2892 tribu
1311 2852 1325 2888 :
1355 2830 1635 2903 oportebat
1664 2829 1804 2882 enim
1827 2828 1984 2883 etiam
2014 2828 2174 2881 tribu.

527 2970 533 2976 -
601 2919 918 3013 Quomodo?
970 2935 1011 2989 Τ
1017 2933 1239 2988 ranslato
1288 2925 1598 2987 sacerdotio,
1650 2921 1840 2991 inquit.
1896 2919 2008 2975 lloe
2056 2927 2174 2985 est,

605 3012 730 3094 Ideo
759 3032 1067 3090 translatum
1110 3033 1193 3080 est
1221 3037 1250 3076 a
1288 3020 1425 3075 tribu
1452 3019 1503 3071 in
1535 3016 1729 3070 tribum
1760 3055 1773 3076 .
1802 3028 1833 3067 a
1862 3012 2176 3068 sacerdotali

606 3130 671 3199 ad
701 3124 932 3195 regalem
958 3160 973 3183 ,
994 3125 1062 3189 ut
1087 3115 1273 3171 eadem
1320 3117 1462 3165 esset
1490 3115 1546 3162 et
1570 3104 1761 3175 regalis
1792 3115 1845 3159 et
1873 3096 2177 3159 sacerdota-

602 3196 687 3277 lis.
740 3194 872 3269 Vide
919 3220 1098 3266 autem
1143 3197 1752 3275 mysterium:primum
1798 3194 2015 3264 quidem
2057 3204 2177 3250 erat

601 3308 830 3379 regalis,
859 3315 914 3360 et
955 3318 1095 3359 nunc
1127 3302 1261 3355 facta
1292 3309 1377 3355 est
1405 3296 1750 3352 sacerdotalis
1778 3310 1791 3346 :
1821 3293 1959 3347 sicut
2004 3292 2162 3346 etiam

596 3399 647 3452 in
679 3397 892 3450 Christo
918 3412 930 3447 :
964 3408 1084 3447 nam
1107 3405 1319 3459 semper
1342 3386 1553 3457 quidem
1582 3386 1680 3438 fuit
1709 3400 1804 3438 rex
1828 3425 1842 3449 ,
1888 3381 2059 3436 lactus
2084 3385 2168 3434 est

596 3498 771 3542 autem
799 3485 1083 3548 sacerdos,
1134 3480 1345 3551 quando
1392 3493 1606 3533 carnem
1636 3475 1909 3544 suscepit,
1954 3470 2170 3541 quando

542 3604 550 3615 ι
602 3576 923 3631 sacrificium
978 3572 1189 3627 obtulit.
1285 3568 1445 3623 Vides
1492 3563 1887 3620 mutationem?
1940 3562 2008 3616 Et
2050 3574 2171 3631 quae

600 3678 752 3724 erant
780 3664 1077 3735 objicienda
1097 3703 1114 3728 ,
1149 3662 1263 3716 haec
1284 3659 1535 3724 adducit,
1564 3665 1621 3710 ut
1648 3654 1949 3726 postulabat
1992 3666 2169 3707 rerum

598 3756 977 3828 consequentia
1006 3772 1020 3807 :
1064 3753 1133 3806 In
1186 3767 1284 3823 quo
1312 3751 1443 3805 enim
1465 3786 1483 3815 ,
1511 3747 1683 3817 inquit
1710 3786 1726 3812 ,
1761 3748 1868 3798 lucc
1898 3744 2133 3796 dicuntur
2156 3780 2173 3807 ,

598 3851 643 3904 is
667 3849 730 3903 de
754 3848 857 3901 alia
886 3845 1017 3899 tribu
1044 3853 1115 3897 est
1138 3884 1154 3909 ,
1200 3859 1228 3895 ε
1273 3856 1374 3911 qua
1416 3837 1590 3891 nullus
1638 3835 1790 3889 altari
1840 3844 2022 3902 prwsto
2054 3834 2173 3901 fuit.

604 3938 926 4009 Compertum
958 3944 1031 3990 est
1050 3935 1183 3988 enim
1211 3929 1439 3986 omnibus
1466 3927 1600 3998 quod
1625 3925 1877 3980 Dominus
1914 3934 2081 3977 noster
2117 3938 2179 3976 ea

604 4028 746 4081 Juda
789 4038 957 4080 ortum
1001 4023 1245 4089 duxerit,
1275 4036 1427 4091 quam
1475 4020 1528 4072 in
1578 4017 1761 4070 tribum
1808 4017 1871 4069 de
1898 4014 2179 4069 sacerdotio

606 4120 735 4172 nihil
768 4120 1004 4188 loquutus
1030 4125 1100 4168 est
1133 4113 1356 4183 Moyses.
1387 4110 1539 4178 Quod
1575 4117 1753 4163 autem
1784 4107 1881 4174 ait,
1916 4107 2022 4161 tale
2051 4104 2179 4174 quid

606 4219 730 4266 est:
779 4209 838 4264 Et
871 4221 970 4277 ego
1019 4219 1228 4275 quoque
1258 4203 1379 4257 dico
1419 4210 1473 4256 et
1512 4199 1624 4254 scio
1652 4197 1791 4268 quod
1821 4196 1952 4251 nihil
2001 4195 2183 4277 habuit

608 4301 892 4358 sacerdotii
928 4274 1051 4354 hinc
1073 4297 1274 4361 tribus,
1312 4306 1410 4347 nec
1459 4291 1597 4344 ullus
1622 4304 1687 4345 ex
1718 4303 1779 4342 ea
1823 4274 2177 4342 sacerdotium

532 4398 535 4403 ’
610 4396 851 4449 exercuit
896 4412 909 4447 :
954 4391 1097 4462 quod
1128 4392 1299 4460 ipsum
1368 4384 1647 4442 manifeste
1695 4380 1928 4440 ostendit
1974 4379 2175 4437 dictum

612 4488 763 4553 illud,
796 4485 985 4540 Nullus
1014 4484 1161 4537 altari
1192 4491 1372 4551 prwsto
1392 4481 1506 4550 fuit.
1532 4480 1627 4533 Est
1650 4479 1793 4533 enim
1805 4485 1986 4531 totum
2011 4487 2183 4530 trans-

612 4579 758 4634 latio.
810 4577 899 4631 Sic
938 4573 1294 4629 neecssarium
1342 4579 1457 4625 erat
1499 4571 1667 4638 legem
1720 4578 1773 4623 ct
1816 4576 1968 4621 vetus
2028 4575 2186 4620 testa-

612 4679 849 4725 mentum
896 4667 1213 4730 transferri,
1257 4663 1516 4733 siquidem
1545 4668 1599 4714 et
1639 4660 1748 4728 ipsa
1795 4659 1960 4715 tribus
1991 4666 2188 4711 mutata

613 4772 717 4819 est.
750 4759 905 4813 Vides
934 4767 993 4811 ut
1021 4757 1177 4810 aliam
1222 4753 1458 4808 ostendit
1502 4750 1852 4804 differentiam
1891 4764 2047 4817 quam
2074 4763 2191 4817 quae

616 4868 648 4904 a
688 4850 975 4904 mutatione
1024 4848 1190 4900 tribus
1233 4843 1469 4913 petitur?
1498 4841 1679 4910 Neque
1722 4854 1849 4893 vero
1879 4838 1999 4893 inde
2036 4839 2193 4892 dum-

620 4950 771 4994 taxat
818 4949 1015 5009 quanta
1063 4938 1132 4989 sit
1181 4934 1481 4988 difl‘ercntia
1538 4930 1865 4995 ostenditur,
1898 4929 1992 4984 sed
2039 4928 2196 4984 modo

620 5044 828 5101 quoque
856 5045 888 5082 a
939 5041 1182 5095 persona,
1210 5041 1238 5076 a
1267 5033 1584 5079 testamento
1607 5062 1622 5087 ,
1652 5036 1679 5074 a
1730 5022 1891 5077 modo
1914 5062 1930 5087 ,
1973 5020 2040 5074 ab
2081 5021 2198 5089 ipso

532 5136 537 5141 ‘
624 5134 767 5192 typo.
819 5120 905 5176 16.
952 5119 1049 5185 Qui
1090 5134 1189 5169 non
1217 5102 1493 5169 secundum
1539 5116 1697 5184 legem
1736 5114 1961 5167 mandati
2010 5128 2197 5166 carna-

625 5214 687 5267 lis
714 5218 878 5283 factus
908 5221 999 5273 est,
1028 5208 1117 5261 sed
1156 5206 1428 5259 secundum
1471 5206 1701 5257 virtutem
1750 5202 1865 5257 vitet
1891 5204 2195 5257 insolubilis.

695 5306 750 5358 “2.
793 5303 985 5357 Factus
1010 5309 1100 5361 est,
1150 5299 1320 5365 inquit
1358 5294 1630 5357 sacerdos,
1671 5295 1764 5348 sed
1794 5312 1894 5349 non
1921 5296 2198 5348 secundum

637 5376 795 5468 legem
825 5393 1046 5446 carnalis
1084 5387 1307 5440 mandati
1338 5402 1355 5439 :
1384 5387 1471 5439 lex
1499 5385 1638 5439 enim
1681 5385 1769 5437 illa
1798 5385 1849 5457 in
1881 5384 2060 5437 multis
2088 5393 2203 5438 erat

630 5506 737 5545 non
768 5485 1046 5557 legitima‘.
1082 5482 1146 5535 Et
1172 5487 1316 5534 recte
1356 5477 1565 5532 vocavit
1591 5475 1719 5529 illud
1746 5477 2052 5531 mandatum
2080 5491 2202 5531 car-

624 5606 637 5617 ’
694 5629 710 5659 ί
737 5624 809 5674 Ihi
836 5619 971 5672 Colb.
1011 5615 1179 5665 addit:
1206 5609 1329 5671 Quid
1367 5612 1453 5667 est,
1490 5604 1701 5674 carnalis
1737 5603 1996 5674 mandati?
2025 5606 2210 5674 Postea

631 5692 691 5739 iis
712 5668 901 5735 υἶῖιίάῶδ
929 5693 1038 5741 qna-
1063 5680 1113 5725 in
1148 5668 1291 5724 Edito
1323 5671 1608 5732 interposita
1628 5674 1767 5730 sunt,
1802 5668 1869 5718 ita
1900 5668 2061 5734 pergit.
2093 5668 2208 5718 ille:

635 5765 649 5801 t
674 5751 837 5799 erant.
857 5745 936 5792 ille
962 5751 1157 5791 carnem
1182 5750 1198 5797 ;
1225 5742 1325 5783 etc.

1283 268 1338 324 s.
1377 260 1649 322 toANNts
1684 250 2155 316 CthYSOSTOMI
2194 250 2503 305 ARCIIIEP.
2545 251 3076 312 CONSTAXHNOP.
3722 255 3804 313 to;

2277 357 2396 410 nale
2420 376 2429 408 :
2457 354 2635 409 omnia
2663 355 2807 408 enim
2833 368 2950 424 quae
2972 353 3236 409 statuebat
3256 357 3485 411 carnalia
3511 371 3668 415 erant.
3691 362 3796 420 Nam

2274 448 2471 512 dicere,
2504 445 2839 501 Circumcide
2863 460 3100 513 carnem,
3143 462 3280 515 ungc
3305 463 3538 513 carnem,
3568 450 3677 505 lava
3708 469 3799 509 car.

2274 555 2419 601 nem,
2451 537 2643 591 munda
2673 551 2911 601 carnem,
2941 536 3104 591 tonde
3131 552 3367 603 carnem,
3416 540 3568 611 alliga
3594 558 3793 616 carnem,

2276 632 2415 687 nutri
2443 644 2678 690 carnem,
2712 629 2878 682 otium
2908 628 2973 681 da
3000 627 3146 682 carni
3181 646 3194 682 :
3225 627 3342 683 huic
3382 644 3579 697 annon,
3625 650 3792 703 qua-so,

2276 726 2507 780 carnalia
2581 727 2744 780 sunt?
2796 725 2852 781 Si
2901 727 2981 780 vis
3033 727 3241 783 discere
3284 743 3403 799 qua:
3455 728 3589 784 bona
3641 733 3808 800 promi-

2276 816 2427 879 serit,
2471 813 2592 869 audi
2624 831 2640 870 :
2667 814 2849 887 Longa
2892 815 2997 870 vita
3066 818 3236 882 carni,
3283 818 3471 888 inquit,
3530 819 3610 874 lac
3653 829 3702 875 et
3728 823 3811 877 mel

2284 906 2447 972 carni,
2483 920 2581 975 pax
2614 905 2784 971 carni,
2840 906 3086 977 voluptas
3127 908 3295 962 carni.
3347 908 3428 962 Ab
3478 908 3575 964 hac
3612 910 3716 980 lege
3747 926 3813 966 sa-

2279 997 2568 1052 cerdotium
2598 1000 2803 1069 accepit
2844 999 3019 1053 Aaron
3052 1017 3063 1051 :
3096 999 3487 1056 Melchisedech
3519 1008 3685 1055 autem
3725 1018 3809 1057 non

2279 1089 2370 1143 ita.
2404 1088 2491 1142 15.
2529 1088 2596 1142 Ει
2621 1090 2844 1160 amplius
2878 1090 3047 1143 adhuc
3076 1091 3403 1161 manifestum
3440 1101 3532 1156 est,
3578 1093 3619 1145 si
3660 1110 3807 1147 secun-

2278 1180 2396 1232 dum
2422 1179 2806 1234 similitudinem
2836 1180 3214 1234 Melchisedech
3243 1191 3486 1251 exsurgat
3519 1183 3646 1234 alius
3680 1199 3813 1235 sacer-

2279 1269 2390 1324 dos.
2423 1268 2558 1337 Quid
2602 1280 2685 1325 est
2730 1270 3111 1324 manifestum?
3158 1269 3427 1337 Quantum
3474 1272 3680 1326 intersit
3707 1273 3814 1326 inter

2280 1372 2568 1431 utrumque
2612 1361 2973 1416 sacerdotium
2996 1401 3010 1425 ,
3039 1370 3093 1415 et
3118 1369 3315 1431 quanta
3342 1364 3411 1415 sit
3438 1361 3722 1416 diﬂercntia
3741 1402 3753 1426 ,
3774 1374 3813 1417 et

2277 1464 2475 1525 quanto
2515 1456 2850 1525 praestantior
2897 1455 2985 1523 qui
3036 1470 3141 1508 non
3200 1453 3373 1508 factus
3425 1462 3510 1508 est
3558 1454 3812 1507 secundum

2279 1546 2453 1616 legem
2474 1546 2709 1600 mandati
2738 1545 2993 1600 carnalis.
3019 1544 3190 1610 Quis?
3213 1545 3298 1599 hic
3319 1554 3400 1599 est
3424 1544 3815 1599 Melchisedech?

2277 1638 2418 1702 Non,
2448 1637 2541 1691 sed
2570 1636 2837 1690 Christus.
2866 1634 2972 1689 Sed
2997 1634 3274 1689 secundum
3306 1635 3543 1688 virtutem
3571 1634 3677 1687 vita:
3704 1634 3811 1686 inso-

2280 1728 2471 1784 lubilis.
2506 1728 2591 1782 l7.
2618 1726 2943 1781 Contestatur
2970 1727 3102 1781 enini
3135 1741 3152 1778 :
3181 1725 3262 1779 Tu
3292 1742 3343 1779 es
3369 1724 3607 1779 sacerdos
3630 1726 3677 1777 in
3700 1735 3813 1779 teter-

2279 1837 2421 1887 nnm,
2454 1820 2729 1875 secundum
2761 1818 2991 1872 ordinent
3023 1817 3420 1871 Melchisedech.
3455 1816 3568 1870 Hoc
3606 1826 3699 1880 est,
3737 1831 3817 1869 non

2278 1911 2344 1965 ad
2375 1920 2607 1980 tempus,
2637 1924 2809 1979 neque
2842 1909 3000 1962 finem
3028 1908 3258 1971 habens,
3282 1906 3401 1972 sed,
3440 1906 3722 1961 Secundum
3740 1908 3817 1960 eir-

2281 2014 2433 2056 ttttem
2462 2003 2580 2056 vita
2606 2000 2915 2055 insolubilis.
2950 1999 3058 2054 Hoc
3102 1997 3259 2063 dixit,
3309 2007 3366 2051 nt
3403 1998 3651 2051 ostendat
3684 1998 3815 2067 ipsum

2280 2095 2613 2151 sacerdotem
2646 2108 2763 2149 esse
2791 2094 2985 2147 factum
3019 2107 3113 2162 per
3133 2106 3283 2145 suam
3314 2100 3369 2145 ct
3396 2089 3571 2144 Patris
3590 2090 3816 2153 virtutem,

2282 2205 2375 2259 per
2406 2189 2565 2243 vitam
2598 2184 3047 2241 indissolubilem.
3092 2185 3250 2253 Atqui
3283 2198 3392 2237 non
3421 2191 3506 2237 est
3544 2182 3639 2237 hoc
3671 2197 3819 2237 conse—
3854 2176 3855 2179 “

2282 2295 2451 2352 quens
2478 2280 2527 2335 ei
2557 2279 2698 2350 quod
2729 2279 2928 2333 dictum
2974 2286 3078 2343 est,
3112 2276 3213 2343 Qui
3253 2292 3355 2329 non
3399 2278 3670 2328 secundum
3699 2277 3817 2345 legem

2282 2372 2510 2427 mandati
2552 2370 2772 2424 carnalis
2826 2370 2989 2439 factus
3032 2378 3100 2422 est
3132 2384 3149 2421 :
3179 2376 3295 2421 erat
3340 2367 3487 2420 enim
3529 2380 3817 2434 consequens

2284 2463 2485 2526 dicere,
2518 2460 2625 2515 Sed
2657 2458 2889 2513 mandati
2926 2456 3238 2527 spiritualis.
3273 2455 3379 2511 Sed
3413 2470 3513 2526 per
3540 2455 3819 2510 carnaleos—

2286 2553 2456 2610 tendit
2482 2552 2778 2621 temporale
2806 2567 2820 2604 :
2851 2551 2989 2603 sicut
3025 2542 3186 2603 etiam
3217 2549 3348 2603 dicit
3391 2548 3543 2613 alibi,
3586 2547 3746 2616 Usque
3772 2546 3820 2599 ad

2287 2655 2499 2715 tempus
2547 2642 2901 2698 correctionis
2946 2641 3225 2710 impositas
3287 2640 3433 2707 leges
3478 2637 3823 2707 jnstificationis

2285 2739 2463 2794 carnis
2499 2736 2793 2793 secundum
2828 2735 3081 2787 virtutem
3113 2732 3236 2785 vitae
3267 2748 3281 2783 :
3312 2731 3414 2785 hoc
3450 2739 3554 2796 est,
3582 2731 3699 2783 vivit
3730 2743 3821 2797 pro-

2289 2832 2405 2903 pria
2435 2831 2651 2885 virtute.
2681 2828 2825 2883 Dixit
2851 2826 2965 2882 fieri
2987 2825 3119 2895 legis
3146 2824 3583 2885 translationem,
3613 2831 3662 2876 et
3687 2829 3824 2875 osten-

2288 2922 2367 2978 dit
2405 2919 2676 2991 quomodo
2725 2936 2738 2971 :
2776 2918 2887 2987 jam
2930 2916 3122 2986 quaerit
3160 2929 3376 2969 causam
3410 2930 3423 2968 :
3458 2912 3599 2983 quod
3641 2914 3824 2966 maxime

2287 3011 2525 3067 omnium
2566 3009 2827 3064 satisfacit
2864 3008 3058 3061 animis
3099 3006 3395 3070 hominum,
3430 3019 3626 3075 nempe
3652 3006 3824 3057 omnino

2289 3117 2503 3161 causam
2526 3102 2686 3167 scire,
2714 3109 2769 3155 et
2796 3099 2965 3168 magis
3001 3096 3125 3152 facit
3156 3096 3337 3161 ﬁdem,
3371 3095 3591 3165 quando
3625 3094 3824 3149 didiceri-

2293 3210 2414 3251 mus
2436 3207 2654 3250 causam
2685 3200 2741 3247 et
2776 3191 3036 3245 rationem
3072 3204 3167 3258 per
3208 3202 3367 3257 quam
3410 3187 3496 3241 fit.
3544 3187 3629 3241 18.
3670 3185 3823 3256 Ιίρρτοο

2290 3289 2425 3344 batio
2450 3286 2651 3356 quidem
2682 3284 2740 3353 ﬁt
2781 3282 3107 3350 prtvcedcntis
3151 3278 3383 3333 mandati
3423 3289 3629 3348 propter
3655 3277 3823 3344 inﬁrmi-

2292 3389 2445 3433 tatem
2490 3377 2602 3447 ejus
2640 3384 2687 3428 ει
2720 3373 3067 3426 inutilitatem.
3114 3369 3209 3424 llic
3259 3370 3544 3439 insurgunt
3592 3367 3803 3421 haeretici‘

2295 3470 2557 3544 [dicentes
2582 3484 2594 3519 :
2621 3467 2759 3520 Ecce
2790 3464 2986 3518 Paulus
3016 3462 3211 3517 malum
3232 3461 3357 3515 dicit
3388 3460 3724 3529 mandatum].
3745 3458 3821 3513 Sed

2289 3562 2505 3616 attende
2539 3561 2825 3630 diligenter
2857 3577 2869 3612 :
2904 3574 3008 3613 non
3048 3558 3183 3613 dixit
3225 3558 3366 3628 quod
3415 3559 3487 3612 sit
3530 3556 3751 3611 vitiosum
3779 3561 3817 3607 et

2286 3670 2527 3723 pravum,
2555 3653 2674 3719 sed,
2704 3652 2926 3722 Propter
2951 3652 3294 3719 infirmitatem
3320 3652 3433 3721 ejus
3460 3660 3505 3705 et
3526 3650 3818 3703 inutilitatem.

2288 3744 2425 3798 Alibi
2456 3758 2668 3814 quoque
2693 3743 2928 3797 ostendit
2950 3742 3067 3811 ejus
3096 3741 3538 3805 imbecillitatem,
3567 3737 3812 3809 utquando

2287 3836 2435 3900 dicit,
2466 3835 2531 3889 In
2556 3852 2655 3906 quo
2691 3835 3047 3903 inﬁnnabatur
3080 3850 3171 3904 per
3196 3850 3421 3888 carnem.
3469 3832 3584 3888 Non
3618 3841 3695 3887 est
3725 3845 3823 3898 ergo

2289 3927 2404 3981 haec
2433 3927 2730 3990 imbecillis,
2764 3926 2858 3981 sed
2890 3941 3008 3981 nos.
3041 3925 3128 3980 l9.
3160 3924 3311 3978 Nihil
3342 3924 3481 3978 enim
3509 3924 3577 3978 ad
3601 3922 3823 3994 perfectum

2289 4019 2501 4072 adduxit
2538 4018 2638 4075 lex.
2677 4017 2814 4084 Quid
2859 4025 2963 4084 est,
3014 4016 3164 4070 Nihil
3192 4015 3263 4070 ad
3302 4016 3582 4085 perfectum
3613 4008 3822 4067 adduxit?

2290 4109 2569 4164 Neminem
2615 4108 2739 4163 fecit
2781 4106 3072 4177 perfectum
3118 4122 3240 4162 cum
3286 4110 3336 4160 ei
3368 4119 3478 4160 non
3523 4105 3821 4159 obedirenu:

2290 4216 2608 4271 quamquam
2635 4215 2733 4254 nec
2760 4199 2803 4253 si
2832 4200 3009 4253 audita
3035 4208 3202 4265 esset,
3231 4197 3527 4268 perfectum
3554 4194 3824 4251 reddidisset

2292 4304 2346 4347 et
2373 4293 2568 4347 virtute
2597 4290 2902 4361 prinditum.
2946 4290 3159 4345 Interim
3200 4298 3381 4344 autem
3427 4304 3534 4343 nou
3576 4288 3670 4341 hoc
3701 4284 3817 4342 dicit,

2292 4384 2385 4439 sed
2437 4383 2579 4453 quod
2623 4383 2728 4436 vim
2767 4396 2872 4435 non
2913 4381 3197 4445 habuerit;
3257 4389 3311 4435 et
3349 4381 3583 4434 merito:
3615 4378 3678 4432 ita
3719 4374 3825 4428 enim

2293 4477 2410 4531 siue
2432 4483 2585 4530 erant
2615 4475 2784 4529 litera:
2817 4492 2830 4529 :
2865 4473 2978 4528 lloc
3027 4473 3128 4538 lac,
3159 4482 3213 4527 et
3242 4471 3371 4526 illud
3412 4488 3519 4527 non
3560 4471 3639 4525 fac
3662 4487 3675 4522 :
3698 4466 3825 4522 solum

2295 4576 2675 4637 proponentes,
2699 4579 2805 4621 non
2837 4566 2998 4621 etiam
3014 4565 3118 4620 vim
3141 4574 3195 4620 et
3234 4573 3559 4635 potestatem
3580 4563 3825 4619 alferenleS-

2296 4658 2436 4728 Spes
2467 4667 2646 4719 autem
2677 4673 2783 4712 non
2810 4666 2894 4713 est
2921 4655 3206 4726 ejusmodi.
3250 4656 3388 4722 Quid
3417 4664 3505 4711 est
3533 4647 3827 4725 reprobatio?

2299 4753 2523 4825 Ejectio.
2556 4750 2831 4822 [Qumnam
2878 4756 3055 4802 autem
3106 4746 3222 4801 haec
3247 4747 3317 4801 sit
3356 4747 3645 4801 ostendens
3670 4739 3821 4799 iutttlit,
3850 4734 3851 4737 “

2304 4844 2644 4899 Praecedentis
2664 4842 2889 4895 ntandati
2911 4841 2942 4893 ?
2960 4838 3047 4895 Sic
3075 4840 3245 4908 legem
3276 4852 3500 4903 vocans,
3524 4837 3639 4906 quia
3661 4839 3828 4904 propter

2302 4936 2662 4992 infirmitatem
2684 4946 2833 4991 suam
2874 4931 3045 5001 ejecta
3072 4938 3190 4995 est;
3220 4928 3349 4990 illud
3374 4936 3551 4983 autem
3579 4922 3829 4997 praecedens

2301 5035 2457 5083 vocat
2479 5026 2620 5096 quod
2646 5024 2805 5079 desiit
2829 5032 2884 5078 et
2910 5030 3128 5093 propter
3146 5021 3509 5077 inﬁrmitatem
3553 5019 3827 5086 antiquatum

2303 5117 2431 5189 est.]
2459 5115 2780 5185 Reprobatio
2819 5122 2902 5169 est
2927 5113 3203 5183 abrogatio
3227 5119 3282 5167 et
3308 5111 3507 5166 deletio
3546 5123 3712 5163 eorum
3746 5114 3830 5172 quc

2303 5188 2428 5265 vim,
2464 5206 2733 5261 habebant
2780 5214 2835 5260 et
2878 5204 3151 5260 valebant.
3209 5202 3346 5259 Hinc
3412 5200 3696 5257 ostenditur
3727 5188 3829 5263 quod

2307 5300 2414 5354 vim
2441 5297 2645 5363 habuit,
2668 5304 2724 5351 et
2765 5294 2949 5360 valuit,
2976 5293 3070 5350 Sed
3097 5293 3195 5348 luit
3221 5293 3403 5348 habita
3433 5288 3708 5361 despectui,
3734 5294 3831 5353 quo-

2310 5390 2453 5445 niam
2488 5387 2619 5441 nihil
2640 5385 2838 5441 ell'ecit.
2859 5384 3003 5439 Nihil
3025 5398 3156 5454 ergo
3180 5383 3263 5439 lex
3287 5382 3485 5453 proluit
3506 5384 3529 5435 ἲ
3553 5378 3732 5437 Profuit
3749 5370 3831 5439 qui-

2311 5482 2457 5547 dem,
2503 5489 2558 5535 et
2584 5478 2735 5533 valde
2785 5476 2999 5547 profuit,
3055 5475 3149 5531 sed
3179 5476 3245 5530 ad
3276 5474 3601 5531 reddendum
3628 5465 3829 5541 perfectos

2319 5573 2450 5629 nihil
2474 5571 2693 5642 proluit.
2720 5569 2828 5624 Lex
2850 5568 2991 5623 enim
3021 5567 3150 5622 nihil
3173 5566 3405 5623 reddidit
3435 5564 3725 5634 perfectum.

2384 5677 2401 5707 ι
2430 5674 2548 5732 Quae
2569 5670 2759 5732 uncinis
2782 5666 2942 5732 clausa
2975 5672 3089 5732 sunt
3110 5676 3206 5732 non
3244 5662 3471 5732 leguntur
3506 5662 3552 5707 in
3583 5656 3727 5732 (Eolla;
3753 5660 3828 5712 qui?

2322 5716 2829 5794 atttei‘nwliicﬁprouime
2852 5727 3112 5777 clausimus
3132 5716 3321 5775 desuut'
3336 5724 3383 5771 in
3406 5716 3674 5771 Commolio.
