4002 6426
202 423 307 477 105

277 530 640 597 Οἰνειωιιεὶδὶοι,
684 533 957 602 sacriﬁcia,
1000 536 1259 591 sabbatum
1308 541 1486 595 umbra
1533 555 1769 599 erant.—

202 620 334 675 ldeo
364 622 513 689 dicit,
543 622 694 677 Nihil
722 624 805 679 lex
829 628 1036 697 perfecit
1062 644 1080 681 :
1109 630 1285 683 omnia
1308 632 1451 686 enim
1477 643 1627 688 erant
1654 637 1787 707 typi,

199 712 386 766 omnia
429 714 638 780 umbra,
679 714 1039 783 circumcisio,
1093 720 1435 790 sacriﬁcium,
1485 725 1786 793 sabbatum,

199 819 276 872 qu
296 822 325 857 e
356 819 461 857 non
491 815 774 873 potuerunt
797 807 863 861 ad
884 808 1115 864 animam
1142 811 1435 879 pervadere
1460 832 1473 868 :
1503 825 1786 886 propterea

202 893 405 948 cedunt
434 905 490 951 et
517 896 835 980 abscedunt.
886 899 1210 957 lntroductio
1253 920 1369 959 vero
1399 908 1623 964 melioris
1658 913 1785 982 spei,

201 1002 300 1054 per
318 1002 468 1055 quam
499 988 842 1055 proximamus
868 990 936 1042 ad
974 989 1142 1045 Deum
1178 1010 1196 1047 :
1226 994 1316 1049 20.
1351 1006 1399 1049 et
1435 1010 1681 1066 quantum
1720 1012 1792 1057 est

202 1091 313 1143 non
338 1076 446 1128 sine
460 1076 823 1146 jurejurando.
856 1080 1017 1137 Vides
1040 1083 1182 1152 quod
1215 1084 1300 1139 hic
1330 1088 1488 1142 fuerit
1510 1089 1788 1158 juramcn-

204 1180 321 1222 tum
366 1170 772 1224 necessarium?
800 1172 1155 1240 Quamobrem
1196 1180 1444 1247 superius
1482 1189 1588 1237 tam
1630 1185 1792 1240 multa

205 1269 295 1314 est
322 1260 751 1331 philosophatus,
780 1265 922 1332 quod
954 1266 1094 1321 Deus
1116 1268 1398 1336 juraverit,
1443 1283 1497 1327 et
1533 1274 1792 1343 juraverit

207 1360 272 1405 ut
298 1362 435 1407 esset
469 1354 665 1407 certior
689 1363 743 1408 et
772 1356 978 1423 plenior
1003 1361 1301 1427 persuasio.
1333 1361 1655 1419 Introductio
1695 1386 1792 1420 au-

208 1456 315 1501 tem
357 1446 577 1501 melioris
621 1449 751 1517 spei.
786 1448 926 1513 Quid
955 1450 1058 1505 hoc
1101 1450 1227 1505 est?
1255 1449 1371 1505 Lex
1402 1463 1615 1519 quoque
1643 1463 1792 1519 spem

213 1539 468 1603 nubebat,
507 1541 602 1596 sed
649 1558 756 1596 non
799 1541 960 1599 talem
1000 1561 1013 1598 :
1060 1543 1348 1614 sperabant
1395 1543 1558 1609 enim,
1601 1544 1645 1597 si
1687 1545 1795 1598 Deo

209 1633 566 1701 placuissent,
596 1648 656 1689 se
684 1631 879 1689 terram
908 1635 1205 1703 habituros,
1241 1644 1296 1691 et
1322 1636 1453 1690 nihil
1481 1650 1643 1706 grave
1670 1650 1793 1705 pas-

206 1740 392 1779 suros.
418 1725 512 1779 llic
538 1735 718 1780 autem
751 1743 1048 1796 speramus,
1078 1728 1124 1781 si
1152 1728 1261 1783 Deo
1292 1729 1671 1798 placuerimus,
1696 1744 1792 1784 nos

206 1831 317 1871 non
351 1828 552 1870 terram
582 1832 945 1886 possessuros,
979 1819 1074 1874 sed
1114 1821 1338 1885 castum;
1372 1821 1502 1888 imo,
1541 1822 1681 1891 quod
1712 1831 1793 1877 est

207 1908 312 1960 hoc
341 1907 509 1960 multo
528 1910 886 1976 praestantius,
910 1924 1189 1979 speramus
1216 1910 1332 1966 fore
1356 1921 1412 1965 ut
1438 1913 1605 1966 simus
1626 1926 1791 1982 prope

208 1998 401 2062 Deum,
428 1997 493 2051 ad
527 2000 697 2066 ipsam
725 1999 911 2054 sedem
953 2002 1229 2055 veniamus
1261 2012 1557 2070 paternam,
1598 2003 1645 2057 ci
1695 2004 1784 2057 mi-

206 2091 481 2143 nistratnri
532 2104 655 2144 cum
692 2093 916 2162 angelis.
966 2094 1031 2147 Et
1078 2094 1198 2150 vide
1227 2095 1496 2164 quomodo
1537 2111 1598 2150 ea
1644 2098 1793 2166 ponit

213 2180 481 2251 paulatim.
518 2180 648 2236 Nam
686 2181 794 2233 illic.
832 2182 1047 2255 quidem
1080 2183 1228 2252 dicit,
1275 2183 1602 2258 lngrcdimur
1636 2202 1789 2258 usque

212 2273 278 2325 ad
310 2274 548 2327 interiora
590 2276 883 2339 velaminis;
915 2275 1000 2331 hic
1042 2289 1246 2343 autem,
1302 2279 1401 2331 l’er
1427 2295 1580 2350 quant
1614 2280 1791 2345 proxi-

207 2382 399 2419 mamus
420 2367 487 2436 ad
516 2366 678 2420 Deum
701 2382 720 2421 :
740 2378 785 2421 et
809 2378 1053 2438 quantum
1073 2377 1146 2424 est
1168 2387 1269 2424 non
1295 2372 1404 2425 siue
1419 2373 1783 2443 jurejurando.

200 2458 335 2523 Quid
364 2468 465 2525 est,
496 2458 561 2512 Et
588 2472 835 2528 quantum
870 2474 962 2529 est,
1006 2478 1108 2515 non
1137 2463 1246 2517 sine
1259 2463 1603 2533 jurejurando
1625 2466 1650 2519 ?
1675 2466 1788 2521 Hoc

197 2559 302 2613 est,
335 2550 450 2604 Non
476 2552 593 2605 sine
615 2551 943 2621 juramento.
971 2552 1112 2607 Ecce
1131 2553 1234 2607 alia
1260 2552 1580 2609 dill'ereutia.
1606 2554 1787 2626 Neque

198 2640 317 2695 ba-c
344 2642 463 2695 sine
503 2656 661 2696 causa
702 2652 829 2695 sunt
866 2643 1148 2711 promissa,
1198 2644 1388 2713 inquit.
1432 2643 1536 2697 Alii
1579 2646 1781 2715 quidem

197 2733 311 2786 sine
328 2732 666 2803 jurejurando
687 2734 972 2788 sacerdotes
1011 2735 1137 2802 facti
1176 2744 1330 2798 sunt;
1373 2734 1467 2789 21.
1507 2736 1590 2789 hic
1615 2745 1785 2791 autem

198 2840 289 2891 per
308 2824 676 2894 jusjurandum
707 2841 796 2895 per
821 2841 934 2879 eum
963 2826 1049 2895 qui
1085 2824 1217 2879 dixit
1256 2826 1324 2879 ad
1356 2826 1504 2879 illum
1535 2841 1553 2879 .'
1576 2824 1782 2880 Iuravit

198 2912 453 2967 Dominus
498 2924 544 2967 el
594 2930 693 2967 non
729 2915 985 2983 paenitebit
1028 2932 1141 2969 eum
1186 2931 1205 2969 :
1238 2915 1319 2969 Tu
1354 2931 1406 2969 es
1448 2916 1685 2971 sacerdos
1730 2918 1784 2972 in

196 3016 444 3057 internum
472 3004 752 3058 secundant
782 3005 1009 3059 ordinem
1038 3004 1431 3064 Melchisedech.
1457 3006 1549 3061 22.
1574 3006 1641 3062 In
1664 3018 1781 3063 tan-

196 3106 304 3147 tum
346 3097 569 3153 melioris
596 3099 881 3152 testamenti
917 3115 1132 3168 sponsor
1157 3100 1324 3170 factus
1368 3110 1440 3155 est
1484 3100 1656 3155 Jesus.
1686 3101 1777 3155 25.

196 3186 264 3239 Et
317 3187 410 3241 alii
451 3190 653 3257 quidem
699 3189 872 3259 plures
916 3193 1039 3261 facti
1083 3202 1199 3244 sunt
1244 3191 1548 3257 sacerdotes,
1591 3191 1783 3247 idcirco

193 3280 331 3345 quod
370 3291 531 3334 morte
577 3281 958 3350 prohiberentur
994 3298 1289 3353 permanere
1326 3297 1346 3336 :
1379 3281 1471 3337 24.
1503 3282 1586 3336 hic
1613 3292 1782 3337 autem

192 3386 250 3423 eo
277 3370 419 3439 quod
446 3380 645 3425 maneat
672 3371 725 3424 in
751 3381 1015 3437 internum,
1039 3373 1405 3443 sempiternum
1443 3372 1591 3427 habet
1612 3389 1782 3429 sacer-

188 3457 411 3515 dotium.
464 3460 608 3515 Duas
648 3461 801 3533 ponit
843 3460 1197 3529 diderentias,
1242 3462 1386 3534 quod
1430 3479 1539 3519 non
1583 3463 1781 3521 habeat

190 3552 353 3607 tinem
379 3550 520 3606 sicut
547 3552 735 3623 legale,
758 3562 814 3608 et
834 3554 977 3623 quod
1006 3569 1126 3608 cum
1150 3554 1480 3625 iuramento.
1512 3555 1569 3611 Id
1600 3567 1777 3613 autem

189 3641 373 3698 tacita
399 3642 639 3707 Christo,
661 3645 753 3714 qui
778 3659 845 3700 eo
875 3646 1114 3716 fungitur
1147 3663 1162 3700 :
1193 3660 1317 3700 nam
1353 3645 1647 3702 Secundum
1676 3647 1779 3702 vir-

190 3744 372 3801 tutem,
403 3735 594 3804 inquit,
625 3736 743 3789 vitm
766 3736 1145 3791 indissolubilis.
1167 3735 1223 3790 ld
1253 3736 1377 3791 facit
1394 3736 1555 3792 etiam
1578 3751 1609 3791 a
1630 3737 1795 3809 jucar

187 3835 372 3881 mento
393 3826 534 3897 quod
555 3826 772 3896 juravit,
813 3836 868 3883 et
886 3842 915 3881 a
944 3843 1004 3883 re
1032 3830 1144 3898 ipsa
1177 3845 1191 3882 :
1220 3828 1502 3898 siquidem,
1525 3820 1777 3900 quoniam

185 3928 307 3972 erat
347 3916 670 3973 imbecillum
695 3958 711 3984 ,
752 3918 880 3972 illud
923 3917 1150 3989 ejectum
1177 3929 1261 3974 est
1294 3937 1307 3974 :
1337 3918 1437 3975 hoc
1468 3932 1647 3976 autem
1674 3928 1780 3976 stat

185 4018 243 4067 et
316 4019 526 4075 manet,
572 4009 824 4080 quoniam
863 4018 945 4064 est
1013 4019 1205 4080 potens
1251 4018 1307 4067 et
1362 4010 1620 4068 validum.
1670 4012 1777 4069 Fa-

184 4102 261 4155 cit
313 4100 545 4171 denique
586 4115 651 4155 ex
713 4100 1010 4155 sacerdote.
1059 4100 1375 4168 Quomodo?
1413 4104 1666 4173 quoniam
1696 4114 1779 4161 est

184 4206 328 4245 unus
360 4210 375 4245 :
406 4200 461 4245 et
486 4206 591 4246 non
621 4200 767 4247 esset
795 4205 930 4246 unus
951 4190 1054 4246 nisi
1085 4193 1423 4249 immortalis.
1451 4196 1601 4251 Sicut
1628 4198 1774 4251 enim

184 4286 342 4338 multi
382 4292 509 4337 sunt
554 4282 865 4339 sacerdotes
914 4298 982 4338 eo
1021 4283 1164 4353 quod
1210 4285 1317 4339 sint
1372 4288 1625 4340 mortales
1660 4306 1671 4341 :
1702 4287 1775 4341 ita

183 4393 327 4429 nntis
367 4385 451 4429 est
492 4391 649 4439 unus,
693 4375 834 4444 quod
877 4376 948 4430 sit
985 4376 1318 4430 immortalis.
1361 4376 1521 4429 Tanto
1552 4377 1773 4432 melioris

180 4462 475 4517 testamenti
513 4477 727 4530 sponsor
779 4467 944 4535 factus
993 4473 1066 4519 est
1116 4464 1287 4532 Iesus,
1331 4467 1470 4536 quod
1506 4466 1769 4537 juraverit

175 4566 304 4605 cum
336 4566 553 4620 semper
583 4551 819 4607 futurum
847 4554 1203 4619 sacerdotem,
1238 4570 1341 4609 non
1369 4557 1470 4611 hoc
1506 4554 1764 4621 facturus,

175 4643 220 4695 si
247 4659 356 4695 non
389 4652 532 4696 esset
559 4641 730 4698 vivus.
757 4642 848 4698 25.
893 4642 1039 4698 Unde
1066 4654 1112 4701 et
1147 4646 1344 4699 salvare
1384 4646 1438 4699 iu
1466 4657 1763 4717 perpetuum

175 4742 341 4804 potest
386 4733 679 4786 accedentes
722 4749 810 4803 per
854 4735 1174 4797 semetipsum
1210 4734 1278 4789 ad
1324 4733 1484 4787 Deum
1506 4774 1521 4799 ,
1565 4750 1764 4803 semper

170 4822 346 4876 vivens
370 4824 439 4875 ad
466 4823 892 4892 interpellandum
918 4840 1009 4893 pro
1036 4826 1177 4895 ipsis.

242 4911 301 4966 5.
320 4911 484 4966 Vides
503 4914 642 4982 quod
664 4912 765 4968 hoc
788 4913 938 4979 dicit,
966 4912 1020 4967 id
1040 4924 1290 4983 spectans
1315 4913 1457 4984 quod
1478 4916 1667 4971 attinet
1692 4917 1759 4971 ad

168 5003 439 5058 carnem?
464 5004 685 5069 Quando
715 5019 838 5059 eum
867 5005 1197 5060 sacerdotem
1216 5005 1472 5073 ostendit,
1507 5015 1632 5062 tunc
1658 5024 1759 5078 op-

171 5105 407 5164 portune
430 5096 559 5151 dicit
582 5095 733 5161 illud,
757 5096 1116 5166 interpellare.
1134 5094 1313 5165 Itaque
1332 5112 1452 5153 cum
1480 5099 1606 5153 dicit
1622 5101 1753 5152 Pau-

166 5186 253 5241 lus
284 5188 463 5257 ipsum
490 5187 827 5258 interpellare
855 5202 952 5258 pro
982 5187 1154 5252 nobis,
1173 5187 1473 5242 subindicat
1498 5192 1669 5257 ipsum
1698 5201 1754 5244 ut

165 5276 576 5337 sacerdotemid
590 5276 787 5335 facere.
803 5279 937 5344 Nam
951 5282 1045 5349 qui
1060 5288 1116 5334 ut
1134 5281 1240 5334 vult
1255 5281 1474 5336 suscitat
1491 5291 1749 5348 mortuos,

163 5381 221 5431 et
237 5370 474 5425 viviﬁcat
494 5380 552 5424 ut
569 5370 744 5437 Pater,
762 5371 1030 5441 quomodo
1056 5372 1141 5426 ubi
1168 5380 1379 5441 oportet
1401 5386 1636 5439 servare,
1666 5373 1745 5426 ἱυ⁴

164 5459 460 5529 terpellat?
484 5460 573 5529 qui
600 5476 758 5514 omne
785 5460 943 5515 habet
961 5461 1238 5530 judicium,
1282 5462 1549 5530 quomodo
1577 5466 1738 5518 inter-

161 5551 456 5620 ceditiqui
475 5552 634 5604 mittit
668 5551 901 5621 angelos,
933 5564 989 5606 ut
1016 5551 1147 5606 alios
1178 5552 1388 5621 quidem
1428 5554 1664 5623 injiciaut
1698 5557 1747 5609 in

159 5642 461 5711 hariiacem,
478 5644 614 5698 alios
632 5654 804 5698 autem
822 5655 1054 5711 servent,
1074 5645 1340 5714 quomodo
1388 5648 1695 5718 interpellat
1716 5653 1737 5703 ?

165 5735 338 5797 Unde,
373 5735 570 5803 inquit,
594 5744 637 5788 et
660 5744 817 5804 potest
847 5737 1057 5791 salvare.
1086 5736 1370 5806 Propterea
1403 5754 1527 5808 ergo
1546 5752 1741 5807 servat,

154 5827 419 5904 quoniam
445 5842 549 5882 non
570 5826 806 5883 moritur.
826 5827 1083 5896 Quoniam
1106 5843 1212 5885 non
1234 5830 1453 5887 moritur
1466 5840 1517 5885 ct
1536 5846 1745 5903 semper

969 437 1040 494 IN
1076 438 1286 494 EPIST.
1330 438 1421 493 AD
1464 438 1828 499 llEBlhEOS.
1868 441 2023 500 CAP.
2066 443 2178 500 VII.
2222 447 2594 505 llOMIL.XIll.

3358 454 3463 509 lilii

1906 546 2050 611 vivit,
2084 562 2188 602 non
2219 548 2396 612 habet,
2425 549 2613 618 inquit,
2645 564 3006 606 successorem
3037 570 3048 605 :
3077 553 3121 607 si
3151 563 3327 609 autem
3364 572 3467 612 non

1905 636 2063 691 habet
2106 652 2502 706 successorem,
2535 634 2714 710 potest
2752 644 2911 697 etiam
2940 659 3126 699 omnes
3152 645 3463 703 defendere.

1902 725 2030 780 Nam
2060 726 2148 781 hic
2175 729 2387 798 quidem
2416 731 2654 799 pontifex
2682 773 2697 798 ,
2724 733 2931 789 etiamsi
2972 734 3297 793 admirabilis
3318 780 3333 805 ,
3360 749 3477 794 erat

1902 834 2066 889 usque
2093 821 2159 876 ad
2186 820 2317 876 illud
2352 831 2558 892 tempus
2581 824 2632 877 in
2662 839 2766 893 quo
2780 833 2914 892 erat,
2937 835 2993 882 ut
3020 827 3253 894 Samuel,
3280 839 3334 885 et
3353 833 3473 901 qui-

1899 927 2127 983 cumque
2173 923 2326 970 erant
2369 914 2706 984 bujusmodi,
2739 924 2919 985 postea
2960 927 3138 974 autem
3178 935 3285 976 non
3317 932 3475 977 erant

1898 1004 2161 1073 amplius;
2189 1006 2384 1061 mortui
2433 1007 2575 1061 enim
2606 1006 2814 1060 fuerant
2845 1024 2857 1060 :
2892 1007 2977 1063 hic
3005 1018 3183 1065 autem
3218 1027 3322 1067 non
3352 1014 3429 1069 sic
3454 1056 3470 1081 ,

1896 1094 1990 1147 sed
2019 1103 2201 1150 servat
2232 1094 2288 1149 in
2332 1104 2669 1166 perpetuum.
2701 1096 2837 1164 Quid
2865 1106 2948 1152 est
2970 1138 2986 1165 ,
3033 1098 3097 1155 In
3125 1111 3418 1171 perpetuum
3440 1106 3467 1159 ?

1896 1183 2076 1238 Tacite
2102 1184 2364 1255 signiﬁcat
2393 1186 2604 1255 aliquod
2637 1188 2967 1256 mysterium.
3001 1189 3113 1244 Non
3140 1191 3224 1247 hic
3252 1194 3424 1248 solum
3446 1237 3460 1260 ,

1895 1275 2065 1345 inquit
2088 1316 2103 1340 ,
2133 1275 2229 1331 sed
2260 1276 2367 1330 illic
2393 1290 2604 1345 quoque
2632 1292 2726 1331 eos
2754 1287 2933 1332 servat
2961 1280 3048 1347 qui
3075 1296 3168 1348 per
3200 1282 3369 1349 ipsum
3401 1286 3467 1339 ad

1896 1366 2059 1422 Deum
2086 1367 2366 1423 accedunt.
2397 1367 2674 1434 Quomodo
2702 1377 2876 1422 servat
2905 1369 2926 1421 ?
2958 1370 3169 1441 Semper
3198 1374 3362 1427 vivens
3401 1380 3469 1430 ad

1894 1458 2313 1527 interpellandum
2354 1474 2446 1526 pro
2496 1458 2647 1527 ipsis.
2680 1458 2866 1527 inquit.
2904 1459 3060 1515 Vides
3114 1460 3465 1521 humilitatem

1893 1548 2188 1604 secundum
2256 1548 2542 1602 humanam
2603 1550 2895 1604 naturam?
2937 1566 3041 1605 non
3086 1553 3228 1608 enim
3298 1556 3469 1625 ipsum

1891 1642 2057 1697 semel
2117 1640 2529 1696 intercedentem
2591 1640 2693 1695 hoc
2752 1654 3095 1713 assequutum
3150 1661 3268 1704 esse
3319 1650 3467 1717 dicit,
3558 1722 3559 1725 η

1890 1732 1983 1786 sed
2036 1745 2282 1800 semper,
2324 1739 2378 1785 et
2414 1729 2626 1800 quando
2654 1746 2788 1799 opus
2815 1730 3013 1799 fuerit,
3060 1749 3157 1804 pro
3182 1738 3260 1792 eis
3302 1739 3468 1794 inter-

1890 1822 2122 1892 pellare:
2157 1821 2259 1877 hoc
2309 1822 2450 1876 enim
2498 1821 2789 1891 signiﬁcat,
2848 1822 2913 1876 In
2971 1838 3281 1895 perpetuum.
3332 1830 3468 1898 Quid

1890 1926 2011 1981 est,
2072 1913 2139 1967 ln
2192 1914 2529 1991 perpetuum?
2579 1912 2694 1968 Non
2750 1914 2921 1969 solum
2951 1900 3016 1971 ad
3072 1928 3314 1989 tempus,
3366 1924 3465 1978 sed

1893 2009 2053 2059 etiam
2085 2004 2191 2058 illic
2221 2007 2271 2056 in
2303 2004 2407 2056 vita
2437 2002 2634 2056 futura.
2663 2003 2887 2073 Semper
2911 2022 3039 2075 ergo
3059 2024 3191 2076 opus
3221 2010 3377 2065 habet
3407 2024 3466 2066 ut

1891 2099 2140 2159 precatur
2153 2090 2178 2145 l
2189 2102 2243 2148 et
2258 2092 2526 2162 quomodo
2541 2093 2696 2148 fuerit
2707 2097 3161 2150 consentaneum?
3185 2097 3341 2166 Saepe
3357 2100 3477 2167 qui-

1886 2181 2007 2236 dem
2022 2180 2263 2238 homines
2279 2181 2409 2251 justi
2425 2197 2491 2237 ex
2513 2198 2612 2237 una
2637 2183 3070 2253 petitionetotum
3089 2185 3465 2253 confecerunt;

1882 2270 1997 2340 ipse
2020 2283 2195 2326 autem
2221 2288 2435 2340 semper
2458 2274 2750 2342 precatur?
2780 2289 2875 2329 cur
2901 2290 3029 2344 ergo
3054 2274 3341 2330 considet?
3371 2275 3457 2331 Vi-

1881 2363 1975 2418 des
2001 2364 2141 2433 quod
2185 2363 2285 2418 hoc
2313 2365 2384 2418 sit
2412 2366 2492 2418 sui
2518 2364 2775 2419 demissio
2804 2365 2947 2435 quod
2995 2366 3227 2420 humana
3274 2366 3457 2436 loqua-

1880 2454 2005 2508 tur?
2037 2453 2149 2510 lloc
2169 2463 2345 2509 autem
2377 2455 2490 2510 vult
2513 2456 2850 2527 significare:
2882 2454 2958 2510 Nc
2988 2457 3237 2517 timeatis,
3261 2457 3451 2526 inquit,

1878 2561 2051 2616 neque
2074 2543 2265 2601 dicatis
2292 2587 2305 2611 ,
2331 2545 2491 2602 Certe
2524 2563 2622 2601 nos
2648 2546 2863 2617 quidem
2888 2547 3057 2617 diligit
3082 2588 3095 2613 ,
3125 2558 3179 2603 et
3205 2548 3452 2605 liduciam

1877 2634 2036 2691 habet
2064 2637 2203 2706 apud
2235 2638 2445 2693 Patrem
2472 2679 2486 2703 ,
2518 2637 2611 2692 sed
2652 2654 2758 2692 non
2787 2653 3000 2708 semper
3030 2641 3210 2695 vivere
3233 2649 3406 2709 potest
3435 2659 3449 2695 :

1874 2739 2087 2795 semper
2115 2728 2255 2781 enim
2300 2728 2449 2782 vivit.
2480 2726 2571 2781 26.
2622 2726 2759 2782 Talis
2804 2728 2937 2781 enim
2976 2728 3179 2783 decebat
3214 2740 3267 2784 ut
3311 2731 3453 2786 nobis

1874 2830 1997 2874 esset
2027 2821 2280 2891 pontifex,
2312 2828 2515 2874 sanctus
2538 2859 2552 2885 ,
2584 2820 2844 2885 innocens,
2870 2820 3187 2889 impollutus,
3217 2838 3452 2894 segrega-

1871 2923 1951 2967 tus
1980 2928 2012 2965 a
2042 2911 2409 2983 peccatoribus.
2456 2911 2619 2966 Vides
2655 2911 2803 2982 quod
2851 2920 3019 2967 totum
3047 2912 3248 2968 dictum
3289 2915 3359 2968 sit
3382 2914 3450 2970 de

1871 3002 2247 3058 humanitate?
2276 3001 2503 3070 Quando
2524 3011 2703 3058 autem
2726 3002 2849 3057 dico
2875 3002 3259 3058 humanitatem
3284 3044 3299 3070 ,
3329 3019 3473 3059 eam.

1869 3093 1990 3149 dico
2018 3108 2137 3164 quae
2160 3092 2322 3148 habet
2338 3092 2671 3148 divinitatem
2692 3109 2707 3158 ;
2732 3108 2837 3149 non
2861 3093 3127 3161 dividens,
3148 3094 3244 3150 sed
3267 3094 3449 3153 sinens

1869 3195 1927 3241 ut
1952 3201 2071 3255 qute
2097 3184 2257 3240 decet
2295 3183 2580 3255 intelligas.
2612 3184 2805 3240 Vidisti
2839 3183 3197 3241 diﬂ‘erentiam
3227 3186 3448 3255 pontiﬁ-

1864 3277 1987 3334 cis‘l
2017 3276 2075 3332 In
2104 3290 2371 3331 summam
2402 3275 2613 3345 redegit
2638 3290 2757 3345 qua:
2790 3289 2951 3345 supra
2982 3275 3123 3331 dicta
3154 3286 3279 3332 sunt
3321 3291 3446 3331 cum

1866 3369 2092 3438 diceret,
2127 3368 2372 3424 Teutalus
2396 3369 2450 3423 in
2489 3368 2723 3423 omnibus
2758 3368 3034 3422 secundum
3064 3368 3445 3424 similitudinem

1860 3466 2050 3536 absque
2078 3471 2303 3533 peccato.
2335 3460 2476 3516 Talis
2497 3500 2513 3527 ,
2562 3460 2774 3529 inquit,
2815 3458 3023 3513 decebat
3067 3467 3122 3513 ut
3149 3459 3293 3515 nobis
3317 3470 3446 3515 esset

1863 3557 2110 3627 pontifex,
2135 3561 2339 3609 sanctus
2363 3594 2380 3619 ,
2419 3553 2679 3608 innocens.
2722 3550 2976 3606 Innocens
3000 3552 3129 3622 quid
3156 3554 3283 3608 est?
3324 3551 3443 3607 Non

1864 3648 2034 3703 malus
2057 3686 2073 3711 ,
2117 3659 2221 3701 nec
2260 3644 2559 3700 subdolus:
2589 3642 2731 3713 quod
2780 3642 2918 3698 alius
2963 3642 3096 3698 dicit
3121 3642 3393 3714 'propheta
3421 3684 3437 3709 ,

1866 3741 2023 3796 Dolus
2066 3754 2168 3794 non
2195 3747 2267 3793 est
2293 3739 2519 3792 inventus
2560 3736 2613 3789 in
2643 3752 2729 3790 ore
2755 3737 2865 3804 ejus
2892 3733 3046 3805 (Isai.
3077 3736 3166 3791 53.
3196 3735 3274 3807 9).
3310 3736 3441 3802 Quis

1862 3834 1964 3889 hoc
1999 3832 2068 3888 de
2092 3831 2207 3887 Deo
2230 3829 2429 3885 dixerit
2450 3870 2464 3892 ,
2510 3837 2566 3883 et
2590 3843 2698 3883 non
2737 3827 3018 3891 erubescat
3045 3826 3229 3884 dicens
3270 3828 3437 3883 Deum

1863 3941 1969 3981 non
2014 3937 2136 3980 esse
2178 3922 2423 3979 dolosam
2453 3930 2508 3976 et
2554 3918 2998 3975 fraudulentum?
3032 3919 3107 3974 De
3150 3933 3216 3973 eo
3259 3928 3439 3975 autem

1860 4015 2003 4087 quod
2027 4024 2111 4071 est
2155 4011 2445 4068 secundum
2489 4026 2707 4065 carnem
2737 4050 2752 4074 ,
2803 4009 2981 4064 dicere
3024 4019 3109 4064 est
3155 4018 3440 4064 consenta-

1860 4121 2043 4171 neum,
2076 4103 2325 4169 Sanctns,
2352 4101 2671 4172 impollutus.
2705 4099 2811 4154 Nec
2840 4098 2941 4153 hoc
2968 4098 3037 4153 de
3063 4098 3174 4153 Deo
3195 4099 3394 4155 dixeris
3420 4117 3436 4155 z

1860 4217 1980 4257 eam
2003 4199 2146 4255 enim
2178 4197 2339 4252 habet
2367 4204 2612 4250 naturam
2655 4210 2773 4264 quae
2804 4208 2909 4248 non
2941 4193 3215 4262 polluitur.
3249 4192 3437 4262 Segre-

1858 4302 2004 4365 gatus
2024 4309 2056 4345 a
2083 4288 2446 4361 peccatoribus.
2473 4287 2658 4343 Hocne
2681 4300 2809 4355 ergo
2836 4285 3010 4352 solum
3033 4282 3268 4338 ostendit
3288 4282 3439 4337 dilic-

1859 4384 2107 4445 rentiam,
2138 4396 2205 4435 an
2236 4380 2396 4434 etiam
2440 4379 2611 4446 ipsum
2639 4375 2957 4430 sacriﬁcium
2980 4374 3003 4428 ?
3029 4373 3202 4427 Etiam
3232 4374 3440 4429 sacrili-

1859 4476 2021 4531 cium.
2052 4471 2331 4540 Quomodo
2347 4470 2369 4526 ‘?
2398 4470 2487 4523 27.
2519 4469 2618 4533 Qui
2645 4485 2747 4522 non
2776 4468 2921 4520 habet
2947 4468 3289 4522 necessitatem
3313 4482 3439 4534 quo-

1858 4565 1997 4629 tidie,
2027 4559 2464 4631 quemadmodunt-
2474 4558 2759 4611 sacerdotes
2781 4596 2796 4619 ,
2829 4557 2968 4624 prius
2997 4572 3088 4624 pro
3114 4556 3219 4608 suis
3245 4555 3440 4608 delictis

1862 4657 2049 4710 hostias
2069 4651 2270 4718 o/ferre,
2295 4650 2476 4703 deinde
2504 4666 2595 4711 pro
2626 4647 2802 4715 populi
2832 4662 2850 4698 .'
2878 4647 2971 4699 hoc
2995 4646 3126 4699 enim
3148 4645 3262 4712 fecit
3288 4645 3449 4707 semel,

1862 4763 1915 4800 se
1938 4743 2213 4810 offerendo.
2244 4741 2355 4794 Iloc
2392 4736 2566 4807 quid?
2602 4737 2687 4790 hic
2707 4734 2832 4789 facit
2849 4734 3007 4789 veluti
3027 4732 3288 4801 quoddam
3312 4747 3437 4800 pro-

1859 4836 2077 4892 oemium
2092 4830 2420 4887 excellentia:
2431 4825 2682 4897 Spiritalis
2700 4826 2965 4881 sacrificii.
2980 4824 3117 4877 Dixit
3136 4824 3260 4889 quid
3281 4824 3441 4879 inter.

1862 4928 1933 4981 sit
1963 4926 2101 4981 inter
2127 4923 2480 4987 sacerdotem,
2504 4929 2558 4975 et
2576 4918 2701 4989 quid
2729 4919 2865 4972 inter
2890 4916 3310 4983 Testamentum,
3331 4927 3438 4969 non

1871 5028 2038 5073 totum
2063 5015 2299 5087 quidem,
2330 5014 2460 5067 dixit
2507 5020 2682 5066 tamen
2708 5028 2727 5064 :t
2750 5009 2834 5063 hic
2850 5009 2958 5078 jam
2981 5006 3100 5061 facit
3128 5006 3439 5075 pra‘ludium

1865 5111 2031 5178 ipsius
2061 5105 2304 5161 sacriﬁcii
2330 5103 2432 5172 (a).
2462 5102 2541 5157 Ne
2566 5116 2694 5170 ergo
2720 5115 2841 5154 cum
2866 5115 2984 5153 eum
3031 5098 3262 5152 audieris
3290 5110 3440 5151 sacer

1863 5200 2067 5261 dotem,
2088 5197 2358 5255 existimes
2377 5210 2495 5249 eum
2523 5207 2734 5261 semper
2764 5191 2902 5261 [litigi
2928 5189 3224 5245 sacerdotio
3243 5205 3256 5241 :
3276 5189 3444 5243 semel

1863 5290 2007 5344 eiiim
2029 5288 2240 5343 functus
2265 5295 2345 5340 est
2367 5298 2587 5339 munere
2606 5281 2942 5345 sacerdotali,
2957 5289 3011 5336 et
3024 5281 3275 5349 deinceps
3288 5278 3441 5333 sedit.

1863 5382 1940 5436 Ne
1964 5383 2104 5436 enim
2144 5379 2415 5443 existimes
2455 5392 2577 5432 eum
2609 5386 2749 5431 stare
2776 5373 2916 5444 apud
2943 5387 3166 5442 superos
3189 5410 3206 5438 ,
3236 5382 3290 5427 et
3319 5386 3437 5427 esse

1865 5475 2185 5539 ministrum,
2214 5471 2443 5526 ostendit
2465 5486 2576 5524 rem
2602 5484 2720 5524 esse
2746 5467 3177 5536 dispensationis.
3230 5464 3359 5519 Nam
3392 5473 3447 5518 ut

1868 5566 1960 5618 iuit
1983 5580 2182 5628 servus,
2216 5565 2283 5617 ita
2308 5564 2469 5619 etiam
2513 5562 2768 5617 sacerdos
2796 5570 2848 5614 et
2878 5560 3119 5613 minister
3144 5575 3159 5611 τ
3192 5557 3284 5612 sed
3307 5556 3445 5610 sicut

1867 5672 1988 5712 cum
2017 5655 2183 5709 lactus
2205 5663 2347 5709 esset
2371 5667 2579 5715 servus,
2606 5667 2711 5706 non
2735 5650 2929 5705 mansit
2949 5663 3159 5713 servus,
3188 5648 3255 5700 ita
3282 5648 3440 5701 etiam

1927 5767 1999 5828 (η)
2016 5763 2250 5828 IlicAColb,
2272 5764 2469 5825 desinit,
2483 5764 2756 5825 emittitque
2778 5762 2937 5813 omnia
2958 5770 3113 5823 uSquc
3127 5759 3181 5809 ad
3205 5760 3447 5817 decimam

1882 5825 2083 5894 partam
2108 5825 2366 5877 homiliam.
