4002 6426
565 441 666 504 107

553 559 674 603 cum
700 542 869 595 iactus
889 540 1032 591 esset
1058 529 1324 590 minister,
1354 536 1460 578 non
1485 517 1682 575 mansit
1710 513 1953 568 minister
1979 526 1993 562 :
2024 522 2127 562 non

555 642 640 694 est
665 632 806 689 enim
853 623 1083 685 ministri
1130 616 1344 682 sedere,
1376 611 1470 669 scd
1515 615 1680 665 stare.
1714 608 1829 661 lloc
1871 615 2002 672 ergo
2047 599 2133 653 hic

556 720 855 782 subindicat
888 709 1314 785 magnitudinem
1344 701 1609 777 sacriﬁcii,
1636 696 1800 769 quod,
1828 702 1990 761 unum
2012 705 2134 748 cum

558 822 723 880 esset,
746 807 978 873 suffecit,
1002 808 1057 860 et
1075 800 1242 858 semel
1269 799 1505 854 ablatum
1528 801 1732 875 tantum
1757 788 1948 859 potuit,
1971 798 2138 851 quan-

557 916 673 966 tum
711 873 818 959 non
858 899 1147 967 patuerunt
1164 888 1363 946 omnia.
1405 884 1511 942 Sed
1551 873 1732 939 dehis
1755 876 2137 933 nondumznoo

557 996 704 1057 enim
730 966 981 1049 tliCitnisi
1010 1004 1026 1041 :
1059 984 1175 1041 Hec
1193 984 1324 1039 enim
1347 1022 1363 1048 ,
1386 977 1576 1051 inquit,
1609 972 1761 1030 settle!
1796 970 1934 1041 fecit.
1962 966 2138 1035 Quod»-

563 1084 733 1154 πιδηιῖ
765 1080 983 1139 Necesse
1010 1086 1084 1133 est
1103 1118 1118 1144 ,
1148 1074 1343 1145 inquit,
1371 1070 1552 1135 habere
1580 1065 1732 1122 etiam
1759 1064 1895 1117 hunc
1922 1056 2136 1130 aliquid,

564 1151 760 1250 inquit,
785 1172 919 1245 quod
943 1168 1165 1237 onerat;
1196 1178 1302 1220 non
1333 1174 1430 1234 pro
1454 1161 1633 1229 seipse
1660 1174 1675 1211 :
1704 1153 1972 1226 quomodo
1999 1151 2139 1207 enim

566 1244 669 1341 pro
709 1282 769 1322 se
800 1244 1026 1333 rollerret
1054 1266 1174 1323 cum
1217 1250 1575 1325 impeccabilis
1630 1247 1750 1304 sit?
1800 1244 1895 1299 sed
1924 1256 2022 1314 pro
2052 1256 2145 1311 pu-

568 1335 716 1430 pulo.
756 1354 892 1424 Quid
919 1351 1091 1408 dicis?
1118 1356 1175 1423 et
1215 1360 1321 1402 non
1349 1356 1484 1414 opus
1514 1339 1673 1394 habet
1715 1335 1913 1391 oil'erre
1950 1347 2045 1409 pzo
2086 1346 2145 1388 se

567 1423 709 1520 ipso,
739 1423 795 1502 et
820 1452 1024 1499 tantum
1049 1436 1261 1510 potest?
1300 1435 1480 1498 Certe,
1512 1427 1704 1500 inquit.
1751 1426 1882 1497 Nam
1920 1437 1989 1485 ne
2027 1423 2145 1478 cxi-

566 1514 821 1595 stimures
844 1534 976 1607 illud
998 1575 1014 1598 ,
1046 1526 1190 1585 Fecit
1215 1524 1367 1583 semel
1390 1564 1407 1591 ,
1437 1523 1507 1577 de
1545 1521 1665 1590 ipso
1693 1529 1906 1588 quoque
1945 1514 2147 1569 dictum

567 1644 730 1696 esse,
770 1605 903 1683 audi
933 1620 1062 1694 quid
1110 1618 1253 1676 dicat
1288 1635 1302 1671 :
1334 1613 1442 1671 Leu:
1479 1614 1613 1667 enim
1640 1610 1871 1673 homines
1899 1605 2152 1662 constituit

574 1720 860 1787 sacerdotes
898 1715 1133 1783 habentes
1177 1706 1554 1779 inﬁrmitatem,-
1601 1710 1657 1757 et
1701 1699 1823 1755 ideo
1852 1698 2012 1753 etiam
2058 1700 2154 1763 pro

576 1826 640 1868 se
663 1786 878 1879 semper
900 1802 1134 1872 offerunt
1160 1812 1176 1855 :
1203 1806 1397 1869 potens
1424 1804 1606 1867 autem
1654 1791 1745 1846 ille
1769 1829 1784 1852 ,
1818 1797 1874 1843 et
1912 1786 2005 1857 qui
2046 1798 2153 1838 non

581 1903 743 1959 habet
784 1903 1061 1973 peccatum
1083 1935 1099 1959 ,
1130 1902 1227 1947 cur
1254 1902 1354 1959 pro
1388 1901 1447 1942 se
1476 1883 1710 1939 oll‘erat?
1750 1880 1891 1949 Ergo
1924 1892 2029 1935 non
2061 1888 2158 1940 pro

578 1963 802 2062 seipso,
842 1963 938 2044 sed
979 1998 1079 2057 pro
1107 1980 1306 2054 populo
1348 1975 1579 2039 obtulit,
1631 1972 1792 2040 idque
1835 1966 2025 2023 semel.
2064 1963 2157 2018 28.

584 2055 763 2141 Sermo
791 2090 962 2135 autem
982 2055 1345 2145 ’,ίαν-Μαναηῶ
1367 2068 1455 2139 qui
1484 2074 1598 2136 post
1637 2064 1798 2133 tegam
1825 2070 1933 2125 eu,
1969 2055 2163 2109 Filium

584 2179 640 2239 iu
667 2186 908 2243 meritum
937 2164 1232 2240 perfectum.
1258 2156 1395 2230 Quid
1424 2160 1528 2223 est,
1560 2153 1849 2224 Perfectum
1870 2150 1896 2203 ἵ
1918 2147 2036 2203 Non
2064 2159 2163 2217 po-

589 2237 670 2335 tiit
712 2240 911 2321 Paulus
938 2237 1197 2329 proprias
1232 2264 1353 2322 quae
1381 2246 1727 2318 opponuntur
1750 2237 2124 2296 distinctiones
2149 2252 2163 2288 :

588 2330 714 2426 nam
732 2340 865 2423 cum
891 2328 1147 2423 dixisset,
1182 2342 1436 2421 Habentes
1462 2339 1840 2410 inﬁrmitatem,
1872 2347 1982 2389 non
2024 2328 2162 2391 dixit

588 2442 784 2508 Filium
813 2450 1086 2516 potentem
1110 2482 1127 2508 ,
1169 2437 1285 2505 sed,
1320 2433 1611 2506 Perfectum
1637 2472 1652 2497 ,
1685 2429 1788 2485 hoc
1811 2434 1927 2493 est,
1970 2431 2162 2494 paten-

587 2548 698 2599 tem
720 2513 1126 2608 :iqtiasidicas,
1158 2531 1274 2586 Non
1304 2524 1454 2583 vides
1492 2520 1634 2596 quod
1679 2533 1875 2608 nomen
1897 2560 1913 2585 ,
1959 2513 2164 2581 Filius,

590 2606 795 2695 dictum
817 2629 907 2693 sit,
931 2636 991 2682 ut
1009 2630 1133 2681 eum
1156 2634 1315 2678 servo
1340 2626 1575 2690 opponat
1598 2624 1655 2671 et
1680 2606 1747 2668 ab
1767 2626 1832 2667 eo
1853 2606 2164 2677 distinguat.

590 2707 956 2781 inﬁrmitatem
987 2726 1168 2772 autem
1217 2720 1310 2777 aut
1334 2717 1614 2782 peccatum
1644 2705 1775 2761 dicit
1798 2712 1890 2760 aut
1914 2709 2165 2756 mortem.

590 2808 729 2882 Quid
747 2818 836 2867 εει
858 2817 1037 2887 autem
1059 2849 1075 2875 ,
1104 2800 1172 2860 In
1210 2800 1488 2859 (uernum?
1515 2798 1630 2853 Non
1655 2795 1827 2869 solum
1862 2805 2007 2846 nunc
2039 2787 2170 2843 nulli

594 2881 815 2974 peccato
840 2881 1054 2975 auinam
1076 2938 1091 2964 ,
1119 2895 1217 2951 sed
1256 2898 1492 2962 Semper.
1521 2882 1577 2944 Si
1601 2902 1731 2959 ergo
1749 2892 1831 2939 est
1865 2881 2129 2952 perfectus
2153 2919 2169 2943 ,

592 2968 639 3048 si
664 2974 955 3059 numquam
987 2990 1209 3058 peccat,
1238 2980 1282 3038 si
1314 2988 1533 3051 semper
1558 2977 1724 3039 vivit,
1768 2978 1865 3029 cur
1895 2986 1991 3042 pro
2016 2968 2172 3025 nobis

593 3090 739 3154 saepe
793 3076 983 3136 offeret
1021 3076 1323 3154 sacriﬁcia?
1374 3060 1482 3128 Sed
1510 3068 1736 3125 interim
1793 3062 2006 3135 quidem
2072 3060 2176 3114 hoc

595 3152 702 3230 tum
742 3160 955 3249 asserit,
981 3164 1078 3224 sed
1108 3152 1249 3237 quod
1281 3172 1378 3234 pro
1423 3176 1483 3217 se
1530 3156 1719 3228 oderat
1742 3198 1756 3220 ,
1787 3153 1890 3210 hoc
1936 3152 2193 3235 afﬁrmat.

592 3241 854 3340 Quoniam
881 3250 1013 3330 ergo
1044 3254 1201 3313 talem
1231 3254 1494 3321 habemus
1525 3246 1828 3320 pontiﬁcem
1850 3287 1865 3311 ,
1896 3252 2021 3299 eum
2051 3241 2173 3297 imi-

594 3358 790 3420 temur,
818 3334 943 3423 ejus
965 3347 1279 3404 insistamus
1307 3342 1569 3411 vestigiis.
1594 3338 1707 3394 Non
1733 3332 1981 3392 estaliud
2003 3332 2175 3387 sacri-

595 3440 774 3501 iicitnu
811 3422 1019 3497 {unum
1062 3452 1162 3492 nos
1190 3433 1477 3505 purgavit;
1513 3438 1700 3504 postea
1729 3430 1909 3480 autem
1953 3422 2095 3493 ignis
2123 3428 2179 3474 et

595 3533 861 3602 gettcnua.
896 3531 1182 3601 Propterea
1222 3524 1363 3581 enim
1394 3522 1501 3595 hoc
1540 3530 1737 3591 susque
1764 3517 1939 3585 deque
1958 3521 2176 3579 versat,

595 3626 783 3678 dicens
810 3626 974 3675 unum
999 3604 1122 3673 esse
1146 3606 1507 3681 sacerdotem,
1530 3620 1699 3669 unum
1730 3604 2081 3671 sacriﬁcium,
2105 3616 2178 3671 ne

595 3713 860 3784 quispiam
884 3708 1199 3779 existimans
1220 3712 1346 3761 esse
1375 3696 1562 3766 multa,
1593 3704 1782 3752 bonum
1804 3702 2007 3766 peccet.

666 3806 723 3861 ι.
763 3790 954 3873 cum
989 3816 1073 3855 eos
1103 3797 1196 3867 qui
1234 3794 1541 3866 ω-ριεςηιαυι
1586 3783 2178 3857 unaquaeque“

595 3872 828 3952 mortem.
849 3920 922 3935 --—
939 3890 1274 3959 Quicumque
1289 3872 1422 3956 ergo
1440 3884 1644 3956 dignati
1668 3880 1857 3938 sum
1878 3878 2176 3951 signaculo,

595 3988 917 4057 quicumque
938 3979 1276 4052 percepimus
1302 3975 1530 4054 {metum
1552 3968 1826 4051 sacriﬁcii,
1855 3970 2179 4045 quiqu

597 4072 915 4144 inmortalis
943 4063 1144 4137 mensa:
1181 4078 1367 4121 sumus
1396 4063 1700 4135 participes,
1730 4070 2051 4116 maneamus
2073 4066 2179 4115 tto-

598 4180 765 4225 s1ram
813 4154 1091 4239 servantes
1130 4160 1466 4215 nobilitatem
1518 4166 1573 4212 et
1604 4156 1872 4210 honorem
1902 4172 1915 4209 :
1944 4167 2050 4209 non
2096 4162 2182 4208 est

609 4260 753 4315 enim
808 4257 987 4325 lapsus
1024 4260 1223 4323 expers
1247 4248 1493 4321 periculi.
1516 4244 1848 4317 Quicumque
1886 4253 2064 4300 autem
2095 4243 2181 4299 bis

600 4351 837 4408 nondum
862 4348 993 4405 sunt
1010 4340 1245 4415 dignati,
1289 4355 1358 4397 ne
1388 4342 1422 4395 ii
1444 4340 1661 4412 quidem
1691 4347 1972 4407 propterea
2005 4335 2179 4397 eonﬁ-

598 4444 729 4500 dant
753 4460 766 4495 :
790 4452 916 4494 nam
940 4436 1154 4506 quando
1173 4432 1442 4505 quispiam
1474 4429 1597 4486 ideo
1618 4439 1822 4501 peccat,
1851 4438 1911 4482 ut
1937 4437 2183 4483 sanctum

598 4526 864 4603 baptisma
887 4528 1115 4596 accipiat
1138 4526 1195 4580 in
1227 4532 1469 4579 extrema
1500 4520 1873 4590 respiratione,
1902 4532 2046 4587 saepe
2074 4531 2179 4571 non

598 4628 933 4693 esseque-tur.
966 4619 1091 4679 Mitti
1118 4614 1327 4685 credite
1353 4629 1371 4667 :
1403 4626 1509 4667 non
1538 4625 1634 4664 vos
1661 4619 1868 4683 torrens
1898 4607 2019 4662 dico
2038 4607 2180 4677 quod

598 4729 716 4770 sum
746 4701 1000 4768 dicturus
1024 4728 1044 4765 ‘:
1070 4709 1192 4763 novi
1236 4707 1437 4761 multos
1473 4703 1668 4774 quibus
1704 4701 1805 4754 hoc
1844 4699 2059 4775 accidit,
2091 4699 2182 4769 qui

602 4815 821 4877 propter
856 4798 1264 4856 iiiuminationis
1288 4796 1505 4867 quidem
1531 4790 1983 4861 exspectatimem
2017 4792 2179 4844 multa

599 4908 911 4982 peccabant,
932 4905 989 4975 in
1010 4902 1114 4975 iiue
1133 4908 1311 4977 autem
1336 4895 1590 4952 decessus
1604 4896 1955 4949 excesserunt
1971 4887 2180 4945 inanes.

599 5000 742 5055 Deus
765 4997 1211 5067 enim'propterea
1237 4990 1381 5052 dedit
1400 4986 1684 5057 baptisma,
1715 4993 1774 5039 ut
1801 4983 2033 5066 solveret
2055 4996 2183 5052 pec-

599 5096 741 5156 cata,
760 5102 871 5142 non
894 5098 951 5141 ut
968 5092 1189 5156 peccata
1216 5080 1530 5151 augerettsi
1556 5077 1677 5149 quis
1700 5083 1880 5133 autem
1910 5058 1976 5131 eo
2004 5084 2186 5131 utatur

602 5188 662 5237 ut
676 5190 862 5233 secure
877 5176 1050 5249 magis
1066 5181 1269 5242 peccet,
1288 5171 1393 5225 hoc
1407 5178 1490 5226 est
1507 5167 1935 5231 causasocordim
1949 5178 2008 5224 et
2031 5168 2190 5240 negti.

604 5269 818 5347 gentia.
834 5260 963 5322 Nam
991 5269 1036 5319 si
1055 5278 1164 5319 non
1187 5272 1329 5318 esset
1352 5260 1643 5330 lavacrum,
1664 5261 1824 5315 tutius
1849 5262 2108 5324 viverent,
2134 5269 2192 5314 ut

606 5346 696 5431 qui
714 5376 817 5415 non
837 5359 1097 5417 baberent
1114 5346 1673 5411 remissionem.Vides
1684 5353 1822 5423 quod
1839 5353 1988 5419 iliud,
2006 5352 2193 5407 Facia-

609 5464 721 5507 mus
745 5451 954 5504 mutam
974 5448 1173 5502 veniant
1196 5446 1325 5499 bona
1346 5444 1517 5513 (Rom.
1535 5441 1673 5514 εδ),
1688 5458 1789 5499 uos
1810 5458 1992 5501 sumus
2006 5443 2097 5515 qui
2117 5442 2195 5499 fa-

611 5541 782 5601 cimus
800 5548 862 5594 u't
880 5537 1124 5593 dicatur?
1140 5533 1497 5603 Quamobrem
1528 5547 1664 5604 rogo
1681 5547 1799 5597 vos,
1828 5532 1918 5603 qui
1934 5518 2042 5588 non
2063 5535 2194 5588 estis

614 5629 887 5702 mysteriis
901 5627 1110 5693 initiati,
1125 5623 1585 5695 expergiscimini:
1605 5638 1763 5678 nemo
1776 5631 2042 5693 tamquam
2056 5639 2197 5678 incr-

611 5720 881 5788 posterius,
920 5732 1083 5773 uerno
1114 5726 1381 5787 tamquam
1410 5714 1648 5784 ingratus
1683 5712 1750 5768 ad
1777 5713 2023 5768 virtutem
2048 5729 2199 5770 accc-

1270 429 1328 484 S.
1370 421 1646 482 JOANNIS
1682 404 2157 472 CllRYSOSTOMI
2210 397 2524 457 ARCHIEP.
2564 386 3098 449 CONSTANTINOP.

3684 378 3770 431 108

2230 505 2529 560 molestam.
2568 496 2647 552 Ad
2686 508 2804 561 eam
2835 504 2963 560 ergo
2988 483 3305 542 accedamus
3344 480 3505 535 alacri
3546 482 3711 534 animo
3734 492 3778 536 et

2232 595 2357 649 laeti.
2389 592 2520 646 Nam
2542 584 2751 643 etiarnsi
2772 590 2982 636 merces
3004 590 3109 631 non
3141 584 3289 629 esset
3315 571 3603 641 proposita,
3627 586 3779 625 almou

2232 688 2505 753 oporteret
2528 690 2652 734 esse
2680 671 2915 729 bonum?
2957 668 3050 723 sed
3079 675 3255 720 tamen
3296 663 3458 721 etiam
3514 674 3631 718 cum
3659 677 3778 716 nter-

2234 774 2366 830 cede
2392 772 2563 826 simus
2597 765 2742 822 boni.
2775 762 2845 817 Et
2867 756 3140 830 quomodo
3164 762 3274 810 non
3302 762 3386 821 est
3428 754 3531 806 hoc
3560 753 3784 821 probrum

2236 873 2294 921 et
2328 861 2618 916 maximum
2658 849 2934 910 dedecus?
2987 848 3047 903 Si
3090 845 3241 913 mibi,
3287 830 3479 916 inquit,
3518 843 3787 896 mercedem

2238 968 2348 1011 non
2377 951 2612 1015 dederis,
2657 962 2766 1002 non
2797 953 2914 999 sum
2952 939 3228 996 modestus
3269 946 3327 992 et
3355 943 3677 1013 temperans.
3705 938 3789 989 Au-

2240 1052 2401 1123 deam
2430 1050 2606 1114 itaque
2633 1039 2832 1111 aliquid
2862 1032 3083 1093 dicere?
3103 1033 3400 1102 Numquam
3429 1028 3593 1086 fueris
3620 1040 3792 1098 tempe-

2244 1120 2371 1205 rans
2397 1147 2450 1195 et
2464 1136 2755 1200 modestus,
2773 1130 2934 1186 etiam
2982 1128 3028 1183 si
3056 1123 3297 1181 modeste
3325 1138 3472 1194 agas,
3494 1121 3538 1175 si
3566 1120 3663 1176 hoc
3690 1122 3795 1177 facis

2246 1231 2496 1291 mercede
2541 1247 2556 1282 :
2603 1226 2854 1281 virtutem
2916 1219 3058 1275 enim
3103 1216 3234 1272 nihil
3276 1216 3574 1277 existimas,
3618 1215 3658 1267 si
3700 1229 3793 1268 eam

2249 1340 2356 1399 non
2401 1334 2571 1376 amas.
2617 1314 2726 1373 Sed
2755 1314 2894 1369 Deus
2916 1315 3135 1382 propter
3160 1320 3406 1377 magnam
3469 1315 3693 1360 nostram
3717 1303 3799 1358 im-

2251 1394 2595 1487 becillitatem
2642 1420 2761 1464 eam
2807 1404 2968 1471 etiam
3017 1397 3266 1473 mercede
3312 1396 3481 1451 voluit
3535 1394 3675 1458 ﬁeri;
3725 1410 3801 1449 nos

2256 1519 2435 1565 autem
2486 1516 2553 1561 ne
2595 1504 2675 1559 sic
2722 1499 2935 1571 quidem
2992 1506 3110 1550 eam
3164 1490 3525 1563 aggredimur.
3572 1487 3803 1543 Ponamus

2258 1612 2456 1665 autem,
2503 1599 2549 1654 si
2578 1596 2730 1660 Veiis,
2761 1590 2904 1662 quod
2946 1588 3112 1643 homo
3144 1585 3357 1655 quidam
3410 1581 3636 1637 excedat
3678 1572 3807 1636 malis

2260 1691 2581 1767 perpetratis
2606 1682 3102 1747 innumerabilibus,
3145 1684 3203 1733 et
3236 1676 3505 1746 baptismo
3554 1673 3805 1744 dignatus;

2264 1784 2406 1857 quod
2435 1781 2687 1841 existim
2730 1790 2841 1832 non
2881 1775 2989 1830 cito
3015 1768 3237 1828 evenire
3266 1784 3281 1822 :
3312 1767 3606 1839 quomodo,
3636 1781 3807 1837 quaeso,

2268 1878 2395 1941 illuc
2417 1872 2619 1928 abibit?
2651 1864 2755 1925 Pro
2782 1867 2847 1921 iis
2870 1864 3084 1933 quidem
3104 1874 3224 1931 quae
3250 1860 3377 1915 fecit
3406 1872 3516 1912 non
3545 1866 3807 1922 accusatus,

2270 1969 2363 2025 sed
2390 1982 2499 2021 non
2529 1964 2729 2018 habens
2755 1958 3025 2017 ﬁduciam,
3060 1955 3219 2023 idque
3238 1952 3453 2005 merito.
3479 1950 3610 2003 Nam
3638 1950 3814 2017 quando

2268 2079 2391 2121 cum
2406 2070 2619 2116 centum
2640 2070 2811 2113 annos
2830 2057 3043 2121 vixerit,
3056 2054 3259 2109 nullum
3284 2051 3426 2107 aliud
3455 2051 3650 2105 bonum
3670 2056 3807 2102 osten-

2262 2150 2476 2220 dit,nlsi
2505 2148 2645 2220 quod
2673 2164 2779 2204 non
2808 2148 3075 2216 peccarit;
3096 2145 3203 2200 imo
3233 2158 3358 2199 vero
3379 2157 3448 2197 ne
3475 2140 3579 2195 hoc
3605 2138 3805 2209 quidem,

2264 2246 2360 2302 sed
2385 2242 2553 2314 gratia
2581 2240 2760 2310 potius
2785 2238 2898 2291 sola
2924 2246 3007 2291 est
3034 2240 3296 2299 servatus,
3327 2232 3466 2287 alios
3486 2239 3662 2285 autem
3684 2226 3808 2280 vide-

2264 2337 2335 2393 rit
2362 2340 2667 2395 coronatos,
2695 2328 2980 2398 prteclaros
3019 2334 3076 2380 ct
3122 2324 3174 2379 in
3217 2323 3357 2378 bona
3399 2319 3805 2398 existimatione:

2260 2426 2470 2485 etiamsi
2485 2426 2539 2479 in
2550 2395 2848 2494 gehennam
2866 2434 2973 2474 non
2993 2415 3266 2481 ceciderit,
3287 2395 3513 2478 ieretne,
3532 2412 3618 2467 dic
3642 2423 3807 2491 quaso.

2266 2534 2519 2592 angorem
2545 2525 2599 2573 et
2635 2513 2801 2570 animi
2820 2507 3231 2583 aegritudinem?
3276 2506 3342 2563 Ut
3386 2513 3569 2561 autem
3606 2499 3811 2567 exemplo

2264 2589 2370 2667 hoc
2402 2608 2616 2679 planum
2646 2603 2837 2660 faciam
2858 2618 2873 2659 :
2892 2600 3002 2656 sint
3028 2599 3139 2654 duo
3160 2596 3377 2662 milites,
3400 2600 3458 2649 et
3477 2593 3612 2647 alter
3637 2589 3811 2660 quidem

2274 2702 2496 2766 iuretur,
2524 2688 2685 2753 faciat
2725 2692 2972 2765 iniuriam
3014 2697 3070 2744 et
3114 2686 3289 2742 aliena
3318 2683 3580 2748 invadat;
3613 2681 3692 2735 hic
3713 2690 3813 2731 vero

2276 2793 2407 2849 nilnil
2451 2792 2641 2844 borum
2670 2785 2851 2850 iaciat,
2893 2780 2990 2837 sed
3019 2778 3231 2834 fortiter
3274 2790 3334 2832 se
3370 2781 3553 2847 gerat,
3597 2769 3813 2850 praeclara

2276 2886 2401 2943 edat
2423 2880 2684 2946 facinora,
2716 2878 2769 2932 iu
2791 2874 2946 2931 bellis
2975 2881 3177 2943 tropaea
3204 2876 3428 2933 statuat,
3459 2866 3687 2922 hostium
3714 2878 3813 2917 san-

2277 2978 2436 3049 guine
2479 2977 2724 3028 cruentet
2762 2968 3038 3023 dexteram
3072 2982 3087 3021 :
3116 2962 3313 3018 deinde
3356 2959 3677 3014 adveniente
3713 2965 3814 3009 tem-

2279 3082 2432 3143 pore,
2457 3064 2528 3120 ab
2548 3063 2642 3143 illa
2668 3060 2927 3130 dignitate
2955 3057 3007 3120 in
3039 3069 3143 3126 qua
3169 3053 3333 3115 etiam
3363 3050 3453 3106 fur
3480 3051 3571 3105 ille
3606 3056 3727 3113 erat,
3752 3060 3817 3099 re-

2278 3141 2439 3230 pente
2457 3141 2680 3213 ducatur
2696 3151 2764 3207 ad
2783 3151 2966 3207 sedem
2987 3149 3210 3219 regiam,
3240 3157 3297 3202 et
3320 3144 3575 3200 induatur
3592 3153 3813 3212 purpura;

2280 3250 2560 3325 bicautcm
2593 3244 2703 3301 iliic
2731 3249 2965 3307 maneat,
2987 3239 3075 3294 ubi
3100 3246 3238 3303 erat,
3265 3231 3605 3291 solummodo
3624 3233 3816 3287 clemen-

2278 3345 2352 3400 tia
2373 3341 2539 3413 regia,
2561 3352 2668 3393 non
2682 3335 2975 3413 detpmnas
2994 3344 3180 3387 eorum
3198 3344 3317 3400 quae
3336 3327 3576 3391 admisit,
3590 3328 3655 3379 sit
3679 3331 3818 3378 autem

2278 3428 2335 3487 iu
2365 3411 2482 3487 loco
2508 3412 2716 3489 ultimo,
2740 3435 2799 3480 et
2828 3424 2930 3497 sub
2974 3436 3097 3491 rege
3133 3420 3422 3475 collocetur
3459 3436 3473 3471 :
3503 3416 3716 3479 feretnc,
3756 3411 3819 3487 dic

2278 3532 2483 3596 quaeso,
2502 3508 2760 3590 angorem
2779 3513 3009 3571 ctauimi
3031 3504 3420 3582 aegritudinem,
3435 3506 3650 3577 quando
3666 3502 3819 3558 viderit

2283 3628 2404 3672 eum
2436 3612 2649 3683 quidem
2675 3609 2762 3680 qui
2792 3610 2911 3663 erat
2938 3619 3057 3660 cum
3086 3604 3223 3673 ipso,
3245 3600 3566 3655 ascendisse
3595 3596 3657 3651 ad
3678 3596 3817 3665 ipsum

2282 3706 2596 3781 dignitatum
2626 3699 2914 3769 fastigium,
2934 3705 2993 3751 et
3018 3693 3254 3750 evasisse
3280 3690 3419 3746 adeo
3451 3687 3762 3760 praclarum,
3780 3690 3821 3735 et

2285 3778 2622 3856 orbisterraa
2652 3802 2837 3848 tenere
2861 3786 3257 3858 principatum;
3284 3798 3348 3840 se
3367 3791 3553 3837 autem
3579 3777 3705 3836 intra
3730 3788 3820 3832 ma-

2280 3907 2436 3957 nere,
2461 3896 2642 3944 etnec
2681 3884 2734 3939 id
2765 3884 2936 3953 ipsum
2960 3879 3202 3949 quidem,
3227 3876 3373 3947 quod
3419 3890 3533 3930 non
3558 3872 3706 3928 luerit
3726 3883 3822 3937 sup-

2287 3985 2525 4056 plicium,
2554 3976 2755 4033 habere
2774 3986 2896 4030 cum
2920 3972 3149 4034 honore,
3172 3968 3266 4023 sed
3294 3982 3324 4022 a
3350 3968 3524 4038 gratia
3553 3975 3607 4021 et
3632 3965 3821 4018 clemrn-

2282 4080 2359 4133 tia
2387 4071 2571 4145 regia?
2598 4086 2722 4125 nam
2768 4065 2978 4124 etiamsi
3008 4078 3101 4118 rex
3142 4076 3264 4116 eum
3289 4058 3579 4123 dimiserit,
3610 4067 3663 4111 et
3683 4071 3712 4108 a
3738 4052 3822 4107 cri-

2282 4167 2525 4224 minibus
2561 4158 2871 4228 absolverit,
2910 4154 3057 4212 vivet
3092 4164 3275 4215 tamen
3308 4151 3513 4222 pudore
3553 4148 3753 4203 affectus
3784 4151 3821 4195 et

2284 4258 2580 4331 ignominia
2609 4269 2624 4307 :
2653 4268 2759 4321 non
2786 4251 2931 4306 enim
2962 4248 3122 4303 etiam
3157 4243 3246 4299 alii
3277 4258 3401 4297 cum
3444 4240 3820 4295 admirabuntur.

2285 4348 2420 4411 Nam
2439 4350 2491 4406 in
2514 4345 2776 4418 ejusmodi
2797 4337 3280 4397 condonationibus
3296 4351 3403 4389 non
3428 4349 3524 4389 eos
3546 4331 3824 4385 admiramur

2287 4441 2381 4512 qui
2423 4439 2712 4510 accipiunt,
2745 4432 2841 4492 sed
2886 4446 2980 4490 eos
3021 4431 3110 4501 qui
3138 4426 3384 4484 donant:
3415 4434 3472 4481 et
3510 4438 3622 4495 quo
3660 4422 3818 4490 majora

2281 4538 2420 4592 dona
2447 4537 2715 4601 dederint,
2745 4550 2810 4590 eo
2836 4532 3024 4603 majori
3050 4531 3252 4602 pudore
3272 4527 3583 4583 afﬁciuntur
3602 4522 3684 4593 qui
3709 4515 3819 4577 acci-

2282 4631 2451 4700 piunt,
2486 4628 2701 4701 quando
2746 4642 2937 4697 magna
2965 4624 3201 4680 admissa
3243 4628 3367 4676 sunt
3396 4617 3465 4673 ab
3512 4618 3591 4673 eis
3617 4618 3817 4686 peccata.

2281 4698 2483 4787 Quibus
2504 4698 2649 4787 ergo
2676 4717 2846 4771 oculis
2886 4715 2930 4769 is
2958 4712 3152 4771 intueri
3186 4712 3381 4781 pulerit
3410 4723 3505 4764 eos
3543 4706 3629 4775 qui
3653 4698 3817 4757 suntin

2283 4811 2447 4887 regia,
2488 4810 2595 4864 illis
2626 4808 2855 4863 sudores
2881 4802 3303 4860 innumerabiles
3337 4809 3393 4854 et
3422 4798 3637 4851 vulnera
3666 4798 3813 4848 osten-

2284 4879 2551 4966 dentibus,
2598 4913 2719 4953 cum
2764 4897 2879 4965 ipse
2928 4892 3061 4949 nihil
3110 4890 3284 4966 possit
3328 4887 3630 4949 ostendere,
3666 4879 3745 4937 sed
3780 4884 3820 4927 ct

2284 4990 2424 5061 quod
2471 4989 2649 5043 salvus
2702 4987 2860 5042 abeat
2910 4999 2943 5040 a
2991 4984 3105 5039 sola
3152 4980 3244 5037 Dei
3282 4978 3612 5048 benignitate
3653 4980 3701 5026 et
3734 4967 3817 5021 cle—

2288 5079 2525 5135 mentia?
2570 5072 3036 5147 Quemadmodum
3079 5071 3223 5127 enim
3265 5069 3308 5124 si
3350 5068 3471 5138 quis
3522 5058 3817 5119 hornicidzlm.

2289 5173 2480 5238 furem,
2510 5171 2806 5226 adulterum
2832 5168 2898 5222 ad
2926 5163 3245 5235 supplicium
3268 5159 3461 5237 capitis
3487 5149 3811 5212 adducendum

2289 5263 2474 5343 donari
2505 5261 2604 5315 sibi
2633 5257 3003 5330 postulaverit,
3036 5234 3105 5308 et
3145 5264 3269 5306 eum
3309 5234 3429 5303 esse
3451 5244 3660 5317 jusserit
3685 5242 3727 5292 in
3750 5249 3817 5292 te

2290 5340 2503 5411 stib’u‘lis
2530 5354 2689 5423 regia:
2713 5368 2727 5415 ;
2759 5351 2847 5405 ille
2872 5350 2982 5418 jam
3009 5358 3299 5415 numquam
3326 5342 3526 5412 peterit
3548 5337 3750 5405 anqucm
3769 5342 3815 5379 ex

2291 5446 2515 5501 adverso
2547 5420 2764 5508 intueri,
2797 5438 3008 5496 etiamsi
3031 5439 3102 5492 sit
3127 5436 3385 5490 liberatus
3413 5447 3443 5486 a
3470 5424 3742 5499 supplicio:
3765 5420 3817 5489 iul

2291 5535 2569 5591 etiambic
2596 5518 2849 5604 quoque.
2941 5520 2945 5523 λ
2993 5515 2996 5518 ’

2366 5628 2419 5682 5.
2459 5625 2577 5680 Non
2618 5624 2785 5688 enim,
2828 5620 3083 5692 quoniam
3124 5616 3269 5688 regia
3295 5614 3511 5677 dicitur,
3556 5596 3817 5665 existimetis

2295 5733 2483 5773 omnes
2513 5716 2702 5772 eadem
2734 5714 2969 5784 assequi.
3001 5711 3134 5766 Nam
3165 5710 3208 5764 si
3240 5709 3323 5763 hic
3352 5713 3473 5762 sunt
3496 5712 3547 5759 et
3567 5695 3812 5770 pactuatus.

618 5810 739 5879 dat;
770 5825 928 5867 nemo
956 5824 1071 5865 cam
1100 5805 1437 5881 aggrcdiatur
1468 5814 1737 5876 tamquam
1763 5817 1874 5860 rem
1907 5819 2118 5875 gravem
2147 5815 2199 5862 ct
2296 5821 2347 5867 ει
2375 5824 2558 5866 omnes
2586 5808 2672 5878 qui
2693 5807 2802 5877 regi
2830 5779 3108 5870 assistunt,
3145 5808 3197 5857 ct
3228 5799 3316 5873 qui
3342 5805 3463 5855 sunt
3488 5794 3569 5848 bis
3599 5789 3730 5855 longe
3753 5779 3812 5833 iu-
