4002 6426
196 298 221 355 1
234 303 315 358 09

190 418 445 485 feriores,
486 425 541 474 et
586 427 767 475 tenent
807 419 982 476 locum
1029 436 1215 477 eorum
1260 423 1349 491 qui
1395 423 1645 478 dicuntur
1681 424 1778 479 de-

190 514 316 566 cani
348 513 452 582 (a),
478 522 606 568 sunt
633 514 685 567 in
714 515 879 584 regia,
910 516 1120 569 etiamsi
1151 515 1378 569 multum
1406 515 1617 571 intersit
1640 516 1780 570 inter

192 602 509 670 praefectum
555 614 611 657 et
658 604 918 659 decanum
951 622 965 661 :
998 605 1167 659 multo
1215 606 1384 675 magis
1438 606 1540 660 hoc
1589 607 1691 660 erit
1729 608 1779 659 in

188 708 429 762 superna
460 694 626 764 regia.
658 696 719 749 Et
743 696 845 750 hoc
865 712 969 750 non
996 712 1064 751 ex
1093 713 1179 751 me
1208 697 1327 751 dico
1356 712 1516 752 :nam
1543 707 1596 753 et
1623 699 1778 752 aliam

191 783 283 839 his
310 787 566 856 majorem
597 787 948 843 differentiam
979 791 1127 859 punit
1154 790 1370 845 Paulus.
1411 791 1578 859 Quam
1603 792 1780 845 multa:

188 874 364 941 enim,
398 875 588 946 inquit,
621 878 936 934 differentia:
966 889 1137 935 sunta
1168 882 1283 937 sole
1309 896 1478 951 usque
1502 883 1569 937 ad
1600 883 1778 938 lunam

187 974 247 1019 et
264 967 452 1020 stellas
475 977 526 1022 et
560 968 835 1024 minimam
867 972 1101 1037 stellam,
1148 961 1254 1026 tam
1282 973 1463 1027 multa:
1492 975 1654 1029 etiam
1684 994 1777 1028 ες.-

187 1072 318 1110 rum
344 1058 433 1127 qui
459 1046 593 1113 sunt
610 1060 663 1114 in
690 1062 857 1129 regia.
889 1062 957 1116 Et
977 1062 1117 1130 quod
1149 1064 1307 1133 longe
1329 1065 1502 1134 major
1530 1066 1595 1119 sit
1626 1065 1778 1120 diﬁ'e-

188 1151 372 1204 rentia
402 1151 589 1206 decani
618 1154 707 1223 qui
734 1153 940 1209 dicitur
965 1152 1019 1211 et
1049 1156 1311 1225 praefecti,
1349 1167 1402 1212 et
1430 1157 1559 1211 solis
1589 1168 1645 1211 et
1686 1158 1779 1210 mi-

190 1244 359 1296 nimae
413 1246 620 1311 stellze,
669 1257 755 1303 est
803 1250 1052 1306 omnibus
1103 1253 1465 1321 perspicuum.
1512 1251 1644 1306 Nam
1689 1250 1773 1304 sol

185 1333 413 1399 quidem
450 1344 618 1390 totum
647 1340 832 1395 orbem
861 1348 1019 1395 terra:
1045 1342 1199 1397 simul
1225 1342 1457 1397 illustrat
1493 1353 1546 1397 et
1571 1342 1776 1398 exhila-

188 1431 302 1489 rat,
335 1424 618 1497 lunamque
643 1428 921 1486 abscondit
944 1440 999 1487 et
1022 1434 1205 1489 stellas
1233 1452 1246 1488 :
1278 1435 1369 1489 ille
1412 1445 1592 1489 autem
1634 1448 1777 1499 saepe

190 1526 305 1565 non
357 1526 596 1584 apparet,
644 1518 802 1589 idque
845 1522 895 1574 in
928 1524 1167 1579 tenebris
1195 1542 1208 1579 :
1238 1525 1419 1579 multae
1460 1526 1605 1580 enim
1654 1534 1779 1578 sunt

188 1603 366 1658 stella;
394 1621 527 1675 quas
556 1623 661 1665 oon
687 1611 951 1668 videmus.
977 1614 1204 1682 Quando
1224 1631 1352 1686 ergo
1376 1615 1619 1671 videmus
1646 1615 1780 1669 alios

190 1693 313 1749 ﬁeri
346 1698 526 1766 soles;
555 1718 653 1756 nos
697 1712 876 1760 autem
905 1709 1247 1764 minimarum
1275 1711 1548 1764 stellarum
1578 1721 1633 1765 et
1659 1726 1779 1779 qute

192 1801 264 1840 ne
294 1800 560 1857 apparent
588 1794 799 1861 quidem
832 1797 1006 1851 locum
1037 1809 1241 1864 tenere,
1279 1816 1522 1868 quaenam
1550 1801 1653 1854 erit
1684 1814 1782 1854 no-

207 1878 294 1932 bis
328 1885 667 1939 consolatio?
693 1888 789 1951 Ne.
820 1907 972 1962 rogo,
1019 1908 1087 1947 ne
1132 1895 1300 1950 simus
1331 1896 1464 1950 adeo
1501 1895 1654 1961 tardi,
1684 1911 1783 1951 nec

192 1970 335 2026 adeo
366 1974 498 2044 pigri
545 1986 599 2032 et
625 1978 819 2049 ignavi,
851 1998 917 2036 ne
956 1985 1189 2053 segniter
1225 1987 1450 2041 Salutem
1480 1987 1571 2043 Dei
1617 2002 1785 2056 aPl’e'

195 2071 397 2133 tamus,
441 2069 537 2123 sed
584 2084 931 2128 mercaturam
985 2093 1050 2131 ex
1100 2093 1161 2133 ea
1210 2094 1555 2135 exerceamus
1586 2090 1639 2136 et
1665 2096 1781 2135 eam

194 2159 637 2229 multiplicemus.
670 2165 799 2219 Nam
824 2167 1033 2222 etiamsi
1058 2172 1175 2237 quis
1231 2173 1299 2225 sit
1340 2172 1776 2235 eatecbumeuus,

193 2257 437 2306 attamen
482 2255 630 2309 novit
668 2256 959 2326 Christum,
1015 2261 1164 2315 novit
1193 2261 1372 2328 ﬁdem,
1418 2263 1593 2317 divina
1639 2264 1789 2318 audit

194 2341 435 2411 eloquia,
469 2360 575 2399 non
621 2358 704 2402 est
754 2351 937 2419 procul
993 2367 1021 2405 a
1058 2354 1232 2408 divina
1288 2356 1610 2425 cognitione,
1642 2358 1788 2411 novit

199 2432 417 2488 Domini
433 2437 514 2490 sui
538 2438 884 2495 voluntatem.
907 2441 1018 2497 Cur
1045 2443 1199 2514 igitur
1224 2445 1419 2513 diﬁ‘ert,
1450 2462 1546 2502 cur
1564 2458 1788 2502 cuncta-

200 2533 288 2577 tur
314 2535 367 2578 et
388 2530 668 2583 moratur?

270 2621 423 2675 Bona
443 2623 542 2676 vita
565 2624 695 2677 nihil
716 2626 914 2682 melius.
932 2658 1003 2667 —
1024 2628 1169 2683 Bona
1194 2630 1300 2685 vita
1329 2630 1460 2685 nihil
1487 2641 1569 2686 est
1597 2632 1790 2687 melius

202 2725 257 2769 et
284 2715 375 2769 hic
395 2725 453 2771 et
478 2716 589 2771 illic
612 2758 627 2781 ,
659 2725 716 2772 et
746 2719 799 2773 in
831 2719 899 2775 iis
927 2722 1017 2791 qui
1047 2723 1416 2779 illuminantur
1439 2726 1569 2779 etin
1603 2726 1667 2779 iis
1699 2724 1789 2796 qui

202 2808 481 2863 catechesi
527 2809 897 2864 instituuntur.
946 2813 1074 2867 Nam
1117 2814 1261 2891 quid,
1284 2830 1491 2884 quaiso,
1510 2816 1664 2871 nobis
1711 2827 1793 2871 est

208 2910 545 2970 prmceptum
584 2918 747 2973 grave
792 2917 847 2958 et
881 2904 1313 2961 intolerandum?
1342 2908 1489 2962 Habe
1519 2949 1535 2972 ,
1579 2909 1790 2978 inquit,

208 3006 439 3046 uxorem
464 3033 481 3058 ,
511 2999 565 3047 et
599 2992 674 3047 sis
705 3002 1011 3064 temperans
1044 3005 1099 3051 et
1137 2998 1439 3051 continens.
1488 2998 1672 3052 llocne
1713 3010 1796 3053 est

211 3085 440 3140 difﬁcile
463 3086 487 3141 ?
514 3086 805 3156 quomodo,
835 3102 957 3142 cum
989 3089 1190 3159 absque
1218 3105 1386 3143 uxore
1409 3090 1558 3143 multi
1588 3106 1647 3144 se
1665 3106 1796 3143 con-

213 3178 426 3232 tineam
453 3217 469 3243 ,
506 3192 615 3231 non
653 3178 825 3232 solum
853 3179 1143 3234 Christiani
1168 3220 1182 3245 ,
1211 3179 1305 3234 sed
1327 3189 1383 3234 et
1408 3180 1619 3234 Graeci?
1645 3180 1797 3247 Quod

213 3266 442 3323 Graecus
469 3277 690 3337 superat
718 3278 939 3337 prepter
973 3270 1187 3324 inanem
1226 3271 1484 3340 gloriam,
1520 3280 1575 3324 tu
1604 3287 1669 3324 ne
1699 3272 1800 3326 hoc

213 3358 437 3427 quidem
481 3374 665 3413 servas
710 3368 932 3428 propter
973 3361 1063 3414 Dei
1111 3361 1407 3415 timorem?
1446 3360 1554 3424 Da,
1587 3362 1800 3430 inquit,

216 3450 529 3519 pauperibus
554 3466 619 3504 ex
653 3450 753 3504 tuis
782 3450 1111 3519 facultatibus
1138 3451 1288 3519 (Tob.
1314 3452 1367 3505 4.
1398 3452 1479 3521 7).
1512 3452 1692 3505 llocne
1721 3461 1803 3506 est

217 3558 385 3611 grave
405 3552 462 3597 et
489 3542 923 3597 intolerandum?
944 3543 1048 3598 Sed
1074 3544 1161 3598 hic
1179 3560 1395 3613 quoque
1421 3559 1524 3598 nos
1548 3554 1806 3600 accusant

220 3634 419 3698 Graeci,
453 3634 544 3703 qui
575 3648 765 3689 omnes
794 3647 920 3688 suas
948 3634 1252 3689 effuderunt
1282 3634 1562 3690 facultates
1591 3646 1807 3706 propter

224 3724 446 3779 inanem
463 3723 713 3793 gloriam.
744 3722 823 3777 Ne
852 3724 1012 3778 verba
1043 3722 1281 3793 loquaris
1303 3726 1557 3780 obscmna
1586 3724 1723 3791 (Col.
1751 3726 1805 3781 3.

276 3834 363 3905 (a)_
385 3834 450 3882 Hi
476 3834 656 3905 decani
695 3838 890 3905 lic_tor_es
929 3847 1067 3905 erant
1098 3838 1146 3888 in
1183 3841 1289 3889 aula
1325 3842 1650 3905 Imperatoris.
1676 3852 1796 3904 Vide

212 3895 450 3957 Cangium
475 3897 524 3944 in
548 3896 793 3946 Glossario
815 3899 899 3948 Gr.
925 3901 984 3948 ad
1008 3915 1177 3951 vocem
1198 3919 1365 3962 Δαανός.

986 328 1050 383 Di
1092 326 1306 382 EPIST.
1356 326 1441 381 AD
1479 323 1841 382 timeamus.
1884 324 2036 380 CAP.
2084 326 2214 381 Vili.
2258 326 2485 385 "Obiit.
2527 326 2665 387 XIV.

3366 350 3475 408 ΗΟ

1891 424 1967 493 8).
1999 426 2177 484 llocne
2199 434 2549 494 cstdifﬁcile?
2580 442 2797 498 Etiamsi
2830 461 2934 499 non
2958 456 3098 502 esset
3122 458 3471 519 ρκωοεριυηκ

1890 531 2068 574 annon
2099 534 2377 593 oporteret
2413 545 2513 585 nos
2555 532 2625 588 ita
2652 550 2843 605 gerere
2865 578 2880 604 ,
2914 552 2981 593 ne
3014 538 3115 593 hoc
3143 518 3303 596 nobis
3326 552 3474 600 esset

1889 622 2131 688 probro?
2157 626 2291 681 Nam
2323 630 2464 698 quod
2493 634 2818 688 contrarium
2847 635 2916 690 sit
2948 637 3163 694 difﬁcile
3191 681 3207 704 ,
3238 641 3400 695 verba
3426 680 3443 706 ,

1899 712 2131 784 inquam,
2175 720 2325 786 loqui
2338 723 2611 788 obscmna,
2629 733 2713 778 est
2734 729 3069 795 perspicuum
3094 745 3158 784 ex
3187 730 3289 785 hoc
3312 731 3455 801 quod

1887 805 2094 873 pudore
2134 810 2365 865 allieitur
2398 821 2454 866 et
2497 813 2765 869 erubescit
2809 819 3020 873 animus
3049 860 3066 887 ,
3109 822 3153 875 si
3195 822 3459 880 adductus

1889 896 2048 952 fuerit
2076 908 2132 953 ut
2154 899 2257 954 tale
2286 900 2417 969 quid
2440 902 2600 970 dicat,
2628 915 2684 959 et
2712 921 2886 976 neque
2914 908 3078 977 dicet,
3110 913 3208 965 nisi
3239 914 3373 969 forte
3397 915 3470 969 sit

1893 985 2095 1043 ebrius.
2114 987 2224 1043 Cur
2251 992 2394 1045 enim
2422 992 2471 1046 in
2504 992 2621 1049 foro
2645 995 2858 1060 sedens,
2881 1000 3089 1055 etiamsi
3111 1001 3255 1057 domi
3282 1004 3465 1070 facias,

1894 1079 2002 1134 illic
2031 1096 2134 1134 non
2162 1080 2296 1137 facis
2323 1082 2347 1134 ?
2378 1098 2557 1139 annon
2590 1095 2808 1157 propter
2833 1102 2928 1144 eos
2960 1092 3047 1160 qui
3085 1092 3282 1147 adsunt
3309 1096 3332 1148 ?
3368 1112 3466 1150 cur

1892 1173 1936 1225 si
1965 1173 2102 1226 adsit
2124 1189 2257 1228 uxor
2282 1184 2391 1240 tua,
2416 1176 2468 1231 id
2492 1193 2596 1233 non
2628 1179 2757 1236 facis
2784 1181 2807 1235 ?
2832 1182 3092 1239 annon’ut
3114 1194 3181 1241 ne
3202 1202 3317 1242 eam
3348 1204 3472 1244 con-

1894 1265 2108 1318 tumclia
2133 1263 2334 1320 afﬁcias
2358 1267 2381 1320 ?
2408 1267 2560 1335 Quod
2586 1284 2715 1339 ergo
2742 1281 2963 1342 propter
3000 1289 3221 1331 uxorem
3252 1294 3359 1333 non
3386 1280 3469 1333 fa-

1891 1355 1991 1418 cis,
2026 1355 2192 1409 Deum
2219 1359 2539 1413 contumelia
2567 1361 2809 1417 alliciens
2837 1380 2943 1418 non
2970 1367 3288 1423 erubescis?
3317 1370 3471 1425 adest

1892 1445 2035 1499 enim
2065 1446 2259 1515 ubique
2280 1456 2336 1501 et
2358 1448 2508 1502 audit
2538 1452 2739 1506 omnia.
2764 1453 2881 1508 Noli
2913 1495 2928 1519 ,
2972 1456 3185 1526 inquit,
3218 1459 3471 1515 inebriari

1895 1534 2110 1605 (Ep/tes.
2146 1538 2199 1590 5.
2228 1538 2317 1607 18)
2348 1556 2362 1591 :
2390 1548 2558 1594 recte.
2585 1541 2717 1596 Nam
2747 1544 2910 1599 etiam
2942 1545 3044 1601 hoc
3076 1547 3249 1615 ipsum
3289 1565 3385 1620 per
3408 1565 3468 1605 se

1894 1640 2068 1679 annon
2094 1636 2177 1681 est
2201 1628 2561 1696 supplicium?
2594 1631 2713 1687 Non
2744 1634 2918 1701 dixit,
2966 1636 3223 1692 Distcnde
3267 1655 3471 1709 corpus.

1894 1714 2075 1781 tuum;
2104 1718 2197 1771 sed
2224 1719 2349 1788 quid
2376 1720 2399 1773 ?
2429 1718 2544 1775 Noli
2575 1722 2827 1778 inebriari
2857 1744 2871 1780 :
2904 1724 2955 1779 id
2985 1736 3087 1794 est,
3136 1726 3213 1783 Ne
3234 1729 3311 1782 sic
3337 1729 3465 1786 illud

1897 1808 2207 1877 praecipites
2234 1851 2249 1877 ,
2290 1820 2347 1865 ut
2383 1811 2661 1868 auferatur
2693 1816 3027 1885 principatus
3069 1818 3282 1873 animm.
3332 1818 3471 1884 Quia

1889 1897 2043 1967 ergo?
2054 1912 2238 1951 annon
2253 1898 2503 1966 corporis
2516 1899 2769 1954 habenda
2780 1917 2845 1955 cu
2854 1897 3223 1967 ra'estTAbsit,
3238 1917 3346 1956 non
3355 1902 3463 1958 hoc

1891 1989 2037 2053 dico,
2049 1990 2128 2044 sic
2137 1988 2283 2044 enim
2297 1990 2498 2045 Paulus
2510 1994 2792 2063 prmcepit:
2809 1992 2996 2048 Carnis
3010 2011 3194 2048 curam
3208 2012 3271 2049 ne
3285 1996 3467 2065 feceri-

1895 2082 2023 2134 tisin
2040 2081 2309 2135 desideriis
2326 2082 2498 2148 (Rom.
2519 2084 2605 2137 15.
2627 2084 2735 2155 Η).
2757 2085 2863 2139 Sed
2883 2102 2949 2140 ne
2972 2101 3160 2140 curam
3179 2102 3334 2156 geras
3349 2088 3468 2156 ejus

1896 2172 2376 2240 concupiscentia,
2407 2190 2474 2227 ne
2506 2175 2686 2244 rapias
2710 2192 2832 2244 qua:
2862 2183 2953 2230 tua
2978 2192 3085 2231 non
3116 2186 3265 2242 sunt,
3289 2194 3358 2232 ne
3372 2193 3471 2247 per

1896 2261 2183 2315 avaritiam
2212 2262 2438 2317 invadas
2462 2265 2662 2328 aliena,
2693 2282 2762 2320 ne
2788 2268 3003 2337 pejercs
3035 2266 3248 2338 (Matth.
3286 2269 3339 2322 5.
3362 2268 3474 2338 55).

1899 2351 2225 2416 Quibusnam
2254 2362 2412 2421 egent
2441 2354 2556 2407 Itast:
2583 2353 2875 2419 laboribus,
2908 2355 3227 2424 quibusnam
3251 2356 3465 2411 sudori-

1901 2443 2002 2496 bns
2027 2459 2042 2494 :
2069 2441 2148 2496 Ne
2175 2441 2475 2495 crimineris
2497 2483 2511 2505 ,
2544 2444 2707 2512 inquit
2739 2486 2755 2506 ,
2786 2460 2852 2498 ne
2872 2445 3215 2500 calumnieris
3241 2444 3390 2515 (Luc.
3415 2448 3468 2502 5.

1903 2534 2017 2603 14).
2047 2532 2178 2599 Quis
2208 2533 2260 2587 in
2288 2532 2387 2587 hac
2416 2548 2473 2587 re
2497 2534 2688 2588 labor?
2716 2533 3053 2590 Contrarium
3077 2537 3293 2607 quidem
3325 2538 3473 2593 certe

1903 2634 1987 2678 est
2014 2624 2183 2679 labor.
2216 2623 2349 2678 Nam
2379 2625 2591 2693 quando
2620 2626 2921 2682 maledictis
2950 2630 3240 2699 appetieris
3259 2672 3274 2696 ,
3302 2631 3480 2685 statim

1905 2738 1963 2775 es
1990 2721 2044 2775 in
2076 2719 2320 2788 periculo
2344 2760 2358 2783 ,
2389 2720 2439 2774 in
2465 2720 2792 2790 suspicione,
2823 2722 2900 2777 Ne
2927 2722 3064 2778 forte
3090 2723 3323 2779 audierit
3349 2725 3395 2779 is
3420 2724 3488 2778 de

1905 2828 2011 2883 quo
2040 2812 2147 2866 dixi
2175 2853 2190 2879 ,
2222 2813 2335 2866 sive
2363 2812 2434 2865 sit
2462 2828 2710 2882 magnus,
2764 2816 2877 2870 sive
2914 2831 3109 2885 parvus
3139 2834 3154 2871 :
3181 2831 3302 2871 nam
3338 2816 3382 2870 si
3418 2816 3487 2871 sit

1910 2903 2123 2974 quidem
2149 2918 2393 2972 magnus,
2421 2905 2599 2957 statim
2632 2919 2689 2958 re
2719 2905 2828 2973 ipsa
2855 2906 3038 2960 venies
3070 2907 3119 2959 in
3145 2907 3436 2976 perieulum
3463 2922 3480 2972 ;

1911 2995 1992 3050 sin
2020 3009 2215 3063 parvus
2239 3036 2253 3053 ,
2285 3008 2380 3059 par
2403 2994 2516 3062 pari
2547 2994 2745 3050 referet
2775 3037 2788 3058 ,
2819 2999 2925 3049 imo
2950 2999 3195 3066 graviora
3230 2999 3489 3067 rependet

1910 3095 1964 3140 et
2008 3093 2059 3137 te
2102 3082 2395 3151 majoribus
2435 3093 2652 3152 appetet
2697 3085 3018 3139 maledictis.
3048 3086 3188 3140 Nihil
3221 3088 3437 3143 difﬁcile
3470 3131 3488 3151 ,

1915 3175 2046 3229 nihil
2072 3189 2232 3243 grave
2263 3173 2417 3227 nobis
2446 3184 2529 3228 est
2560 3184 2909 3243 praeceptum.
2938 3178 2979 3229 si
3004 3178 3264 3232 velimus:
3288 3180 3368 3233 sin
3395 3195 3487 3232 an-

1916 3275 2021 3320 tem
2045 3264 2299 3328 nolimus,
2324 3263 2484 3318 etiam
2506 3280 2624 3332 quae
2653 3274 2778 3318 sunt
2803 3265 3046 3320 facillima
3081 3308 3097 3331 ,
3133 3268 3287 3322 nobis
3314 3286 3481 3337 appa-

1914 3358 2106 3412 rebunt
2129 3358 2328 3428 gravia.
2353 3357 2490 3425 Quid
2515 3367 2595 3413 est
2621 3356 2828 3413 facilius
2851 3374 3009 3429 quam
3035 3359 3318 3416 comedere
3343 3363 3366 3415 ?
3395 3364 3490 3418 sed

1919 3457 2138 3517 prepter
2179 3451 2397 3503 multant
2440 3451 2717 3505 mollitiem
2745 3451 2895 3505 multi
2925 3451 2975 3505 id
3005 3466 3216 3522 quoque
3243 3469 3387 3523 aegre
3413 3455 3492 3509 fe-

1918 3548 2047 3593 runt
2077 3557 2090 3593 :
2120 3541 2315 3594 multos
2340 3541 2498 3595 audio
2526 3542 2767 3597 dicentes
2789 3585 2803 3607 ,
2846 3543 2991 3613 quod
3018 3544 3178 3598 etiam
3207 3546 3491 3602 comedere

1916 3636 2001 3684 est
2028 3629 2193 3685 labor.
2225 3630 2365 3685 Nihil
2396 3631 2582 3685 horum
2612 3643 2693 3687 est
2722 3633 3065 3698 laboriosum,
3085 3633 3128 3687 si
3142 3635 3312 3689 velis:
3344 3652 3486 3697 nam.

1905 3733 2027 3772 cum
2069 3719 2235 3786 gratia
2277 3731 2526 3786 superna,
2563 3718 2615 3771 in
2657 3721 2926 3771 voluntate
2964 3720 3064 3771 sita
3114 3727 3240 3773 sunt
3283 3724 3482 3780 omnia.

1909 3811 2151 3871 Velimus
2192 3823 2318 3876 ergo
2366 3807 2540 3873 bona,
2590 3819 2648 3862 ut
2694 3809 2854 3862 etiam
2902 3809 3043 3866 bona
3084 3824 3476 3880 consequamur

1909 3911 2109 3957 aeterna
2149 3942 2163 3961 ,
2194 3899 2360 3965 gratia
2384 3907 2437 3951 et
2461 3898 2803 3965 benignitate.

1563 4074 1905 4137 HOMILIA
1958 4072 2129 4133 XIV.

204 4175 340 4231 CAP.
363 4174 416 4230 8.
448 4176 500 4229 i.
542 4174 831 4246 Capitulum
860 4183 1030 4231 autem
1068 4194 1221 4246 super
1264 4193 1324 4231 ea
1363 4194 1478 4246 quae
1504 4178 1742 4232 dicuntur
1767 4193 1787 4231 :

277 4265 463 4321 Talem
490 4268 729 4323 habemus
762 4270 1052 4338 pontiﬁcem
1078 4311 1095 4337 ,
1123 4271 1212 4338 qui
1240 4271 1464 4325 consedit
1500 4271 1554 4325 in
1582 4271 1792 4324 dextera

278 4360 418 4414 sedis
448 4354 811 4431 magnitudinis
834 4363 885 4416 iu
908 4363 1045 4416 catis
1065 4403 1080 4426 ,
1110 4363 1165 4416 2.
1196 4370 1483 4415 sanctorum
1511 4363 1740 4415 minister
1770 4401 1786 4424 ,

276 4462 328 4503 et
365 4450 681 4505 tabernaculi
718 4453 826 4506 veri
854 4493 870 4521 ,
907 4452 1043 4523 quod
1101 4452 1214 4521 ﬁxit
1252 4450 1503 4506 Dominus
1527 4493 1542 4516 ,
1597 4461 1641 4506 et
1687 4469 1789 4505 non

279 4546 455 4599 homo.

276 4636 304 4691 Ι
319 4676 331 4687 .
357 4635 676 4706 (a)"umilia
698 4638 1019 4693 sublimibus
1041 4638 1303 4695 admiscet
1322 4639 1534 4706 Paulus,
1550 4641 1792 4710 quisem-

205 4741 308 4794 per
331 4742 488 4781 suum
520 4728 759 4781 imitatur
787 4729 1096 4797 Magistrum
1121 4770 1137 4794 ,
1170 4740 1228 4783 ut
1259 4730 1478 4783 humilia
1499 4730 1639 4784 viam
1672 4747 1791 4785 mu-

206 4820 360 4872 niant
396 4818 462 4871 ad
491 4820 735 4874 sublimia
764 4862 779 4882 ,
806 4829 860 4875 et
891 4835 987 4888 per
1027 4835 1090 4874 ea
1118 4820 1185 4874 ad
1228 4820 1315 4873 illa
1349 4820 1698 4883 deducamnr,
1733 4828 1790 4873 et

204 4925 332 4964 cum
362 4909 431 4963 ad
459 4925 647 4979 magna
672 4914 1093 4978 pervenerimus,
1112 4911 1382 4967 discamus
1404 4929 1466 4967 ea
1496 4914 1658 4967 fuisse
1679 4929 1789 4967 suae

208 4999 551 5054 demissionis
570 5001 636 5054 ad
662 5012 871 5071 captum
895 5013 1154 5058 nostrum.
1184 5004 1295 5057 Hoc
1316 5019 1442 5073 ergo
1470 5003 1554 5057 hic
1579 5019 1789 5073 quoque

212 5091 374 5145 facit:
408 5092 594 5146 dicens
637 5093 778 5162 quod
816 5109 876 5148 se
915 5094 1200 5158 obtulerit,
1237 5104 1291 5147 et
1326 5110 1446 5147 cum
1476 5095 1795 5162 pontiﬁcem

208 5199 331 5238 eum
362 5199 485 5239 esse
522 5185 865 5251 ostendisset,
897 5186 1026 5240 dicit
1057 5204 1070 5238 :
1105 5186 1393 5257 Capitulth
1430 5197 1596 5239 autem
1637 5202 1790 5255 super

206 5292 266 5329 ea
288 5292 406 5346 qua
428 5276 666 5328 dicuntur
695 5292 711 5330 :
735 5275 914 5330 Talem
940 5276 1177 5329 habemus
1203 5278 1510 5344 pontiﬁcem,
1538 5277 1625 5345 qui
1652 5293 1779 5329 con-

204 5366 332 5428 sedit
359 5366 414 5419 in
436 5364 643 5419 dextera
662 5365 795 5420 sedis
817 5366 1178 5436 magnitudinis
1216 5367 1269 5421 in
1290 5368 1452 5419 cwlis.
1494 5367 1655 5436 Atqui
1688 5366 1788 5421 hoc

264 5548 339 5610 (a)
351 5546 614 5597 Homiliam
630 5549 699 5596 sic
711 5547 877 5643 incipit
893 5543 1273 5607 Colb.ouomodo
1287 5542 1364 5592 hic
1382 5540 1560 5610 dicitur
1573 5540 1790 5610 minister

277 5610 490 5643 ms'nn'dor
518 5616 785 5643 cnnrfnrum
851 5607 927 5643 hs'r
950 5605 1075 5643 pns'rn
1113 5603 1467 5643 Inhorrui/inlini!
1501 5603 1634 5643 [11811.
1671 5601 1790 5643 Vide

204 5615 250 5660 et
271 5601 490 5674 minister
515 5601 827 5674 sanctorum?
848 5607 927 5657 hic
950 5601 1076 5674 enim
1112 5603 1468 5674 tabernaculum
1501 5602 1635 5674 dicit.
1671 5601 1791 5651 Vide

202 5673 438 5732 quomodo
473 5671 634 5732 erexit
666 5671 849 5719 animas
886 5670 1183 5732 Judazorum.
1220 5667 1299 5715 Sic
1337 5667 1629 5729 paucissimis
1658 5677 1791 5713 ama-

206 5730 405 5796 nuensis
428 5733 513 5795 ille
539 5731 689 5782 multa
714 5730 1097 5804 comprehcndit.
1244 5775 1288 5790 ,,,

1694 5906 1697 5909 ι
1716 5902 1764 5913 ’κ

1903 4190 2008 4229 nou
2037 4175 2414 4245 estpontiﬁcis,
2444 4177 2539 4233 sed
2559 4177 2697 4247 ejus.
2733 4177 2819 4233 cui
2839 4185 3052 4247 oportet
3079 4176 3223 4247 fungi
3255 4193 3478 4234 munere

1901 4258 2213 4323 Sacerdotis.
2235 4267 2539 4321 Sanctorum
2564 4268 2805 4322 minister.
2824 4267 2932 4323 Nec
2946 4268 3184 4322 absolute
3212 4267 3473 4334 minister,

1900 4356 2328 4419 sed,Sanctorum
2373 4360 2619 4414 minister.
2649 4358 2716 4413 Et
2741 4360 3052 4414 tabernaculi
3086 4360 3187 4412 veri
3210 4358 3346 4427 quod
3365 4358 3476 4426 fixit

1897 4448 2165 4513 Dominus.
2192 4462 2351 4506 etnon
2368 4452 2534 4505 homo.
2552 4452 2711 4507 Vides
2740 4452 2819 4506 sui
2847 4451 3261 4506 demissionem?
3282 4452 3476 4504 Annon

1900 4541 2059 4609 paulo
2083 4551 2206 4596 ante
2231 4541 2491 4607 distinxit,
2524 4542 2706 4597 dicens
2729 4559 2743 4594 :
2770 4541 2955 4595 Nonne
2980 4557 3150 4594 omnes
3170 4551 3284 4594 sunt
3304 4539 3474 4594 admi—

1910 4630 2186 4683 nistratorii
2208 4632 2417 4699 spiritus
2451 4632 2470 4701 (
2500 4630 2657 4684 Hebr.
2691 4632 2741 4685 ι.
2776 4631 2840 4684 Μ
2864 4629 2923 4697 )i
2966 4628 3034 4683 Et
3060 4637 3340 4699 propterea
3368 4642 3473 4683 non

1898 4718 2117 4773 audiunt
2139 4761 2157 4785 ,
2190 4719 2322 4775 Sede
2364 4738 2397 4773 a
2437 4721 2627 4775 dextris
2666 4720 2808 4773 meis.
2843 4718 2953 4772 [ioc
2988 4730 3165 4772 autem
3193 4717 3267 4771 ait
3293 4759 3309 4778 .
3331 4717 3473 4785 quod

1898 4812 2116 4864 omnino
2145 4827 2248 4864 non
2279 4813 2349 4865 sit
2374 4812 2614 4865 minister
2638 4810 2727 4880 qui
2754 4808 2925 4864 sedet.
2943 4809 3223 4876 Quomodo
3253 4806 3474 4877 ergodi-

1898 4912 2017 4955 ctus
2044 4912 2125 4956 est
2146 4902 2233 4957 hic
2252 4904 2492 4957 minister
2505 4889 2835 4956 sanctorum?
2856 4897 3272 4953 Tabernacnlum
3295 4907 3471 4952 autem

1902 4994 1989 5048 hic
2014 4995 2203 5049 cmlum
2225 4995 2373 5050 dicit.
2407 4994 2529 5048 Ideo
2557 4995 2715 5047 etiam
2742 5002 2799 5045 ut
2822 4992 3066 5045 ostendat
3090 5006 3246 5058 quam
3266 4989 3475 5042 diﬁ‘erat

1896 5108 1923 5144 a
1949 5091 2187 5152 Jndaico,
2234 5086 2382 5150 dicit,
2417 5084 2563 5150 Quod
2593 5084 2703 5151 ﬁxit
2727 5080 2896 5146 Deus,
2927 5089 2973 5134 et
2999 5096 3098 5133 non
3120 5080 3286 5133 homo.
3336 5078 3471 5133 Vide

1896 5179 2166 5249 quomodo
2201 5175 2375 5232 erexit
2417 5174 2627 5229 animos
2666 5187 2852 5227 eorum
2894 5171 2983 5240 qui
3024 5169 3366 5224 crediderunt
3406 5168 3459 5221 in
3512 5172 3515 5175 '

1896 5270 2117 5326 Judteis.
2168 5267 2300 5322 Nam
2342 5266 2594 5334 quoniam
2623 5261 2915 5318 verisimile
2944 5269 3061 5316 erat
3090 5276 3185 5314 eos
3216 5259 3473 5329 imagina-

1900 5372 1981 5417 tos
2007 5374 2126 5415 esse
2156 5372 2254 5413 nos
2295 5372 2399 5411 non
2430 5355 2629 5411 habere
2666 5354 2771 5410 tale
2810 5351 3212 5408 tabernaculum
3247 5366 3261 5403 :
3295 5350 3467 5415 Ecce,

1900 5452 2090 5521 inquit,
2120 5449 2392 5513 sacerdos,
2424 5455 2477 5501 et
2507 5460 2752 5515 magnus,
2782 5453 2838 5499 et
2863 5443 2955 5497 illo
2978 5442 3146 5495 multo
3176 5441 3345 5509 major
3370 5481 3386 5503 ,
3418 5448 3479 5492 ut

1900 5541 2268 5597 admirabilius
2308 5538 2500 5593 obtulit
2552 5534 2899 5591 sacriﬁcium.
2947 5533 3018 5586 At
3062 5529 3316 5599 numquid
3360 5528 3475 5582 hanc

1902 5642 2025 5688 sunt
2060 5632 2314 5701 jactantia
2360 5639 2416 5684 et
2456 5628 2619 5681 animi
2659 5624 2988 5681 oblectatio?
3026 5622 3312 5690 PrOpterea
3358 5633 3473 5673 rem

1905 5729 2047 5800 prius
2081 5726 2202 5782 facit
2230 5722 2539 5791 credibilem
2568 5735 2630 5777 ex
2654 5715 3001 5789 jurejurando
3023 5757 3037 5781 ,
3075 5711 3268 5770 deinde
3313 5710 3475 5779 etiam
