4002 6426
591 309 690 365 ill

582 442 647 481 ex
680 423 1043 479 tabernaculo.
1078 420 1205 478 Erat
1224 419 1435 490 quidem
1460 417 1576 473 hmo
1603 433 1817 488 quoque
1844 428 2028 488 aperta
2054 417 2153 472 dif-

578 518 804 574 ferentia
831 535 843 571 :
876 517 988 584 ipse
1011 528 1138 568 vero
1157 512 1315 565 aliam
1341 525 1555 580 qunque
1580 511 1848 580 excogitat
1878 527 1894 568 :
1928 510 2076 575 Quod
2091 509 2155 578 ﬁ-

580 611 656 664 ait
680 651 697 674 ,
728 608 896 677 inquit
918 647 933 669 ,
961 605 1121 667 Deus,
1153 612 1200 657 et
1249 619 1353 657 non
1379 603 1549 671 homo.
1583 601 1684 658 Ubi
1705 610 1831 656 sunt
1853 601 1941 671 qui
1969 600 2154 654 dicunt

579 699 781 758 moveri
828 696 1018 751 emtum
1044 695 1068 748 ?
1096 694 1183 749 ubi
1235 701 1362 749 sum
1400 694 1491 762 qui
1538 692 1888 764 pronuntiant
1938 690 1990 746 id
2034 705 2155 745 esse

577 789 896 859 sphxricum
919 788 1023 857 (a)?
1047 795 1268 855 utraque
1288 785 1429 839 enim
1453 783 1674 839 bicsunt
1690 783 1914 837 sublata.
1940 780 2155 846 Capitu-

576 882 681 935 ltnn
705 888 895 942 autem,
915 876 1111 946 inquit,
1138 892 1293 947 super
1314 891 1373 929 ea
1394 889 1507 943 qua:
1529 873 1785 927 dicuntur.
1813 873 1988 942 Caput
2015 886 2155 926 sem-

578 986 678 1041 per
716 968 915 1023 dicitur
960 965 1013 1020 id
1056 965 1199 1035 quod
1234 972 1320 1019 est
1358 962 1668 1037 maximum.
1702 962 1907 1017 Rursus
1934 960 2155 1017 dimittit

579 1062 873 1117 orationem
904 1080 917 1113 :
947 1073 1070 1113 cum
1099 1058 1324 1111 dixisset
1351 1055 1494 1125 quod
1520 1064 1605 1110 est
1634 1054 1867 1110 sublime
1886 1095 1902 1117 ,
1934 1053 2152 1106 humilia

586 1162 771 1224 postea
802 1151 968 1205 libere
1011 1148 1234 1221 p‘rofert.
1284 1146 1489 1209 Deinde
1530 1154 1588 1200 ut
1622 1146 1760 1201 scias
1802 1143 1943 1214 quod
1975 1142 2103 1197 illud
2136 1182 2150 1206 ,

580 1244 815 1302 Minister
841 1284 857 1307 ,
886 1242 1087 1295 dictum
1124 1240 1193 1294 sit
1221 1239 1291 1293 de
1334 1238 1664 1310 humanitate
1691 1277 1707 1302 ,
1738 1236 1861 1290 vide
1881 1232 2154 1304 quomodo

577 1350 768 1390 rursus
796 1335 899 1386 hoc
922 1330 1205 1401 signiﬁcet.
1235 1330 1287 1383 5.
1314 1326 1490 1382 Omnis
1510 1328 1643 1380 enim
1666 1327 1894 1396 pontifex
1912 1366 1927 1390 ,
1957 1323 2149 1391 inquit,

576 1426 644 1478 ad
686 1422 999 1490 oﬂ'erendum
1040 1435 1254 1473 munera
1289 1421 1333 1473 et
1376 1418 1564 1471 hostias
1602 1416 1922 1470 constituitur
1954 1429 1972 1468 :
2005 1414 2154 1467 Unde

577 1530 775 1569 necesse
819 1522 891 1565 est
934 1522 980 1565 et
1020 1511 1151 1565 hunc
1199 1510 1379 1572 habere
1415 1506 1610 1576 aliquid
1638 1505 1772 1575 quod
1800 1502 2003 1570 offerat.
2033 1503 2108 1557 Ne
2136 1542 2150 1567 ,

576 1605 826 1675 quoniam
845 1602 996 1656 audis
1015 1616 1136 1655 eum
1157 1599 1364 1664 sedere,
1386 1599 1659 1653 existimes
1680 1612 1800 1653 esse
1826 1611 1991 1667 nugas
2010 1595 2150 1665 quod

576 1698 751 1752 dictus
785 1696 856 1750 sit
884 1694 1119 1764 pontifex
1145 1710 1157 1745 :
1185 1706 1306 1749 nam
1344 1691 1473 1745 illud
1502 1689 1715 1761 quidem
1745 1698 1830 1746 est
1861 1690 1953 1743 Dei
1980 1688 2151 1757 digni-

577 1789 702 1842 tatis
724 1828 740 1853 ,
774 1801 962 1854 nempe
998 1784 1225 1849 sedere;
1268 1783 1370 1839 hoc
1394 1790 1570 1842 autem
1600 1782 1781 1835 inulta:
1822 1781 1872 1836 in
1902 1780 2147 1835 homines

577 1877 961 1933 benevolentiae
988 1868 1044 1929 et
1070 1890 1277 1945 magna
1299 1888 1441 1928 curae
1468 1889 1626 1944 quam
1654 1874 1818 1926 nostri
1841 1872 1995 1942 gerit.
2018 1872 2151 1925 Prn-

575 1981 754 2037 pferea
786 1969 886 2022 hoc
918 1967 1070 2033 lenit,
1099 1978 1154 2022 et
1182 1968 1233 2021 in
1254 1982 1323 2021 eo
1347 1967 1546 2022 diutius
1576 1968 1891 2024 immoratur
1920 1983 1933 2018 :
1977 1962 2149 2017 timuit

578 2070 721 2107 enim
767 2071 836 2110 ne
877 2056 1005 2111 illud
1046 2066 1332 2113 everteret.
1376 2058 1668 2125 Propterea
1713 2056 1780 2110 ad
1828 2058 1929 2111 hoc
1970 2070 2157 2111 rursus

576 2144 790 2200 deducit
807 2149 1127 2212 orationem,
1146 2150 1397 2219 quoniam
1418 2150 1727 2219 quierebant
1751 2149 1912 2218 aliqui
1939 2166 1952 2202 :
1980 2150 2159 2215 Quare

577 2244 659 2288 est
696 2246 938 2291 mortuus
963 2279 977 2301 ,
1005 2254 1126 2293 cum
1164 2249 1309 2295 esset
1351 2239 1654 2295 sacerdos?
1682 2239 1932 2295 sacerdos
1973 2249 2154 2294 autem

579 2340 685 2381 non
720 2337 803 2382 est
842 2329 1041 2400 absque
1086 2330 1351 2386 sacriﬁcio
1380 2349 1395 2385 ;
1425 2340 1635 2400 oportet
1676 2346 1804 2399 ergo
1848 2343 1970 2383 eum
2020 2344 2158 2399 quo-

576 2431 680 2485 que
718 2416 916 2479 habere
955 2420 1301 2477 sacriﬁcium.
1356 2422 1605 2491 Alioquin
1661 2431 1840 2475 autem
1894 2436 2015 2474 cum
2068 2421 2154 2474 di-

577 2506 748 2562 sisset
799 2510 940 2578 quod
1000 2511 1070 2564 sit
1130 2511 1270 2581 apud
1319 2526 1543 2581 superos
1574 2551 1590 2577 ,
1638 2511 1767 2565 dicit
1818 2520 1873 2566 et
1921 2511 2157 2567 ostendit

575 2600 717 2669 quod
773 2602 847 2657 sit
895 2604 1149 2659 sacerdos
1202 2604 1471 2674 undique,
1500 2620 1564 2659 ex
1618 2603 2050 2671 Melchisedech,
2086 2620 2151 2659 ex

568 2693 873 2762 iuramento
896 2736 913 2759 ,
952 2711 1017 2750 ex
1060 2712 1127 2752 eo
1169 2697 1312 2767 quod
1346 2697 1534 2752 oﬁ'erat
1563 2696 1904 2751 sacrificium.
1949 2696 2024 2753 Ex
2053 2697 2155 2751 hoc

574 2785 644 2840 de
673 2796 873 2843 ca-tero
899 2789 1057 2843 etiam
1099 2789 1260 2843 alium
1305 2790 1543 2844 contexit
1585 2789 1973 2860 synagismum.
2003 2790 2057 2842 4.
2090 2788 2153 2842 Si

573 2893 693 2947 ergo
718 2890 863 2940 esset,
884 2880 1074 2949 inquit,
1091 2898 1243 2951 super
1260 2892 1465 2945 terram,
1498 2898 1587 2935 nec
1606 2893 1734 2935 esset
1761 2885 2015 2947 sacerdos,
2034 2898 2151 2935 cunt

572 2976 731 3021 essent
754 2970 1038 3023 sacerdotes
1064 2970 1151 3039 qui
1178 2970 1416 3035 oﬂ'errent
1440 2972 1714 3026 secundum
1736 2972 1894 3042 legem
1919 2988 2147 3030 munem.

572 3059 630 3114 Si
659 3076 787 3131 ergo
822 3070 906 3116 est
941 3063 1192 3118 sacerdos
1217 3105 1231 3127 ,
1260 3065 1398 3118 sicut
1424 3073 1571 3119 certe
1600 3075 1703 3128 est,
1735 3074 1945 3133 Oportet
1974 3065 2150 3133 ipsum

568 3173 815 3226 .quterere
855 3160 1017 3214 alium
1058 3160 1258 3214 locum.
1301 3159 1434 3215 Nam
1474 3161 1520 3214 si
1560 3169 1704 3215 esset
1745 3161 1958 3230 quidem
1986 3174 2150 3230 super

570 3260 788 3315 terram,
809 3267 910 3304 non
922 3258 1071 3306 esset
1089 3251 1360 3306 sacerdos.
1387 3251 1666 3319 Quomodo
1684 3252 1871 3307 enim?
1898 3252 2016 3309 Non
2042 3253 2147 3308 ob-

568 3341 793 3403 tulisset.
812 3357 917 3396 non
934 3343 1143 3397 functus
1160 3354 1305 3399 esset
1322 3359 1543 3399 munere
1568 3345 1921 3411 sacerdotali;
1954 3355 2010 3402 et
2027 3347 2150 3416 jure

565 3431 778 3500 quidem
807 3450 818 3486 :
851 3449 970 3487 nam
998 3435 1117 3489 istic
1137 3446 1293 3489 erant
1307 3436 1637 3491 sacerdotes.
1662 3437 1730 3490 Et
1750 3436 1986 3491 ostendit
2007 3438 2148 3506 quod

567 3539 665 3579 nec
689 3524 801 3579 ﬁeri
827 3526 993 3592 potuit
1021 3534 1080 3578 ut
1105 3537 1247 3580 esset
1277 3527 1528 3583 sacerdos
1555 3543 1717 3595 super
1741 3537 1934 3582 terram
1969 3548 1983 3584 :
2016 3545 2151 3599 quo.-

568 3616 727 3669 modo
743 3616 883 3669 enim
900 3615 925 3668 ?
942 3615 1211 3685 Siquidem
1245 3632 1419 3686 neque
1444 3620 1770 3672 assurrectio
1796 3628 1933 3685 erat,
1953 3619 2146 3689 inquit.

642 3706 792 3759 Pauli
818 3706 1107 3776 prudentia.
1134 3707 1322 3761 --Hic
1375 3723 1597 3764 necesse
1622 3717 1706 3764 est
1755 3720 1987 3766 mentem
2033 3713 2146 3768 eri-

566 3814 713 3868 gere,
760 3808 816 3853 et
855 3798 1205 3867 apostolicam
1246 3800 1601 3870 contemplari
1626 3801 2150 3872 prudentiam:rur-

563 3906 657 3946 sus
700 3892 843 3945 enim
894 3891 1131 3946 ostendit
1180 3891 1536 3947 differentiam
1585 3892 1893 3949 sacerdotii.
1946 3896 2002 3952 5.
2048 3896 2148 3965 Qui

577 3978 856 4049 exemplari
879 4021 896 4043 ,
945 3980 1151 4049 inquit,
1199 3990 1246 4034 et
1293 3980 1484 4035 umbra:
1528 3983 1810 4037 deserviunt
1852 3985 2143 4042 ctelestium.

569 4071 822 4136 Quaenam
854 4072 939 4125 hic
964 4071 1093 4125 dicit
1116 4071 1389 4127 caelestia?
1409 4072 1715 4142 Spiritualia
1743 4092 1756 4127 :
1786 4091 1907 4129 nam
1938 4076 2145 4131 etiamsi

575 4163 789 4233 mystice
823 4163 951 4217 ﬁant
985 4178 1148 4233 super
1176 4173 1397 4230 terram,
1423 4175 1552 4220 sunt
1592 4176 1767 4221 tamen
1801 4166 1956 4237 digna
1985 4170 2144 4225 cmic-

585 4254 754 4307 tibus.
784 4254 1008 4321 Quando
1036 4256 1178 4309 enim
1210 4255 1471 4310 Dominus
1501 4266 1684 4313 noster
1721 4257 1876 4313 Jesns
1903 4257 2147 4315 Christus

566 4346 879 4413 proponitur
906 4354 1167 4400 mactatus
1210 4354 1265 4401 et
1306 4346 1611 4401 immolatus
1633 4388 1646 4409 ,
1678 4348 1889 4415 quando
1932 4349 2145 4404 advenit

565 4434 831 4504 Spiritus,
860 4436 1079 4505 quando
1125 4436 1213 4492 hic
1248 4437 1407 4492 adest
1446 4438 1534 4507 qui
1574 4437 1727 4492 sedet
1765 4437 1831 4492 ad
1872 4438 2145 4493 dexteram

564 4525 758 4590 Patris,
790 4526 1006 4595 quando
1036 4527 1171 4595 fiunt
1200 4528 1295 4581 ﬁlii
1322 4543 1419 4597 par
1447 4527 1740 4592 lavacrum,
1781 4528 1999 4598 quando
2022 4540 2148 4584 sunt

562 4617 707 4671 cives
733 4631 918 4671 eorum
943 4618 1031 4686 qui
1055 4627 1184 4672 sunt
1209 4617 1264 4672 in
1295 4617 1441 4671 caelis
1465 4658 1481 4685 ,
1510 4617 1720 4686 quando
1749 4618 1860 4673 illic
1888 4618 2145 4674 habemus

564 4710 787 4777 patriam
820 4720 873 4763 et
910 4710 1176 4764 civitatem
1199 4751 1216 4773 ,
1260 4709 1476 4777 quando
1507 4708 1593 4764 hic
1647 4723 1832 4762 sumus
1874 4710 2141 4778 peregrini

563 4809 616 4853 ct
656 4799 894 4867 hospites
932 4799 1199 4869 quomodo
1234 4815 1345 4853 non
1390 4808 1515 4854 sunt
1536 4800 1652 4854 haec
1676 4799 1852 4853 omnia
1876 4798 2144 4853 caelestia?

633 4887 687 4940 2.
719 4887 858 4954 Quid
890 4892 1053 4943 vero?
1100 4890 1282 4962 hymni
1312 4906 1420 4946 non
1464 4903 1590 4947 sunt
1634 4893 1918 4949 ctelestes?
1962 4909 2141 4947 annon

564 4993 684 5045 quin
717 4978 853 5048 apud
885 4994 1109 5048 superos
1145 4991 1345 5036 canunt
1384 4982 1539 5037 chori
1573 4982 1839 5037 Virtutum
1891 4985 2142 5053 incorpo-

566 5082 802 5133 rearum,
830 5084 893 5123 ea
922 5085 1020 5123 nos
1048 5086 1260 5140 quoque
1289 5074 1377 5142 qui
1406 5073 1543 5129 infra
1565 5091 1752 5130 sumus
1773 5077 2017 5133 canimus
2039 5077 2142 5131 illis

565 5161 951 5214 consonantia?
980 5177 1156 5216 annon
1198 5174 1251 5218 et
1280 5180 1369 5217 ara
1401 5177 1478 5220 est
1508 5167 1776 5220 caelestis?
1822 5168 2142 5235 Quomodo?

566 5251 701 5306 nihil
728 5251 887 5308 habet
912 5255 1127 5309 carnale
1156 5272 1170 5308 :
1200 5266 1324 5310 sunt
1349 5256 1641 5327 splritualia
1674 5261 1851 5314 omnia
1877 5276 1998 5330 qua:
2019 5269 2143 5315 sunt

567 5347 841 5413 proposita
876 5362 889 5398 :
920 5362 1026 5399 non
1055 5346 1107 5399 in
1142 5346 1378 5402 cinerem
1404 5390 1419 5414 ,
1461 5364 1566 5403 non
1596 5351 1647 5404 in
1680 5352 1878 5406 fumum
1905 5394 1921 5418 ,
1953 5366 2060 5407 non
2090 5353 2141 5407 in

568 5434 811 5489 nidorem
842 5434 1160 5490 diﬁ‘unditur
1187 5438 1528 5505 sacriﬁcium,
1559 5440 1653 5495 sed
1684 5441 1960 5508 splendida
1991 5442 2143 5497 laeta-

567 5540 674 5595 que
700 5523 864 5579 efﬁcit
892 5541 1011 5595 qua:
1040 5537 1163 5582 sunt
1190 5529 1485 5599 proposita.
1516 5531 1794 5599 Quomodo
1824 5542 2005 5588 autem
2037 5549 2141 5589 non

629 5727 1014 5803 (a)f5phzeric_um
1041 5747 1151 5803 esse
1162 5736 1548 5803 caelumnegahat
1570 5741 1945 5803 Cln'ysoslomus.
1964 5743 2062 5800 Qua
2081 5744 2142 5792 de

496 5843 499 5847 ,
566 5801 621 5838 t‘e
647 5792 756 5842 vide
781 5808 888 5856 qua:
912 5797 1124 5846 diximus
1139 5800 1189 5847 in
1214 5792 1498 5852 I‘raztatione
1529 5805 1583 5853 ad
1610 5794 1823 5855 Cosmum
1851 5792 2137 5865 .‘Egn‘tiun‘i.

1304 310 1361 368 S.
1402 309 1679 366 JUANNIS
1716 299 2192 363 CHRYSOSTOMI

2257 299 2575 356 ARCHIEE.
2616 296 3146 361 CONSTANTINOP.
3707 296 3787 354 ll!

2260 405 2381 450 sunt
2406 399 2637 453 cmiestia
2666 415 2786 477 qua:
2814 403 3159 470 perﬁciuntur
3182 408 3455 477 mysteria,
3478 426 3594 466 cum
3622 428 3678 467 ex
3704 432 3788 486 quo

2258 486 2459 542 dictum
2480 499 2582 553 est,
2614 488 2839 556 acorum
2873 494 3174 549 retinueritis
3213 511 3434 567 peccata,
3454 514 3635 558 retenta
3659 522 3788 575 sum;

2256 594 2466 647 quorum
2485 581 2793 646 remiseritis,
2811 586 3129 640 remittuntur
3149 587 3323 659 (Joan.
3341 592 3429 647 20.
3447 593 3558 663 ‘25).
3580 598 3791 665 quinum:

2257 672 2683 726 ministrantsibi
2727 674 2858 744 ipsis
2885 675 2936 729 id
2967 678 3139 746 ipsum
3167 681 3389 736 audiunt
3415 683 3649 740 dictum?
3687 706 3789 759 quo-

2256 764 2421 823 modo,
2442 779 2545 819 non
2584 767 2760 820 omnia
2779 769 3009 834 exclustia
3032 786 3150 827 cum
3182 771 3231 826 hi
3262 776 3417 837 etiam
3439 776 3607 843 claves
3633 779 3794 839 habrnt

2255 855 2403 924 regni
2429 856 2719 910 caelorum?
2777 857 2877 924 Qui
2902 862 3198 929 exemplari,
3227 863 3411 934 inquit,
3440 876 3487 921 et
3528 870 3700 923 umbra:
3721 875 3792 926 tle-

2254 948 2781 1016 serviuntcatlestium,
2809 952 2939 1005 sicut
2965 970 3254 1023 responsum
3277 968 3347 1010 est
3377 957 3545 1029 Moysi
3572 978 3673 1015 cum
3694 982 3789 1018 con-

2254 1049 2525 1092 summaret
2559 1041 2937 1101 tabernaculum
2965 1059 2985 1097 :
3018 1043 3164 1112 Vide,
3188 1048 3364 1118 inquit,
3390 1052 3557 1103 omnia
3580 1054 3717 1123 facito
3735 1074 3795 1110 se-

2254 1129 2476 1191 cundum
2492 1131 2749 1200 exemplar
2772 1132 2908 1202 quod
2932 1133 3020 1187 tibi
3045 1145 3296 1190 ostensum
3321 1149 3393 1192 est
3413 1140 3466 1199 in
3492 1127 3796 1211 rttottte.Quo-

2256 1221 2396 1289 niam
2437 1222 2648 1276 auditus
2678 1233 2857 1279 noster
2897 1233 2983 1280 est
3020 1226 3086 1280 ad
3114 1227 3425 1291 discendum
3452 1233 3645 1293 tardior
3667 1253 3805 1305 quam,

2255 1314 2399 1375 visus
2428 1318 2558 1385 (non
2586 1317 2727 1371 enim
2754 1333 2874 1388 qua:
2897 1319 3221 1384 audierimus
3263 1323 3515 1378 similiter
3545 1326 3611 1379 ita
3635 1330 3784 1385 animo

2257 1407 2568 1462 mandamus
2604 1419 2764 1478 atque
2809 1426 2927 1480 qua:
2970 1412 3307 1485 viderimus),
3353 1417 3589 1472 ostendit
3615 1421 3661 1474 ei
3704 1436 3796 1475 on:-

2257 1501 2360 1554 nia.
2414 1503 2520 1555 Aut
2562 1502 2663 1557 hoc
2698 1503 2766 1557 ab
2789 1504 3038 1574 exemplo
3056 1506 3292 1561 ostendit
3316 1516 3372 1562 et
3401 1510 3608 1573 umbra.
3647 1523 3725 1565 aut
3747 1515 3799 1569 de

2256 1594 2456 1663 templo
2496 1595 2883 1665 subintelligit;
2915 1597 3187 1667 subiunxit
3224 1600 3367 1654 enim
3389 1642 3405 1667 ,
3442 1600 3588 1667 Vide,
3630 1604 3789 1672 inquit,

2255 1684 2425 1739 onmia
2452 1684 2607 1754 facito
2622 1686 2900 1751 secundum
2929 1690 3186 1758 exemplar
3203 1690 3340 1759 quod
3361 1691 3452 1744 tibi
3476 1702 3713 1747 ostensum
3741 1709 3797 1750 est

2253 1775 2309 1828 in
2331 1784 2517 1829 monte.
2545 1775 2811 1846 Numquid
2841 1778 2969 1832 vidit
3002 1778 3070 1833 de
3106 1781 3508 1849 constructione
3536 1784 3705 1852 templi
3726 1801 3795 1839 so-

2256 1866 2387 1932 lum,
2417 1880 2484 1920 an
2508 1867 2574 1922 de
2603 1867 2897 1935 sacriﬁciis,
2919 1877 2972 1923 et
3000 1868 3066 1924 de
3086 1870 3205 1923 aliis
3230 1871 3480 1927 omnibus
3505 1871 3528 1925 2
3558 1870 3661 1926 lmo
3699 1890 3800 1929 vero

2254 1971 2354 2025 nec
2390 1958 2713 2012 abcrraverit
2741 1959 2829 2027 qui
2862 1960 2961 2013 hoc
2997 1960 3156 2014 etiam
3186 1960 3398 2015 dixerit.
3430 1962 3661 2017 Caeli-stis
3685 1966 3809 2023 enim

2251 2061 2335 2107 est
2351 2050 2607 2116 Ecclesia,
2622 2060 2676 2104 et
2701 2052 2830 2106 nihil
2853 2052 2997 2109 aliud
3018 2068 3177 2123 quam
3199 2054 3411 2109 caelum.
3427 2055 3482 2109 6.
3498 2053 3646 2110 Nunc
3670 2068 3800 2111 autem

2253 2143 2432 2198 melius
2454 2144 2659 2198 sortitus
2676 2155 2748 2198 est
2770 2146 3120 2213 ministerium,
3146 2156 3337 2217 quanto
3358 2158 3405 2201 et
3436 2149 3653 2203 melioris
3673 2160 3795 2204 testa.

2255 2238 2407 2291 menti
2433 2236 2680 2291 mediator
2715 2247 2785 2292 est
2813 2238 2913 2307 (a).
2942 2238 3104 2294 Vides
3124 2280 3140 2303 ,
3173 2240 3379 2308 inquit,
3414 2250 3616 2310 quanto
3641 2242 3799 2296 melius

2255 2336 2339 2385 est
2360 2327 2711 2385 ministerium
2741 2328 3061 2391 ministerio,
3091 2327 3354 2398 siquidem
3387 2329 3521 2383 illud
3543 2341 3621 2383 est
3648 2345 3797 2385 exem-

2262 2419 2376 2488 plar
2394 2427 2443 2473 et
2480 2420 2667 2489 ﬁgura,
2691 2423 2790 2476 hoc
2809 2429 2988 2477 autem
3013 2421 3369 2478 veritas?Sed
3400 2422 3506 2479 hoc
3525 2421 3656 2481 nihil
3675 2424 3803 2494 prod-

2260 2520 2376 2567 erat
2424 2511 2795 2575 andientibns,
2828 2528 2998 2583 neque
3034 2527 3130 2569 eos
3151 2512 3423 2570 afﬁciebat
3460 2513 3661 2568 laetitia.
3699 2513 3803 2567 Pro-

2261 2616 2441 2676 pterea
2485 2606 2614 2659 dicit
2660 2605 2710 2659 id
2753 2606 2891 2675 quod
2922 2606 3149 2660 maxima
3198 2607 3379 2661 laetitia
3407 2620 3506 2662 eos
3532 2605 3800 2659 aflh'iebat:

2266 2699 2415 2765 Quod
2441 2700 2491 2750 in
2519 2698 2806 2752 melioribus
2826 2699 3295 2768 repromissionibus
3311 2698 3567 2752 sancitum
3586 2708 3675 2751 est.
3698 2696 3811 2751 Cum.

2262 2789 2309 2842 id
2365 2790 2637 2842 extulisset
2669 2804 2698 2842 a
2736 2788 2856 2843 loco
2883 2798 2937 2843 et
2972 2788 3249 2844 sacerdote
3300 2797 3357 2844 et
3398 2788 3678 2852 sacriﬁcio,
3704 2797 3803 2841 tunc

2264 2880 2409 2947 potiit
2457 2889 2533 2933 ‘ct
2612 2879 2737 2949 quid
2784 2879 2992 2939 intersit
3047 2880 3184 2935 inter
3228 2888 3637 2943 testamentum;
3684 2887 3813 2935 ante:

2258 2986 2469 3040 quoque
2517 2971 2729 3025 dixerat
2770 2970 2912 3040 quod
2961 2979 3106 3026 esset
3162 2969 3487 3025 imbecillum
3544 2978 3599 3023 et
3635 2968 3804 3022 inutile.

2261 3063 2328 3116 Et
2386 3062 2504 3119 \‘iJc
2554 3070 2749 3132 quanta
2794 3062 3041 3117 cautione
3086 3069 3297 3127 utatur,
3336 3075 3463 3115 cum
3492 3060 3660 3129 ipsum
3694 3065 3808 3113 esset

2261 3164 2625 3211 accusaturus.
2654 3154 2787 3209 Nam
2813 3170 2933 3210 cum
2961 3153 3071 3209 illic
3099 3154 3346 3220 dixisset,
3368 3152 3660 3208 Secundum
3682 3151 3807 3204 virts-

2261 3257 2361 3301 tem
2386 3247 2499 3302 uitta
2534 3246 2842 3318 insolubilis,
2881 3254 3007 3300 tunc
3048 3244 3201 3311 dixit,
3239 3243 3551 3315 Reprobatio
3575 3244 3806 3311 βενε-ωει-
3846 3306 3857 3317 ι

2261 3338 2425 3390 dentis
2449 3338 2720 3389 mandati:
2749 3336 2944 3392 deinde
2986 3336 3148 3389 etiam
3193 3344 3379 3404 postea
3424 3347 3671 3403 stagnum
3704 3328 3811 3396 quid

2266 3430 2460 3497 posuit,
2491 3428 2698 3493 dicens,
2726 3426 2830 3481 Per
2853 3428 2990 3498 quod
3018 3427 3125 3485 Deo
3154 3426 3629 3496 appropinquamus
3653 3421 3800 3494 (llebr.

2265 3519 2318 3574 7.
2349 3520 2459 3587 19).
2485 3518 2581 3573 llic
2605 3527 2785 3573 autem
2813 3534 2938 3579 cum
2966 3534 3065 3573 nos
3090 3519 3144 3573 in
3184 3519 3379 3573 exulum
3408 3516 3734 3576 sustulisset,
3768 3520 3808 3564 et

2262 3611 2583 3667 ostendisset
2620 3610 2758 3681 quod
2807 3626 2905 3681 pro
2951 3610 3151 3680 templo
3178 3610 3370 3666 caelum
3418 3609 3729 3671 habeamus,
3767 3613 3809 3657 ct

2260 3703 2401 3773 quod
2442 3703 2529 3757 illa
2555 3712 2708 3758 erant
2731 3703 2916 3774 ﬁgura:
2942 3718 3122 3757 rerum
3156 3713 3462 3757 nostrarum
3484 3743 3503 3769 ,
3524 3710 3581 3756 et
3608 3715 3695 3769 per
3716 3700 3807 3751 hate

2258 3795 2539 3850 extulisset
2562 3795 2938 3861 ministerium,
2958 3794 3213 3863 deinceps
3236 3795 3401 3848 etiam
3420 3794 3616 3847 merito
3633 3790 3807 3847 extollit

2260 3884 2639 3940 sacerdotium.
2671 3884 2777 3941 Sed
2809 3926 2824 3953 ,
2853 3886 2991 3941 sicut
3014 3885 3123 3945 dixi
3149 3925 3165 3951 ,
3200 3884 3251 3939 id
3294 3884 3441 3953 quod
3471 3899 3568 3939 eos
3611 3883 3806 3937 maxime

2257 3973 2423 4030 afﬁcit
2459 3976 2639 4032 laetitia
2664 4017 2680 4041 ,
2711 3977 2857 4046 ponit
2898 3976 3081 4031 dicens
3109 3993 3123 4030 :
3159 3975 3309 4041 Quod
3336 3977 3391 4029 in
3421 3974 3699 4029 melioribus
3735 3990 3797 4025 rc-

2260 4068 2675 4134 promissionibus
2721 4070 2971 4122 sancitum
3008 4079 3101 4122 est.
3134 4069 3285 4123 Unde
3330 4068 3436 4123 hoc
3464 4068 3709 4123 constat?
3746 4066 3805 4119 Et

2258 4159 2482 4227 ecquod
2513 4159 2686 4229 ipsum
2724 4158 2941 4229 quidem
2969 4168 3053 4214 est
3096 4160 3328 4228 ejectum
3355 4199 3373 4225 ,
3417 4159 3537 4229 ejus
3566 4174 3688 4214 vero
3713 4157 3805 4210 loco

2260 4248 2387 4301 illud
2419 4249 2777 4305 intmduetum
2808 4268 2822 4305 :
2853 4261 3135 4321 propterea
3179 4251 3323 4305 enim
3365 4251 3693 4305 dominatum
3726 4249 3802 4302 ob-

2259 4340 2392 4393 tinet
2412 4340 2555 4409 quod
2583 4342 2653 4395 sit
2681 4343 2896 4397 melius.
2930 4342 3059 4396 Nam
3088 4343 3231 4419 sicut
3253 4341 3382 4397 dicit
3411 4358 3426 4394 :
3465 4342 3527 4397 Si
3559 4359 3645 4411 per
3669 4342 3801 4409 ipsum

2256 4439 2365 4482 erat
2389 4434 2756 4487 consummatio
2781 4475 2795 4498 ,
2826 4434 2949 4505 quid
2973 4434 3142 4488 adhuc
3169 4452 3296 4504 opus
3323 4436 3424 4505 fuit
3449 4434 3713 4490 secundum
3736 4449 3804 4485 or-

2256 4519 2425 4574 dinent
2451 4521 2815 4578 Melchisedech
2840 4526 2999 4578 alium
3026 4542 3230 4596 surgere
3251 4526 3611 4580 sacerdotem?
3645 4526 3708 4579 ita
3733 4522 3802 4576 hic

2257 4626 2469 4681 quoque
2493 4628 2620 4668 usus
2647 4624 2732 4670 est
2759 4615 2948 4671 eodem
2978 4617 3311 4686 syllogismo,
3339 4616 3533 4673 dicens
3566 4635 3580 4672 :
3606 4619 3656 4671 7.
3685 4614 3798 4668 Non

2255 4706 2301 4759 si
2322 4704 2455 4759 illud
2480 4707 2620 4775 prius
2662 4708 2815 4779 culpa
2843 4716 3067 4763 vacasset
3088 4750 3104 4776 ,
3133 4724 3235 4765 non
3261 4709 3432 4779 utique
3457 4708 3665 4764 secundi
3687 4708 3803 4761 locus

2252 4813 2629 4880 inquireretur,
2678 4812 2784 4863 hoc
2816 4819 2921 4874 est,
2961 4811 3006 4864 si
3040 4811 3177 4864 nihil
3210 4810 3313 4880 ipsi
3339 4810 3625 4870 defuisset,
3658 4809 3696 4860 si
3720 4818 3793 4857 eos

2251 4901 2525 4955 eﬁ'ecisset
2545 4901 2682 4954 nulli
2700 4901 2876 4970 culpa:
2895 4900 3102 4955 aﬂines.
3126 4900 3260 4955 Nam
3282 4900 3431 4970 quod
3447 4901 3518 4954 de
3539 4900 3639 4952 hoc
3651 4895 3791 4954 dicat,

2252 4992 2379 5045 audi
2415 4991 2704 5060 sequentia
2761 5010 2774 5045 :
2826 4992 3138 5063 Vituperans
3175 4994 3313 5063 ipsos
3340 4992 3486 5044 dicit.
3522 4991 3635 5045 Non
3660 4985 3791 5044 dixit,

2253 5081 2582 5152 Vituperans
2605 5084 2806 5152 ipsum,
2827 5084 2945 5149 sed,
2968 5084 3280 5153 Vituperans
3302 5100 3385 5137 eos
3398 5084 3545 5137 dicit.
3573 5081 3695 5134 Ecce
3706 5078 3792 5130 dies

2252 5173 2481 5240 venient,
2528 5172 2647 5227 dicit
2674 5173 2941 5238 Dominus,
2982 5186 3030 5227 et
3064 5173 3419 5227 consummato
3442 5189 3592 5241 super
3613 5170 3788 5223 domum

2258 5263 2453 5331 Israel,
2486 5276 2533 5319 et
2554 5283 2710 5333 super
2738 5267 2945 5319 domum
2979 5266 3122 5319 Iuda
3161 5275 3509 5321 testamentum
3541 5277 3724 5324 nouunt,
3751 5258 3796 5310 9-

2256 5373 2358 5410 non
2390 5357 2667 5411 secundum
2699 5366 3047 5410 testamentum
3085 5358 3220 5425 quod
3262 5358 3356 5426 feri
3384 5356 3607 5425 patribus
3632 5363 3791 5409 eorum.

2257 5448 2308 5501 in
2338 5448 2419 5501 die
2447 5464 2547 5516 qua
2575 5449 2890 5516 apprehendi
2916 5463 3121 5502 manum
3148 5464 3341 5514 eorum,
3362 5457 3417 5500 ut
3439 5448 3687 5501 educerem
3703 5438 3795 5492 illot

2257 5541 2319 5595 de
2346 5550 2478 5595 terra
2511 5538 2729 5612 Αἴθρη)ιὶ
2756 5556 2774 5595 :
2801 5541 3041 5611 quoniam
3081 5542 3179 5612 ipsi
3215 5558 3316 5595 non
3362 5542 3725 5605 permanserunt
3756 5530 3795 5580 in

2259 5640 2555 5685 testamento
2602 5647 2732 5695 meo,
2788 5642 2834 5686 et
2874 5648 2964 5702 ego
3015 5633 3212 5702 neglexi
3262 5648 3377 5695 eos,
3409 5631 3527 5683 dicit
3564 5624 3779 5681 Dominus

2260 5721 2697 5789 lli.uxitne,inquit
2726 5740 2736 5774 :
2767 5730 2819 5777 et
2874 5724 3011 5778 unde
3048 5732 3253 5779 constat
3304 5723 3441 5793 quod
3491 5722 3640 5782 tinem
3670 5726 3792 5769 ποτε·

2316 5819 2387 5881 (a)
2417 5818 2465 5868 lu
2494 5817 2625 5868 (Iulb.
2657 5818 2813 5866 hiatus
2837 5825 3038 5877 magnus
3066 5820 3140 5862 cst
