4002 6426
134 278 255 354 us;

124 396 615 471 perit?Ostcnderat
647 392 861 469 quidem
888 408 941 453 et
984 412 1049 452 ex
1082 396 1359 456 sacerdote
1394 416 1404 449 :
1445 394 1679 449 ostendit

127 506 249 546 nunc
273 506 481 561 quoque
510 489 793 545 dilucidius
834 488 1049 543 disertis
1077 487 1254 541 verbis
1274 528 1289 551 ,
1338 487 1509 556 ipsum
1558 499 1680 539 esse

126 582 352 651 ejectum.
384 579 703 647 Quomodo?
748 579 810 631 In
852 578 1141 632 melioribus
1185 575 1679 647 repromissionibus,

124 673 310 728 dicens.
356 672 455 727 Ubi
488 672 651 735 enim,
679 670 976 738 dicqumso,
998 678 1079 724 est
1109 670 1247 723 inter
1262 668 1451 723 czclum
1489 677 1542 721 et
1576 678 1684 719 ter-

128 779 229 819 ram
257 762 569 833 :equalitas-?
609 761 687 815 Tu
724 769 901 814 autem
944 758 1219 813 considera
1264 756 1531 827 quomodo
1574 754 1685 809 illic

131 869 325 926 quoque
343 854 489 916 dicit,
517 851 581 905 In
602 850 1088 921 repromissionibus,
1114 864 1180 903 ne
1210 857 1266 901 tu
1294 847 1344 902 id
1366 859 1575 916 quoque
1599 859 1688 898 ac-

128 962 288 1002 cuses.
317 945 523 1000 Etenim
551 943 679 1008 illic,
716 939 813 996 Per
841 957 992 1004 quam
1009 956 1146 1011 spem
1164 937 1275 993 Deo
1308 936 1686 1008 apprOpinqua-

130 1054 253 1103 mus,
274 1035 461 1105 inquit,
492 1033 749 1087 meliorem
776 1030 958 1097 (Hebr.
990 1031 1041 1083 7.
1072 1029 1161 1100 19)
1188 1047 1203 1096 ;
1236 1027 1529 1084 ostendens
1554 1024 1694 1095 quod

134 1138 233 1191 illic
254 1148 462 1205 quoque
488 1132 558 1185 sit
582 1144 740 1200 Spes;
773 1137 827 1183 et
864 1128 949 1182 hic
971 1169 984 1192 ,
1012 1126 1284 1181 Meliorem
1322 1122 1698 1193 repromissio—

135 1242 269 1291 nem,
296 1222 639 1279 subindicans
667 1219 807 1291 quod
836 1219 943 1273 illic
963 1231 1174 1288 quoque
1199 1215 1529 1287 promiserit.
1557 1212 1701 1279 Quo-

134 1321 267 1374 niam
294 1326 470 1371 autem
511 1327 723 1383 semper
749 1310 1110 1375 accusabant,
1141 1308 1273 1362 Ecce
1312 1308 1464 1371 enim,
1508 1304 1702 1373 inquit,

137 1411 238 1463 dies
266 1408 478 1472 certient,
509 1404 631 1457 dicit
669 1401 917 1456 Dominus
940 1442 957 1467 ,
986 1409 1033 1454 et
1060 1397 1415 1453 consummabo
1445 1411 1597 1464 super
1614 1394 1706 1447 do-

134 1519 265 1554 mum
288 1499 533 1560 lsrael,-et
560 1511 710 1565 super
728 1494 929 1548 domum
955 1491 991 1546 J
998 1492 1096 1545 uda
1125 1496 1473 1545 testamentum
1500 1500 1702 1539 novum.

135 1593 245 1647 Non
272 1601 421 1644 vclus
450 1586 664 1658 aliquod
706 1594 1082 1639 testamentum
1125 1581 1273 1634 dicit.
1321 1577 1454 1633 Nam
1496 1591 1562 1630 ne
1607 1578 1706 1627 huc

138 1688 349 1751 possent
399 1678 615 1740 dicere,
666 1685 877 1744 tempus
920 1686 1131 1743 quoque
1177 1666 1506 1739 prtescripsit
1544 1682 1557 1717 ε
1603 1678 1706 1717 non

138 1778 275 1830 enim
308 1774 547 1828 absolute
573 1772 732 1836 dicit,
766 1770 1056 1826 Secundum
1087 1774 1436 1821 testamentum
1462 1759 1594 1830 quod
1616 1757 1713 1829 feci

142 1864 364 1932 patribus
394 1879 597 1927 eorum;
626 1878 694 1918 ne
735 1861 786 1916 id
829 1862 975 1915 dicas
1004 1858 1147 1929 quod
1179 1857 1375 1912 factum
1420 1853 1519 1908 l'uit
1545 1852 1713 1906 Abra-

142 1958 313 2019 hamo,
345 1965 437 2008 aut
463 1954 603 2024 quod
641 1955 835 2008 factum
864 1952 962 2006 fuit
1004 1950 1149 2014 Noe;
1181 1947 1275 2003 sed
1303 1944 1570 2018 quodnam
1600 1942 1670 1995 sit
1693 1980 1709 2005 .

142 2045 306 2115 inquit
330 2045 658 2100 declarans:
701 2043 823 2098 Non
862 2042 1141 2097 secundum
1186 2046 1537 2094 testamentum
1580 2033 1714 2105 quod

142 2141 233 2208 feci
263 2137 491 2207 patribus
520 2154 691 2192 eorum
716 2178 731 2201 ,
776 2137 862 2205 qui
890 2144 1031 2189 erant
1056 2135 1108 2187 in
1131 2133 1286 2187 exitu.
1321 2131 1387 2186 Et
1430 2129 1551 2185 ideo
1586 2128 1715 2184 sub-

135 2231 324 2300 junxit,
360 2230 428 2283 In
472 2231 553 2284 die
574 2245 673 2297 qua
701 2226 1015 2299 apprehendi
1036 2241 1238 2278 manum
1276 2240 1470 2289 eorum,
1501 2231 1556 2275 ut
1586 2220 1717 2275 edu-

138 2340 298 2377 cerem
322 2322 443 2377 illos
483 2323 544 2376 de
579 2331 715 2375 terra
743 2319 963 2390 ngypti
990 2335 1007 2373 :
1031 2318 1269 2388 quoniam
1311 2316 1407 2385 ipsi
1453 2330 1556 2368 non
1596 2328 1711 2381 per-

137 2425 428 2468 manserunt
454 2415 508 2467 in
530 2421 823 2468 testamento
852 2426 983 2478 meo,
1015 2419 1063 2463 et
1097 2423 1188 2480 ego
1213 2406 1410 2478 neglexi
1439 2420 1523 2460 eos
1543 2446 1558 2472 ,
1595 2402 1716 2457 dicit

136 2503 407 2559 Dominus.

203 2600 261 2654 5.
293 2597 457 2653 Vides
478 2595 705 2667 primum
740 2593 879 2649 mala
912 2608 943 2647 a
969 2590 1124 2648 nobis
1146 2588 1421 2660 incipere?
1472 2585 1594 2656 Ipsi,
1627 2583 1713 2638 in-

134 2694 269 2763 quit,
304 2692 534 2761 primum
575 2703 680 2742 non
707 2690 1134 2757 permanserunt.
1160 2682 1304 2753 Ergo
1338 2678 1475 2749 apud
1507 2692 1605 2731 nos
1635 2682 1718 2730 est

136 2783 458 2856 negligentia
484 2797 500 2847 ;
528 2781 667 2836 bona
693 2788 871 2835 autem
898 2777 966 2831 ab
994 2776 1129 2845 ipso,
1157 2771 1437 2837 beneficia,
1471 2770 1711 2838 inquam.

134 2879 229 2933 llic
273 2877 428 2946 ponit
472 2883 745 2943 tamquam
791 2870 1180 2933 defensionem,
1228 2867 1399 2934 ipsam
1429 2860 1717 2917 ostendens

133 2982 374 3034 causam,
404 2974 622 3036 propter
641 2977 801 3033 quam
822 2976 915 3017 eos
937 2958 1204 3028 relinquit.
1231 2956 1317 3011 10.
1344 2953 1597 3018 Quoniam
1621 2951 1715 3003 hoc

132 3068 201 3113 est
218 3066 599 3116 testamentum,
627 3052 817 3123 inquit,
854 3050 987 3121 quod
1027 3050 1295 3118 disponam
1327 3044 1500 3099 domui
1545 3040 1709 3095 Israel

136 3158 245 3218 post
261 3149 373 3201 dies
402 3148 541 3211 illos,
560 3145 680 3199 dicit
709 3142 958 3196 Dominus
979 3139 1154 3194 :Dabo
1193 3138 1324 3208 leges
1336 3152 1470 3190 meas
1489 3134 1719 3186 inmente

134 3259 331 3307 eorum,
360 3251 408 3293 et
425 3241 476 3293 in
495 3238 643 3292 corde
658 3252 829 3291 eorum
850 3234 1065 3287 scribam
1086 3247 1193 3296 eas;
1218 3238 1266 3283 et
1281 3244 1365 3282 ero
1382 3227 1515 3283 eisin
1536 3223 1716 3285 Deum,

133 3346 178 3387 et
204 3336 313 3405 ipsi
341 3341 491 3386 erunt
514 3329 637 3383 mihi
656 3330 709 3382 in
735 3327 1000 3396 papulum.
1025 3323 1175 3377 Adeo
1192 3322 1308 3377 haec
1327 3320 1456 3376 dicit
1482 3319 1548 3374 de
1575 3332 1714 3373 novo

134 3422 626 3491 Testamento,quia
643 3419 770 3474 dicit
784 3417 925 3472 :Non
942 3416 1212 3470 secundum
1227 3420 1572 3468 testamentum
1586 3410 1721 3481 quod

134 3518 247 3587 feci.
278 3516 543 3584 Quaenam
573 3519 752 3565 autem
792 3518 873 3563 est
921 3508 1021 3560 alia
1051 3521 1206 3577 quam
1236 3504 1349 3558 lucc
1374 3499 1718 3556 dill‘ercutia?

134 3610 187 3663 Si
216 3608 342 3678 quis
365 3614 547 3661 autem
571 3603 712 3657 dicat
736 3616 838 3655 non
870 3600 922 3652 iu
954 3598 1055 3652 hoc
1072 3611 1191 3652 esse
1215 3592 1597 3658 dill‘erentinm,
1627 3590 1721 3645 sed
1768 3638 1771 3642 .

139 3698 285 3769 quod
307 3698 451 3752 datae
477 3696 585 3751 sint
606 3694 656 3748 in
684 3689 936 3747 cordibus
956 3702 1171 3744 eorum:
1202 3700 1306 3740 non
1333 3690 1722 3753 praeceptorum

132 3788 377 3845 ostendit
402 3784 781 3847 dill'erentiam,
799 3780 893 3837 sed
910 3777 1123 3833 modum
1144 3774 1325 3831 dandi.
1351 3773 1465 3828 Non
1495 3771 1723 3841 amplius

131 3885 235 3939 crit
255 3926 273 3948 ,
307 3881 504 3951 inquit,
528 3877 931 3933 Testamentum
958 3873 1008 3926 in
1034 3870 1225 3933 literis,
1254 3868 1347 3923 sed
1370 3869 1423 3922 in
1450 3865 1721 3922 cordibus.

132 3976 249 4029 lloc
274 3969 576 4041 aliquando
607 3967 803 4021 factum
831 3962 1081 4019 ostendat
1104 3961 1359 4023 Judaeus;
1391 3958 1486 4014 sed
1507 3972 1614 4012 non
1645 3957 1726 4011 in-

128 4068 364 4123 veniet:
394 4077 585 4118 rursus
628 4060 769 4114 enim
802 4057 994 4111 factum
1030 4053 1201 4107 fuitin
1230 4052 1400 4107 literis
1440 4059 1558 4120 post
1586 4047 1727 4103 redi-

128 4174 243 4216 tum
270 4176 304 4215 a
332 4155 634 4227 Babylone.
687 4151 797 4221 Ego
825 4158 1001 4203 autem
1030 4145 1256 4200 ostendo
1295 4143 1568 4214 apostolos
1595 4141 1727 4195 nihil

128 4251 423 4320 accepisse
464 4245 744 4313 scriptum,
792 4239 887 4295 sed
918 4236 1221 4306 suscepisse
1253 4235 1304 4289 in
1337 4233 1589 4289 cordibus
1631 4247 1728 4301 per

117 4344 399 4415 Spiritum
441 4344 708 4394 sanctum.
735 4333 1099 4401 Quamobrem
1129 4330 1375 4385 Christus
1400 4342 1612 4399 quoque
1647 4326 1731 4383 di-

116 4436 283 4491 cebat
317 4452 331 4487 :
369 4430 475 4485 Ille
494 4446 610 4483 cum
640 4425 848 4492 venerit,
891 4425 1063 4478 omnia
1090 4422 1229 4476 vobis
1258 4419 1507 4474 revocabit
1534 4418 1588 4472 in
1622 4434 1728 4472 me-

112 4529 375 4591 moriam,
412 4533 459 4578 et
485 4520 686 4575 docebit
710 4515 979 4588 vos(Joan.
1015 4515 1103 4569 14.
1136 4511 1250 4582 26).
1276 4511 1366 4565 11.
1417 4507 1487 4563 Et
1514 4525 1616 4563 non
1637 4509 1729 4562 do-

111 4622 250 4675 cebit
306 4615 657 4685 unusquisque
705 4611 993 4682 proximum
1046 4623 1228 4671 suum,
1295 4615 1340 4659 ct
1387 4604 1749 4672 unusquisque

113 4717 351 4779 fratrem
387 4725 565 4773 suum,
593 4706 805 4760 dicens:
856 4702 1111 4773 Cognosce
1132 4699 1450 4753 Dominum:
1493 4698 1730 4766 quoniam

112 4821 309 4858 omnes
342 4807 504 4855 scient
529 4815 606 4852 me
634 4814 664 4850 a
690 4797 881 4849 minore
904 4808 1059 4861 usque
1080 4792 1145 4843 ad
1177 4791 1443 4861 majorem.
1473 4787 1560 4842 12.
1599 4786 1732 4854 Quia

112 4896 400 4965 propitius
432 4908 517 4945 cro
546 4890 764 4959 peccatis
787 4898 832 4941 et
860 4885 1208 4955 iniquitatibus
1237 4897 1433 4948 eorum,
1479 4892 1525 4934 et
1557 4895 1731 4949 pecca-

116 4998 309 5040 torum
335 4999 507 5039 eorum
532 4985 639 5050 iam
671 4995 771 5033 non
812 4976 1148 5032 memorabor.
1192 4973 1330 5028 Ecce
1350 4971 1492 5026 aliud
1519 4984 1725 5041 quoque

114 5082 392 5149 signum:
454 5076 495 5128 Α
536 5089 711 5144 parvo,
761 5070 953 5139 inquit,
1007 5084 1163 5134 usque
1200 5067 1268 5118 ad
1294 5081 1529 5136 magnum
1557 5078 1727 5117 eorum

120 5187 207 5224 me
237 5172 429 5228 scient.
459 5176 512 5221 et
540 5181 645 5219 non
669 5164 869 5226 dicent,
897 5158 1153 5231 Cognosce
1185 5158 1476 5211 Dominum.
1509 5154 1731 5223 Quandc

123 5261 344 5316 factum
373 5267 459 5313 est
486 5256 611 5321 hoc,
654 5253 754 5306 nisi
784 5249 961 5304 nunc?
1011 5248 1141 5303 Nam
1181 5245 1320 5317 quod
1350 5255 1591 5300 nostrum
1616 5243 1732 5313 qui-

122 5355 259 5409 dem
308 5360 421 5415 est,
473 5357 556 5403 est
605 5338 1353 5409 manifestumzquodautem
1382 5345 1465 5391 est
1495 5336 1729 5397 illorum,

122 5458 490 5517 nequaquam
538 5449 621 5495 est
658 5436 1022 5498 manifestum,
1065 5432 1159 5487 sed
1207 5431 1401 5499 angulo
1444 5429 1731 5484 inclusum.

123 5538 397 5607 Alioquin
426 5546 622 5588 novum
653 5538 777 5583 tunc
805 5525 1018 5590 dicitur,
1046 5522 1259 5592 quando
1285 5519 1623 5585 lueritaliud,
1674 5529 1732 5573 et

122 5628 447 5685 ostenderit
466 5626 508 5680 si
540 5623 663 5693 quid
680 5620 797 5691 plus
819 5617 1148 5687 habetquam
1164 5623 1338 5669 vetus.
1372 5611 1484 5666 lloe
1511 5627 1719 5681 quoque

128 5734 209 5777 est
247 5721 503 5783 Novum,
550 5711 761 5783 quando
801 5709 917 5778 ejus
944 5706 1043 5761 alia
1071 5704 1282 5775 quidem
1310 5702 1504 5758 fuerint
1529 5701 1722 5767 ablata,

856 274 919 336 1N
959 276 1175 337 EPIST.
1220 279 1309 333 AD
1348 271 1705 335 llEBRAZOS.
1749 274 1901 334 CAP.
1946 272 2083 338 Vill.
2127 275 2358 341 HOMlL.
2400 279 2539 343 XIV.

3275 294 3374 361 lli

1808 389 1906 442 alia
1936 404 2064 444 vero
2095 405 2199 444 non
2231 410 2243 445 :
2276 402 2330 446 ut
2363 394 2404 446 si
2428 395 2566 460 quis,
2597 396 2829 466 exempli
2858 411 3036 464 causa,
3070 394 3260 457 domus
3289 422 3375 458 ve-

1808 481 1954 545 teris,
1970 498 2087 552 quae
2105 483 2334 537 minatur
2353 484 2579 549 ruinam,
2602 488 2785 544 relicto
2797 490 3387 558 universo,lundameu-

1804 584 1914 628 tum
1933 578 2287 643 consarcinat,
2306 577 2588 634 confestim
2604 581 2855 648 dicimus,
2878 583 3007 638 Eam
3030 585 3154 641 fecit
3166 602 3381 655 novam,

1803 680 1923 720 cum
1953 666 2055 720 alia
2082 668 2361 733 exemerit,
2414 669 2517 722 alia
2557 685 2741 725 eorum
2767 673 2886 727 loco
2914 674 3203 733 induxerit.
3250 662 3389 732 Nam

1801 757 1989 811 czelum
2022 772 2236 829 quoque
2261 758 2455 813 dicitur
2478 775 2692 827 novum,
2735 765 2950 833 quando
2982 783 3087 822 non
3127 768 3225 823 fuit
3262 785 3379 824 ain-

1802 848 1938 917 plius
1966 863 2197 913 mneum,
2245 849 2341 903 sed
2384 848 2531 904 dedit
2575 851 2848 919 pluviam:
2893 855 3144 913 similiter
3170 875 3380 931 quoque

1801 948 1966 1005 terra,
1986 939 2199 1010 quando
2223 954 2330 995 non
2362 939 2589 1011 amplius
2618 942 2713 996 l'uit
2734 942 3057 1013 infmcunda,
3093 966 3196 1004 non
3214 968 3379 1022 quan-

1799 1032 1869 1087 do
1899 1032 1998 1087 l‘uit
2026 1040 2248 1087 mutata.
2300 1033 2367 1086 Et
2402 1031 2593 1088 domus
2638 1042 2763 1089 tunc
2806 1051 2964 1102 nova,
3017 1041 3226 1108 quando
3276 1044 3376 1099 alia

1796 1126 2010 1196 quidem
2037 1128 2152 1195 ejus
2180 1135 2303 1181 sunt
2348 1127 2545 1193 ablata,
2594 1127 2692 1182 alia
2725 1143 2854 1183 vero
2900 1141 3136 1186 manent.
3181 1134 3380 1200 Quam-

1796 1216 1980 1272 obrem
2006 1225 2061 1272 et
2076 1217 2475 1272 Tesmmentum
2498 1232 2691 1272 novum
2707 1218 2845 1274 bene
2866 1223 3092 1289 vocavit,
3117 1232 3173 1277 ut
3199 1237 3379 1281 osten-

1795 1307 1948 1363 deret
1976 1307 2115 1378 quod
2144 1307 2272 1361 illud
2301 1307 2703 1363 Testamentum
2744 1310 2941 1364 factum
2986 1312 3055 1365 sit
3082 1322 3372 1383 vetustum,

1797 1413 1863 1453 eo
1892 1398 2035 1468 quod
2068 1397 2272 1451 nullum
2301 1394 2466 1452 faciat
2493 1397 2749 1453 fructum.
2794 1400 2862 1453 Et
2888 1408 2944 1453 ut
2969 1411 3155 1456 exacte
3178 1404 3373 1468 discas,

1809 1491 1923 1559 lege
1951 1489 2076 1559 quid
2099 1492 2244 1544 dicat
2274 1493 2520 1561 Aggzeus,
2551 1491 2675 1560 quid
2704 1491 3009 1555 Zacharias,
3041 1494 3168 1563 quid
3207 1508 3377 1563 ange-

1808 1579 1912 1644 lus,
1944 1580 2070 1650 quid
2102 1580 2299 1636 Esdras
2330 1583 2560 1638 incuset.
2589 1582 2869 1650 Quomodo
2891 1583 3050 1653 igitur
3072 1599 3193 1638 eum
3221 1600 3385 1640 exce-

1808 1671 1926 1742 pit?
1954 1671 2234 1741 Quomodo
2262 1682 2441 1728 autent
2472 1673 2647 1728 nullus
2670 1682 2825 1744 rogat
2846 1674 3150 1741 Dominum,
3172 1676 3391 1747 quando

1794 1777 1861 1823 et
1894 1768 1996 1839 ipsi
2021 1776 2147 1823 sunt
2175 1769 2516 1840 transgressi,
2573 1777 2629 1825 et
2657 1785 2725 1825 ne
2762 1770 2865 1840 ipsi
2894 1769 3110 1840 quidem
3149 1772 3392 1826 norunt?

1816 1861 1976 1917 Vides
2000 1860 2272 1931 quomodo
2299 1872 2447 1916 tuum
2485 1863 2556 1917 sit
2586 1862 2876 1917 violatum?
2906 1862 3019 1933 Ego
3045 1871 3223 1919 autem
3247 1879 3388 1933 pono

1812 1969 2015 2020 meum,
2037 1968 2231 2025 nempe
2249 1955 2391 2024 quod
2412 1954 2515 2009 hoc
2539 1956 2757 2025 proprie
2780 1954 2987 2009 dicatur
3006 1970 3222 2010 novum.
3247 1956 3394 2011 Alio-

1812 2046 1938 2118 quin
1966 2053 2146 2101 autem
2180 2059 2247 2099 ne
2273 2044 2403 2100 illud
2429 2045 2645 2116 quidem
2688 2044 2926 2100 concedo
2945 2044 3013 2101 de
3040 2044 3143 2101 hoc
3166 2059 3286 2100 esse
3304 2044 3394 2100 di-

1812 2148 1958 2192 ctum
1980 2177 1997 2204 ,
2057 2135 2168 2190 Erit
2196 2151 2378 2190 nouum
2433 2136 2616 2191 coelum
2660 2134 2813 2203 (Isai.
2837 2136 2928 2193 65.
2955 2135 3068 2206 17).
3107 2135 3218 2191 Cur
3246 2135 3390 2190 enim

1814 2229 2001 2284 dicens
2038 2229 2091 2282 in
2122 2226 2558 2294 Deuteronomio,
2616 2225 2733 2280 Erit
2762 2228 2943 2281 cretum
2971 2241 3161 2281 cereum
3203 2224 3385 2294 (Deut.

1814 2318 1906 2373 28.
1934 2318 2054 2386 25),
2086 2332 2192 2373 non
2223 2317 2325 2373 hoc
2351 2318 2529 2387 posuit
2568 2318 2621 2372 iu
2648 2317 3029 2373 distinctione:
3088 2317 3182 2373 Sin
3211 2325 3393 2372 autem

1816 2410 2117 2477 audieritis,
2142 2410 2246 2466 erit
2268 2411 2504 2465 novum?
2524 2404 2686 2480 Atqui
2710 2420 2991 2481 propterea
3013 2410 3143 2465 dicit
3168 2424 3228 2466 se
3249 2409 3395 2465 aliud

1816 2501 2066 2556 daturum
2113 2500 2537 2568 TeStamentum,
2564 2500 2815 2571 quoniam
2850 2516 2956 2555 non
2984 2510 3397 2572 permanserunt

1817 2594 1869 2648 in
1894 2594 2077 2664 priori.
2107 2593 2220 2648 Hoc
2249 2608 2349 2662 ego
2372 2593 2602 2649 ostendo
2633 2609 2727 2663 per
2755 2608 2817 2648 ea
2858 2608 2977 2664 quae
3023 2593 3192 2649 dicit:
3243 2593 3391 2648 Nam

1816 2688 1953 2757 quod
1998 2686 2306 2755 impossibile
2347 2695 2455 2739 erat
2499 2686 2643 2755 legis.
2685 2686 2740 2739 in
2783 2701 2884 2756 quo
2921 2685 3278 2754 inﬁrmabatur
3307 2702 3395 2755 per

1816 2795 2057 2843 carnem;
2085 2786 2139 2833 et
2164 2793 2368 2841 rursus,
2401 2777 2539 2842 Quid
2587 2779 2791 2832 tentatis
2819 2775 2986 2832 Deum
3020 2780 3278 2848 imponere
3297 2780 3391 2848 ju—

1817 2886 1936 2941 gum
1961 2885 2117 2939 super
2132 2870 2321 2923 collum
2340 2868 2726 2938 discipulorum,
2760 2869 2897 2939 quod
2924 2884 3084 2939 neque
3110 2881 3279 2939 patres
3303 2888 3398 2925 no-

1818 2963 1930 3026 stri,
1977 2977 2135 3027 neque
2172 2977 2263 3015 nos
2289 2961 2544 3031 potuimus
2572 2964 2705 3031 ferre
2734 2961 2753 3030 (
2785 2959 2936 3015 Rom.
2969 2962 3023 3016 8.
3056 2962 3090 3017 3
3124 2962 3275 3028 ;Act.
3304 2963 3393 3017 15.

1818 3055 1886 3111 10
1913 3056 1974 3126 )?
2024 3056 2275 3121 Quoniam
2316 3054 2415 3124 ipsi
2445 3070 2545 3107 non
2587 3062 2990 3122 permanserunt,
3045 3053 3239 3123 inquit.
3298 3053 3397 3109 llic

1816 3146 2050 3201 ostendit
2074 3144 2215 3214 quod
2258 3157 2357 3198 nos
2394 3142 2641 3212 dignatur
2666 3142 2956 3211 majoribus
3003 3151 3058 3197 et
3088 3144 3254 3213 magis
3288 3143 3397 3212 Spi-

1819 3238 2122 3292 ritualibus.
2172 3235 2238 3290 In
2259 3251 2461 3289 onmem
2485 3235 2652 3300 enim,
2702 3235 2893 3304 inquit,
2923 3244 3109 3288 terram
3140 3236 3289 3288 exivit
3311 3252 3399 3289 so-

1817 3346 1913 3383 nus
1951 3343 2143 3392 eorum,
2195 3336 2243 3380 et
2286 3327 2339 3380 in
2360 3326 2487 3394 ﬁnes
2513 3325 2645 3379 orbis
2674 3336 2824 3380 terra:
2854 3332 2999 3380 verba
3026 3344 3197 3380 eorum
3222 3326 3394 3397 (Psal.

1820 3420 1907 3474 18.
1939 3419 2017 3490 5).
2063 3418 2177 3473 lloc
2200 3427 2303 3483 est,
2346 3417 2468 3471 Non
2495 3418 2625 3471 dicet
2651 3420 2989 3491 unusquisque
3011 3424 3242 3491 proximo
3263 3438 3354 3477 suo
3383 3436 3401 3474 :

1819 3509 2075 3580 Cognosce
2105 3507 2395 3561 Dominum.
2430 3508 2496 3562 Et
2524 3522 2709 3562 rursus
2739 3527 2751 3563 :
2800 3509 3112 3581 Implebilur
3148 3522 3284 3569 terra
3312 3532 3403 3569 co-

1818 3601 2045 3670 gnitione
2073 3597 2301 3664 Domini,
2331 3598 2458 3652 sicut
2486 3614 2617 3666 aqua
2652 3599 2809 3654 multa
2830 3605 3031 3671 operuit
3060 3622 3200 3661 mare
3239 3607 3258 3679 (
3288 3607 3403 3663 Ila-

1822 3692 1931 3745 bac.
1964 3689 2020 3743 2.
2047 3688 2156 3759 14).
2192 3690 2279 3744 15.
2311 3688 2539 3743 Dicenda
2563 3699 2754 3758 autem,
2787 3693 2978 3764 inquit,
3013 3713 3223 3767 novum,
3256 3713 3393 3754 vete-

1819 3783 1950 3836 ravit
1979 3781 2143 3851 prius.
2173 3780 2323 3847 Quod
2352 3790 2521 3840 autem
2546 3784 2839 3852 antiquatur
2880 3796 2927 3839 et
2968 3791 3200 3857 senescit,
3244 3810 3402 3864 prope

1819 3873 2078 3926 interitum
2101 3880 2196 3926 est.
2246 3871 2379 3927 Vide
2409 3874 2678 3942 quomodo
2720 3876 2861 3945 quod
2911 3888 3031 3933 erat
3076 3883 3401 3939 occultatum

1819 3964 2048 4033 aperuit,
2078 3963 2247 4031 ipsam
2277 3972 2510 4018 mentem
2539 3964 2844 4035 praphetze.
2877 3966 3173 4026 llonoravit
3201 3972 3395 4043 legem,

1819 4063 1875 4109 et
1900 4052 2068 4107 uoluit
2096 4068 2214 4107 eam
2253 4052 2437 4109 dicere
2476 4056 2789 4110 nominatim
2823 4066 3098 4124 veterem;
3130 4075 3404 4119 verumta-

1822 4160 1944 4199 men
1975 4142 2077 4199 hoc
2101 4144 2236 4199 dixit
2262 4162 2275 4199 :
2327 4160 2449 4200 nam
2481 4147 2528 4201 si
2551 4146 2679 4201 illud
2708 4157 2853 4203 esset
2882 4164 3102 4217 novum,
3161 4168 3268 4208 non
3300 4155 3401 4210 hoc

1818 4252 2027 4307 quoque
2067 4250 2251 4309 postea
2303 4242 2629 4312 appellasset
2670 4243 2887 4301 novum.
2936 4246 3298 4314 Quamobrem
3339 4262 3394 4307 et

1820 4329 2020 4401 aliquid
2047 4330 2182 4386 dans
2229 4335 2455 4403 amplius
2499 4344 2554 4390 et
2596 4337 2859 4405 alte'um,
2889 4338 3091 4410 inquit,
3129 4339 3397 4397 Veteravtt.

1821 4420 1964 4492 Ergo
2008 4421 2321 4480 dissolvitur
2349 4436 2401 4481 et
2446 4427 2629 4482 interit
2658 4438 2711 4483 et
2736 4446 2841 4483 non
2872 4440 2957 4485 est
2993 4432 3240 4502 amplius.
3296 4435 3400 4487 Ac-

1820 4521 1973 4583 cepta
1998 4527 2027 4566 a
2050 4515 2309 4585 propheta
2338 4515 2552 4585 ﬁducia,
2584 4520 2751 4590 magis
2774 4521 2826 4575 id
2849 4522 3144 4577 insectatur
3168 4524 3396 4589 utiliter,

1822 4603 2110 4659 ostendens
2133 4606 2276 4676 quod
2303 4617 2485 4663 nostra
2514 4624 2654 4665 nunc
2677 4611 2935 4679 ﬂoreant;
2970 4614 3071 4668 hoc
3085 4622 3191 4678 cst,
3220 4625 3399 4669 osten-

1821 4692 1899 4748 dit
1928 4708 2047 4750 esse
2075 4704 2247 4751 vetus:
2281 4698 2485 4754 Deinde
2514 4710 2735 4769 accepto
2771 4704 2987 4757 nomine
3018 4705 3314 4769 vetustatis,
3346 4714 3401 4759 et

1821 4783 1925 4837 alio
1955 4799 1982 4837 a
2014 4800 2072 4839 se
2100 4786 2301 4853 addito,
2348 4804 2540 4859 nempe
2568 4791 2723 4857 senii,
2764 4791 2904 4861 quod
2932 4793 3251 4847 rcstabatcx
3282 4795 3401 4849 aliis

1823 4879 2047 4946 accepit,
2071 4887 2125 4947 et
2150 4878 2277 4936 dicit
2302 4900 2314 4935 :
2346 4880 2516 4953 Prope
2572 4885 2825 4937 interitum
2856 4895 2945 4937 est.
3003 4885 3114 4940 Non
3143 4900 3270 4954 ergo
3300 4902 3398 4941 no-

1823 4982 1947 5020 vum
1968 4968 2211 5025 absolute
2237 4970 2512 5041 abrogavit
2550 4983 2701 5027 vetus
2729 4975 3154 5039 Testamentum,
3214 4977 3306 5033 sed
3343 4989 3399 5031 ut

1826 5058 1964 5126 quod
1994 5062 2356 5128 consenuerit,
2399 5072 2455 5117 ut
2499 5064 2641 5131 quod
2683 5067 2726 5119 si
2760 5067 2967 5121 inutile.
3008 5068 3297 5139 Propterea
3323 5071 3404 5126 di-

1826 5150 1999 5216 cebat,
2028 5150 2246 5219 Propter
2265 5153 2608 5221 inﬁrmitatem
2635 5168 2683 5211 et
2723 5159 3082 5225 inutilitatem;
3123 5172 3199 5226 et,
3250 5161 3402 5217 Nihil

1826 5241 1896 5293 ad
1922 5242 2201 5310 perfectum
2229 5244 2440 5297 adduxit
2481 5245 2601 5309 lex;
2649 5257 2702 5301 et
2729 5249 2890 5316 quod,
2925 5248 2986 5302 Si
3009 5251 3229 5318 primum
3251 5253 3402 5319 culpa

1827 5342 2091 5396 vacasset,
2146 5350 2249 5387 non
2295 5344 2619 5405 qucereretur
2646 5335 2858 5389 secundi
2891 5335 3031 5388 locus
3055 5335 3123 5403 (c.
3160 5337 3209 5390 7.
3243 5353 3290 5390 υ.
3316 5338 3403 5391 18.

1831 5423 1895 5478 19
1937 5436 2055 5478 etc.
2085 5426 2141 5478 8.
2170 5442 2218 5478 υ.
2243 5424 2329 5495 7).
2389 5425 2560 5497 Culpa
2592 5442 2791 5482 vacans
2830 5426 2961 5496 quid
2990 5428 3107 5482 cst?
3158 5428 3272 5482 lloc
3297 5439 3399 5492 est,

1828 5519 1984 5581 utile,
2024 5517 2181 5571 forte.
2226 5518 2337 5571 lloe
2367 5518 2520 5581 dicit,
2558 5535 2666 5573 non
2696 5518 2841 5589 quod
2872 5519 2941 5573 sit
2966 5518 3262 5572 obnoxium
3293 5520 3403 5572 cri-

1828 5610 2087 5673 minibus,
2112 5610 2205 5663 sed
2232 5611 2373 5679 quod
2399 5628 2505 5664 non
2524 5611 2772 5673 sulliciat,
2794 5611 2985 5665 rudius
3009 5622 3091 5665 est
3109 5612 3401 5679 loquutus:

1833 5712 1891 5757 ut
1921 5703 1965 5757 si
1996 5702 2270 5773 quispiam
2296 5704 2471 5769 dicat,
2528 5704 2697 5773 Culpa
2728 5718 2835 5756 non
2860 5712 3014 5756 vacat
3041 5703 3263 5768 domus;
3300 5701 3402 5756 hoc
