4002 6426
605 247 706 303 H5

592 367 698 424 est,
746 357 802 411 in
849 369 911 409 es
966 359 1052 407 est
1095 349 1311 412 vitium,
1344 354 1400 400 et
1429 359 1540 397 non
1570 348 1656 395 est
1693 339 1846 394 ﬁrma
1873 346 1928 392 et
1951 333 2163 390 solida:

594 447 769 515 Culpa
802 458 913 498 non
936 447 1091 494 vacat
1120 436 1310 499 vestis,
1358 434 1463 488 hoc
1503 441 1609 496 cst,
1648 430 1761 500 jam
1792 426 2008 482 dililuit.
2049 424 2169 478 Non

602 552 734 607 ergo
764 535 856 589 hic
883 531 1018 586 dicit
1051 527 1197 598 quod
1223 526 1297 580 sit
1319 524 1523 580 malum
1547 563 1562 589 ,
1619 520 1714 576 sed
1744 518 1892 589 quod
1927 518 1980 574 in
2007 532 2074 574 eo
2101 515 2174 571 sit

601 605 748 700 quod
781 623 1220 698 reprehendatur
1251 619 1608 686 deiectusque
1632 623 1688 669 et
1711 613 1926 670 vitium.
1947 605 1964 636 ‘

675 718 730 771 4.
765 695 960 768 Ιιειήηε
986 724 1197 780 quoque
1224 705 1348 764 novi
1375 717 1560 762 sumus
1584 741 1602 769 ,
1659 700 1746 756 vel
1784 699 1960 772 potius
1984 695 2180 752 fuinms

599 806 770 870 novi;
817 816 959 857 nunc
985 809 1163 854 autem
1199 794 1648 851 inveteravimus:
1684 798 1962 861 propterea
1993 797 2174 842 sumus

603 895 1073 971 propcinteritum.
1104 889 1232 956 Sed,
1255 889 1300 945 si
1317 887 1562 949 velimus,
1582 883 1685 938 hoc
1703 881 1904 938 senium
1918 875 2185 934 amovebiv

599 1005 718 1045 inus
729 998 783 1044 et
801 985 1139 1041 abrademus.
1156 981 1388 1036 Lavacro
1403 976 1615 1049 quidem
1629 975 1736 1042 jam
1758 986 1863 1027 non
1880 980 2182 1040 possumus,

600 1072 1007 1150 sed-possumus
1036 1072 1364 1145 poenitentia.
1401 1070 1454 1125 Si
1485 1066 1609 1138 quid
1638 1066 1708 1120 sit
1751 1065 1806 1120 in
1837 1062 1988 1118 nobis
2031 1067 2184 1114 vetu-

600 1183 764 1239 stum,
806 1170 1117 1240 abjiciamus
1139 1166 1217 1223 :si
1231 1180 1331 1234 qua
1357 1175 1505 1232 ruga,
1534 1159 1703 1227 siqua
1731 1154 1955 1216 macula,
1998 1150 2044 1206 si
2084 1163 2188 1220 qua

603 1264 808 1326 sordes,
849 1261 1128 1315 abluatnus
1143 1264 1194 1312 et
1223 1253 1422 1324 pulchri
1445 1249 1748 1316 reddamur,
1771 1250 1830 1302 ut
1845 1243 2189 1313 concupiscat

605 1358 720 1412 llex
749 1350 1203 1426 pulchritudinem
1245 1355 1506 1402 nostram.
1559 1342 1732 1407 Licet,
1762 1337 1972 1395 etiamsi
2002 1337 2053 1390 in
2083 1348 2186 1388 ex-

603 1475 830 1522 tretnam
878 1466 1238 1522 deciderimus
1284 1458 1680 1517 deformitatem
1709 1495 1723 1518 ,
1799 1463 1986 1506 rursus
2031 1444 2180 1500 illam

606 1557 886 1627 acquirere
917 1551 1386 1624 pulchritudinem,
1415 1548 1484 1604 de
1504 1561 1602 1615 qua
1625 1543 1756 1600 dicit
1783 1537 1950 1596 David
1976 1555 1988 1590 :
2020 1533 2180 1598 Audi,

607 1648 740 1717 filia,
762 1656 811 1701 et
836 1646 969 1711 vide,
1001 1656 1046 1700 et
1071 1643 1262 1698 inclina
1287 1656 1462 1698 aurem
1488 1648 1648 1700 tuam,
1690 1644 1736 1690 et
1773 1631 2064 1688 obliviscere
2089 1640 2182 1694 po-

609 1740 718 1811 puli
745 1740 838 1804 tui,
869 1749 918 1793 et
946 1738 1125 1792 domus
1159 1735 1316 1805 patris
1342 1735 1438 1800 tui,
1481 1742 1526 1786 et
1552 1728 1867 1797 concupiscet
1889 1723 2003 1782 lica:
2031 1720 2185 1811 deco-

608 1810 716 1886 te...
739 1842 878 1884 tuum
901 1828 1075 1898 (Psal.
1098 1829 1186 1884 tt.
1224 1824 1455 1896 “.12).
1508 1822 1669 1891 Atqui
1699 1818 1896 1874 oblivio
1929 1829 2033 1872 tm
2061 1810 2190 1866 facit

608 1923 879 1987 decorem;
902 1921 1172 1984 decorem,
1195 1918 1433 1988 inquam,
1454 1913 1666 1972 animae.
1680 1911 1933 1978 Quaenam
1949 1914 2032 1966 est
2059 1914 2190 1972 ergo

609 2011 846 2068 oblivio?
871 2009 1080 2068 Oblivio
1101 2017 1464 2078 peccatorum.
1497 2002 1802 2072 Alloquitur
1823 1999 1968 2056 enim
1995 1993 2188 2049 Eccle-

610 2105 970 2174 siam‘quaaest
993 2118 1058 2158 ex
1088 2101 1354 2170 gentibus.
1373 2098 1422 2154 ei
1451 2095 1682 2153 suadens
1704 2102 1759 2148 ut
1776 2099 2052 2161 parentum
2083 2091 2191 2140 non

611 2193 940 2259 meminerit,
997 2206 1192 2260 nempe
1233 2203 1422 2244 eorum
1450 2186 1540 2256 qui
1577 2178 1960 2240 sacriﬁcabant
1986 2175 2144 2232 idolis
2175 2190 2191 2226 :

614 2285 766 2342 exiis
792 2282 936 2339 enim
967 2281 1064 2336 fuit
1099 2281 1346 2342 collecta.
1401 2273 1468 2334 Et
1497 2289 1606 2332 non
1636 2272 1790 2336 dixit,
1833 2269 1910 2329 Ne
1945 2264 2196 2331 accedas,

616 2375 713 2431 sed
739 2374 881 2446 quod
907 2383 993 2430 est
1018 2372 1270 2442 amplius,
1311 2369 1390 2426 Ne
1427 2382 1613 2428 eorum
1654 2364 1870 2435 quidem
1915 2359 2094 2420 veniat
2142 2357 2198 2412 in

619 2476 880 2521 ruentem.
911 2463 1064 2531 Quod
1089 2464 1252 2520 etiam
1271 2461 1402 2516 dicit
1435 2458 1595 2514 alibi:
1630 2454 1683 2510 Ν
1688 2471 1757 2512 on
1778 2451 2083 2512 recordabar
2102 2461 2196 2503 no-

619 2558 814 2613 minum
832 2573 1005 2612 eorum
1027 2563 1118 2626 per
1143 2554 1282 2610 labia
1301 2568 1450 2616 mea;
1479 2563 1534 2606 et
1562 2563 1768 2614 rursus,
1795 2542 1864 2601 Ut
1889 2561 1992 2599 non
2017 2544 2200 2613 loqua-

623 2659 704 2705 tur
731 2665 786 2703 os
824 2664 990 2702 meum
1030 2661 1185 2715 opera
1213 2643 1474 2698 hominum
1501 2639 1670 2713 (Ρωι.
1704 2638 1793 2693 l5.
1832 2637 1887 2692 4.
1909 2644 1958 2690 et
1985 2634 2076 2690 16.
2110 2632 2197 2702 ι).

622 2738 868 2797 Nondum
895 2740 999 2794 hoc
1027 2747 1109 2793 est
1147 2749 1338 2806 magna
1362 2733 1568 2798 virtus;
1614 2730 1726 2786 imo
1763 2736 1847 2790 est
1873 2740 2063 2796 magna
2085 2723 2206 2794 qui-

623 2832 769 2898 dem,
807 2830 902 2886 sed
927 2845 1034 2885 non
1054 2829 1197 2884 talis.
1226 2827 1341 2884 lllic
1363 2826 1506 2883 enim
1527 2822 1653 2894 quid
1683 2820 1861 2878 dicit?
1908 2819 2022 2874 Non
2041 2816 2200 2884 dixit,

624 2923 739 2980 Neu
768 2921 1004 2992 loquaris
1024 2936 1143 2991 qua:
1171 2925 1298 2978 sunt
1319 2925 1551 2987 patrum,
1601 2912 1718 2979 sed,
1758 2911 1871 2967 Nec
1894 2922 2081 2966 eorum
2113 2921 2205 2963 res

625 3014 886 3080 corderis,
929 3028 1030 3068 nec
1057 3012 1151 3067 tibi
1179 3011 1233 3066 in
1260 3017 1497 3066 mentem
1522 3006 1762 3062 veniant.
1825 3003 1985 3058 Vides
2004 3006 2208 3070 quanto

626 3105 910 3160 intervallo
937 3102 1049 3158 vult
1075 3115 1173 3156 nos
1193 3100 1384 3155 abesse
1413 3113 1446 3152 a
1476 3096 1649 3152 vitio?
1685 3094 1816 3150 Nam
1841 3092 1931 3163 qui
1959 3106 2065 3148 non
2096 3103 2212 3146 me-

628 3197 802 3261 minit,
842 3209 942 3250 nec
967 3191 1260 3266 cogitabit;
1291 3190 1381 3260 qui
1411 3203 1518 3244 non
1547 3186 1767 3257 cogitat,
1815 3198 1914 3252 nec
1935 3181 2208 3252 loquitur;

627 3287 717 3356 qui
745 3295 921 3340 autem
943 3299 1049 3338 non
1071 3281 1328 3353 loquitur,
1357 3293 1458 3335 nec
1473 3284 1618 3348 aget.
1651 3275 1817 3330 Vides
1839 3273 2054 3344 quantis
2083 3285 2212 3341 spa-

631 3383 720 3437 tiis
741 3379 837 3434 viae
860 3393 956 3432 nos
983 3377 1172 3439 arcuit,
1195 3385 1252 3430 et
1270 3373 1485 3444 quantis
1511 3369 1813 3427 intervallis
1833 3380 1938 3422 nos
1955 3363 2216 3421 removit?

632 3472 774 3541 Ergo
801 3483 900 3524 nos
921 3483 1136 3538 quoque
1165 3465 1466 3528 audiamus,
1516 3469 1573 3519 et
1596 3459 1864 3516 malorum
1905 3465 2215 3513 nostrorum

631 3560 1030 3624 obliviscamur,
1082 3570 1188 3611 non
1221 3564 1584 3625 peccatorum,
1617 3550 1856 3620 inquam,
1894 3562 2016 3616 qua:
2037 3544 2219 3601 admi-

633 3654 802 3706 simus
831 3669 845 3705 :
876 3649 1140 3704 Memento
1169 3647 1336 3710 enim,
1380 3643 1574 3715 inquit,
1618 3650 1677 3700 tu
1705 3641 1874 3710 prior,
1907 3649 1962 3707 et
1981 3653 2082 3709 ego
2107 3652 2216 3702 non

635 3741 951 3798 meminero.
984 3738 1051 3794 Ut
1077 3735 1310 3807 exempli
1335 3749 1530 3790 causa:
1571 3747 1683 3794 non
1707 3731 1939 3801 amplius
1969 3728 2220 3787 recorde-

637 3848 758 3888 mur
800 3832 1021 3900 rapinae,
1074 3827 1168 3886 sed
1198 3827 1360 3884 etiam
1405 3824 1586 3896 priora
1639 3820 1949 3880 reddamus.
1993 3819 2108 3876 lloc
2135 3827 2220 3875 est

632 3947 877 4004 oblivisci
905 3943 1044 4008 vitii,
1071 3949 1128 3998 et
1153 3951 1406 4010 rapacem
1433 3932 1704 4004 expellere
1730 3927 2133 4001 cogitationem,
2157 3934 2214 3983 et

633 4041 1121 4109 ipsamnumquam
1146 4031 1451 4092 admittere,
1483 4026 1580 4082 sed
1613 4031 1668 4080 et
1696 4037 1816 4092 qua:
1840 4037 1871 4075 a
1901 4017 2056 4075 nobis
2081 4031 2211 4087 pee-

635 4138 754 4184 eata
777 4136 903 4184 sunt
931 4125 1132 4180 delere.
1181 4119 1462 4178 Undenam
1485 4124 1668 4173 autem
1693 4112 1849 4169 nobis
1871 4111 2078 4166 orietur
2107 4122 2223 4164 ma-

638 4222 811 4276 lorum
841 4217 1080 4274 oblivio?
1111 4215 1191 4270 Ex
1216 4211 1586 4271 recordatione
1607 4210 1870 4264 bonorum
1905 4205 1998 4259 Dei
2021 4201 2098 4258 :si
2125 4201 2222 4256 Dei

637 4318 899 4380 perpetuo
937 4303 1366 4368 meminerimus,
1413 4315 1518 4356 non
1552 4297 1846 4369 poterimus
1889 4296 2051 4352 etiam
2098 4292 2222 4347 ills-

639 4417 759 4458 rttm
792 4397 1121 4455 meminisse.
1155 4395 1216 4451 Si
1240 4409 1430 4449 memor
1459 4391 1537 4462 [ui
1566 4392 1662 4455 tui,
1686 4389 1879 4460 inquit,
1911 4402 2067 4456 super
2085 4394 2222 4440 atra-

642 4503 748 4548 tum
772 4509 956 4558 metu",
977 4491 1024 4546 si
1043 4491 1094 4544 in
1114 4487 1377 4544 nmtutinis
1397 4484 1679 4540 meditabar
1697 4483 1750 4536 in
1773 4491 1820 4538 te
1831 4477 2114 4550 (Psal.6%.~
2143 4477 2226 4547 7-).

643 4591 816 4657 Atque
835 4599 1050 4654 semper
1061 4580 1303 4653 quidem.
1323 4578 1562 4636 maxime
1581 4585 1759 4632 autem
1787 4573 1884 4629 Dei
1908 4581 2040 4628 tunc
2059 4584 2226 4642 opor-

643 4687 722 4734 tet
767 4676 1097 4739 meminisse,
1146 4671 1365 4743 quando
1405 4670 1458 4726 in
1495 4668 1713 4724 silentio
1749 4675 1805 4721 et
1834 4665 2013 4736 quiete
2038 4670 2222 4718 nostra

643 4780 726 4825 cst
765 4769 1035 4838 cogitatio,
1082 4765 1296 4836 quando
1337 4779 1432 4833 per
1471 4761 1613 4816 illam
1657 4757 1978 4814 memoriam
2022 4769 2082 4810 se
2125 4769 2227 4825 po-

647 4871 752 4918 test
795 4859 1155 4916 condemnare
1183 4899 1200 4925 ,
1246 4855 1461 4927 quando
1509 4854 1564 4908 in
1603 4851 1862 4907 memoria
1910 4859 2117 4903 tenere.
2174 4846 2229 4900 ln

648 4957 735 5011 die
751 4957 891 5010 enim
916 4969 1023 5024 quo
1047 4952 1304 5015 fuerimus
1329 4948 1615 5012 recordati,
1633 4949 1886 5018 ingressae
1901 4945 2020 4999 aliae
2037 4944 2230 5000 sollici-

1300 245 1353 301 S.
1389 235 1662 299 JOANNIS
1701 224 2170 293 CIIRYSOSTOMI
2233 217 2547 275 ARCIIIEP.
2589 189 3115 275 CONSTANTINOP.

3720 206 3802 264 illi

2275 319 2382 378 tate
2404 329 2457 375 et
2474 319 2652 389 quiete
2682 314 2843 370 luerit
2866 313 3062 375 anima,
3080 308 3296 382 quando
3341 308 3394 364 in
3421 317 3567 380 portu
3585 350 3599 373 ,
3625 314 3804 380 quando

2281 410 2334 472 in
2361 409 2651 464 serenitate
2675 421 2690 461 :
2723 405 2849 470 Qua:
2874 402 3064 466 dicitis,
3093 400 3284 470 inquit,
3313 398 3366 456 in
3406 399 3628 455 cordibus
3650 389 3810 468 uestris,

2277 503 2334 556 in
2376 499 2622 554 cubilibus
2665 496 2837 552 vestris
2891 492 3291 564 compungimini
3340 489 3668 562 (Ρωι.4.5).
3707 491 3812 548 Nam

2279 597 2556 664 oporteret
2570 588 2784 660 quidem
2808 586 2972 643 etiam
2998 583 3230 640 interdiu
3264 581 3405 636 hanc
3433 582 3624 637 habere
3650 597 3813 638 mente-

2282 687 2451 748 riam;
2477 681 2730 754 quoniam
2754 677 2935 736 autem
2951 682 3167 744 semper
3187 673 3319 729 eStis
3339 671 3578 737 solliciti,
3591 681 3644 728 et
3659 672 3818 728 distra.

2287 774 2477 830 ltimiui
2520 774 2572 830 in
2617 772 2684 826 iis
2710 784 2834 839 quas
2863 767 2930 824 ad
2962 767 3100 822 banc
3145 764 3312 820 vitam
3341 763 3624 834 pertinuit,
3666 763 3818 818 saltem

2287 875 2416 924 tdnc
2443 865 2538 920 Dei
2568 864 2623 918 in
2648 861 2809 917 cubili
2851 862 3217 914 mementote:
3247 854 3302 910 in
3330 853 3604 910 matutinis
3642 851 3821 909 medite-

2289 958 2421 1025 mini
2447 957 2500 1013 in
2530 954 2648 1026 ipso
2667 951 2843 1023 (Paul.
2874 949 2965 1004 62.
2989 949 3066 1016 Ἰ).
3110 945 3167 1002 Si
3197 945 3251 1001 in
3282 944 3556 1000 matutinis
3601 942 3704 998 bzec
3727 960 3819 1000 tne-

2293 1049 2546 1113 ditemur,
2600 1058 2724 1100 cum
2775 1040 2938 1096 multa
2966 1038 3256 1096 securitate
3288 1033 3635 1106 procedemus
3661 1033 3719 1087 ad
3745 1050 3820 1089 ne-

2292 1141 2476 1212 gotia:
2523 1137 2570 1193 si
2600 1131 2994 1206 Supplicatione
3038 1129 3270 1199 primum
3300 1126 3454 1182 nobis
3490 1125 3648 1179 Deum
3676 1126 3823 1180 ieceri-

2295 1247 2416 1288 mus
2458 1228 2769 1302 propitium,
2822 1224 2894 1279 ita
2933 1220 3285 1292 procedentes
3328 1219 3532 1276 nullum
3563 1215 3826 1272 habebimus

2295 1321 2612 1385 inimicum;
2663 1316 2746 1372 sin
2790 1322 2970 1369 autem
3014 1310 3240 1376 habeas,
3291 1307 3564 1372 irridebis,
3592 1307 3736 1364 Deum
3755 1307 3826 1362 ba-

2297 1415 2428 1469 beus
2453 1406 2764 1482 propitium.
2823 1405 3026 1460 Bellum
3057 1412 3140 1458 est
3168 1401 3221 1455 in
3252 1399 3390 1463 l’oro.
3444 1412 3611 1469 pugna
3636 1407 3827 1453 suntm

2298 1499 2525 1566 diurnae,
2576 1507 2701 1554 sunt
2741 1493 2969 1562 tinctus,
3020 1499 3144 1550 sunt
3191 1491 3500 1560 tempestas.
3542 1484 3694 1540 Nobis
3731 1497 3828 1553 ergo

2304 1605 2439 1661 opus
2485 1598 2569 1646 est
2605 1590 2810 1646 armis:
2839 1600 3033 1658 magna
3072 1592 3252 1640 autem
3290 1593 3437 1634 arma
3480 1585 3607 1632 sunt
3643 1589 3827 1645 preces:

2303 1697 2438 1752 opus
2469 1691 2553 1736 est
2581 1679 2833 1740 seCundis
2853 1677 3048 1744 ventis,
3097 1680 3310 1746 oportet
3346 1671 3558 1726 discere
3577 1667 3754 1733 omnia,
3791 1678 3831 1721 ιιι

2303 1772 2410 1828 diei
2438 1771 2827 1843 lungitudinem
2853 1769 3105 1824 coniicias
3131 1765 3333 1836 absque
3361 1761 3650 1831 naufragiis
3673 1769 3720 1814 et
3740 1759 3828 1814 rul-

2307 1864 2567 1920 neribns:
2600 1863 2755 1920 multi
2802 1863 2946 1918 enim
2986 1868 3111 1916 sunt
3157 1857 3386 1930 singulis
3424 1854 3618 1912 diebus
3642 1845 3828 1921 scopuli,

2303 1953 2596 2026 quinetiam
2641 1969 2786 2024 saepe
2815 1953 2868 2008 in
2913 1967 3008 2010 eos
3036 1949 3280 2021 impingit
3304 1945 3504 2016 scapha
3533 1954 3587 1999 et
3613 1942 3827 1996 obruitur.

2377 2035 2611 2099 Precatio
2641 2043 2890 2104 matutina
2914 2052 2960 2096 et
2989 2049 3254 2096 nocturna.
3272 2034 3650 2105 —Propterea
3678 2048 3828 2103 preca-

2305 2136 2453 2192 tione
2482 2136 2636 2192 nobis
2666 2152 2800 2208 opus
2839 2145 2941 2202 est,
2975 2134 3207 2189 maxime
3232 2130 3492 2186 matutina
3520 2138 3576 2185 et
3603 2137 3830 2186 nocturna.

2308 2230 2455 2286 Multi
2486 2231 2554 2286 ex
2583 2230 2736 2286 vobis
2772 2243 2913 2300 saepe
2942 2223 3249 2297 spectarunt
3274 2223 3522 2296 Olympia
3541 2262 3556 2285 ,
3590 2234 3682 2276 nec
3702 2218 3832 2279 solum

2308 2329 2642 2390 spectarunt,
2672 2320 2766 2380 sed
2795 2321 2954 2379 etiam
2981 2331 3167 2380 eorum
3188 2316 3278 2386 qui
3301 2313 3647 2380 decertabant
3669 2310 3833 2366 luerunt

2309 2407 2546 2464 fautores
2572 2419 2626 2465 et
2651 2409 3004 2464 admiratores
3023 2449 3039 2476 ,
3067 2415 3122 2462 et
3144 2407 3280 2461 alter
3304 2404 3522 2476 quidem
3551 2401 3713 2471 hujus,
3737 2396 3835 2454 alter

2311 2513 2439 2555 vero
2475 2501 2638 2560 illius.
2655 2501 2814 2560 Scitis
2834 2505 2963 2571 ergo
2981 2499 3125 2571 quod
3149 2513 3242 2569 per
3261 2495 3614 2554 certaminum
3635 2493 3737 2548 illos
3753 2491 3835 2545 dies

2309 2599 2363 2646 et
2392 2601 2576 2646 noctes
2595 2632 2610 2655 ,
2641 2601 2753 2647 tota
2783 2599 2939 2647 nocte
2983 2603 3160 2660 prmco
3205 2581 3339 2644 nihil
3381 2585 3526 2642 aliud
3557 2583 3760 2654 cogitat,
3788 2581 3836 2636 de

2311 2683 2461 2737 nullo
2480 2684 2586 2739 alio
2603 2693 2685 2740 est
2706 2684 2987 2750 sollicitus,
3005 2697 3163 2757 quam
3187 2695 3254 2738 ne
3275 2692 3526 2751 egressus
3548 2677 3592 2732 is
3613 2676 3692 2746 qui
3711 2679 3837 2732 certat

2312 2787 2372 2828 se
2403 2773 2655 2832 indecore
2676 2783 2845 2845 gerat.
2864 2773 2997 2828 Nam
3025 2773 3100 2828 illi
3130 2772 3221 2842 qui
3243 2770 3507 2836 assident,
3533 2766 3837 2822 tubiciniqu-

2314 2862 2444 2918 deut
2474 2879 2541 2919 ne
2571 2864 2820 2934 loquatur
2847 2863 3061 2934 quidem
3092 2861 3254 2917 alicui
3275 2903 3289 2928 ,
3320 2875 3388 2916 ne
3411 2859 3654 2931 spiritum
3686 2868 3837 2920 consu-

2317 2969 2469 3010 mens
2497 2957 2566 3010 sit
2595 2955 2874 3011 ridiculus.
2897 2952 2955 3010 Si
2981 2955 3139 3025 igitur
3158 2953 3248 3024 qui
3270 2966 3454 3022 coram
3489 2947 3763 3003 hominibus
3782 2953 3838 2998 eet

2316 3055 2626 3102 certaturus
2649 3089 2662 3112 ,
2695 3055 2896 3102 tantam
2923 3061 3104 3101 curam
3132 3045 3269 3116 gerit
3303 3061 3316 3098 :
3351 3043 3524 3098 multo
3551 3041 3705 3110 magis
3725 3036 3838 3092 nobis

2315 3138 2598 3208 Conveniet
2623 3138 2839 3193 assidue
2868 3153 2988 3192 esse
3013 3137 3275 3192 sollicitos
3311 3144 3364 3188 et
3392 3134 3631 3204 cogitare
3655 3173 3668 3194 ,
3692 3129 3837 3199 quibus

2320 3240 2428 3285 tota
2454 3231 2560 3284 vita
2590 3240 2672 3286 est
2705 3241 2998 3285 certamen.
3033 3230 3165 3284 Tota
3204 3242 3333 3298 ergo
3363 3242 3468 3281 nox
3497 3227 3564 3279 sit
3593 3224 3728 3278 nobis
3749 3236 3837 3292 per-

2317 3321 2553 3381 vigilium
2574 3361 2590 3385 ,
2634 3330 2690 3376 et
2726 3321 2939 3376 solliciti
2980 3321 3148 3374 simus
3190 3335 3256 3374 ne
3283 3334 3314 3375 e
3343 3317 3429 3372 die
3461 3315 3688 3388 egreSsi,
3715 3314 3840 3367 simus

2314 3409 2544 3462 ridiculi.
2573 3408 2637 3462 Et
2661 3407 2860 3461 utinam
2886 3416 3088 3460 tantum
3112 3405 3317 3460 ridiculi
3341 3423 3355 3459 :
3380 3421 3526 3460 nunc
3544 3415 3706 3459 autem
3727 3404 3840 3458 sedet

2313 3501 2380 3554 ad
2407 3501 2680 3556 dexteram
2708 3499 2878 3552 Patris
2908 3497 3247 3570 agonotbeta,
3271 3497 3559 3570 diligenter
3583 3496 3777 3551 audiens
3795 3509 3838 3547 ne

2314 3591 2441 3661 quid
2473 3591 2754 3660 loquamur
2780 3590 2920 3661 quod
2953 3590 3213 3655 dissonet,
3239 3600 3294 3646 et
3320 3605 3387 3644 ne
3412 3589 3542 3660 quid
3568 3589 3696 3659 quod
3721 3587 3837 3642 modo

2314 3700 2420 3740 non
2445 3685 2732 3740 conveniat
2753 3702 2768 3739 :
2787 3699 2892 3738 non
2916 3691 2998 3738 est
3022 3683 3163 3740 enim
3185 3681 3358 3736 solum
3381 3681 3549 3750 judcx
3575 3695 3752 3742 rerum,
3770 3678 3836 3730 sui

2316 3777 2476 3832 etiam
2505 3775 2810 3830 verborum.
2839 3771 3028 3828 Totam
3061 3781 3272 3827 noctem
3308 3771 3681 3843 pervigilemus
3702 3811 3714 3831 ,
3738 3783 3764 3821 ο
3782 3767 3837 3819 di-

2316 3868 2438 3922 lecti
2465 3867 2758 3924 :ltabemus
2782 3880 2880 3920 nos
2900 3879 3111 3935 quoque
3135 3863 3389 3926 fautores,
3420 3863 3466 3916 si
3493 3861 3732 3920 velimus:
3751 3856 3837 3910 uni-

2318 3962 2509 4030 cuique
2532 3969 2771 4014 nostrum
2793 3957 2993 4014 assidet
3015 3957 3237 4027 angelus
3256 3974 3270 4011 :
3287 3969 3385 4010 nos
3404 3964 3584 4016 autem
3609 3961 3704 4006 tota
3725 3959 3839 4004 nocte

2317 4051 2606 4106 stertimus.
2641 4049 2704 4103 Et
2730 4049 2928 4102 utinam
2953 4048 3054 4102 hoc
3077 4055 3277 4101 tantum
3307 4064 3320 4099 :
3352 4045 3504 4100 multi
3530 4052 3699 4100 autem
3720 4041 3836 4095 etiam

2316 4144 2481 4198 multa
2514 4141 2712 4197 faciunt
2735 4140 2998 4210 ﬂagitiosa
3023 4181 3038 4203 ,
3069 4137 3156 4191 alii
3201 4137 3416 4207 quidem
3459 4146 3643 4190 euntes
3674 4133 3730 4186 ad
3752 4132 3830 4201 ipsa

2319 4233 2629 4304 prostibula,
2657 4231 2744 4285 alii
2774 4239 2948 4292 autem
2976 4243 3100 4283 suas
3127 4227 3270 4282 mdes
3297 4226 3594 4297 prostibula
3620 4225 3835 4282 iacientes,

2323 4318 2467 4388 quod
2498 4319 2624 4372 illuc
2649 4317 2851 4372 ducant
2888 4315 3223 4372 meretrices.
3251 4311 3479 4370 Multum
3511 4327 3638 4366 sane
3668 4306 3832 4368 solliciti

2324 4418 2453 4466 sunt
2483 4407 2741 4480 (annon?)
2788 4417 2848 4462 ut
2899 4416 3043 4463 recte
3085 4414 3314 4462 certent.-
3355 4403 3466 4458 Alii
3515 4410 3638 4458 sunt
3669 4397 3778 4454 ebrii
3798 4404 3835 4448 ct

2325 4517 2608 4573 perperam
2640 4500 2961 4570 loquuntur,
2997 4497 3089 4552 alii
3129 4497 3555 4560 tumultuantur,
3599 4491 3681 4545 alii
3713 4495 3834 4542 totatn

2325 4600 2541 4650 noctem
2592 4593 2733 4647 male
2779 4590 3125 4662 pervigilant,
3171 4589 3238 4644 iis
3276 4589 3440 4643 etiam
3485 4585 3580 4657 qui
3615 4581 3835 4638 dormiunt

2323 4687 2480 4758 pejus
2527 4685 2684 4742 dolos
2723 4691 3033 4750 nectentes;
3077 4682 3168 4736 alii
3206 4687 3498 4736 numerant
3539 4689 3742 4736 usuras,
3772 4669 3834 4722 alii

2325 4781 2477 4835 curis
2507 4778 2846 4839 cruciantur,
2872 4784 2928 4831 et
2954 4775 3135 4830 omnia
3163 4773 3338 4844 magis
3361 4770 3565 4826 faciunt
3588 4781 3731 4838 quam
3751 4773 3836 4831 qut

2327 4870 2663 4926 conveniunt
2712 4865 3018 4922 certamini.
3062 4863 3423 4930 Quamobrem
3467 4873 3598 4930 rogo
3628 4866 3678 4910 ut
3701 4849 3835 4906 missis

2328 4962 2582 5020 omnibus
2615 4974 2782 5015 unum
2827 4958 3003 5015 solum
3035 4963 3366 5027 spectemus,
3394 4961 3453 5006 ut
3494 4947 3747 5022 praemium
3770 4954 3834 4991 ac-

652 5045 864 5101 tudines
891 5053 946 5099 ct
984 5043 1247 5100 tumultus
1303 5056 1424 5096 eam
1479 5040 1790 5110 expellunt:
1847 5045 2004 5092 noctu
2056 5045 2232 5089 autem
2325 5058 2619 5129 cipiamus,
2663 5067 2865 5111 corona
2905 5052 3081 5108 simus
3128 5048 3394 5112 redimi“;
3443 5044 3620 5099 omnia
3666 5043 3835 5106 agamus

652 5143 909 5206 perpetuo
938 5147 1220 5204 possumus
1238 5131 1543 5188 meminisse
1563 5128 1808 5201 ;quando
1841 5127 1896 5184 in
1919 5127 2219 5198 tranquilli-

725 5299 740 5330 ⁸
769 5296 822 5346 ln
848 5294 954 5342 hanc
978 5290 1127 5341 verba
1149 5286 1334 5338 desinit
1353 5281 1547 5335 homilia
1571 5282 1618 5332 in
1643 5277 1777 5333 Colb.

2330 5167 2428 5224 per
2457 5166 2580 5223 quae
2603 5150 2742 5204 bona
2767 5147 3034 5218 promissa
3063 5143 3338 5216 possimus
3369 5136 3582 5207 assequi
3611 5144 3746 5200 :qttze
3770 5137 3835 5177 no-

2332 5221 2418 5302 bis
2446 5221 2700 5300 omnibus
2729 5240 2887 5297 detur
2917 5234 3175 5308 consequi
3201 5232 3374 5307 gratia
3405 5240 3457 5287 et
3478 5221 3786 5297 benignitate.

2998 5503 3041 5528 ρ
