4002 6426
236 286 337 344 117

241 390 1487 415 m—

1059 286 1124 341 IN
1163 285 1377 340 EPIST.
1422 286 1509 338 AD
1549 280 1906 337 ilEBREOS.
1950 283 2101 336 CAP.
2144 282 2233 335 IX.
2278 279 2503 349 llOMlL.
2544 278 2656 338 XV.

3373 281 3473 335 118

2790 395 2856 411 γ’.
2885 394 3045 407 _

1598 462 1933 523 HOMlLlA
1978 458 2090 519 XV
2105 504 2118 517 .

244 608 377 662 (In.
420 610 473 664 9.
509 626 559 662 ν.
594 612 645 664 1.
682 609 869 665 Habuit
906 610 1107 681 quidem
1150 621 1197 663 et
1240 611 1380 679 prius
1418 610 1811 680 justi/icationes

304 701 540 765 culturte,
564 710 607 753 et
631 712 861 754 sanctum
884 701 1148 755 sa’culare.
1177 700 1225 753 Ξ.
1254 699 1653 754 Tabernaculum
1675 700 1809 752 enim

306 796 502 862 factum
518 801 589 845 est
610 793 850 861 primum,
870 794 922 846 in
943 810 1041 862 quo
1061 803 1203 845 erant
1222 792 1525 846 candelabra
1547 802 1592 845 et
1617 809 1808 856 mensa,

306 894 353 934 et
395 883 669 952 propositio
710 900 940 950 panum,
983 899 1095 954 qua:
1134 884 1319 936 dicitur
1355 893 1549 937 sancta.
1591 885 1643 938 5.
1684 882 1809 936 Post

307 974 640 1027 velamentum
679 984 845 1027 autem
881 974 1157 1028 secundum
1180 1014 1194 1039 ,
1233 975 1608 1027 tabernaculum
1630 1016 1643 1037 ,
1675 974 1808 1043 quod

308 1066 495 1119 dicitur
518 1078 692 1119 sancta
715 1076 1024 1131 sanctorum,
1058 1067 1111 1121 4.
1136 1082 1347 1120 aureum
1370 1066 1557 1120 habens
1581 1068 1809 1121 thuribu-

306 1158 433 1221 lunt,
458 1166 503 1209 et
528 1172 700 1209 arcam
721 1158 1004 1210 testamenti
1025 1158 1398 1211 circumtectam
1421 1160 1559 1211 omni
1585 1175 1648 1212 ea:
1665 1172 1811 1225 parte

319 1248 447 1300 auro
471 1247 563 1300 :in
594 1263 695 1316 qua
734 1264 864 1301 urna
892 1267 1047 1304 aurea
1085 1252 1270 1307 habens
1316 1272 1512 1308 manna
1540 1295 1557 1321 ,
1602 1264 1647 1309 et
1688 1257 1829 1325 virga

318 1339 491 1391 Aaron
523 1354 636 1405 quae
661 1340 990 1409 fronduerat,
1024 1352 1069 1395 et
1092 1344 1274 1397 tabula?
1301 1348 1579 1400 testamenti
1609 1387 1624 1413 ,
1657 1348 1710 1401 5.
1739 1363 1821 1400 su-

319 1446 506 1498 perque
530 1446 640 1482 eam
668 1429 934 1485 Cherubim
961 1435 1138 1504 gloria:
1166 1438 1512 1493 obumbrantia
1561 1440 1820 1511 propitia-

316 1519 504 1571 torium
528 1534 546 1572 :
573 1519 635 1573 de
660 1519 838 1588 quibus
864 1538 965 1576 non
1003 1532 1077 1578 est
1117 1526 1265 1580 modo
1293 1528 1559 1582 dicendum
1588 1549 1679 1603 per
1716 1536 1793 1589 sin

316 1612 457 1677 gula.

316 1702 367 1753 l.
396 1701 643 1758 Ostendit
669 1720 734 1757 ex
762 1705 1060 1773 sacerdote,
1090 1724 1156 1763 ex
1180 1711 1502 1780 sacerdotio,
1533 1729 1600 1770 ex
1632 1716 1788 1770 Testa

242 1799 458 1855 mento,
512 1791 653 1860 quod
702 1793 829 1847 illud
879 1796 1037 1850 finem
1087 1800 1155 1852 sit
1205 1798 1510 1857 habiturum
1544 1821 1558 1857 :
1589 1808 1797 1858 ostendi

229 1878 453 1935 demum
484 1898 548 1937 ex
574 1882 738 1953 ﬁgura
768 1884 934 1955 ipsius
964 1886 1314 1942 tabernaculi.
1337 1887 1658 1955 Quomodo?
1677 1890 1812 1946 San-

232 1981 320 2024 (ειη
349 1972 558 2041 dicens,
581 1984 634 2030 et
650 1986 833 2030 sancta
861 1987 1165 2032 sanctorum
1184 2017 1197 2032 .
1295 1981 1468 2050 Atque
1492 1981 1685 2037 Sancta
1701 1984 1815 2052 qui-

234 2062 360 2117 dem
397 2075 526 2120 sunt
574 2068 819 2139 symbola
858 2080 911 2124 et
953 2071 1101 2140 signa
1149 2074 1343 2141 prioris
1387 2076 1679 2143 temporis;
1710 2077 1816 2131 illic

231 2153 377 2207 enim
408 2154 537 2210 ﬁunt
562 2158 738 2211 omnia
763 2174 858 2229 per
877 2161 1137 2215 sacriﬁcia
1161 2179 1173 2215 :
1198 2174 1379 2218 sancta
1398 2173 1574 2220 autem
1602 2178 1815 2221 saneto—

232 2260 393 2311 rum,
442 2247 598 2317 hujus
647 2265 789 2305 nunc
828 2252 1111 2320 praesentis
1150 2256 1427 2323 temporis.
1473 2257 1609 2312 Dicit
1635 2267 1812 2312 autem

228 2347 420 2393 sancta
450 2350 751 2397 sanctorum
782 2344 970 2398 caelum
996 2384 1012 2409 ,
1043 2356 1099 2402 et
1127 2349 1302 2402 velum
1330 2349 1446 2403 εωΙί
1468 2391 1484 2417 ,
1510 2358 1565 2405 et
1593 2365 1809 2406 carnem

229 2442 350 2496 qua:
393 2428 686 2500 ingreditur
716 2434 768 2487 in
804 2435 1056 2490 interiora
1083 2436 1224 2503 veli,
1270 2438 1369 2493 hoc
1399 2450 1481 2495 est
1506 2456 1605 2511 per
1634 2443 1807 2497 velum

230 2523 413 2576 carnis
439 2524 572 2593 ejus;
600 2525 643 2579 E
672 2542 730 2581 re
771 2526 930 2582 fuerit
968 2537 1144 2583 autem
1176 2540 1232 2584 ut
1259 2531 1400 2587 hunc
1441 2534 1614 2588 locum
1646 2535 1807 2590 altius

229 2624 555 2681 repetamus.
585 2616 719 2684 Quid
753 2634 879 2689 ergo
914 2620 1085 2675 dicit?
1119 2621 1309 2676 Habuit
1337 2626 1537 2694 quidem
1564 2638 1609 2681 et
1638 2629 1799 2697 prius.

221 2701 362 2769 Quid
408 2704 598 2772 prius?
645 2707 1069 2765 Testamentum.
1117 2710 1521 2782 Justi/icationes
1563 2720 1799 2771 culturte.

219 2794 359 2861 Quid
388 2805 473 2849 est
492 2836 506 2859 ,
536 2796 980 2867 Justi/icationes?
1008 2802 1260 2873 Symbola
1281 2845 1295 2870 ,
1329 2813 1421 2859 aut
1451 2806 1586 2861 ritus
1620 2825 1634 2862 :
1662 2823 1724 2862 ac
1755 2809 1799 2863 si

215 2884 447 2951 diceret,
476 2895 601 2942 tunc
625 2887 830 2954 habuit,
855 2907 997 2947 nunc
1020 2908 1124 2948 non
1148 2893 1326 2950 habet.
1350 2896 1597 2951 Ostendit
1624 2898 1797 2967 ipsum

207 2976 323 3044 jam
353 2977 476 3033 huic
504 2981 730 3037 cessisse
752 3000 764 3035 :
786 2982 935 3037 Tunc
960 2985 1125 3050 enim,
1158 2988 1346 3056 inquit,
1382 2988 1583 3045 habuit.
1618 2992 1795 3058 Quare

211 3082 377 3132 nunc,
408 3070 568 3123 etiam
611 3071 657 3125 si
701 3081 841 3140 stet,
878 3091 983 3130 non
1014 3085 1117 3131 est.
1151 3077 1217 3130 Et
1256 3090 1487 3132 sanctum
1528 3082 1790 3135 swculare.

207 3156 484 3215 Saeculare
514 3176 607 3216 seu
632 3165 962 3219 mundanum
990 3166 1141 3234 dicit,
1173 3169 1424 3237 quoniam
1451 3171 1795 3239 permitteba-

210 3255 300 3301 tur
326 3251 581 3307 omnibus
608 3254 916 3323 ingredi,set
946 3256 1265 3314 manifestus
1293 3270 1408 3314 erat
1438 3260 1587 3316 locus
1615 3263 1664 3316 in
1695 3279 1790 3318 ea-

204 3339 332 3395 dem
360 3342 523 3398 domo
543 3387 559 3410 ,
589 3347 678 3401 ubi
706 3349 920 3403 stabant
949 3350 1277 3418 sacerdotes,
1310 3352 1399 3406 ubi
1426 3352 1616 3421 Judaei,
1649 3370 1782 3425 pro-

201 3434 360 3505 selyti
381 3477 397 3502 ,
426 3437 630 3504 Gnaei,
660 3439 914 3496 Nazara-i.
945 3443 1207 3509 Quoniam
1241 3459 1370 3514 ergo
1398 3445 1464 3500 ad
1496 3447 1546 3500 id
1576 3449 1789 3517 patebat

198 3524 381 3580 aditus
411 3530 571 3584 etiam
600 3533 878 3600 gentibus,
912 3534 1083 3603 ipsum
1116 3547 1269 3591 vocat
1303 3538 1629 3594 mundanum
1656 3539 1784 3595 :Ju-

198 3615 303 3669 dmi
351 3619 496 3672 enim
547 3636 651 3676 non
697 3633 852 3677 erant
890 3625 1139 3680 mundus.
1181 3626 1583 3683 Tabernaculum
1624 3633 1779 3698 enim,

197 3709 393 3778 inquit,
426 3715 618 3780 factum
638 3724 709 3768 est
734 3716 975 3784 primum,
1002 3717 1135 3787 quod
1160 3718 1347 3771 dicitur
1372 3730 1547 3774 sancta
1566 3738 1585 3775 .°
1607 3722 1658 3774 in
1679 3740 1779 3794 quo

193 3808 341 3851 erant
367 3802 674 3857 candelabra
713 3814 760 3858 et
791 3822 961 3860 mensa
979 3847 994 3871 ,
1024 3816 1071 3860 et
1100 3810 1378 3878 propositio
1405 3827 1615 3879 panum.
1654 3812 1780 3868 [Lee

190 3898 320 3942 sunt
363 3892 546 3947 mundi
583 3896 847 3964 symbola.
878 3895 1003 3950 Post
1032 3898 1363 3953 velamentum
1389 3911 1556 3955 autem
1581 3919 1778 3957 secun—

187 3980 333 4033 dum.
368 3981 485 4036 Non
516 3992 633 4038 erat
671 4000 800 4056 ergo
834 4003 997 4041 unum
1035 3989 1255 4057 velum,
1284 3990 1377 4045 sed
1425 3991 1585 4046 etiam
1625 4003 1773 4048 extra

185 4079 305 4121 erat
335 4071 485 4126 aliud
515 4074 687 4127 velum
709 4115 723 4140 ,
753 4091 945 4146 nempe
982 4076 1387 4134 Tabernaculum
1423 4082 1558 4151 quod
1587 4083 1773 4136 dicitur

182 4173 366 4215 sancta
398 4174 706 4221 sanctorum.
740 4168 874 4225 Vide
902 4170 1169 4239 quomodo
1200 4171 1394 4242 ubique
1422 4183 1575 4229 vocet
1600 4175 1773 4229 taber-

183 4256 440 4311 naculum
467 4299 481 4324 ,
514 4274 579 4313 ex
605 4275 670 4315 eo
691 4261 834 4330 quod
864 4261 973 4317 illic
997 4262 1218 4333 degatur
1244 4272 1301 4317 ut
1325 4264 1380 4318 in
1407 4264 1768 4319 tabernaculo.

179 4343 412 4398 Aureum
430 4349 618 4402 habens
637 4349 969 4416 thuribulum,
994 4352 1180 4422 inquit,
1205 4362 1248 4405 et
1268 4369 1441 4406 arcam
1468 4355 1767 4420 testamenti,

183 4436 573 4489 circumtectam
612 4438 749 4491 ontni
778 4453 839 4490 ea:
882 4448 1026 4507 parte
1058 4456 1184 4494 auro
1213 4456 1232 4495 :
1257 4442 1309 4494 in
1337 4459 1438 4512 qua
1466 4461 1593 4499 urna
1622 4464 1775 4505 aurea

182 4526 382 4580 habens
403 4543 612 4593 manna,
638 4537 683 4581 et
700 4529 839 4599 virga
859 4530 1030 4584 Aaron
1054 4547 1168 4600 qua!
1186 4535 1501 4603 fronduerat,
1525 4547 1571 4591 et
1592 4538 1776 4597 tabula

183 4620 499 4673 testamenti.
547 4620 671 4676 Haec
708 4622 888 4676 omnia
930 4632 1084 4677 erant
1129 4627 1406 4697 magniﬁca
1438 4641 1491 4685 et
1519 4635 1772 4700 prmelara

181 4711 388 4781 ingrati
415 4712 721 4767 Iudaeorum
747 4714 911 4768 animi
936 4717 1285 4774 monimenta.
1310 4719 1377 4774 Et
1408 4723 1592 4778 tabula:
1621 4736 1771 4780 testa-

180 4803 365 4856 menti.
413 4802 518 4857 Eas
556 4804 696 4858 enim
726 4804 936 4875 Moyses
964 4806 1223 4879 confregit
1254 4826 1266 4861 :
1301 4819 1354 4865 et
1383 4828 1572 4867 manna
1604 4833 1618 4868 :
1649 4834 1769 4871 nam

178 4902 592 4948 murmurannt
615 4911 626 4947 :
653 4904 706 4949 et
734 4904 1017 4965 propterea
1047 4901 1359 4955 memoriam
1404 4907 1772 4964 transmittens

177 4984 250 5037 ad
282 4995 554 5052 posteros.
578 4985 740 5055 jussit
756 5003 872 5041 eam
896 4991 1084 5058 reponi
1109 4992 1159 5045 in
1184 5008 1313 5048 urna
1335 5010 1516 5051 aurea.
1539 4997 1605 5051 Et
1630 5003 1766 5071 t'irga

174 5074 362 5129 Aaron
388 5091 505 5144 quae
532 5077 849 5145 fronduerat.
879 5080 1288 5139 Insurrexerunt
1311 5089 1474 5142 enim.
1505 5087 1634 5155 Quia
1664 5093 1765 5162 igi-

175 5175 271 5219 tur
302 5165 495 5235 ingrati
523 5177 677 5222 erant
702 5167 891 5234 Judrei,
923 5178 977 5226 et
1003 5170 1355 5238 frequcnlium
1384 5177 1765 5240 beneﬁciorum

174 5271 294 5309 non
338 5256 800 5313 recordabantur:
828 5259 950 5314 ideo
986 5260 1138 5329 jussu
1182 5263 1501 5333 legislatoris
1538 5271 1587 5324 in
1633 5288 1765 5331 urna

171 5362 350 5401 aurea
392 5346 509 5401 haec
549 5357 878 5417 posuerunt,
920 5360 973 5406 et
1008 5352 1085 5406 sic
1121 5368 1306 5408 eorum
1347 5363 1653 5417 memoriam
1697 5365 1765 5421 ad

168 5449 436 5508 posteros
460 5439 738 5495 miserunt.
764 5440 936 5512 Super
955 5459 1066 5497 eam
1086 5455 1253 5500 autem
1270 5447 1538 5505 Cherubin:
1562 5456 1761 5524 glorite,

166 5530 538 5586 obumbrantia
566 5534 993 5604 propitiatorium.
1017 5537 1153 5603 Quid
1183 5548 1267 5596 est
1289 5552 1467 5599 autem
1494 5545 1764 5607 Chenubim

164 5623 406 5694 gloriae?
437 5624 491 5679 ld
522 5635 638 5693 est,
669 5626 934 5695 gloriosa;
972 5637 1065 5684 aut
1093 5646 1213 5699 quae
1237 5676 1252 5699 ,
1286 5634 1455 5705 inquit
1480 5681 1493 5702 ,
1526 5642 1625 5696 sub
1654 5645 1763 5701 Deo

159 5715 509 5771 obumbrant
546 5718 989 5785 propitiatorium.
1029 5720 1192 5775 Recte
1217 5733 1390 5781 autem
1410 5727 1522 5786 hmc
1549 5749 1761 5806 quoque

533 5815 803 5878 Pt't‘ttOL.
851 5815 968 5878 Gn.
1016 5813 1185 5876 LXII
1192 5814 1240 5873 Ι.

1928 595 2632 669 verbisextollit,utmajora
2676 616 2796 657 esse
2833 606 3082 660 ostendat
3124 622 3186 663 ea
3215 625 3333 681 qua:
3378 626 3502 673 sunt

1928 698 2129 756 postea.
2160 688 2239 742 De
2281 690 2458 758 quibus
2505 707 2605 743 non
2652 702 2745 759 est,
2794 694 2982 764 inquit,
3037 697 3186 751 modo
3234 702 3499 761 dicendun

1925 794 2013 845 per
2058 779 2277 847 singula.
2324 778 2416 833 llic
2453 781 2611 833 tacite
2663 783 2834 836 innuit
2887 798 2988 837 non
3026 795 3226 842 tantum
3275 806 3337 847 ea
3380 812 3501 864 qua

1925 870 2257 935 videbantur,
2282 870 2374 924 sed
2420 873 2578 925 etiam
2634 874 2873 942 quaedam
2904 876 3190 946 :enigmata
3219 881 3398 941 fuisse.
3424 888 3502 947 De

1920 961 2098 1032 quibus
2168 979 2269 1015 non
2320 972 2391 1016 est
2419 1003 2434 1027 ,
2483 963 2673 1033 inquit,
2729 981 2863 1017 nunc
2899 967 3166 1020 dicendum
3204 973 3499 1045 sigillatim;

1922 1053 2146 1107 fortasse
2168 1054 2286 1122 quia
2315 1053 2516 1121 prolixa
2539 1069 2672 1122 opus
2720 1053 2917 1110 habent
2972 1064 3232 1120 oratione.
3290 1067 3342 1120 6.
3400 1068 3496 1123 llis

1920 1161 2032 1199 vero
2088 1145 2161 1198 ita
2196 1145 2512 1214 compositis,
2552 1147 2603 1198 in
2660 1149 2801 1215 prius
2860 1152 3060 1218 quidem
3119 1156 3494 1213 tabernacufum

1918 1252 2111 1305 semper
2149 1236 2422 1288 introibant
2454 1236 2766 1299 sacerdotes,
2798 1241 3167 1309 sacriﬁciorum
3188 1248 3346 1316 oﬁicia
3365 1266 3489 1303 con-

1915 1338 2240 1382 summantes.
2268 1326 2379 1381 Hoc
2404 1338 2504 1393 est,
2552 1337 2704 1381 erant
2757 1330 2869 1384 haec
2914 1332 3149 1401 quidem,
3207 1338 3286 1390 his
3316 1349 3494 1394 autem

1916 1434 2023 1475 non
2077 1419 2386 1472 fruebantur
2441 1418 2641 1481 Judzei;
2705 1435 2877 1490 neque
2934 1424 3076 1477 enim
3131 1440 3193 1480 ea
3226 1428 3491 1483 videbunt.

1914 1511 2270 1579 Quamobrem
2310 1527 2414 1565 non
2476 1512 2641 1581 magis
2686 1522 2839 1567 erant
2900 1514 3041 1580 illis,
3091 1532 3248 1586 quam
3302 1520 3495 1589 quibus

1916 1602 2407 1674 praeﬁgurabantur.
2468 1603 2520 1656 7.
2570 1601 2636 1656 In
2695 1603 2968 1658 secundum
3016 1618 3182 1661 autem
3236 1612 3390 1665 semel
3436 1613 3489 1666 in

1913 1711 2047 1748 anno
2096 1694 2234 1749 solus
2266 1694 2526 1764 pontifex,
2582 1710 2682 1748 non
2721 1695 2828 1749 sine
2881 1698 3142 1768 sanguine,
3174 1717 3319 1771 queat
3345 1702 3493 1770 o/I‘ert

1916 1802 2008 1856 pro
2031 1803 2084 1841 se
2107 1795 2151 1838 et
2176 1784 2351 1855 papuli
2375 1784 2880 1855 ignorantiissVides
2903 1786 3012 1855 jam
3044 1797 3199 1859 typos
3222 1799 3491 1859 tamquam

1905 1884 2304 1939 fundamentum
2336 1886 2484 1956 prius
2512 1885 2720 1955 jactos?
2751 1885 2880 1940 Nam
2928 1902 2994 1941 ne
3022 1885 3263 1941 dicerent
3295 1906 3307 1940 :
3338 1888 3482 1955 Quo-

1902 1978 2062 2031 modo
2089 1993 2251 2032 unum
2281 1978 2625 2044 sacriﬁcium,
2658 1987 2711 2033 et
2740 1978 3013 2048 quomodo
3044 1978 3279 2046 pontifex
3308 1979 3480 2033 semel

1901 2069 2202 2125 oﬁ’erebat?
2231 2070 2465 2125 ostendit
2492 2070 2545 2125 id
2576 2070 2743 2125 fuisse
2776 2071 2958 2125 multis
2987 2081 3113 2125 ante
3138 2072 3369 2137 satculis,
3404 2072 3480 2126 si-

1897 2163 2112 2234 quidem
2136 2164 2276 2233 quod
2297 2173 2412 2219 erat
2431 2163 2667 2219 sanctius
2684 2172 2738 2218 et
2758 2163 3132 2229 reverendam,
3152 2173 3269 2218 erat
3288 2180 3476 2218 unum.

1902 2257 1973 2329 Ex
2001 2257 2217 2326 antiquo
2240 2272 2386 2312 more
2424 2256 2675 2311 sacerdos
2719 2255 2887 2310 semel
2915 2254 3192 2311 oﬂ‘erebat.
3228 2257 3295 2310 Et
3323 2266 3472 2312 recte

1896 2348 2035 2402 dixit
2058 2365 2071 2401 :
2105 2348 2222 2401 Non
2251 2349 2361 2401 sine
2387 2347 2631 2416 sanguine
2652 2361 2672 2400 :
2696 2361 2800 2399 non
2820 2346 2935 2399 sine
2953 2346 3209 2415 sanguine
3235 2346 3472 2416 quidem,

1896 2455 2003 2495 non
2033 2450 2208 2494 tamen
2234 2438 2336 2493 hoc
2359 2439 2649 2506 sanguine;
2679 2437 2781 2489 non
2801 2445 2914 2490 erat
2940 2435 3083 2491 enim
3113 2444 3313 2490 tantum
3333 2438 3476 2506 quod

1898 2533 2156 2604 agebatur
2186 2531 2479 2601 negotium.
2521 2528 2764 2584 Ostendit
2792 2537 2969 2583 autem
2999 2528 3235 2583 futurum
3267 2528 3496 2583 sacriﬁ-.

1892 2627 2033 2681 cium
2056 2665 2071 2690 ,
2106 2623 2248 2693 quod
2290 2638 2397 2677 non
2440 2622 2564 2691 igne
2606 2630 2991 2686 consumatur,
3032 2618 3127 2675 sed
3156 2635 3185 2672 ε
3217 2618 3489 2688 sanguine.

1892 2716 2063 2788 magis
2091 2713 2422 2771 ostendatur.
2463 2710 2596 2766 Nam
2629 2711 2881 2781 quoniam
2914 2710 3235 2765 sacriﬁcium
3265 2710 3474 2763 vocavit

1889 2825 2124 2874 crucem,
2151 2824 2269 2879 qum
2296 2821 2394 2861 nec
2418 2805 2580 2859 habet
2600 2803 2800 2875 ignem,
2825 2817 2925 2858 nec
2944 2802 3106 2872 ligna,
3132 2816 3305 2871 neque
3330 2815 3471 2869 sa‘pe

1890 2904 2113 2958 offertur
2137 2942 2154 2968 ,
2196 2899 2293 2954 sed
2323 2897 2492 2954 semel
2520 2896 2698 2951 oblata
2725 2905 2810 2951 est
2834 2896 2887 2950 in
2918 2894 3175 2965 sanguine
3201 2912 3213 2947 :
3237 2892 3471 2948 ostendit

1886 2994 2026 3066 quod
2057 3002 2210 3048 vetus
2238 3003 2450 3061 quoque
2478 2986 2798 3043 sacriﬁcium
2828 2996 2977 3041 esset
3004 2983 3307 3055 hujusmodi
3335 3003 3348 3038 :
3373 2999 3461 3038 sc-

1887 3085 1990 3141 mcl
2016 3082 2338 3139 offerebatur
2364 3081 2417 3134 in
2445 3079 2720 3149 sanguine.
2756 3077 2915 3143 Quem
2938 3073 3084 3142 offert
3112 3091 3203 3146 pro
3225 3091 3279 3130 se
3301 3084 3347 3128 et
3372 3091 3467 3144 po-

1887 3177 1993 3245 puli
2020 3173 2345 3245 ignorantiis.
2375 3169 2506 3224 Vide
2532 3187 2545 3224 :
2571 3184 2677 3223 non
2699 3167 2853 3233 dixit,
2877 3166 3137 3232 Peccatis,
3163 3165 3280 3230 sed,
3306 3164 3467 3235 Igno-

1882 3266 2063 3321 rantiis
2082 3304 2097 3329 ,
2141 3279 2209 3318 ne
2235 3262 2402 3315 altum
2444 3267 2714 3328 saperent.
2744 3257 2876 3311 Nam
2906 3256 3113 3311 etiamsi
3144 3271 3247 3309 non
3277 3256 3465 3310 lubens

1885 3356 2117 3430 peccasti
2137 3372 2154 3420 ;
2178 3354 2269 3409 sed
2296 3363 2470 3407 tmnen
2496 3351 2695 3405 invitus
2718 3347 2993 3419 ignorasti,
3018 3356 3073 3403 et
3092 3347 3159 3400 ab
3184 3346 3285 3400 hoc
3306 3362 3466 3400 nemo

1880 3458 1965 3505 est
1991 3461 2175 3517 purus.
2210 3445 2275 3501 Et
2307 3443 2500 3511 ubique
2532 3439 2661 3495 illud
2687 3480 2703 3506 ,
2734 3438 2839 3492 Pro
2866 3455 2939 3502 se,
2973 3437 3141 3506 ponit,
3171 3436 3463 3491 ostendens

1880 3540 2023 3611 quod
2051 3537 2297 3594 Christus
2339 3534 2495 3604 longe
2534 3540 2618 3587 est
2646 3530 2837 3586 melior
2875 3539 2930 3584 et
2970 3528 3305 3598 praestantior
3334 3543 3464 3595 pon-

1884 3632 2034 3697 tifex,
2066 3644 2226 3701 quam
2255 3628 2345 3697 qui
2372 3635 2489 3680 erat
2519 3622 2656 3693 apud
2684 3621 2921 3676 Judaeos.
2949 3620 3005 3674 Si
3032 3619 3175 3674 enim
3202 3633 3230 3671 a
3263 3618 3462 3672 nostris

1881 3722 2111 3794 peccatis
2139 3718 2639 3785 fuissctseparalus,
2659 3709 2927 3783 quomodo
2953 3726 3052 3781 pro
3071 3724 3130 3765 se
3146 3709 3461 3764 obtulisset?

1880 3818 1987 3871 Cur
2016 3827 2166 3883 ergo,
2198 3809 2389 3879 inquit,
2419 3807 2532 3861 llaec
2559 3803 2778 3859 dixisti?
2802 3802 2913 3858 lloc
2933 3802 3074 3857 enim
3098 3811 3180 3857 est
3199 3801 3456 3856 melioris.

1878 3909 2149 3978 Nusquam
2180 3914 2262 3961 est
2290 3904 2378 3958 hic
2405 3899 2824 3971 contemplatio:
2846 3898 3100 3967 deinceps
3123 3907 3301 3952 autem
3326 3911 3458 3951 con-

1878 4002 2169 4070 templatur
2194 4006 2250 4052 et
2272 3994 2403 4050 dicit
2428 4011 2440 4047 :
2464 3996 2518 4048 8.
2553 3991 2666 4046 Hoc
2692 3991 3015 4061 signiﬁcante
3036 3988 3238 4059 Spiritu
3258 3999 3455 4054 sancto,

1878 4092 2103 4147 nondum
2123 4087 2444 4159 prapalatam
2468 4099 2574 4139 esse
2600 4090 2892 4137 sanctorum
2918 4081 3071 4146 viam,
3100 4080 3266 4133 adhuc
3287 4080 3459 4150 priore

1874 4180 2197 4238 tabernaculo
2223 4176 2431 4231 habente
2452 4184 2660 4230 statum.
2687 4174 2999 4242 Propterea,
3023 4171 3213 4242 inquit,
3244 4172 3357 4227 hmc
3384 4172 3456 4226 ita

1873 4283 1999 4332 sunt
2028 4280 2330 4327 constructa
2355 4286 2369 4335 ;
2403 4278 2461 4323 ut
2491 4268 2819 4322 disceremus
2843 4265 2984 4336 quod
3011 4264 3079 4320 ad
3112 4274 3296 4320 sancta
3325 4280 3456 4320 san-

1871 4376 2081 4421 ctorum
2101 4404 2117 4429 ,
2149 4362 2253 4417 hoc
2282 4370 2398 4426 est,
2428 4358 2494 4413 ad
2522 4359 2711 4412 caelum
2737 4399 2753 4424 ,
2783 4356 3020 4411 nondum
3053 4365 3230 4426 pateat
3254 4357 3449 4411 aditus.

1871 4455 1949 4511 Ne
1973 4468 2122 4524 ergo,
2148 4450 2338 4521 inquit,
2369 4448 2623 4519 quoniam
2651 4447 2820 4516 ipsum
2850 4461 2953 4499 non
2978 4446 3328 4516 ingredimur,
3353 4461 3454 4502 nec

1868 4562 1990 4605 esse
2005 4545 2218 4613 quidem
2236 4542 2622 4602 existimemus,
2643 4538 2890 4606 quoniam
2911 4551 3010 4592 nec
3025 4546 3206 4592 sancta
3226 4538 3452 4606 ingrcssi

1867 4641 2073 4682 sumus.
2101 4628 2158 4683 9.
2187 4628 2313 4693 Qute
2342 4627 2583 4696 parubola
2603 4634 2697 4691 est,
2716 4626 2902 4694 inquit,
2928 4626 3167 4692 temporis
3191 4628 3445 4677 instantis.

1936 4720 1991 4775 2.
2023 4719 2303 4788 Quodnam
2325 4728 2479 4773 vocat
2529 4726 2739 4786 tempus
2766 4715 3007 4769 instans?
3033 4713 3183 4781 Quod
3201 4722 3284 4768 est
3323 4723 3447 4768 ante

1866 4810 2152 4866 adventum
2174 4809 2405 4865 Christi:
2437 4822 2559 4862 nam
2584 4815 2700 4876 post
2718 4804 2914 4860 Christi
2942 4803 3225 4859 adventum
3247 4818 3352 4858 non
3368 4813 3451 4857 est

1867 4904 2096 4973 amplius
2129 4912 2339 4971 tempus
2374 4902 2615 4955 instans:
2655 4896 2925 4968 quomodo
2955 4896 3097 4951 enim
3127 4905 3291 4961 esset,
3324 4909 3446 4949 cum

1867 4997 2142 5052 advenerit
2169 5008 2221 5049 et
2247 4993 2403 5047 ﬁdem
2435 4992 2663 5047 habeat?
2719 4990 2874 5045 Aliud
2927 5004 3139 5061 quoque
3182 4988 3447 5053 indicans,

1870 5090 1971 5143 hoc
1991 5087 2137 5152 dicit,
2166 5086 2292 5153 Qum
2308 5085 2551 5155 parabola
2581 5093 2652 5137 est
2673 5082 2911 5153 temporis
2925 5080 3194 5144 instantis;
3226 5079 3328 5133 hoc
3342 5087 3448 5143 est,

1868 5178 2040 5233 factus
2068 5185 2151 5231 est
2182 5186 2358 5246 typus.
2389 5173 2551 5227 Juxta
2575 5189 2726 5243 quam
2745 5187 2955 5226 numera
2973 5180 3019 5224 et
3040 5169 3216 5223 hostia:
3227 5167 3449 5235 offerun-

1869 5282 1970 5338 tur,
1988 5286 2099 5341 qua:
2112 5286 2211 5323 non
2234 5276 2440 5339 possunt
2461 5267 2605 5335 juxta
2618 5263 2974 5329 conscientiam
2992 5261 3213 5333 perfecta
3221 5263 3449 5331 m;facere

1867 5364 2179 5418 servientem.
2206 5359 2393 5415 Vidisti
2420 5373 2581 5429 quam
2605 5358 2751 5413 clare
2774 5356 2898 5411 hinc
2922 5354 3167 5410 ostendat
3192 5352 3316 5423 quid
3346 5351 3449 5406 sibi

1867 5456 2039 5512 velint
2079 5454 2196 5509 haec
2221 5452 2407 5517 verba,
2440 5450 2589 5507 Nihil
2622 5449 2691 5504 ad
2720 5451 3000 5519 perfectum
3029 5447 3239 5500 adduxit
3261 5444 3363 5511 (ex,
3393 5451 3449 5500 ct

1868 5545 2024 5610 illud,
2066 5543 2129 5601 St
2171 5545 2389 5615 primum
2433 5550 2789 5598 testamentum
2817 5548 2926 5593 erat
2970 5534 3449 5607 irreprehensibile?

1867 5636 2185 5707 Quomodo?
2234 5635 2397 5691 Juxta
2437 5634 2815 5689 conscientiam.
2867 5630 3000 5685 Nam
3042 5626 3303 5683 sacriﬁcia
3338 5639 3446 5679 non

1868 5730 2189 5787 amovcbant
2237 5728 2427 5785 sordes
2466 5726 2533 5782 ab
2560 5725 2759 5794 anima,
2803 5722 2897 5779 sed
2927 5720 3100 5777 adhuc
3125 5724 3277 5771 erant
3304 5715 3444 5770 circa

3103 5808 3144 5873 8
