4002 6426
549 190 648 250 119

538 334 766 389 corpus:
793 314 1086 372 Secundum
1127 312 1284 383 legem
1311 309 1464 370 enim,
1497 305 1686 375 inquit,
1726 303 1952 357 mandati
1996 317 2111 355 car—

508 413 671 467 ‘nalis
693 410 880 481 (Hebr.
909 409 962 462 7.
996 405 1108 476 16).
1135 403 1252 458 Νοη
1285 408 1528 471 poterant
1559 399 1699 451 enim
1723 396 1993 450 dimittere
2017 393 2111 448 ad-

541 504 811 564 ulterium,
845 513 1020 569 neque
1061 495 1283 557 ca‘dem,
1318 507 1494 562 neque
1538 487 1900 558 sacrilegium.
1928 484 2112 546 Vides.

540 595 656 650 lloc
681 593 893 663 quidem
921 586 1193 650 comedas,
1226 583 1358 638 illud
1392 598 1494 634 uon
1535 577 1821 634 comedas?
1847 590 1969 649 quae
1994 575 2116 645 qui-

541 686 662 741 dem
679 692 802 738 sunt
815 677 1196 734 indiﬂ'erentia.
1214 671 1546 732 SOlummodo
1564 669 1616 724 in
1633 668 1752 722 cibis
1773 677 1816 720 et
1839 668 1891 722 in
1912 666 2117 738 potibus

542 775 631 832 10.
657 783 705 828 et
729 774 781 828 in
804 771 953 826 variis
976 765 1376 838 baptismatibus.
1393 759 1734 834 llocjnquit,
1755 759 1877 814 bibe
1904 773 2116 828 :quatn-

539 882 697 940 quam
739 865 808 920 de
835 873 960 935 potu
982 860 1112 917 nihil
1141 856 1622 915 eratconstitutum
1647 870 1663 919 ;
1713 852 1805 908 sed
1847 853 1962 906 tunc
1983 850 2109 906 dicit

541 958 901 1029 vilipeudens.
926 954 992 1010 Et
1019 955 1172 1008 variis
1195 947 1597 1022 baptismatibus,
1627 956 1674 1000 et
1692 944 1904 1016 jus‘titiis
1928 943 2116 1008 carnis,

543 1066 699 1122 usque
731 1048 798 1102 ad
838 1058 1031 1118 tempus
1059 1041 1381 1097 correctionis
1406 1037 1679 1107 impositis.
1709 1035 1833 1090 Haec
1865 1042 1949 1088 est
1974 1032 2118 1088 enim

541 1144 746 1216 iustitia
787 1141 986 1197 carnis.
1029 1137 1127 1192 Hic
1155 1132 1414 1190 sacriﬁcia
1460 1129 1676 1199 dejicit,
1718 1126 2006 1181 ostendens
2060 1139 2122 1179 ea

548 1237 746 1293 nullam
777 1232 1029 1287 habuisse
1068 1230 1341 1291 virtutem,
1374 1231 1428 1278 et
1450 1221 1611 1275 fuisse
1634 1233 1801 1288 usque
1820 1217 1884 1271 ad
1915 1225 2124 1284 tempus

548 1324 918 1388 correctionis;
947 1321 1049 1376 hoc
1070 1328 1172 1384 est,
1196 1325 1536 1386 exspectasse
1554 1320 1762 1379 tempus
1777 1306 1917 1378 quod
1947 1305 2124 1361 omnia

549 1419 802 1490 corrigat.
834 1417 924 1471 H.
955 1413 1184 1468 Christus
1212 1417 1380 1461 autem
1414 1404 1655 1458 assistens
1678 1401 1910 1472 pontifex
1929 1398 2128 1490 futuro-

551 1527 666 1566 rum
699 1486 977 1572 bonorum,
1008 1519 1096 1575 per
1132 1499 1352 1570 amplius
1379 1507 1422 1551 et
1451 1493 1720 1565 perfectius
1750 1486 2127 1544 tabernaculum

552 1619 654 1657 non
698 1597 1067 1667 manufactum.
1094 1593 1322 1647 Carnem
1355 1589 1440 1642 hic
1469 1586 1617 1640 dicit.
1650 1584 1816 1638 Recte
1838 1589 2014 1636 autem
2043 1577 2130 1631 di-

553 1693 632 1748 xit
673 1689 848 1759 majus
874 1695 927 1742 et
959 1683 1266 1756 perfectius,
1315 1677 1577 1748 siquidem
1619 1684 1673 1729 ct
1702 1673 1840 1728 Deus
1874 1669 2128 1734 Verbum,

567 1793 624 1838 et
649 1781 893 1835 universa
922 1775 1162 1845 operatio
1181 1772 1408 1842 Spiritus
1431 1771 1480 1823 in
1509 1785 1574 1820 eo
1596 1765 1830 1818 habitat:
1863 1761 1982 1816 Non
2000 1761 2131 1814 enim

551 1863 619 1916 ad
647 1878 934 1918 mensuram
966 1862 1053 1915 dat
1083 1861 1222 1914 Deus
1247 1857 1501 1930 spiritum.
1530 1857 1631 1910 Aut
1652 1852 1939 1924 perfeCtius
1972 1851 2122 1913 dicit,

552 1963 609 2010 ut
638 1964 694 2010 et
714 1956 767 2009 in
801 1952 942 2025 quod
973 1967 1076 2006 non
1107 1950 1261 2005 cadat
1279 1948 1642 2019 reprehensio,
1683 1954 1736 2002 et
1761 1943 1901 2016 quod
1929 1945 2128 2012 majora

551 2055 694 2103 recte
723 2053 890 2117 gerat.
942 2042 1005 2097 Id
1030 2052 1123 2108 est,
1179 2058 1280 2094 non
1309 2041 1462 2110 hujus
1508 2036 1796 2092 creationis.
1829 2035 1967 2090 Ecce
1992 2047 2128 2102 quo-

551 2139 710 2194 modo
737 2137 942 2207 majus:
977 2149 1082 2189 non
1133 2143 1276 2188 esset
1323 2131 1466 2201 enim
1507 2146 1572 2183 ex
1617 2128 1827 2198 spiritu,
1874 2126 1919 2180 si
1965 2124 2130 2179 homo

553 2233 724 2302 ipsum
743 2229 1144 2285 construxisset.
1179 2223 1298 2278 Non
1323 2224 1475 2294 hujus
1492 2220 1774 2284 creatiouis,
1801 2217 1972 2288 inquit
1991 2233 2005 2278 ;
2027 2215 2131 2271 hoc

557 2333 660 2390 est,
685 2338 788 2377 non
809 2330 892 2377 est
915 2337 978 2375 ex
1007 2319 1090 2372 his
1137 2317 1294 2372 rebus
1327 2317 1537 2378 creatis,
1557 2312 1650 2366 sed
1677 2307 1967 2380 Spiritualis
1981 2321 2133 2362 crea-

556 2415 716 2470 tionis
750 2432 762 2468 :
792 2429 858 2468 ex
901 2411 1100 2481 Spiritu
1145 2408 1286 2463 enim
1331 2414 1516 2461 sancto
1565 2410 1935 2458 constructum
1990 2406 2126 2453 erat.

560 2505 718 2560 Vides
745 2501 1013 2575 quomodo
1053 2509 1107 2554 et
1133 2497 1529 2553 tabernaculum
1563 2503 1618 2549 et
1661 2493 1835 2548 velum
1865 2499 1920 2545 et
1939 2489 2130 2544 caelum

559 2607 712 2653 vocet
737 2595 978 2666 corpus?
1017 2593 1121 2649 Per
1162 2592 1328 2662 majus
1352 2598 1398 2643 et
1423 2587 1694 2661 perfectius
1715 2583 2132 2646 tabernaculum;

554 2687 768 2752 deinde,
793 2685 896 2740 Per
919 2684 1105 2748 velum,
1135 2682 1229 2736 hoc
1259 2690 1354 2743 est,
1387 2694 1591 2732 carnem
1621 2691 1803 2740 suam;
1834 2683 1889 2729 et
1901 2687 2094 2729 rursus
2114 2713 2129 2736 ,

560 2780 622 2834 lu
653 2779 891 2834 interiora
910 2775 1008 2830 veli
1034 2773 1218 2844 (Hebr.
1252 2772 1305 2828 6.
1340 2768 1470 2841 19);
1517 2778 1572 2824 et
1601 2782 1806 2833 rursus,
1835 2765 2136 2836 Ingredien-

559 2882 653 2924 tem
680 2871 733 2923 in
760 2877 932 2922 sancta
961 2873 1270 2930 sanctorum,
1310 2872 1368 2918 ut
1404 2866 1660 2930 appareat
1683 2858 1850 2911 vultui
1879 2857 1990 2910 Dei.
2024 2855 2136 2910 Cur

557 2978 686 3032 ergo
734 2960 835 3014 hoc
887 2957 1050 3013 facit?
1095 2955 1164 3011 Ut
1209 2967 1306 3008 nos
1329 2951 1522 3008 doceat
1551 2947 1844 3004 secundum
1890 2946 2034 3000 aliud
2079 2954 2134 3000 et

559 3052 702 3108 aliud
735 3049 1091 3120 signiﬁcatqu
1120 3043 1368 3100 eumdem
1397 3056 1516 3097 esse
1544 3054 1870 3096 sermonem.
1897 3036 1969 3093 Ut
1988 3046 2132 3107 puta,

558 3146 733 3199 velum
763 3141 952 3196 cadum
985 3147 1102 3194 est:
1145 3137 1284 3192 sicut
1312 3134 1452 3189 enim
1497 3132 1672 3186 velum
1705 3129 1866 3185 veluti
1899 3127 2131 3198 quodam

555 3250 710 3289 muro
738 3239 918 3288 sancta
943 3236 1175 3299 separat,
1200 3227 1276 3281 sic
1297 3239 1423 3279 caro
1439 3223 1668 3277 occultat
1690 3220 2018 3274 divinitatem
2037 3259 2051 3281 ,
2080 3225 2135 3273 et

558 3341 683 3382 caro
725 3326 848 3379 item
876 3331 959 3378 est
989 3318 1408 3380 tabernaculum,
1439 3313 1769 3368 divinitatem
1810 3310 2048 3374 habens;
2080 3317 2137 3364 et

559 3417 961 3475 tabernaculum
1011 3427 1196 3468 rursus
1243 3411 1459 3474 caelum;
1502 3405 1612 3460 illic
1662 3405 1804 3459 enim
1857 3413 1940 3460 est
1990 3404 2132 3458 intus

558 3509 816 3580 pontifex.
843 3505 1074 3564 Christus
1100 3512 1287 3568 autent,
1318 3500 1513 3571 inquit,
1542 3513 1656 3551 cum
1681 3495 1970 3550 accessisset
1999 3510 2132 3564 pon-

557 3603 697 3673 tifex.
729 3599 842 3656 Non
869 3598 1020 3662 dixit,
1052 3595 1181 3672 Cum
1215 3593 1383 3648 factus
1408 3598 1571 3656 esset,
1598 3586 1714 3651 sed,
1735 3587 1859 3641 Cum
1889 3585 2133 3640 accessis—

556 3705 663 3760 set;
692 3694 792 3748 hoc
818 3700 920 3756 est,
947 3705 1070 3744 cum
1111 3686 1177 3741 ad
1222 3686 1323 3741 hoc
1354 3685 1526 3754 ipsum
1559 3681 1816 3744 venisset,
1847 3694 1952 3733 non
1977 3677 2132 3735 alteri

555 3787 932 3842 successisset:
969 3797 1074 3838 non
1103 3783 1250 3852 prius
1293 3777 1541 3841 accessit,
1574 3785 1626 3830 et
1658 3784 1783 3829 tunc
1807 3772 1977 3828 factus
2011 3780 2131 3838 est;

555 3877 650 3931 sed
695 3875 920 3931 simulac
965 3874 1131 3928 venit.
1173 3870 1239 3924 Et
1286 3884 1391 3922 non
1433 3866 1564 3921 dixit
1595 3883 1608 3919 :
1636 3865 1770 3920 Cum
1819 3863 2132 3919 accessisset

559 3965 791 4037 ρυιιιὶῐει
829 3980 1014 4020 eorum
1041 3979 1158 4033 qum
1205 3961 1598 4022 saerilicantur,
1651 3955 1770 4021 sed,
1815 3954 2128 4009 Futurorum

556 4059 818 4121 bonorum,
861 4070 928 4109 co
966 4054 1109 4124 quod
1150 4067 1254 4106 non
1287 4060 1467 4121 posset
1513 4049 1818 4105 universum
1866 4047 2132 4117 explicare

556 4148 746 4202 nratin.
782 4147 868 4200 19..
920 4145 1100 4216 Neque
1129 4160 1216 4214 per
1239 4143 1537 4214 sanguinem
1579 4143 1833 4196 hircorum
1871 4149 1960 4194 aut
2002 4141 2134 4194 vitu-

556 4241 740 4295 lorum.
770 4236 959 4293 Omnia
991 4244 1116 4290 sunt
1145 4235 1442 4288 immutata.
1469 4232 1573 4286 Sed
1606 4248 1694 4302 per
1724 4232 1986 4300 prOpriuut
2012 4245 2134 4283 san-

555 4330 758 4401 guinem
788 4326 1010 4381 introivit
1055 4324 1209 4380 semel
1244 4324 1297 4378 in
1344 4333 1540 4377 sancta.
1586 4322 1722 4377 Ecce
1770 4322 1894 4375 illud
1927 4320 2134 4374 vocavit

555 4419 764 4476 cmlum.
794 4416 984 4482 Semel,
1023 4415 1212 4485 inquit,
1240 4414 1461 4466 introivit
1499 4413 1552 4465 in
1590 4421 1782 4476 sancta,
1832 4423 2021 4465 ceterua
2046 4426 2130 4464 re-

555 4511 839 4582 demptione
881 4511 1094 4564 inventa.
1140 4507 1205 4562 Et
1246 4505 1394 4571 illud,
1434 4506 1665 4572 Iuventa,
1695 4514 1777 4560 est
1819 4520 1883 4560 ex
1927 4506 1991 4559 iis
2011 4520 2131 4576 qua:

547 4611 672 4661 sunt
701 4601 854 4656 valde
888 4599 1070 4666 dubia,
1113 4608 1167 4654 et
1199 4607 1391 4668 prtetcr
1420 4597 1896 4667 exspectationem,
1930 4611 2122 4666 nempe

547 4694 818 4764 quomodo
869 4708 963 4763 per
991 4708 1153 4746 unttm
1185 4691 1462 4746 introitum
1490 4698 1745 4744 mternam
1798 4687 1999 4742 invenit
2036 4703 2117 4742 re-

549 4787 930 4854 demptionem.
963 4786 1163 4840 Deinde
1211 4785 1451 4854 sequitur
1502 4783 1553 4836 id
1591 4782 1730 4851 quod
1760 4790 1843 4836 cst
1867 4782 2124 4836 credibile

548 4887 602 4933 et
645 4877 872 4932 allcrens
929 4877 1081 4931 fidem
1129 4878 1258 4932 :15.
1302 4874 1362 4930 Si
1413 4876 1544 4930 enim
1609 4876 1817 4946 sanguis
1870 4875 2124 4928 hircorum

551 4980 595 5021 et
618 4979 896 5023 taurorum.
917 4976 960 5020 et
976 4969 1100 5022 cinis
1149 4969 1318 5021 vitula:
1348 4983 1584 5038 aspersus
1629 4968 1916 5036 inquinatos
1945 4967 2131 5018 sancti-

552 5061 668 5128 ﬁcat
698 5059 764 5112 ad
790 5059 1194 5111 emundationem
1233 5059 1436 5111 carnis:
1461 5058 1546 5112 M.
1577 5068 1762 5128 quanto
1809 5057 1968 5128 magis
2006 5074 2126 5110 sau-

551 5151 664 5220 guis
698 5149 904 5213 Christi,
960 5151 1044 5217 qui
1094 5166 1181 5218 per
1240 5149 1488 5218 Spiritum
1539 5160 1766 5202 sanctum
1808 5151 2130 5220 semetipsum

553 5244 732 5297 obtulit
789 5243 1170 5294 immaculatum
1221 5241 1326 5294 Deo
1356 5283 1371 5309 ,
1426 5241 1715 5294 emundnbit
1769 5243 2126 5295 conscientiam

552 5343 778 5394 nostram
802 5333 863 5385 ab
877 5331 1107 5401 operibus
1130 5331 1340 5384 mortuis
1366 5331 1432 5383 ad
1452 5331 1766 5384 serviendum
1788 5331 1890 5385 Deo
1910 5332 2126 5384 viventi?

553 5426 606 5482 Si
631 5426 794 5491 enim,
825 5425 1016 5490 inquit,
1037 5438 1253 5476 carnem
1280 5431 1453 5491 potest
1479 5422 1738 5476 mundare
1764 5423 1979 5492 Sanguis
2011 5431 2129 5476 tau-

554 5534 755 5578 rorum.
793 5516 959 5569 multo
992 5514 1160 5583 magis
1183 5512 1373 5567 sordes
1402 5513 1595 5568 animae
1625 5511 1895 5582 absterget
1915 5514 2132 5582 sanguis

553 5610 770 5667 ChriSIi.
802 5608 933 5664 Nam
980 5623 1047 5664 ne
1086 5621 1208 5664 cum
1239 5605 1492 5668 audieris,
1542 5604 1842 5673 Suuetiﬁcat
1883 5621 2130 5678 magnum

1261 190 1316 246 S.
1359 189 1632 246 JOANNIS
1670 187 2145 248 CIIRYSOSTOMI
2182 190 2495 250 ARCIIIEP.
2536 194 3070 257 CONSTANTINUP.

3699 209 3787 264 ιεο

2227 308 2355 380 qttid
2378 310 2672 375 existimes,
2704 309 2924 365 adnotat
2947 321 3000 365 et
3023 310 3261 366 ostendit
3285 312 3411 383 quid
3444 315 3653 370 intersit
3675 317 3799 374 inter

2229 408 2508 472 utramque
2537 401 3042 468 sanctificationem,
3074 411 3129 458 et
3155 404 3427 474 quomodo
3454 405 3570 462 haec
3594 409 3798 478 quidem

2227 503 2308 548 est
2334 493 2601 561 sublimis,
2633 494 2722 548 illa
2753 509 2883 550 vero
2912 493 3162 549 humilis:
3193 504 3246 551 et
3277 495 3408 552 dicit
3437 501 3634 554 merito
3663 499 3710 554 id
3737 502 3801 556 ita

2227 601 2367 651 esse,
2393 585 2657 656 siquidem
2680 586 2768 641 ille
2796 585 3014 656 quidem
3036 596 3118 641 est
3140 591 3358 658 sanguis
3384 598 3682 652 taurorum,
3721 593 3802 649 hic

2227 685 2404 731 autem
2432 675 2651 732 Christi.
2679 675 2789 732 Nec
2822 676 2921 730 fuit
2947 685 3230 732 contentus
3259 680 3498 745 nomine,
3526 682 3624 737 sed
3648 685 3800 739 etiam

2229 768 2444 823 modum
2474 768 2628 838 ponit
2662 768 2970 823 oblationis.
3017 768 3118 835 Qui
3153 787 3240 839 per
3267 770 3521 841 Spiritum
3553 787 3800 844 sanctum,

2227 859 2413 929 inquit,
2435 859 2755 929 semetipsum
2783 858 2962 913 obtulit
2997 859 3375 916 immaculatum
3403 862 3512 918 Deo
3530 881 3549 918 :
3578 864 3682 921 hoc
3704 880 3800 934 est,

2219 948 2454 1004 hostiam
2485 949 2902 1017 immaculatam,
2931 951 3186 1006 mundam
3214 967 3241 1004 a
3273 955 3527 1022 peccatis.
3555 955 3690 1010 Illud
3715 973 3805 1013 an-

2227 1051 2356 1105 tem,
2391 1041 2494 1096 Per
2521 1040 2775 1112 Spiritum
2801 1051 3054 1106 sanctum,
3089 1042 3139 1096 id
3184 1053 3287 1108 est,
3318 1061 3424 1099 non
3465 1060 3563 1115 per
3595 1049 3802 1118 ignem,

2227 1148 2331 1188 non
2371 1150 2464 1204 per
2491 1133 2665 1204 aliqua
2697 1134 2819 1187 alia.
2841 1132 3173 1201 Emuudabit,
3212 1135 3418 1206 inquit,
3447 1141 3804 1196 conscientiam

2226 1233 2451 1278 nostram
2478 1223 2540 1277 ab
2568 1224 2803 1294 operibus
2836 1226 3065 1280 mortuis.
3100 1225 3265 1281 Recte
3294 1227 3447 1294 dixit,
3474 1229 3548 1284 Ab
3575 1233 3806 1301 operibus

2225 1317 2454 1369 mortuis.
2477 1315 2530 1370 Si
2562 1317 2682 1384 quis
2707 1317 2848 1372 enim
2875 1327 3000 1371 tunc
3024 1317 3269 1387 tetigerat
3291 1330 3584 1388 mortuum,
3608 1323 3805 1393 pollue-

2224 1407 2411 1474 batur;
2442 1417 2498 1463 et
2541 1407 2629 1462 hic
2655 1408 2850 1478 siquis
2884 1408 3115 1478 tetigerit
3170 1424 3306 1478 opus
3350 1422 3648 1480 mortuum,
3686 1417 3800 1484 pulo

2225 1499 2388 1554 luitur
2413 1514 2512 1571 per
2545 1499 2953 1553 conscientiam.
2999 1501 3080 1552 Ad
3105 1501 3444 1569 serviendum,
3480 1502 3671 1575 inquit.
3698 1504 3803 1562 Deo

2225 1590 2405 1644 viventi
2442 1599 2488 1642 et
2517 1607 2649 1643 vero.
2678 1589 2774 1644 Hic
2800 1590 3055 1652 ostendit,
3093 1590 3236 1660 quod
3267 1592 3386 1646 licri
3416 1609 3522 1648 non
3553 1606 3731 1664 potest
3751 1611 3803 1654 ut

2221 1681 2308 1748 qui
2343 1682 2549 1734 mortua
2575 1679 2733 1734 habet
2755 1694 2941 1749 Opera,
2961 1674 3174 1735 serviat
3202 1697 3329 1738 vero
3349 1692 3403 1736 et
3431 1684 3631 1740 viventi
3664 1689 3793 1744 Deo.

2223 1769 2408 1824 Merito
2421 1769 2571 1836 dixit,
2595 1769 2697 1823 Deo
2714 1771 2893 1823 viventi
2913 1779 2958 1824 et
2975 1783 3110 1836 vero,
3125 1771 3413 1828 ostendens
3429 1774 3519 1830 illa
3538 1792 3662 1846 qua:
3682 1781 3800 1833 olle-

2220 1869 2410 1914 runtnr
2439 1860 2535 1929 ipsi
2551 1860 2672 1912 talia
2691 1874 2808 1914 csse
2829 1859 3044 1916 debere.
3074 1860 3202 1929 Qua:
3217 1877 3246 1915 a
3267 1863 3418 1918 nobis
3458 1881 3590 1935 ergo
3612 1871 3804 1936 prode-

2213 1957 2330 2014 unt,
2372 1949 2602 2004 viventia
2641 1959 2695 2006 et
2745 1965 2869 2006 vera
2895 1959 3057 2005 Stmt:
3089 1951 3175 2004 illa
3205 1966 3331 2005 vero
3356 1966 3478 2021 qua:
3519 1965 3549 2004 a
3581 1950 3798 2016 ludatis,

2214 2047 2266 2090 et
2302 2048 2508 2093 mortua
2534 2050 2586 2094 et
2607 2039 2782 2108 falsa;
2811 2049 2865 2095 et
2885 2041 3101 2096 merito.

2285 2131 2339 2184 5.
2360 2130 2541 2185 Nullus
2565 2133 2723 2202 igitur
2754 2133 2954 2188 habens
2975 2149 3136 2204 opera
3165 2143 3371 2189 mortua
3402 2134 3509 2190 huc
3530 2133 3802 2204 ingredia-

2218 2231 2320 2274 tur.
2356 2221 2411 2278 Si
2441 2228 2580 2278 enitu
2609 2241 2730 2280 eum
2761 2226 2850 2295 qui
2880 2235 3144 2281 mortuum
3177 2242 3371 2297 corpus
3402 2227 3677 2298 tangebat,
3701 2243 3801 2281 non

2215 2315 2499 2384 Oportebat
2533 2317 2758 2386 ingredi,
2794 2318 2961 2371 nmito
2987 2318 3156 2388 magis
3182 2334 3304 2373 eum
3345 2318 3432 2388 qui
3455 2333 3624 2388 opera
3651 2319 3803 2372 habet

2217 2414 2424 2458 mortua
2451 2421 2464 2458 :
2499 2414 2584 2460 est
2611 2405 2753 2460 enim
2781 2406 3002 2476 pollutio
3030 2407 3370 2478 gravissima.
3391 2407 3604 2462 Mortua
3627 2419 3801 2462 autem

2215 2509 2338 2552 sunt
2365 2515 2525 2568 opera
2552 2501 2730 2554 omnia
2758 2517 2877 2571 quzc
2907 2502 3066 2556 vitam
3098 2517 3200 2556 non
3235 2502 3587 2574 babent,qua:
3609 2512 3799 2557 tetrum

2225 2589 2433 2656 spirant
2459 2589 2700 2644 odorem.
2729 2591 2880 2647 Sicut
2905 2593 3047 2648 enim
3078 2607 3275 2663 corpus
3294 2604 3563 2649 mortuum
3593 2594 3660 2648 ad
3693 2594 3806 2648 uul-

2218 2677 2326 2732 lum
2355 2694 2572 2734 sensum
2601 2689 2684 2736 est
2709 2681 2860 2748 utile,
2893 2681 2988 2737 sed
3017 2683 3177 2738 etiam
3208 2685 3454 2740 molestia
3496 2683 3667 2740 aflicit
3715 2699 3805 2739 eos

2215 2770 2304 2839 qui
2333 2771 2764 2842 appropinquant
2796 2791 2810 2827 :
2841 2774 2910 2828 ita
2940 2776 3100 2829 etiam
3149 2784 3427 2846 peccatum
3462 2776 3646 2830 statim
3687 2776 3806 2831 ferit

2222 2859 2524 2915 facultatem
2564 2863 2944 2927 ratiocinandi,
2969 2873 3024 2919 et
3053 2880 3152 2920 nec
3188 2850 3357 2936 ipsam
3391 2854 3627 2936 quidem.
3659 2884 3806 2922 men-

2219 2958 2324 3004 tem
2355 2951 2482 3005 sinit
2509 2951 2811 3022 quiescere,
2841 2953 2935 3008 sed
2962 2954 3124 3009 etiam
3152 2957 3260 3010 eiet
3288 2957 3576 3011 tumultum
3611 2966 3665 3011 et
3687 2973 3802 3011 eam

2219 3042 2510 3109 perturbat.
2567 3043 2772 3098 Dicitur
2822 3053 3000 3100 autem
3043 3047 3208 3116 pestis
3255 3063 3470 3118 quoque
3495 3059 3655 3104 enata
3683 3064 3804 3103 cor-

2220 3147 2468 3202 rumpere
2498 3147 2745 3203 corpora.
2777 3135 2906 3191 Tale
2923 3146 3005 3192 est
3032 3138 3191 3193 etiam
3224 3150 3502 3210 peccatum
3540 3159 3553 3195 :
3587 3156 3617 3194 a
3659 3151 3805 3212 peste

2222 3224 2350 3278 nihil
2405 3225 2605 3293 dill'ert,
2632 3241 2736 3283 non
2762 3243 2939 3284 aerem
2967 3232 3196 3300 primum
3223 3247 3598 3304 corrumpens,
3616 3235 3804 3291 deinde

2217 3329 2463 3383 corpora,
2496 3317 2590 3371 sed
2622 3319 2801 3372 statim
2835 3320 2888 3373 in
2922 3321 3154 3376 animam
3183 3321 3448 3379 insiliens.

2295 3403 2463 3458 Morbi
2485 3407 2671 3461 animat
2696 3409 2883 3464 morbis
2900 3412 3127 3481 corporis
3156 3414 3372 3482 pejores.
3398 3416 3555 3468 Amor
3585 3417 3807 3484 pecunia

2219 3503 2461 3562 quantum
2490 3495 2702 3550 malum.
2727 3526 2797 3538 -—
2819 3497 2934 3553 Non
2956 3499 3100 3555 vides
3121 3516 3214 3556 cos
3241 3503 3329 3571 qui
3359 3513 3509 3573 peste
3540 3505 3802 3568 laborant.

2219 3585 2490 3653 quomodo
2511 3585 2925 3655 inﬂammantur,
2939 3591 3207 3660 quomodo
3222 3593 3494 3664 agitantur
3509 3604 3561 3649 et
3584 3597 3806 3651 circnm-

2215 3674 2520 3744 volvuntur,
2540 3677 2807 3748 quomodo
2819 3680 3007 3736 faetore
3021 3691 3141 3736 sunt
3160 3684 3320 3752 pleni,
3355 3699 3513 3754 quam
3531 3691 3701 3757 turpis
3729 3696 3806 3742 est

2222 3781 2407 3822 eorum
2436 3778 2700 3838 aspectus,
2731 3786 2887 3840 quam
2921 3773 3012 3826 toti
3038 3783 3162 3827 Sunt
3181 3774 3479 3829 immundi?
3505 3776 3665 3831 Tales
3689 3787 3807 3832 sunt

2221 3859 2379 3913 etiam
2403 3861 2490 3930 qui
2512 3870 2752 3930 peccant,
2778 3864 2984 3919 etiamsi
3003 3881 3109 3919 non
3139 3865 3371 3920 videant.
3395 3866 3526 3920 Nam
3549 3869 3638 3923 dic
3659 3869 3802 3936 mihi,

2223 3966 2398 4005 annon
2429 3953 2616 4022 quovis
2633 3952 2969 4010 febricitante
2989 3965 3071 4010 est
3095 3955 3332 4012 deterior
3357 3958 3446 4028 qui
3465 3961 3705 4028 pecunia:
3720 3973 3804 4014 aut
3840 3980 3846 3985 ·

2222 4056 2506 4111 corporum
2525 4052 2712 4113 captus
2727 4053 2809 4100 est
2823 4044 3113 4102 desiderio?
3130 4061 3305 4102 annon
3327 4047 3407 4102 his
3423 4059 3508 4104 est
3531 4050 3800 4120 impurior,

2221 4134 2310 4204 qui
2357 4134 2534 4188 omnia
2561 4135 2732 4206 turpia
2761 4137 2870 4206 agit
2909 4145 2962 4192 et
2987 4137 3220 4208 patitur?
3248 4138 3385 4207 Quid
3424 4149 3511 4194 est
3530 4140 3675 4195 enim
3697 4141 3803 4196 viro

2224 4225 2430 4295 turpius
2466 4226 2556 4296 qui
2589 4233 2799 4281 tenetur
2827 4242 3009 4284 amore
3037 4229 3310 4298 pecunize‘!
3327 4245 3448 4283 nam
3462 4244 3802 4300 quaecumque

2221 4317 2556 4382 meretrices,
2586 4333 2939 4388 quaecumque
2967 4321 3192 4375 scenica:
3235 4320 3488 4375 mulieres
3515 4336 3628 4374 non
3654 4335 3799 4375 recu-

2222 4415 2342 4461 sant
2368 4406 2567 4474 facere,
2595 4423 2657 4462 ea
2685 4424 2784 4463 nec
2810 4409 2909 4464 iste
2933 4427 2947 4474 ;
2982 4411 3088 4464 imo
3117 4426 3242 4466 vero
3296 4419 3376 4466 est
3402 4412 3712 4479 verisimile,
3741 4413 3798 4466 il-

2225 4498 2304 4553 las
2369 4500 2539 4570 magis
2587 4517 2745 4572 quam
2797 4503 2938 4557 hunc
2985 4518 3251 4559 recusare.
3304 4504 3441 4572 Quid
3492 4505 3657 4572 dico,
3704 4521 3799 4560 non

2222 4594 2468 4649 recusat?
2523 4610 2609 4649 res
2661 4596 2861 4666 patitur
2899 4597 3142 4662 serviles,
3187 4596 3409 4654 adulans
3453 4597 3650 4669 quibus
3703 4613 3798 4653 non

2225 4696 2456 4752 Oportet,
2484 4688 2654 4742 audax
2685 4704 2867 4742 rursus
2897 4698 2952 4743 et
3004 4689 3278 4744 conlidens
3309 4690 3396 4745 ubi
3440 4707 3547 4745 non
3577 4700 3796 4761 oportet,

2214 4776 2414 4846 ubique
2463 4777 2739 4846 inaequalis
2767 4794 2780 4832 :
2811 4776 2939 4832 viris
2978 4791 3121 4848 saspe
3162 4777 3456 4840 sceleratis,
3499 4786 3555 4833 et
3584 4779 3785 4847 [mesti-

2213 4867 2508 4936 giatoribus
2533 4868 2800 4938 corruptis
2824 4883 2886 4922 ac
2911 4869 3110 4938 pravis,
3135 4868 3289 4936 longe
3311 4868 3424 4937 ipso
3448 4876 3504 4922 et
3523 4867 3792 4937 pauperio-

2216 4957 2366 5012 ribus
2387 4966 2440 5011 et
2466 4957 2847 5026 abjectioribus
2872 4956 3074 5012 assidet
3094 4967 3393 5023 assentans,
3420 4966 3474 5012 et
3503 4959 3626 5012 aliis
3651 4957 3788 5013 bonis

2216 5058 2269 5103 et
2290 5049 2483 5104 virtute
2512 5049 2747 5119 przedilis
2776 5050 3036 5104 insultans
3078 5060 3133 5104 et
3158 5051 3498 5105 contumeliis
3521 5060 3787 5121 appetens.

2218 5142 2409 5196 Vidisti
2447 5145 2712 5210 utrimque
2753 5142 3004 5212 probrum
3027 5152 3081 5197 et
3127 5143 3653 5212 impudentiam?est
3680 5159 3788 5214 pero

2219 5234 2341 5288 inde
2372 5234 2586 5288 humilis
2639 5242 2836 5303 praeter
2875 5234 3115 5301 modum,
3158 5245 3320 5305 atque
3364 5251 3646 5306 arrogans.
3696 5235 3788 5291 Sed

2219 5324 2367 5379 domi
2400 5332 2542 5378 stant
2584 5325 2919 5391 meretrices,
2966 5335 3022 5380 et
3068 5327 3169 5380 hoc
3212 5336 3294 5380 est
3345 5343 3532 5395 earum
3575 5331 3781 5393 crimen,

2221 5414 2362 5484 quod
2419 5428 2612 5484 corpus
2661 5414 2894 5470 vendant
2940 5416 3180 5485 pecuniis
3213 5435 3226 5471 :
3257 5432 3442 5471 verum
3499 5427 3782 5488 paupertas,

2223 5504 2418 5574 inquit,
2441 5505 2600 5574 cogit,
2632 5513 2687 5559 et
2715 5505 2879 5560 lames
2904 5505 3066 5574 cogit,
3084 5506 3182 5561 etsi
3206 5507 3434 5562 maxime
3463 5523 3532 5563 ne
3563 5510 3660 5564 hoc
3682 5507 3783 5577 qui-

2221 5593 2344 5649 dem
2369 5593 2564 5650 suflicit
2589 5594 2655 5650 ad
2685 5595 3081 5652 excusationem
3112 5612 3126 5650 :
3157 5604 3397 5665 poterant
3425 5599 3568 5655 enim
3590 5598 3781 5667 etiope
