4002 6426
249 369 346 425 121

245 479 457 528 rantes.
479 470 579 526 Hic
606 477 785 528 autem
815 477 921 527 stat
951 484 1172 537 avarus,
1198 488 1308 527 non
1333 473 1502 541 domi,
1527 476 1620 532 sed
1642 477 1696 532 in
1720 491 1828 534 me-

244 568 338 622 dia
369 565 614 629 civitate,
637 581 744 621 non
767 579 990 635 corpus,
1011 565 1105 621 sed
1126 566 1366 622 animam
1387 565 1605 625 diabolo
1626 574 1823 642 prosti-

248 670 433 724 tuens,
457 668 518 714 ut
548 666 604 714 et
635 666 790 714 coeat
815 667 866 714 et
891 657 958 712 ad
992 659 1168 729 ipsum
1200 661 1508 740 meretricis
1542 663 1718 720 instar
1741 665 1824 722 in-

242 752 527 823 grediatur
549 791 566 816 ,
600 759 656 807 et
685 750 832 805 omni
869 750 990 820 ejus
1019 751 1243 822 impleta
1284 751 1512 810 libidine
1553 767 1744 826 exeat;
1773 768 1826 814 et

241 844 394 899 videt
434 852 544 898 tota
585 843 808 908 civitas,
848 858 960 896 non
1001 842 1110 898 duo
1141 847 1239 897 au't
1277 853 1387 900 tres
1425 845 1549 901 viri.
1595 833 1710 904 Hoc
1740 843 1824 906 est

173 981 192 1000 ,
239 936 410 990 etiam
439 935 718 1006 proprium
746 936 1122 1000 meretricum,
1145 935 1292 1004 quod
1321 935 1442 1006 ejus
1474 937 1584 992 sint
1615 938 1712 1009 qui
1732 940 1824 996 dat

243 1041 437 1081 aurum
458 1046 471 1080 :
495 1035 549 1082 et
573 1026 694 1081 licet
715 1025 785 1080 sit
809 1041 1022 1092 servus,
1044 1027 1171 1082 licet
1194 1027 1354 1093 liber,
1378 1028 1507 1085 licet
1529 1031 1818 1102 gladiator,

239 1119 370 1174 licet
389 1118 701 1189 quilibet,-si
725 1119 969 1188 porrigat
991 1120 1322 1184 mercedem,
1345 1121 1498 1176 illum
1517 1123 1818 1193 excipiunt;

239 1209 445 1264 liberos
465 1217 668 1273 autem,
689 1210 852 1264 etiam
875 1209 920 1264 si
936 1209 1047 1266 sint
1066 1212 1313 1266 omnium
1333 1213 1683 1283 nobilissimi,
1705 1218 1822 1272 sine

237 1299 473 1369 pecunia
497 1314 602 1355 non
621 1299 932 1354 admittunt.
957 1301 1072 1356 Hoc
1096 1302 1188 1358 isti
1219 1303 1712 1374 quoquel'aciunt:
1743 1324 1819 1362 re-

236 1400 358 1447 etas
372 1391 593 1461 quidem
615 1393 995 1460 cogitationes,
1017 1409 1142 1449 cum
1164 1396 1457 1466 pecuniam
1474 1413 1580 1452 non
1598 1398 1814 1464 habent,

236 1490 595 1550 aVersantur;
615 1494 742 1538 cum
763 1485 1047 1541 sceleratis
1064 1495 1244 1542 autem
1261 1495 1315 1543 et
1331 1488 1721 1544 bestiariorum
1743 1491 1820 1544 tli-

233 1575 360 1644 gnis
385 1583 580 1630 coeunt
610 1585 828 1646 propter
858 1591 1077 1644 aurum,
1103 1579 1502 1651 inhonesteque
1525 1591 1743 1647 coeunt,
1764 1590 1817 1637 et

235 1667 474 1736 perdunt
495 1669 690 1723 animze
709 1666 1199 1738 pulchritudinem.
1228 1669 1364 1726 Nam
1389 1680 1449 1727 ut
1481 1672 1588 1728 illa:
1618 1682 1816 1728 natura

232 1757 456 1825 quidem
485 1758 760 1815 deformes
781 1767 836 1814 et
867 1760 1055 1831 nigrae,
1073 1769 1428 1833 agrestes-que
1458 1772 1513 1820 et
1533 1778 1736 1821 crassa:
1761 1773 1817 1820 et

233 1848 524 1916 informes,
547 1860 600 1905 et
624 1865 735 1906 non
763 1858 928 1908 rectm
951 1852 1160 1924 ﬁgurae,
1183 1863 1239 1910 et
1259 1847 1498 1913 omni‘ex
1524 1865 1680 1928 parte
1702 1865 1816 1912 tur-

231 1954 328 2008 pes
350 1956 364 1992 :
387 1940 461 1994 ita
483 1941 678 1997 horum
705 1956 924 2014 quoque
944 1944 1083 2000 fiunt
1104 1946 1324 2015 animas,
1346 1953 1468 2019 qute
1487 1964 1556 2006 ne
1574 1950 1815 2006 externis

231 2031 453 2099 quidem
475 2033 623 2088 illitis
649 2033 792 2090 fucis
813 2036 1225 2093 deformitatem
1249 2048 1481 2109 possunt
1497 2050 1812 2112 contegere.

229 2123 368 2178 Nam
391 2127 615 2195 quando
630 2133 872 2186 extrema
898 2127 1063 2185 fuerit
1077 2129 1419 2199 deformitas,
1439 2133 1705 2204 quidquid
1727 2151 1816 2190 ex-

228 2213 544 2283 cogitarint,
560 2229 662 2270 nec
685 2225 913 2287 possunt
936 2226 1115 2275 tamen
1139 2221 1415 2292 obtegere.
1435 2222 1646 2279 Etenim
1668 2225 1812 2295 quod

227 2305 569 2374 impudentia
593 2311 789 2364 efficiat
830 2311 1178 2378 meretrices,
1208 2313 1336 2368 audi
1377 2314 1696 2384 pr0phetam
1733 2315 1786 2370 di

226 2402 478 2450 tentem:
512 2395 789 2463 [mpudens
815 2399 949 2464 facta
976 2414 1027 2450 es
1053 2400 1119 2449 ad
1147 2415 1316 2452 omnes
1339 2441 1354 2464 ,
1400 2400 1489 2452 tlbi
1517 2403 1613 2471 fuit
1641 2400 1796 2470 facies

226 2485 506 2540 meretricis
533 2481 666 2553 (Jer.
699 2489 753 2543 5.
785 2488 861 2555 ὅ).
893 2487 1004 2541 Hoc
1039 2487 1196 2541 etiam
1230 2487 1334 2541 dici
1372 2497 1547 2556 potest
1575 2489 1749 2542 avaris
1775 2505 1788 2541 :

224 2575 511 2643 lmpudens
539 2576 710 2631 factus
754 2592 814 2631 es
857 2577 925 2631 ad
952 2584 1166 2642 omnes,
1201 2592 1306 2631 non
1345 2577 1411 2631 ad
1444 2577 1543 2632 hos
1566 2587 1620 2632 et
1649 2578 1787 2644 illos,

221 2665 318 2721 sed
343 2667 412 2720 ad
457 2682 663 2722 omnes.
691 2667 1011 2734 Quomodo?
1042 2666 1157 2722 Non
1195 2676 1418 2736 patrem,
1468 2683 1573 2722 non
1601 2668 1786 2730 filium,

219 2772 328 2810 non
363 2756 602 2824 uxorem,
624 2772 730 2812 non
767 2759 1020 2826 amicum,
1067 2773 1173 2812 non
1199 2759 1437 2824 fratrem,
1465 2773 1571 2813 non
1620 2759 1788 2813 bene-

218 2846 403 2911 ﬁcum,
430 2849 698 2903 neminem
730 2860 1007 2903 reveretur
1031 2851 1120 2918 qui
1149 2857 1231 2904 est
1255 2849 1536 2919 ejusmodi.
1568 2850 1632 2904 Et
1660 2849 1784 2919 quid
1850 2901 1852 2904 ,

213 2937 340 2992 dico
365 2937 593 2991 amicum
610 2948 665 2993 et
686 2939 898 2994 fratrem
928 2948 982 2993 et
1008 2939 1250 3008 patrem?
1278 2955 1344 2995 ne
1375 2940 1548 3009 ipsum
1569 2941 1781 3009 quidem

211 3037 432 3080 veretur
462 3027 649 3093 Deum,
681 3027 774 3080 sed
805 3028 982 3082 omnia
1011 3033 1058 3084 ei
1087 3029 1334 3084 videntur
1360 3045 1481 3085 esse
1503 3029 1696 3094 fabula,
1728 3040 1780 3084 et

209 3116 351 3170 ridet
377 3131 408 3168 a
435 3117 599 3170 multa
639 3117 930 3185 cupiditate
955 3118 1157 3181 ebrius,
1204 3134 1273 3172 ne
1305 3119 1523 3173 auribus
1565 3119 1777 3188 quidem

205 3207 498 3276 quidquam
528 3208 815 3262 admittens
830 3222 1013 3262 eorum
1035 3224 1155 3278 quae
1177 3219 1398 3277 possunt
1423 3211 1471 3265 ei
1503 3201 1776 3278 prudesse.

204 3296 338 3358 Sed,
387 3311 422 3350 ο
462 3297 868 3364 absurditatem,
915 3312 1161 3367 quaenam
1193 3298 1514 3368 loquuntur!
1546 3298 1638 3354 Vae
1681 3300 1776 3354 tibi

203 3402 486 3452 mamona,
541 3397 596 3442 et
645 3389 694 3443 ei
745 3389 834 3458 qui
887 3400 937 3444 te
973 3404 1078 3443 non
1133 3388 1312 3443 habet.
1367 3388 1444 3442 lra
1492 3391 1772 3445 dissecor:

203 3476 298 3530 Va:
317 3477 480 3531 etiam
503 3477 568 3532 iis
589 3478 678 3547 qui
710 3477 823 3533 hac
849 3479 1052 3544 dicunt,
1081 3479 1288 3532 etiamsi
1319 3479 1545 3535 ridendo
1567 3478 1771 3540 dicant.

198 3567 332 3620 Nam
386 3568 474 3622 die
527 3569 692 3635 mihi,
739 3584 919 3624 annon
965 3571 1098 3624 tales
1150 3570 1320 3624 minas
1359 3569 1500 3625 Deus
1544 3571 1772 3626 intenta-

198 3659 297 3722 vit,
349 3658 534 3713 dicens
588 3678 601 3713 :
659 3658 781 3713 Non
834 3661 1039 3729 potestis
1082 3658 1280 3714 duobus
1324 3659 1540 3713 dominis
1587 3661 1773 3715 servire

195 3748 415 3818 (alatth.
470 3749 526 3804 6.
583 3747 708 3818 25)?
759 3757 815 3802 tu
868 3756 1046 3802 autem
1090 3749 1262 3803 minas
1290 3747 1538 3804 dissolvis
1558 3748 1768 3804 dnmea

195 3841 249 3892 in
299 3838 552 3892 damnum
609 3847 754 3892 tuum
800 3838 965 3892 audes
1011 3838 1228 3894 dicere?
1265 3854 1442 3893 annon
1485 3854 1602 3895 eam
1642 3839 1770 3892 dicit

191 3928 397 3984 Paulus
438 3943 558 3984 esse
610 3927 981 3994 idololatriam,
1021 3937 1076 3983 et
1099 3943 1315 3983 avarum
1362 3940 1510 3984 vocat
1551 3929 1768 3984 idolola-

192 4019 374 4073 tram?
401 4029 459 4073 tu
479 4029 654 4073 autem
683 4027 794 4072 stas
825 4019 1005 4073 ridens
1034 4019 1196 4073 instar
1215 4021 1548 4073 saecularium
1577 4022 1765 4076 audie-

189 4098 334 4174 rnrn,
366 4112 536 4164 instar
577 4123 759 4165 earum
816 4123 938 4180 qua:
977 4118 1100 4164 sunt
1142 4110 1194 4164 in
1240 4124 1400 4166 scena
1450 4113 1612 4166 risum
1652 4128 1766 4168 mo-

189 4215 346 4254 Vens.

261 4294 321 4348 4.
364 4290 476 4345 Hoc
491 4290 665 4344 omnia
687 4290 901 4355 evertit,
931 4288 1032 4344 hoc
1052 4289 1268 4358 dejicit:
1291 4291 1396 4345 Res
1427 4303 1618 4346 nostra:
1646 4293 1764 4348 eli'e-

189 4393 294 4438 etas
323 4391 451 4437 sunt
471 4381 632 4447 risus,
647 4380 881 4434 civilitas
903 4389 958 4435 et
977 4382 1266 4436 urbanitas.
1286 4382 1428 4437 Nihil
1450 4385 1659 4449 stabile,
1683 4386 1763 4440 ni-

191 4476 266 4529 hil
295 4489 478 4544 grave.
496 4472 610 4526 Non
626 4471 725 4526 hoc
741 4460 914 4526 solum
947 4470 1067 4526 dico
1099 4473 1222 4527 viris
1252 4473 1407 4542 hujus
1437 4476 1556 4530 vitae
1584 4477 1761 4531 studio

187 4560 524 4626 dcditis,s‘ed
563 4561 676 4616 scio
703 4573 838 4630 quos
883 4561 1080 4614 innuo:
1111 4561 1221 4615 risu
1262 4563 1401 4616 enim
1441 4565 1652 4633 impleta
1680 4575 1762 4621 est

188 4652 456 4708 Ecclesia.
483 4649 539 4706 Si
571 4649 832 4720 quispiam
855 4650 1085 4705 facetum
1115 4651 1238 4720 quid
1269 4651 1485 4719 dixerit,
1513 4656 1649 4709 inter
1676 4671 1761 4710 se-

185 4747 389 4801 dentes
408 4743 585 4797 statim
609 4743 842 4797 nascitur
867 4744 1040 4798 risus:
1063 4753 1116 4806 et
1136 4743 1275 4812 quod
1302 4753 1384 4798 est
1401 4745 1662 4811 mirabile,
1693 4763 1760 4802 ne

187 4839 244 4890 in
267 4836 386 4906 ipso
413 4834 622 4903 quidem
655 4849 868 4902 precum
898 4842 1134 4903 tempore
1156 4845 1363 4887 cessant
1381 4836 1530 4887 multi
1563 4836 1754 4891 ridere.

188 4920 400 4990 Ubique
418 4922 611 4974 choros
636 4923 779 4976 ducit
806 4923 1062 4985 diabolus,
1084 4937 1271 4977 omnes
1289 4924 1557 4989 ingressus
1575 4926 1674 4979 est,
1701 4919 1751 4970 in

175 5027 373 5066 ornncs
389 5012 712 5065 dominatum
741 5014 945 5067 obtinet
980 5033 992 5068 :
1021 5014 1268 5067 Christus
1297 5011 1622 5079 contemptui
1656 5009 1749 5062 ha-

176 5101 370 5163 betur,
400 5103 718 5157 extruditur.
754 5103 904 5156 nihili
929 5101 1530 5156 duciturEcclcsimNon
1553 5101 1746 5152 auditis

171 5191 402 5246 Paulum
423 5192 685 5249 dicentem
707 5209 721 5244 :
742 5194 1042 5261 Turpitudo,
1063 5204 1107 5247 et
1123 5193 1510 5260 stultiloquium,
1542 5200 1588 5243 et
1604 5207 1744 5244 scur-

169 5282 344 5337 rilitas
383 5284 596 5337 tollatur
621 5299 653 5336 a
672 5285 810 5338 vobis
833 5283 1050 5356 (Ephes.
1079 5285 1130 5339 5.
1155 5285 1245 5352 4)?
1264 5283 1392 5337 Cum
1424 5282 1741 5351 turpitudine

168 5373 328 5440 punit
354 5371 771 5428 scurrilitatem:
799 5384 854 5428 tu
891 5383 1065 5427 autem
1111 5373 1291 5428 rides?
1333 5372 1468 5439 Quid
1508 5372 1733 5426 stultilo-

164 5465 356 5530 quium
370 5463 395 5514 ἲ
410 5477 529 5530 qua:
545 5461 676 5516 nihil
698 5462 896 5518 habent
917 5463 1065 5520 utile.
1079 5463 1158 5518 Tu
1178 5471 1351 5518 tamen
1370 5464 1528 5527 rides,
1543 5471 1596 5516 et
1621 5465 1736 5514 vui-

164 5561 280 5605 tum
295 5551 674 5620 diffundis,qui
691 5567 748 5608 es
771 5552 1100 5608 monachus?
1120 5554 1209 5622 qui
1232 5550 1533 5618 crucifixus,
1551 5550 1639 5622 qni
1660 5550 1736 5604 lu-

160 5642 527 5706 ctuminduis,
552 5642 715 5710 rides,
733 5642 820 5698 dic
838 5643 1001 5698 mihi?
1024 5643 1119 5698 Ubi
1149 5643 1319 5697 vidisti
1339 5641 1604 5698 Christum
1634 5640 1733 5692 hoc

157 5732 498 5790 facientem?
527 5733 794 5805 Nusquam
824 5751 837 5798 ;
863 5734 957 5790 scd
981 5748 1121 5804 satpe
1146 5733 1357 5804 quidem
1390 5732 1615 5788 tristem.
1643 5731 1728 5785 Et-

1064 363 1128 420 IN
1169 365 1382 422 EPIST.
1424 365 1516 421 At)
1554 363 1916 424 llEBlirEUS.
1959 351 2112 426 cap.
2154 371 2246 426 ιχ.
2289 374 2516 432 nosne.
2559 377 2676 434 xv.

3394 385 3498 440 122

1926 473 2067 527 enim
2093 475 2304 543 quando
2332 477 2460 531 vidit
2494 477 2818 547 Jerusalem,
2865 473 3046 545 flevit;
3078 489 3131 536 et
3159 471 3370 551 quando
3419 485 3487 536 de

1926 563 2194 630 proditOre
2222 567 2488 635 cogitavit,
2516 567 2614 622 fuit
2639 571 2913 634 turbatus;
2940 570 3214 640 etquando
3228 561 3485 624 Lazarum

1921 643 2271 707 suscitaturus
2308 665 2441 719 erat,
2479 651 2800 727 lacrymatus
2846 663 2928 714 es‘t
2951 675 2966 713 :
2993 665 3047 712 tu
3077 668 3258 714 autem
3301 657 3482 712 rides?

1920 733 1974 794 Si
1997 737 2082 810 qui
2110 742 2324 812 propter
2346 743 2569 798 aliorum
2599 754 2816 814 peccata
2843 760 2950 801 non
2988 746 3154 813 dolet,
3179 747 3367 817 dignus
3396 753 3479 802 est

1916 831 2005 900 qui
2055 842 2373 886 accusetur:
2401 834 2490 902 qui
2523 845 2619 902 pro
2664 836 2776 891 suis
2807 837 2952 891 nullo
2996 838 3223 907 tangitur
3265 838 3472 905 dolore,

1916 909 2011 974 sed
2033 913 2190 982 ridet.
2214 935 2443 990 quanam
2473 923 2577 978 erit
2596 921 2785 997 dignus
2812 921 2961 982 venia
2982 927 3006 980 7
3025 928 3219 982 Luctus
3236 939 3316 982 est
3345 937 3478 983 tem-

1917 1025 2014 1079 pus
2040 1020 2092 1065 et
2120 1011 2440 1076 afflictionis,
2460 1014 2820 1083 castigationis
2837 1027 2890 1071 et
2913 1018 3178 1073 servitutis
3194 1020 3474 1084 obeundae,

1911 1101 2260 1158 certaminum
2287 1112 2341 1159 et
2365 1102 2620 1159 sudorum
2648 1123 2661 1157 ε
2695 1115 2749 1160 ιιι
2769 1114 2945 1162 autem
2968 1108 3151 1162 rides?
3178 1108 3292 1162 Non
3322 1111 3473 1164 vides

1910 1183 2179 1261 quomodo
2224 1193 2493 1262 increpata
2544 1193 2642 1248 fuit
2671 1183 2833 1250 Sara?
2889 1210 2994 1251 non
3023 1181 3174 1251 audis
3200 1195 3468 1251 Christum

1908 1285 2173 1337 dicentem
2209 1302 2221 1338 :
2266 1283 2352 1338 Va:
2378 1285 2465 1353 qui
2485 1273 2668 1350 rident,
2695 1286 2932 1354 quoniam
2965 1287 3229 1355 plorabant
3260 1287 3464 1358 (Lucii.

1907 1372 2162 1442 25)?llmc
2180 1373 2358 1442 psallis
2375 1361 2629 1442 quotidie.
2648 1375 2782 1442 Quid
2800 1377 2939 1430 enim
2961 1375 3112 1440 dicis,
3138 1376 3222 1430 dic
3251 1393 3427 1446 qmeso
3447 1377 3469 1429 ξ’

1907 1464 2132 1527 dicisue,
2164 1455 2310 1518 Risi?
2354 1465 2735 1535 Nequaquam;
2791 1465 2884 1520 sed
2935 1465 3098 1535 quid?
3133 1465 3377 1520 Laboravi
3419 1469 3468 1520 in

1904 1557 2092 1627 gemitu
2117 1556 2372 1611 meo.‘Sed
2404 1557 2631 1612 fortasse
2654 1557 2866 1626 quidam
2917 1568 3032 1611 sunt
3073 1558 3207 1612 adeo
3228 1541 3468 1614 dissoluti

1893 1650 2216 1720 mollesque,
2241 1659 2295 1704 ut
2320 1650 2478 1703 etiam
2505 1650 2556 1703 in
2575 1650 2673 1703 hac
2700 1649 3061 1718 increpatione
3083 1635 3308 1716 rideant,
3331 1667 3462 1721 quo-

1902 1739 2046 1793 niam
2073 1737 2140 1793 de
2165 1738 2272 1792 risu
2319 1738 2431 1792 lucc
2472 1738 2716 1794 dicimus.
2751 1739 2961 1793 Etenim
2987 1739 3243 1808 ejusmodi
3267 1755 3352 1796 res
3383 1742 3460 1796 fur

1901 1844 2013 1891 ror,
2047 1828 2166 1883 talis
2218 1829 2410 1882 mentis
2445 1837 2648 1898 stuper,
2683 1844 2748 1883 ne
2770 1830 2932 1884 sentit
2979 1818 3191 1898 quidem
3227 1830 3466 1903 increpa~

1901 1916 2122 1972 tionem.
2945 1993 2948 1996 .

1973 2007 2126 2063 Risus
2159 2007 2212 2062 in
2247 2008 2456 2064 ecclesia
2493 2007 2795 2079 prohibitus.
2829 2038 2894 2049 —
2925 2009 3040 2068 Stat
3076 2012 3324 2068 sacerdos
3369 2013 3462 2066 Dei

1895 2091 2131 2149 onniium
2161 2091 2392 2153 offerens
2431 2102 2788 2169 precationem
2815 2121 2828 2156 :
2858 2111 2910 2157 ιιι
2937 2113 3114 2158 autem
3146 2104 3306 2170 rides,
3343 2106 3475 2160 nihil

1888 2179 2124 2242 veritus?
2147 2198 2198 2243 et
2229 2188 2318 2244 ille
2342 2191 2558 2260 quidem
2591 2180 2825 2248 tremens
2857 2210 2953 2264 pro
2983 2204 3032 2250 te
3059 2194 3215 2250 offert
3248 2211 3432 2267 preces
3459 2216 3473 2254 :

1891 2287 1947 2330 tu
1974 2287 2150 2332 autem
2176 2279 2442 2350 deSpicis?
2469 2281 2585 2336 Non
2615 2275 2766 2338 audis
2797 2283 3127 2354 Scripturam
3157 2287 3422 2342 dicentem
3457 2306 3469 2341 :

1895 2361 1980 2422 Va:
2008 2370 2162 2434 vobis,
2197 2374 2598 2440 contemptores?
2627 2389 2730 2428 non
2760 2373 3077 2436 horrescis?
3095 2392 3200 2430 non
3242 2379 3468 2445 teipsum

1879 2457 2190 2514 contr'ahis?
2213 2451 2280 2514 Et
2303 2463 2502 2530 regiam
2533 2463 2748 2532 quidem
2777 2464 3098 2534 ingrediens,
3131 2476 3184 2520 et
3212 2467 3394 2522 habitu
3416 2476 3470 2522 et

1875 2559 2098 2619 aspectu
2131 2559 2186 2604 et
2222 2550 2432 2606 incessu
2463 2560 2516 2606 et
2545 2554 2793 2608 omnibus
2817 2553 2935 2609 aliis
2963 2563 3016 2610 te
3045 2569 3207 2611 ornas
3233 2565 3288 2611 et
3315 2571 3458 2610 com-

1878 2633 2064 2707 ponis;
2096 2640 2180 2695 hic
2204 2642 2509 2707 autem,ubi
2539 2658 2661 2698 vere
2674 2653 2754 2698 est
2774 2644 3012 2715 regia,et
3039 2646 3194 2715 plane
3223 2647 3310 2703 hic
3337 2660 3464 2704 sunt

1877 2731 2004 2786 talia
2035 2731 2216 2801 qualia
2241 2733 2500 2799 caelestia,
2523 2733 2684 2788 etiam
2709 2735 2892 2789 rides?
2913 2736 3091 2806 Atque
3115 2738 3227 2792 scio
3247 2739 3466 2809 quidem

1872 2824 2014 2895 quod
2031 2832 2086 2878 tu
2099 2839 2204 2880 non
2226 2825 2398 2891 vides;
2419 2826 2544 2880 audi
2561 2836 2739 2882 autem
2764 2827 2906 2898 quod
2934 2829 3130 2900 ubique
3152 2830 3346 2886 adsunt
3369 2848 3463 2888 an~

1871 2916 1995 2986 geli,
2021 2926 2077 2972 et
2097 2917 2332 2972 maxime
2358 2917 2410 2971 in
2437 2917 2599 2972 domo
2630 2918 2720 2972 Dei
2751 2919 3008 2973 assistunt
3038 2921 3172 2990 regi,
3200 2931 3255 2976 et
3282 2924 3462 2978 omnia

1871 3022 1994 3064 sunt
2014 3010 2232 3080 impleta
2255 3011 2586 3080 incorporeis
2605 3012 2708 3065 illis
2727 2998 3100 3082 potestatibus.
3113 3014 3311 3070 Eadem
3329 3032 3357 3068 a
3376 3033 3463 3071 me

1869 3102 1935 3155 ad
1976 3101 2227 3156 mulieres
2260 3117 2475 3172 quoque
2508 3101 2734 3158 habetur
2758 3107 2932 3159 oratio
2958 3109 3318 3162 :cumadsunt
3343 3110 3458 3179 qui.

1868 3189 1990 3244 dem
2007 3191 2126 3258 viri,
2147 3205 2251 3244 non
2267 3200 2370 3244 tam
2383 3192 2490 3247 cito
2506 3191 2557 3244 id
2570 3193 2765 3248 audent
2784 3192 2980 3259 facere;
3000 3196 3105 3250 etsi
3124 3195 3336 3264 faciant,
3350 3214 3455 3254 non

1867 3296 2103 3352 semper,
2122 3281 2218 3336 sed
2251 3292 2492 3350 tempore
2505 3281 2851 3338 recreationis
2878 3299 2940 3338 ac
2957 3285 3298 3342 relaxationis
3327 3305 3340 3341 :
3373 3288 3458 3344 hic

1866 3382 2044 3428 autem
2060 3388 2292 3442 semper.
2311 3373 2520 3446 Qperis,
2539 3373 2625 3428 dic
2650 3374 2800 3441 mihi,
2819 3385 3001 3446 caput,
3026 3386 3079 3432 et
3104 3377 3266 3446 rides,
3286 3396 3318 3433 ο
3336 3397 3454 3437 mu-

1867 3464 1986 3527 lier,
2003 3462 2196 3518 sedens
2210 3462 2264 3516 in
2281 3463 2529 3518 ecclesia?
2543 3466 2781 3534 ingressa
2795 3482 2853 3520 es
2873 3476 2926 3520 ut
2941 3480 3155 3537 peccata
3169 3471 3452 3527 confitere-

1867 3553 1962 3618 ris,
1993 3562 2050 3607 ut
2079 3553 2189 3608 Deo
2216 3552 2550 3622 procideres,
2583 3563 2641 3608 ut
2671 3570 2889 3625 rogares
2916 3566 2970 3612 et
2998 3559 3329 3628 supplicares
3359 3577 3456 3630 pro

1863 3644 2074 3699 delictis
2099 3658 2219 3713 qua:
2243 3659 2274 3698 a
2305 3653 2356 3699 te
2380 3644 2520 3699 male
2549 3655 2674 3700 sunt
2695 3646 2950 3711 admissa,
2979 3657 3035 3702 et
3062 3664 3184 3704 cum
3213 3651 3323 3705 risu
3352 3653 3452 3707 hoc

1863 3737 2031 3791 facis?
2057 3736 2328 3806 quomodo
2351 3752 2482 3807 ergo
2519 3753 2642 3792 eum
2691 3738 2892 3807 poteris
2935 3740 3185 3809 placare?
3217 3735 3283 3797 Et
3309 3745 3450 3812 quod

1864 3828 2062 3881 malum
2085 3836 2188 3894 est,
2217 3825 2446 3896 inquies,
2470 3826 2650 3880 risus?
2679 3827 2793 3882 Non
2823 3829 3021 3882 malum
3052 3839 3130 3884 est
3162 3832 3321 3896 risus,
3354 3833 3448 3887 sed

1861 3921 2058 3973 malum
2095 3929 2178 3976 est
2218 3920 2268 3974 id
2305 3920 2446 3990 quod
2475 3931 2558 3976 est
2595 3930 2790 3990 prteter
2829 3924 3044 3977 modum
3067 3967 3080 3987 ,
3116 3925 3164 3979 id
3194 3928 3333 3996 quod
3365 3939 3449 3982 est

1861 4013 2319 4081 intempestivum.
2348 4011 2547 4067 lnsitus
2575 4021 2658 4068 est
2682 4014 2835 4068 nobis
2863 4016 3020 4081 risus,
3051 4028 3102 4069 ut
3134 4019 3345 4086 quando
3368 4020 3448 4076 vi-

1857 4105 2092 4160 derimus
2118 4103 2322 4159 amicos
2346 4114 2467 4174 post
2494 4105 2710 4173 longum
2742 4114 2986 4174 tempus,
3019 4105 3119 4161 hoc
3153 4107 3443 4164 faciamus:

1857 4195 2073 4266 quando
2103 4196 2312 4266 aliquos
2351 4195 2631 4265 perculsos
2669 4207 2722 4250 et
2760 4197 3006 4264 territos,
3035 4209 3091 4250 ut
3119 4199 3445 4255 snhridendo

1853 4302 1948 4343 eos
1977 4300 2300 4352 recreemus,
2334 4301 2439 4340 non
2471 4296 2529 4340 ut
2553 4285 2845 4341 cachinnos
2874 4286 3116 4353 edamus,
3152 4302 3203 4344 et
3231 4305 3447 4360 semper

1853 4380 2124 4436 rideamus
2148 4395 2162 4445 ;
2190 4378 2371 4432 animo
2398 4387 2585 4433 nostro
2616 4378 2808 4433 insitus
2833 4389 2916 4433 est
2939 4379 3099 4442 risus,
3126 4389 3182 4456 ut
3206 4381 3444 4450 aliquan-

1850 4474 1919 4529 do
1948 4474 2218 4529 relaxetur
2243 4473 2472 4536 animus,
2507 4486 2613 4528 non
2651 4482 2706 4528 ut
2733 4473 3082 4529 diffundatur.
3111 4475 3243 4530 Nam
3270 4486 3326 4532 et
3359 4477 3444 4532 in-

1870 4559 1968 4614 sita
1997 4568 2079 4614 est
2107 4559 2260 4614 nobis
2284 4574 2567 4629 corporum
2607 4559 2904 4628 cupiditas,
2935 4568 2988 4613 et
3025 4575 3134 4615 non
3176 4573 3456 4630 propterea

1869 4650 2090 4704 omnino
2119 4666 2179 4705 ea
2209 4649 2282 4703 uti
2311 4663 2533 4704 necesse
2562 4657 2675 4714 est,
2704 4657 2798 4702 aut
2834 4649 2908 4701 uti
2939 4649 3289 4704 immoderate
3316 4689 3330 4713 ,
3361 4647 3455 4702 sed

1867 4742 1914 4797 ei
1943 4741 2288 4811 imperamus,
2318 4755 2416 4795 nec
2443 4739 2669 4795 dicimus
2694 4758 2709 4795 ε
2738 4740 3000 4807 Quoniam
3034 4742 3193 4809 inest,
3219 4751 3449 4796 utamur.

1868 4831 1979 4888 Deo
2020 4833 2158 4888 servi
2193 4847 2313 4886 cum
2352 4831 2634 4902 lacrymis,
2662 4840 2719 4885 ut
2760 4831 2931 4901 possis
2957 4815 3176 4886 abluere
3217 4842 3454 4900 peccata.

1866 4923 1988 4981 Scio
2016 4925 2154 4995 quod
2185 4925 2337 4979 multi
2367 4940 2466 4980 nos
2493 4925 2790 4991 irrideant,
2833 4925 3075 4982 dicentes
3107 4944 3120 4978 :
3153 4928 3342 4982 Statim
3372 4929 3452 4982 la-

1866 5033 2082 5088 crymte.
2110 5018 2396 5088 Propterea
2421 5026 2630 5087 tempus
2647 5028 2728 5072 est
2746 5018 3122 5089 lacrymarum.
3149 5020 3269 5074 Scic
3291 5021 3450 5074 etiam

1865 5109 2005 5179 quod
2030 5109 2341 5162 ominantur
2363 5108 2396 5162 ii
2423 5109 2509 5178 qui
2533 5108 2718 5162 dicunt
2743 5125 2757 5164 :
2780 5107 3112 5163 Comedamus
3133 5120 3178 5164 et
3205 5111 3448 5175 bibamus,

1866 5217 1978 5254 cras
2009 5202 2140 5254 enim
2176 5201 2452 5253 moriemur
2472 5197 2677 5267 (l.Cor.
2715 5202 2798 5257 l5.
2831 5201 2942 5272 52).
2977 5203 3079 5257 Sed
3110 5204 3280 5273 cogita
3309 5204 3449 5272 quod

1880 5291 2085 5346 Vanitas
2115 5296 2415 5357 vanitatum,
2445 5303 2490 5346 et
2516 5293 2685 5347 omnia
2712 5295 2907 5347 vanitas
2939 5293 3122 5365 (Ecclt'.
3154 5299 3200 5350 l.
3229 5297 3309 5365 2).
3338 5297 3450 5350 Non

1867 5400 1964 5454 ego
1994 5384 2145 5450 dico,
2181 5383 2275 5439 sed
2320 5385 2433 5453 ipse
2469 5386 2558 5455 qui
2599 5401 2777 5440 rerum
2807 5388 3042 5441 omnium
3079 5388 3260 5442 habuit
3288 5405 3446 5458 expc-

1866 5476 2143 5541 rientiam,
2176 5476 2288 5530 inec
2315 5477 2438 5530 dicit
2472 5494 2484 5530 :
2513 5476 2794 5545 ΑΞάίροαυὶ
2841 5478 2966 5532 mihi
2999 5482 3195 5548 domos,
3228 5480 3448 5551 plantavi

1868 5570 1991 5622 nti/ti
2018 5571 2203 5634 vineas,
2238 5570 2332 5640 feci
2359 5569 2482 5622 mihi
2510 5586 2756 5638 aquarum
2787 5572 3028 5641 piscinas,
3058 5574 3377 5639 pocillatores
3402 5586 3450 5628 et

1869 5661 2202 5723 pocillutrices
2229 5658 2412 5724 (Eccli.
2439 5661 2494 5714 ‘2.
2523 5662 2575 5714 «i.
2605 5662 2682 5730 5).
2710 5661 2774 5715 Εῑ
2797 5663 2918 5730 quid
2949 5664 3156 5719 tandem
3181 5664 3308 5718 dicit
3333 5675 3449 5733 pnst

1867 5752 1979 5826 hinc
2011 5754 2227 5808 omnia?
2265 5752 2470 5807 l’auitas
2502 5752 2796 5820 multatum,
2827 5763 2869 5805 ct
2900 5755 3068 5807 omm‘a
3098 5756 3310 5809 vanitas.
3346 5755 3448 5810 Lu-
