4002 6426
600 307 705 370 123

599 445 821 502 geamus
846 444 993 501 ergo,
1025 442 1059 483 ο
1083 428 1282 493 dilecti,
1323 426 1615 495 lugeamus,
1649 434 1707 480 ut
1738 441 1860 481 vere
1892 426 2157 482 rideamus

1345 323 1401 378 S.
1441 322 1716 380 JOANNIS
1749 315 2221 378 CliRYSOS'i’OMl
2259 317 2574 373 ARCHIEP.
2613 309 3141 372 CONSTANTINOP.

2267 420 2411 472 illaut
2431 426 2835 486 persequamur.
2864 409 2978 462 Alia
3006 414 3183 461 autem
3212 404 3417 459 ratione
3442 418 3542 458 non
3570 404 3677 461 licet
3699 423 3789 462 eam

3715 311 3795 371 126

602 498 661 578 ut
701 540 826 579 vere
869 498 1108 577 lcetemur
1150 521 1201 574 in
1249 528 1490 587 tempore
1532 517 1755 573 siucerze
1793 519 2014 573 laetitiae.
2049 518 2179 574 Nam
2265 511 2507 581 assequi.
2538 522 2697 579 quam
2726 520 2791 560 80
2826 501 2971 595 (llle
3010 500 3099 554 hic
3126 498 3543 595 clitantu§:_non
3568 512 3672 595 ‘1"?
3695 514 3795 595 fut“

602 614 718 669 haec
741 612 955 683 quidem
985 609 1168 665 laetitia
1198 617 1280 663 est
1303 584 1522 662 omnino
1548 607 1773 665 admista
1808 609 2056 673 tristitiae,
2085 625 2185 665 nec
2262 601 2494 673 jucunda
2517 641 2531 665 ,
2559 597 2653 652 sed
2677 610 2796 666 qua:
2823 593 2974 647 utilia
2995 632 3010 657 ,
3039 600 3094 645 et
3120 603 3305 683 parum
3337 584 3621 655 altligamur
3642 589 3795 683 luben-

602 723 719 761 eam
762 707 887 761 licet
931 702 1171 758 invenire
1210 716 1435 771 puram;
1478 700 1564 753 illa
1609 708 1784 753 autem
1817 710 1899 755 cst
1936 701 2181 770 sincera,

602 796 802 850 fraudis
823 804 877 849 et
899 792 1006 847 doli
1040 806 1255 862 expers,
1278 806 1376 846 nec
1398 790 1686 861 quidquam
1724 791 1927 846 habens
1959 792 2183 848 insidia-

602 904 742 952 rmn,
759 902 931 952 neque
947 884 1238 953 quidquam
1258 884 1546 937 admistum
1570 901 1582 937 :
1606 884 1694 935 illa
1720 883 1962 937 laztemur
1980 883 2184 945 laetitia,

2269 702 2383 760 tes,
2423 701 2477 747 et
2514 706 2635 746 cum
2675 687 2970 757 gratiarum
3008 684 3220 739 actione
3254 680 3488 735 feramus
3520 681 3681 733 omnia
3705 697 3797 751 qua:

2266 788 2531 848 accidunt.
2562 786 2652 842 Sic
2676 784 2820 839 enim
2849 782 3145 853 poterimus
3176 794 3399 848 regnum
3424 778 3665 832 caelorum
3684 794 3799 834 asse-

2268 886 2381 955 qui,
2407 881 2571 953 gratia
2596 889 2647 933 et
2671 876 3023 946 benignitate,
3053 882 3156 927 etc.

2038 1030 2373 1093 HOMILIA
2416 1025 2588 1086 XVI.

596 1122 733 1179 CAP.
762 1125 816 1181 9.
848 1142 899 1179 ν.
933 1127 1018 1182 15.
1049 1127 1115 1180 Et
1145 1128 1257 1182 ideo
1289 1129 1401 1182 novi
1434 1129 1715 1181 testamenti
1743 1128 1988 1181 mediator
2015 1136 2108 1194 est,
2134 1137 2188 1179 ut
2269 1133 2391 1188 dem
2429 1131 2802 1183 testamentum
2828 1119 2955 1173 fecit
2980 1126 3251 1205 tamquam
3283 1110 3441 1163 Pater
3465 1107 3516 1158 in
3550 1102 3705 1205 filios;

674 1225 834 1269 morte
860 1216 1196 1271 intercedente
1234 1227 1282 1272 et
1319 1218 1711 1285 redemptionem
1750 1235 1922 1272 earum
1952 1218 2191 1285 praevari-
2271 1220 2520 1293 quoniam
2565 1212 2766 1282 indigni
2806 1221 2992 1265 sumus
3034 1201 3261 1267 redditi,
3290 1196 3802 1293 nonAatttplius‘tt-sta-

675 1305 951 1373 cationttm,
979 1323 1091 1372 qua?
1115 1316 1255 1360 erant
1281 1308 1369 1360 sub
1395 1308 1553 1377 priori
1577 1317 1886 1373 testamento,
1920 1308 2192 1377 repromis-

675 1396 869 1450 sionent
896 1399 1149 1467 accipiant
1183 1399 1266 1466 qui
1306 1402 1468 1451 vocati
1504 1409 1622 1452 sunt
1649 1410 1850 1453 (clerum
1878 1400 2187 1453 hereditatis.

679 1488 766 1542 16.
801 1487 898 1541 Ubi
940 1488 1073 1541 enim
1114 1499 1463 1544 testamentum
1488 1501 1591 1555 est,
1622 1508 1757 1545 mors
1787 1508 1986 1563 necesse
2009 1503 2081 1545 est
2111 1493 2193 1546 in-

679 1577 897 1629 tercedat
932 1580 1179 1631 testatorfs
1206 1594 1224 1631 .'
1247 1580 1330 1632 17.
1364 1588 1713 1633 testamentum
1741 1583 1873 1634 enim
1900 1583 1954 1635 in
1981 1582 2195 1635 mortuis

680 1678 752 1721 est
782 1669 1131 1737 conﬁrmatum
1157 1688 1174 1723 :
1196 1672 1387 1740 alioqui
1413 1673 1637 1725 nondum
1666 1674 1794 1727 valet
1820 1673 1940 1726 dum
1967 1674 2083 1727 vivit
2109 1674 2196 1743 qui

682 1767 890 1812 testatus
916 1770 1007 1812 est.
1044 1761 1130 1814 18.
1167 1759 1315 1815 Unde
1353 1778 1442 1815 nec
1480 1764 1698 1832 primum
1723 1764 1924 1834 quidem
1946 1765 2052 1818 sine
2077 1781 2199 1818 san—

600 1850 601 1853 ’
682 1852 834 1919 guine
861 1851 1148 1904 dedicatum
1175 1862 1270 1906 est.

683 1943 734 1995 1.
772 1942 896 1994 Erat
925 1942 1212 1995 verisimile
1252 1942 1448 1998 multos
1488 1958 1552 1998 ex
1594 1944 2011 2013 infirmioribus,
2041 1961 2102 1999 ex
2135 1960 2200 1999 eo

612 2029 771 2085 etiam
816 2032 1047 2086 maxime
1084 2032 1225 2101 quod
1266 2043 1506 2087 mortuus
1548 2044 1689 2089 esset
1729 2033 2008 2099 Christus,
2042 2036 2200 2090 ﬁdem

614 2136 720 2174 non
748 2119 944 2175 habere
975 2122 1274 2190 promissis.
1304 2122 1498 2177 Paulus
1519 2139 1749 2194 ergo,ex
1770 2124 2098 2179 abundantia
2125 2136 2203 2180 ta-

615 2213 721 2267 lem
744 2212 1027 2268 confutans
1044 2214 1375 2283 opinionem,
1402 2215 1501 2269 hoc
1525 2218 1667 2284 ponit
1692 2232 1756 2270 ex
1778 2218 2047 2272 communi
2066 2232 2206 2272 sum-

618 2312 777 2372 ptum
800 2305 1203 2359 consuetudine.
1234 2305 1556 2371 Quodnam?
1592 2307 1815 2375 Pr0pter
1854 2307 1958 2362 hoc
1991 2308 2165 2378 ipsum
2186 2350 2201 2374 ,

620 2395 824 2464 inquit,
856 2404 1073 2463 oportet
1101 2396 1374 2450 conﬁdere
1408 2407 1461 2450 et
1500 2397 1641 2450 bono
1670 2412 1789 2451 esse
1817 2399 2031 2463 animo,
2063 2400 2206 2467 quod

622 2498 728 2537 non
760 2484 1082 2549 viventibus,
1116 2485 1210 2539 sed
1244 2487 1467 2539 mortuis
1497 2487 1560 2539 iis
1586 2488 1671 2555 qui
1703 2498 1827 2541 sunt
1852 2489 2051 2548 testati.
2082 2499 2209 2544 tunc

625 2575 776 2629 ﬁrma
806 2584 859 2628 et
889 2575 1058 2628 valida
1099 2576 1207 2629 sint
1247 2585 1564 2631 testamenta
1586 2620 1601 2642 ,
1633 2589 1685 2630 et
1726 2580 1888 2632 robur
1923 2580 2206 2648 accipiant.

623 2666 693 2721 Et
740 2666 859 2719 ideo
902 2666 981 2720 sic
1025 2666 1210 2735 incipit
1248 2666 1432 2721 dicens
1457 2708 1471 2730 ,
1512 2678 1566 2720 et
1607 2668 1679 2721 ait
1713 2686 1725 2721 :
1760 2667 1895 2721 Novi
1934 2672 2213 2724 testamenti

626 2755 875 2808 mediator
919 2765 1013 2812 est.
1056 2755 1454 2810 Testamentum
1485 2758 1540 2810 fit
1573 2758 1623 2810 in
1656 2758 1842 2812 ultimo
1875 2758 1962 2813 die
2004 2763 2210 2817 mortis.

628 2847 759 2903 Tale
785 2857 867 2903 est
892 2859 1069 2902 autem
1103 2866 1116 2901 :
1146 2850 1280 2903 alios
1323 2850 1536 2920 quidem
1582 2851 1741 2907 habet
1787 2851 2044 2920 heredes,
2081 2854 2216 2909 alios

629 2954 757 2994 vero
813 2939 1190 2995 exheredatus.
1256 2939 1331 2995 Ita
1391 2940 1478 2995 hic
1531 2956 1743 3011 quoque
1804 2942 1872 2997 de
1931 2943 2216 2998 heredibus

630 3029 802 3083 dicit:
843 3028 968 3083 Volo
1026 3039 1077 3082 ut
1126 3029 1209 3082 ubi
1258 3046 1348 3100 ego
1384 3047 1514 3097 sum,
1556 3032 1725 3101 inquit
1776 3030 2042 3100 Christus,
2088 3042 2135 3088 et
2163 3035 2216 3088 hi

630 3121 729 3172 sint
761 3118 938 3189 (loan.
971 3120 1059 3175 17.
1098 3121 1214 3189 21).
1260 3120 1329 3173 Et
1372 3136 1562 3175 rursus
1605 3121 1673 3176 de
1714 3123 2053 3178 cxheredatis
2093 3124 2216 3179 audi

630 3224 750 3263 eum
782 3209 1048 3264 dicentem
1081 3228 1094 3264 :
1123 3207 1244 3263 Non
1273 3226 1365 3280 pro
1392 3212 1623 3265 omnibus
1651 3229 1794 3280 rogo,
1824 3213 1911 3265 sed
1931 3230 2022 3284 pro
2048 3214 2109 3268 iis
2133 3216 2220 3285 qui

631 3301 836 3354 credunt
869 3318 959 3371 per
986 3301 1189 3355 verbum
1216 3319 1386 3356 eorum
1410 3302 1462 3355 in
1492 3318 1572 3357 me
1597 3302 1645 3371 (Ι
1655 3303 1756 3357 bid.
1787 3318 1835 3358 υ.
1868 3303 1983 3373 ΞΟ).
2012 3304 2219 3360 Rursus

635 3402 1010 3449 testamentum
1034 3395 1138 3449 alia
1164 3395 1379 3465 quidem
1412 3394 1573 3449 habet
1602 3396 1719 3465 ejus
1745 3397 1833 3465 qui
1862 3407 1941 3451 est
1973 3406 2219 3462 testatus,

634 3486 737 3540 alia
774 3501 901 3542 vero
943 3502 1129 3541 eorum
1171 3487 1260 3555 qui
1305 3486 1637 3555 suscipiunt;
1671 3488 1741 3541 ita
1786 3498 1843 3542 ut
1879 3490 1978 3542 alia
2006 3491 2219 3558 quidem

631 3574 865 3643 capiant,
896 3572 997 3627 alia
1029 3586 1158 3625 vero
1186 3571 1402 3626 faciant.
1432 3572 1505 3625 lta
1537 3572 1621 3626 hic
1650 3588 1862 3642 quoque
1896 3591 1909 3626 :
1941 3584 2217 3644 poﬂquam

634 3667 776 3719 enim
809 3665 1126 3735 promiserat
1162 3663 1593 3727 innumerabilia,
1622 3664 1689 3717 ab
1720 3666 1798 3720 eis
1826 3667 2069 3735 quaedam
2103 3670 2195 3723 exi

633 3758 731 3826 git,
761 3757 944 3811 dicens
969 3772 983 3810 :
1011 3755 1311 3809 Mandatum
1337 3771 1520 3808 novum
1545 3756 1610 3806 do
1633 3756 1768 3809 vobis
1791 3756 1968 3823 (Joan.
1997 3760 2084 3814 17.
2109 3759 2221 3832 15).

638 3848 842 3903 Rursus
869 3855 1242 3903 testamentum
1269 3844 1430 3899 debet
1455 3845 1651 3899 habere
1684 3855 1879 3912 testes;
1904 3847 2024 3902 audi
2049 3849 2223 3918 ipsum

634 3952 827 3993 rursus
853 3937 1119 3993 dicentem
1152 3954 1164 3989 :
1196 3935 1305 4006 Ego
1335 3952 1445 3988 sum
1486 3937 1575 4006 qui
1615 3937 1951 3990 testimonium
1992 3939 2224 4008 perhibeo

639 4032 701 4084 de
730 4030 919 4099 meipso
938 4070 953 4092 ,
984 4037 1029 4081 et
1057 4027 1393 4080 testimonium
1423 4028 1645 4094 perhibet
1675 4026 1738 4081 de
1763 4045 1838 4081 me
1857 4030 1945 4099 qui
1967 4030 2101 4083 misit
2128 4029 2227 4083 Pa-

641 4131 716 4173 ter
737 4120 918 4189 (Joan.
955 4119 1009 4172 8.
1044 4116 1168 4190 l8);
1197 4126 1249 4169 et
1276 4132 1479 4178 rursus.
1508 4115 1609 4169 Ille
1637 4119 1977 4172 testimonium
2004 4122 2230 4189 perhibe-

645 4211 713 4261 bit
740 4210 803 4262 de
826 4224 906 4261 me
927 4206 1104 4279 (Joan.
1136 4207 1223 4261 15.
1253 4205 1367 4275 26),
1393 4207 1577 4261 dicens
1597 4206 1663 4262 de
1685 4198 1964 4264 Paracielo
1986 4226 1999 4272 ;
2027 4220 2079 4265 et
2100 4211 2231 4265 duo-

644 4299 818 4354 decim
861 4298 1133 4368 apostolos
1179 4298 1355 4361 misit,
1398 4297 1625 4352 dicens:
1664 4298 2025 4367 Testiﬁcamini
2062 4318 2235 4356 coram

646 4390 773 4445 Deo.
807 4390 871 4444 Et
902 4398 1181 4458 propterea
1211 4388 1375 4443 dicit:
1407 4387 1541 4441 Novi
1567 4392 1848 4444 testamenti
1873 4393 2117 4446 mediator
2140 4405 2234 4448 est.

646 4481 784 4548 Quid
832 4488 914 4535 est
956 4492 1134 4534 autem
1188 4480 1494 4534 mediator?
1533 4480 1789 4537 Mediator
1832 4498 1935 4537 non
1977 4484 2136 4539 habet
2182 4486 2235 4539 in

648 4582 913 4643 potestate
941 4588 1055 4627 rem
1088 4572 1244 4641 cujus
1272 4582 1354 4626 est
1384 4572 1742 4637 intercessor;
1775 4574 1868 4628 sed
1896 4574 1997 4627 alia
2023 4576 2238 4645 quidem

648 4681 735 4721 res
764 4673 880 4729 est,
908 4664 1045 4719 alius
1071 4678 1198 4719 vero
1226 4663 1554 4719 intercessor
1582 4681 1594 4718 :
1629 4666 1773 4719 velut
1798 4668 2125 4722 matrimonii
2156 4677 2241 4723 est

651 4760 1012 4822 intercessor,
1056 4771 1161 4811 non
1203 4757 1293 4827 qui
1337 4757 1578 4827 jungitur
1622 4759 2001 4827 matrimonio,
2030 4760 2125 4814 sed
2153 4762 2243 4831 qui

2284 1287 2465 1366 mento
2490 1321 2625 1377 opus
2650 1313 2767 1359 erat
2788 1344 2801 1365 ,
2839 1300 2936 1356 sed
2974 1295 3262 1365 supplicio.
3291 1289 3429 1357 Quid
3458 1303 3613 1357 ergo,
3644 1287 3807 1357 inquit,

2283 1404 2350 1457 de
2393 1403 2509 1471 lege
2545 1393 2825 1468 gloriaris?
2855 1405 2976 1445 nam
3005 1389 3059 1442 in
3086 1394 3289 1439 tantum
3320 1395 3419 1435 nos
3446 1378 3644 1471 redegit
3668 1391 3811 1471 pecu.

2286 1506 2419 1558 tum,
2444 1468 2500 1545 ut
2521 1500 2810 1556 numquam
2838 1481 2970 1537 salvi
2995 1491 3237 1535 essemus
3257 1472 3421 1527 futuri
3446 1490 3460 1525 :
3485 1470 3582 1524 nisi
3605 1468 3813 1522 Dominus

2288 1592 2470 1638 noster
2502 1594 2601 1651 pro
2630 1577 2783 1632 nobis
2809 1581 2956 1629 esset
2982 1578 3258 1634 mortuus,
3289 1567 3375 1620 lex
3409 1575 3720 1631 nequaquam
3741 1574 3811 1628 po-

2288 1676 2510 1736 tuisset;
2537 1680 2653 1726 erat
2680 1667 2821 1721 enim
2860 1662 3147 1719 imbecilla.
3174 1656 3520 1726 Nequaquam
3549 1661 3708 1705 autem
3726 1665 3814 1703 am-

2291 1767 2430 1837 plius
2463 1765 2567 1817 hoc
2593 1757 2874 1816 conﬁrmat
2898 1769 2964 1808 ex
3002 1751 3115 1807 sola
3144 1740 3675 1837 consttetudine,_sed
3698 1755 3750 1793 ex
3772 1740 3818 1837 iis

2291 1832 2452 1914 etiam
2483 1870 2602 1925 qua:
2636 1840 2931 1907 evenerunt
2955 1845 3007 1899 in
3036 1840 3216 1897 Veteri
3250 1858 3265 1892 2
3293 1836 3436 1908 quod
3465 1832 3668 1925 quidem
3693 1832 3819 1884 maxi-

2296 1966 2380 2003 me
2405 1923 2751 2002 cos—induxit.
2782 1941 2850 1994 At
2874 1935 3050 1991 nullus
3078 1932 3187 1986 illic
3210 1938 3347 1994 erat,
3377 1923 3570 1994 inquit,
3597 1930 3816 1979 mortuus;

2295 2036 2562 2108 quomodo
2586 2048 2713 2103 ergo
2739 2029 2867 2085 illud
2892 2028 3104 2081 ﬁrmutn
3131 2031 3186 2077 et
3212 2016 3447 2111 stabile?
3479 2015 3576 2068 Per
3603 2010 3817 2111 eumdem,

2297 2105 2487 2201 inquit,
2509 2126 2749 2181 modum.
2770 2114 3081 2187 Quomodo?
3102 2111 3312 2167 Etenim
3479 2105 3712 2201 sanguis,
3723 2105 3823 2156 sicut

2298 2235 2350 2279 et
2372 2194 2462 2276 hic
2487 2217 2731 2287 sanguis;
2756 2214 2799 2268 si
2829 2220 3007 2265 autem
3043 2220 3147 2261 non
3181 2210 3296 2258 erat
3320 2198 3522 2255 Christi
3549 2194 3754 2287 sanguis,
3778 2207 3823 2245 ne

2303 2313 2515 2367 mireris
2543 2327 2557 2365 :
2588 2284 2704 2362 erat
2738 2303 2879 2360 enim
2924 2310 3081 2371 typus
3106 2314 3119 2348 :
3150 2294 3376 2360 ideoque
3411 2288 3581 2350 dicit,
3611 2284 3735 2340 Unde
3763 2299 3823 2333 nec

2305 2407 2525 2476 primunt
2554 2398 2787 2471 quidem,
2828 2393 3031 2461 inquit.
3062 2390 3171 2443 sine
3200 2378 3735 2477 sanguine—dedicatum

2304 2467 2441 2565 Quid
2477 2467 2578 2551 sibi
2620 2490 2735 2543 vult
2774 2485 2940 2546 illud,
2969 2482 3267 2535 Dedicatqu
3303 2474 3413 2529 est?
3442 2472 3657 2565 Factum
3679 2475 3744 2520 est
3766 2467 3826 2517 iit-

2307 2558 2474 2654 mum,
2506 2583 2695 2641 stabile
2719 2588 2775 2635 et
2802 2586 2997 2631 ratum.
3028 2570 3200 2636 Unde,
3228 2566 3421 2636 inquit,
3462 2558 3826 2630 oportebat

2308 2678 2608 2754 symbolum
2639 2667 2945 2729 testamenti
2971 2673 3025 2719 et
3055 2660 3310 2754 mortis.“
3439 2745 3473 2754 μ
3499 2745 3511 2754 .
3564 2743 3596 2754 μ

2380 2773 2434 2825 2.
2477 2769 2719 2834 Quanam
2747 2761 2893 2816 enim
2933 2757 3000 2811 de
3047 2766 3231 2815 causa,
3261 2749 3347 2803 dic
3380 2745 3537 2809 mihi,
3564 2743 3830 2843 libertesta-

2330 2859 2478 2916 uenti
2509 2850 2846 2925 aspergitur?
2878 2848 2965 2903 19.
2992 2844 3144 2898 Lecto
3165 2841 3324 2904 enim,
3358 2836 3556 2906 inquit,
3580 2836 3828 2932 omni

2314 2954 2432 3006 dato
2451 2950 2573 3020 tegis
2588 2964 2621 3001 a
2639 2944 2816 3014 Moyse
2842 2939 3073 2993 uniuerso
3095 2934 3303 3005 populo,
3320 2928 3579 3020 accipiens
3596 2928 3831 3020 sanguine»

2314 3016 2585 3096 vitulorum
2625 3044 2671 3090 et
2702 3035 2957 3087 hircorum
3003 3043 3117 3081 cum
3161 3039 3293 3094 aqua
3320 3031 3369 3076 et
3420 3019 3544 3073 lana
3586 3016 3831 3070 coccineact

2316 3137 2557 3204 hyssopo,
2579 3130 2746 3196 ipsum
2774 3124 2961 3178 librant
2984 3129 3031 3174 et
3055 3131 3251 3172 omnem
3274 3112 3524 3204 pOpulutn
3548 3104 3832 3204 aspersit.”

2318 3194 2490 3276 dicens
2518 3194 2549 3273 ε⁷
2574 3194 2675 3271 Hic
2713 3212 2922 3283 sanguis
2949 3205 3231 3263 testamenti
3258 3201 3393 3272 quod
3422 3197 3671 3253 mandavit
3701 3194 3757 3248 ad
3776 3209 3833 3246 to:

2324 3313 2482 3367 Deus.
2513 3309 2753 3376 Quanam
2784 3317 2915 3372 ergo
2955 3299 3022 3354 de
3068 3310 3253 3356 causa.
3277 3293 3366 3348 die
3412 3290 3570 3353 mihi,
3599 3285 3833 3355 aspergitur

2319 3404 2456 3458 liber
2503 3396 2809 3454 testamenti
2841 3403 2895 3448 et
2953 3390 3198 3461 populus,
3235 3399 3393 3455 quam
3439 3380 3584 3451 quod
3630 3377 3837 3448 pretiosus
3926 3378 3927 3429 ἲ

2319 3492 2537 3564 sanguis
2587 3488 2769 3545 multis
2818 3483 3097 3538 retroactis
3145 3477 3356 3533 smculis
3408 3466 3836 3567 ﬁgurabaturzﬂttr

2320 3581 2595 3657 hyssopo?
2655 3577 2789 3647 Quia
2847 3576 3073 3629 densum
3131 3580 3185 3624 et
3240 3578 3485 3621 tenerum
3518 3603 3532 3626 ,
3588 3570 3835 3628 sallgllltlt'lll

2320 3654 2643 3729 continebat.
2684 3667 2818 3735 Quid
2874 3680 3003 3719 vero
3058 3660 3228 3730 aqua?
3257 3655 3504 3712 Ostendit
3550 3654 3645 3706 hoc
3680 3662 3837 3718 quoque

2311 3774 2431 3829 quae
2473 3759 2533 3811 ﬁt
2563 3771 2657 3826 per
2696 3768 2885 3823 aquam
2936 3748 3358 3805 mundationetn.
3399 3744 3543 3810 Quid
3570 3754 3685 3795 vero
3724 3739 3837 3829 tanta?

2313 3826 2382 3905 Iit
2430 3848 2802 3915 haequoquc,
2849 3852 2909 3897 ut
2942 3841 3309 3897 contineretur
3355 3834 3594 3903 sanguis.
3628 3830 3749 3884 ldetn
3782 3826 3838 3877 hic
3926 3826 3927 3869 l

2315 3937 2549 3994 ostendit
2576 3951 2698 3991 esse
2738 3932 3050 4003 sanguinem
3095 3938 3151 3983 et
3179 3941 3370 3997 aquam
3406 3942 3420 3978 :
3462 3922 3708 3991 baptisma
3737 3916 3836 3970 enim

2321 4040 2408 4085 est
2448 4031 2564 4098 ejus
2618 4026 2880 4096 passionis
2931 4021 3253 4094 symbolum.
3302 4018 3393 4073 21.
3455 4016 3622 4070 Etiam
3662 4012 3836 4065 taberna-

2329 4122 2501 4175 culum
2551 4129 2597 4173 ct
2647 4119 2818 4171 omnia
2878 4132 2998 4169 vasa
3057 4113 3320 4166 ministerii
3369 4109 3616 4180 sanguine
3668 4104 3839 4158 similiter

2321 4214 2561 4283 aspergit.
2608 4210 2700 4263 29..
2737 4208 2800 4261 Et
2854 4197 3026 4260 omnia
3067 4220 3195 4274 pene
3232 4203 3284 4255 in
3326 4200 3576 4271 sanguine
3628 4193 3839 4283 secundm:

2327 4279 2487 4373 (egeni
2510 4301 2838 4363 mandantur,
2884 4306 2930 4350 et
2970 4296 3077 4349 sine
3120 4293 3381 4363 sanguinis
3418 4288 3658 4356 effusione
3693 4300 3771 4335 non
3804 4279 3840 4341 ﬁt

2322 4394 2572 4447 remissio.
2611 4390 2721 4446 Cur
2748 4389 2900 4455 illud,
2929 4386 3104 4440 Pene?
3148 4401 3243 4438 cur
3275 4384 3324 4436 id
3351 4384 3431 4437 sic
3471 4378 3715 4437 correxit?
3736 4374 3837 4440 Quo-

2327 4485 2468 4539 niam
2510 4484 2596 4536 illa
2632 4496 2736 4536 non
2784 4489 2939 4534 erant
2965 4475 3198 4547 perfecta
3239 4474 3542 4537 inundatio,
3582 4483 3733 4537 neque
3760 4478 3841 4531 per-

2329 4574 2467 4629 fecta
2496 4572 2766 4637 remissio,
2787 4570 2880 4624 sed
2903 4567 3300 4637 semiperfecta,
3320 4576 3375 4620 et
3403 4565 3455 4617 in
3484 4562 3687 4617 minima
3710 4564 3839 4626 parte:

2331 4665 2416 4718 hic
2442 4672 2644 4728 autem,
2698 4660 2796 4713 Hic
2830 4670 2925 4724 est,
2971 4658 3165 4727 inquit,
3195 4658 3404 4725 sanguis
3450 4653 3563 4706 novi
3609 4644 3839 4703 testantatti.

2330 4756 2415 4825 qui
2463 4771 2558 4823 pro
2600 4752 2735 4806 vobis
2772 4750 3050 4817 effunditur
3094 4750 3147 4800 in
3196 4746 3547 4800 remissionem
3590 4749 3841 4811 peccatorum

654 4864 810 4918 opem
834 4848 937 4903 fert
960 4849 1009 4902 ei
1031 4848 1120 4918 qui
1146 4858 1231 4903 est
1257 4847 1521 4902 ducturus
1543 4864 1788 4903 uxorem.
1817 4849 1891 4903 lta
1919 4850 2006 4904 hic
2031 4867 2243 4920 quoque
2333 4845 2547 4916 (Matth.
2590 4844 2682 4897 ‘26.
2714 4842 2830 4910 28).
2862 4841 2960 4895 Ubi
2995 4840 3152 4909 igitur
3180 4838 3314 4891 liber
3354 4835 3653 4891 emundavit
3690 4830 3841 4883 illorum

654 4940 826 4994 Filius
855 4940 952 4993 fuit
980 4940 1305 4994 intercessor
1326 4939 1501 4994 Patris
1523 4950 1577 4994 et
1598 4951 1802 4995 noster.
1836 4941 2062 4997 Nolebat
2088 4943 2246 4999 Pater
2338 4936 2585 4992 Itlcntes'?
2614 4935 2715 5003 Ipsi
2746 4942 2900 4987 erat“
2926 4930 3047 4985 “bri
3079 4930 3203 4983 ιιονί
3234 4927 3584 4983 Τθείδιηοηίί·
3611 4922 3696 4978 Ubi
3720 4928 3842 4972 ³¹¹¹⁸¹¹¹

656 5032 813 5086 nobis
841 5031 1143 5099 relinquere
1175 5031 1315 5085 hanc
1345 5031 1717 5098 hereditatem,
1750 5033 1843 5087 sed
1870 5036 2023 5089 nobis
2050 5036 2247 5091 irasce-
2342 5046 2467 5084 vasa
2497 5027 2822 5083 ministerii?
2851 5026 2954 5094 Ipsi
2999 5035 3143 5077 sunt.
3176 5022 3276 5077 Chi
3324 5013 3740 5074 tabernaculum?
3776 5009 3841 5105 Ipt

658 5125 838 5190 batur,
860 5132 916 5177 et
937 5133 1050 5178 erat
1077 5139 1252 5178 saevus
1279 5134 1332 5179 et
1358 5140 1516 5193 asper
1538 5135 1594 5179 ut
1618 5127 1707 5194 qui
1728 5142 1971 5183 essemus
1995 5129 2244 5185 alienati;
2338 5129 2463 5175 sunt
2489 5134 2716 5173 rursus:
2754 5116 3059 5169 Inhabitabo
3091 5114 3257 5175 enim,
3286 5111 3475 5180 inquit,
3508 5112 3560 5162 in
3596 5107 3705 5167 illis,
3728 5112 3765 5194 et
3788 5116 3839 5147 m-

661 5214 763 5270 fuit
790 5230 919 5285 ergo
948 5223 1133 5269 noster
1157 5228 1211 5269 et
1251 5216 1366 5285 ejus
1408 5217 1756 5285 intercessor,
1787 5229 1841 5275 et
1869 5222 1918 5277 ei
1958 5223 2214 5291 persuasit

2341 5209 2609 5263 ambulabo
2639 5207 2727 5278 (2.
2754 5205 2871 5259 Cor.
2898 5205 2951 5258 6.
2984 5204 3107 5271 16).
3146 5205 3212 5255 At
3252 5201 3371 5253 lana
3412 5198 3650 5253 coccinea
3684 5202 3727 5246 et
3757 5190 3840 5286 lm-

662 5306 734 5360 Et
772 5305 891 5360 vide
929 5306 1199 5375 quomodo
1242 5306 1341 5360 fuit
1380 5308 1704 5363 intercessor
1735 5328 1748 5363 :
1785 5288 2161 5373 verba'attulit
2199 5324 2253 5368 et
2342 5317 2473 5372 5"PO
2518 5301 2605 5355 hic
2653 5316 2759 5353 ηοη
2794 5297 3108 5367 ίιεΡεΓΒθιηιι
3135 5313 3155 5387 εν
3182 5294 3386 5387 qua???
3430 5288 3724 5387 Emuudatio
3743 5293 3840 5387 cultu

665 5398 889 5464 retulit,
928 5414 1047 5467 qua:
1075 5414 1104 5452 a
1135 5398 1294 5453 Patre
1325 5409 1478 5453 erant
1517 5400 1582 5455 ad
1625 5416 1725 5456 nos
1766 5407 2166 5473 transmittens,
2200 5423 2214 5461 (

2344 5410 2448 5448 non
2480 5402 2598 5447 erat
2624 5390 2938 5460 corporalis,
2963 5388 3055 5442 sed
3083 5385 3398 5456 spiritualis,
3425 5393 3479 5438 et
3518 5385 3710 5449 sanguis
3730 5386 3838 5473 sput-

666 5500 895 5544 ntortem
938 5489 1233 5558 adjiciens;
1266 5489 1690 5559 offenderamus,
1721 5496 1855 5549 mori
1884 5496 2251 5564 debebamus;

668 5595 768 5649 pro
795 5580 949 5635 nobis
971 5590 1053 5635 est
1074 5591 1333 5645 mortuus,
1355 5592 1410 5637 et
1434 5582 1559 5639 fecit
1584 5601 1683 5639 nos
1704 5586 1891 5658 dignos
1913 5597 2251 5645 testamento.

670 5675 803 5729 llinc
832 5675 993 5729 etiam
1023 5684 1105 5729 est
1134 5675 1347 5729 ﬁrmum
1380 5687 1432 5731 et
1459 5678 1647 5734 stabile
1678 5690 2082 5749 testamentum,
2113 5685 2255 5754 quod

671 5781 779 5820 non
813 5766 863 5820 in
898 5766 1142 5836 indignos
1168 5766 1277 5837 jam
1312 5769 1504 5825 factum
1540 5780 1641 5833 est.
1673 5774 1845 5842 Atque
1875 5776 1939 5830 ab
1967 5776 2115 5832 initio
2142 5779 2258 5846 qui~

2347 5485 2529 5539 tualis.
2564 5458 2884 5549 Quomodo?
2911 5479 3026 5533 Non
3061 5494 3125 5532 ex
3156 5490 3383 5543 corpore
3414 5475 3559 5529 ﬂuxit
3588 5458 3842 5524 irrationabi-

2348 5576 2475 5629 lium
2500 5617 2515 5642 ,
2552 5573 2649 5628 sed
2687 5588 2752 5627 ex
2796 5585 3020 5639 corpore
3050 5567 3190 5636 quod
3240 5576 3478 5635 paratum
3524 5563 3611 5615 fuit
3636 5552 3836 5643 aSpiritu.

2348 5672 2460 5725 lloc
2497 5668 2758 5738 sanguine
2789 5679 2886 5718 nos
2914 5680 3020 5716 non
3050 5660 3287 5731 Moyses,
3314 5656 3409 5711 sed
3430 5655 3659 5709 Christus
3682 5647 3843 5735 asper“?

2349 5779 2442 5832 per
2471 5762 2693 5818 verbum
2724 5758 2865 5828 quod
2915 5756 3113 5811 dictum
3145 5761 3226 5807 est
3275 5769 3288 5804 :
3346 5750 3443 5803 llic
3471 5759 3539 5802 est
3574 5744 3743 5812 sanguis
3766 5748 3841 5786 non
