3988 6568
619 509 776 579 μέρει
808 525 823 540 ο
846 506 1077 561 ἐνταῦθα
1107 508 1163 560 δέ
1182 526 1193 539 ·
1225 506 1405 569 Τοῦτο
1430 507 1496 561 τὸ
1534 501 1698 577 alga,
1721 507 1876 578 φησὶ,
1916 505 2025 574 τῆς
2049 521 2177 557 και-

615 590 1074 659 νῆςδιαθήκης,
1124 590 1190 644 τὸ
1225 589 1380 657 ὖπὲρ
1432 590 1600 659 ὑμῶν
1649 590 2057 658 ἐκχυνόμενον
2099 589 2186 653 είς

615 673 835 741 ἄφεσιν
874 672 1191 741 ἁμαρτιῶν.
1240 673 1351 726 Ποῦ
1403 674 1584 726 τοίνυν
1606 673 1667 725 :6
1692 672 1895 742 βιϐλίον
1946 670 2183 741 ἐκάθαρε

614 757 712 819 τὰς
743 757 982 819 διανοίας
1004 756 1216 822 αὑτῶν;
1246 757 1412 810 Αὐτοὶ
1441 756 1549 827 ἄρα
1564 751 1703 827 ἦσαν
1730 755 1909 825 βιϐλία
1931 756 2029 825 τῆς
2058 772 2181 807 και-

612 839 711 909 νῆς
761 839 1047 909 διαθήκης.
1100 839 1209 893 Ποῦ
1232 840 1289 893 δὲ
1338 839 1409 893 τὰ
1438 840 1606 910 σκεύη
1662 840 1760 910 τῆς
1797 839 2182 909 λειτουργίας;

612 922 775 975 Αὐτοί
800 924 926 977 εἰσι.
960 923 1068 978 Ποῦ
1093 924 1200 995 δὲὴ
1231 926 1404 996 σκηνὴ
1430 941 1445 989 ;
1471 924 1635 977 Αὐτοί
1664 924 1768 976 είσι
1796 923 1957 977 πάλιν
1974 938 1987 951 ·
2007 924 2184 976 Ἐνοι-

610 1004 781 1073 κήσω
810 1008 919 1077 γάρ
962 1009 1031 1061 ἐν
1060 1009 1285 1076 αὐτοῖς,
1341 1008 1440 1062 καὶ
1491 1006 1967 1078 ἐμπεριπὶιτήσω,
1997 1006 2181 1077 φησίν.

624 1089 765 1142 Ἀλλ’
791 1093 890 1145 οὐκ
920 1094 1051 1164 ἐρίῳ
1080 1094 1317 1163 κοκκίνῳ
1349 1093 1469 1146 οὐδὲ
1492 1092 1729 1161 ὑσσώπῳ
1750 1093 2067 1163 ἐρῤἁντισεν
2098 1092 2185 1143 ἐν-

609 1170 817 1225 ταῦθα’
842 1173 895 1226 τί
920 1174 1118 1245 δήποτε
1142 1191 1155 1239 ;
1186 1176 1260 1228 Οὐ
1287 1176 1394 1245 γάρ
1458 1175 1766 1244 σωματικδς
1786 1177 1813 1227 6
1844 1172 2186 1244 καθαρισμὸς

608 1248 699 1321 ἦν,
758 1255 895 1308 ἀλλά
954 1259 1341 1328 πνευματικὸς,
1400 1259 1493 1311 καὶ
1512 1257 1572 1310 :6
1600 1253 1740 1328 αἷμα
1792 1256 2181 1326 πνευματικόν.

610 1336 737 1399 Πῶς
760 1355 774 1402 ;
801 1338 913 1391 Οὐκ
936 1340 1045 1393 ἀπὸ
1070 1340 1320 1410 σώματος
1344 1342 1453 1411 γὰρ
1484 1340 1634 1411 ἔρρει
1658 1340 1893 1408 ἀλόγων,
1925 1338 2063 1393 ἀλλά
2080 1337 2182 1390 σώ⁴

612 1435 783 1486 ματος
836 1420 945 1475 ἀπὸ
1010 1423 1325 1492 Πνεύματος
1386 1424 1936 1485 κατασκευασθέντος.
1996 1420 2183 1490 Τούτῳ

608 1501 759 1569 ἡμᾶς
778 1502 839 1554 Οὐ
866 1504 1130 1575 Μωῦσῆς,
1180 1505 1294 1558 ἀλλ’
1321 1508 1349 1558 6
1372 1505 1612 1576 Χριστὸς
1670 1506 1963 1578 ἐρράντισε
1993 1503 2071 1574 τῷ
2094 1504 2181 1557 αῖ-

610 1599 764 1651 ματι,
798 1585 886 1640 διὰ
940 1588 1034 1641 τοῦ
1084 1588 1242 1657 λόγου
1270 1587 1364 1642 τοῦ
1394 1588 1695 1658 λεχθέντος,
1729 1588 1877 1659 [160]
1905 1586 2087 1641 Τοῦτο
2115 1587 2181 1639 τὸ

607 1660 751 1732 αἷμα
776 1666 885 1735 τῆς
915 1668 1130 1737 καινῆς
1174 1670 1465 1738 διαθήκης
1492 1674 1580 1737 είς
1605 1672 1826 1740 ἄφεσιν
1861 1669 2179 1739 ἁμαρτιῶν.

609 1742 777 1811 Οὗτος
806 1750 834 1802 6
857 1750 1012 1819 λόγος
1056 1754 1177 1806 ἀντὶ
1216 1754 1473 1808 ὑσσώπου
1513 1755 1591 1825 τῷ
1622 1756 1816 1824 αἵματι
1871 1752 2135 1821 ἐμϐαφεὶς
2162 1789 2178 1814 ,

608 1827 819 1892 πάντας
850 1849 915 1884 πε
926 1834 1213 1902 ριρραίνει.
1243 1837 1419 1889 Κάκεῖ
1439 1837 1537 1905 μὲν
1560 1837 1622 1889 τὸ
1651 1835 1809 1905 σῶμα
1828 1832 2027 1897 ἔξωθεν
2053 1834 2171 1883 ἐκα-

608 1912 828 1983 θαίρετο
854 1931 869 1945 ·
904 1918 1214 1986 σωματικὸς
1244 1919 1366 1989 ’γὰρ
1388 1923 1415 1972 ό
1443 1919 1785 1991 καθαρισμὸς
1815 1915 1880 1990 ἦν
1905 1934 1919 1949 ⁸
1948 1915 2180 1970 ἐνταῦθα

607 1992 685 2059 δὲ,
720 1997 907 2067 ἐπειδὴ
939 2003 1306 2069 πνευματικός
1332 2003 1481 2055 ἐστιν
1504 2004 1533 2055 ὀ
1560 2002 1923 2071 καθαρισμὸς,
1947 2000 2028 2062 είς
2079 1999 2179 2069 τὴν

605 2077 786 2149 ψυχὴν
805 2079 1133 2151 εἰσέρχεται,
1154 2084 1247 2135 καὶ
1271 2084 1543 2154 καθαίρει,
1563 2084 1661 2153 οὐχ
1686 2083 1872 2146 ἁπλῶς
1895 2101 1959 2135 πε
1970 2083 2181 2153 ριρραι-

606 2160 851 2229 νόμενος,
879 2164 1014 2218 ἀλλά
1062 2167 1325 2234 πηγάζων
1354 2170 1412 2220 ἐν
1439 2171 1558 2231 ταῖς
1601 2166 1898 2237 ἡμετέραις
1954 2166 2175 2236 ψυχαῖς.

611 2243 820 2298 Ἴσασιν
845 2249 892 2299 οί
918 2250 1264 2320 μεμυημένοι
1294 2250 1361 2303 τὰ
1389 2251 1679 2320 λεγόμενα.
1737 2250 1844 2303 Καὶ
1893 2251 1980 2301 ἐπ’
2031 2248 2175 2300 ἐκεί-

604 2342 713 2378 νων
763 2329 862 2397 μὲν
905 2332 1079 2403 αὐτὴν
1132 2332 1229 2402 τὴν
1256 2334 1579 2402 ἐπιφάνειαν
1632 2332 1992 2404 έρῤαινε,καὶ
2016 2330 2178 2387 πάλιν

605 2410 933 2466 ἀπενίπτετο
954 2416 983 2467 6
1011 2414 1399 2486 ραντιζόμενος
1416 2433 1431 2447 ι
1448 2416 1510 2468 οὐ
1536 2417 1645 2487 γὰρ
1662 2417 1726 2486 δὴ
1753 2416 2071 2486 ᾑμαγμένος
2091 2416 2178 2469 ἀεὶ

607 2493 851 2562 περιῄειο
881 2497 974 2548 ἐπὶ
997 2496 1053 2549 δέ
1073 2498 1171 2568 τῆς
1203 2499 1383 2568 ψυχῆς
1427 2499 1525 2568 οὐχ
1560 2498 1755 2564 οὕτως,
1782 2498 1897 2552 ἀλλ’
1940 2498 2079 2567 αὐτῇ
2107 2501 2175 2568 τῇ

606 2575 766 2645 οὐσίᾳ
796 2576 1161 2647 ἀναμίγνυται
1184 2580 1245 2632 :6
1273 2576 1435 2650 αἷμα,
1472 2582 1766 2651 ρωμαλέαν
1793 2580 1963 2651 αὐτὴν
1989 2580 2176 2635 ποιοῦν

605 2658 700 2710 καὶ
729 2659 922 2729 ἁγνὴν,
951 2662 1048 2714 καὶ
1078 2663 1215 2733 πρὸς
1245 2664 1375 2717 αὐτὸ
1404 2664 1467 2716 τὸ
1493 2664 1777 2734 ἀμήχανον
1797 2663 1991 2725 κάλλος
2018 2664 2173 2733 ἆγον.

602 2740 934 2813 Δείκνυσιδὴ
962 2742 1147 2797 λοιπὸν
1162 2744 1254 2799 τὸν
1275 2746 1505 2800 θάνατον
1533 2747 1593 2798 οὐ
1625 2745 1784 2816 μόνον
1811 2745 2172 2816 βεϐαιώσεως,

600 2823 880 2879 ἀλλά-καὶ
926 2827 1214 2899 καθαρμοῦ
1263 2828 1459 2884 αἴτιον.
1505 2828 1721 2900 Ἐπειδὴ
1764 2828 1925 2899 γὰρὴ
1952 2829 2175 2902 τελευτὴ

604 2908 802 2977 μιαρὸν
831 2913 1061 2980 πρᾶγμα
1088 2913 1264 2966 ἐδόκει
1284 2909 1444 2977 εἶναι,
1466 2914 1561 2966 καὶ
1591 2912 1872 2984 μάλισταὴ
1898 2912 1986 2968 διά
2019 2930 2175 2968 σταυ-

603 2990 723 3059 ροῦ,
753 2992 900 3061 λέγει
926 2996 1007 3049 6::
1037 2996 1296 3067 ἐκάθαρε,
1329 2998 1425 3050 καὶ
1462 2996 1701 3067 ἐκάθαρε
1728 2996 1916 3066 τιμίαν
1969 2998 2174 3069 κάθαρο

602 3090 709 3137 σιν,
733 3077 826 3129 καὶ
851 3078 944 3131 ἐπὶ
980 3078 1223 3147 μείζοσι·
1253 3080 1343 3133 διά
1370 3081 1528 3133 τοῦτο
1554 3082 1611 3133 αί
1646 3082 2170 3152 θυσίαιπροὺλαϐον,

598 3157 760 3211 διὰτὸ
782 3152 922 3228 αἷμα
948 3160 1106 3214 τοῦτο
1126 3179 1139 3193 ·
1165 3162 1254 3215 διὰ
1281 3162 1440 3217 τοῦτο
1467 3167 1499 3217 ἀ
1508 3165 1757 3233 μνοὶ,διά
1770 3164 1930 3218 τοῦτο
1955 3166 2172 3221 ἅπαντα

598 3240 834 3307 ἐγένετο.
865 3242 1123 3313 Ἀνάγκη
1155 3241 1267 3299 οὖν
1286 3245 1488 3314 τὰμὲν
1516 3246 1920 3316 ὑποδείγματα
1958 3247 2078 3301 τῶν
2103 3248 2172 3302 ἐν

595 3322 723 3390 τοῖς
751 3326 1030 3392 οἰφανοῖς
1052 3329 1287 3392 τούτοις
1312 3329 1724 3397 καθαρίζεσθαι
1767 3347 1782 3363 ·
1813 3331 1966 3385 αὐτὰ
2003 3331 2072 3384 δὲ
2100 3333 2171 3387 τὰ

595 3408 925 3474 ἐποίιφάνια
944 3412 1239 3479 κρείττοσι
1253 3414 1486 3474 θυσίαις
1501 3413 1658 3481 παρὰ
1672 3415 1910 3481 ταύτας.
1924 3416 2035 3468 Καὶ
2053 3416 2170 3478 πῶς

598 3490 746 3543 ἐστιν
760 3492 1133 3562 ὑποδείγματα
1156 3494 1265 3546 τῶν
1282 3497 1339 3547 ἐν
1350 3498 1461 3557 τοῖς
1485 3497 1733 3565 οὐρανοῖς
1753 3515 1768 3563 ;
1788 3499 1909 3551 τίνα
1935 3499 1992 3551 δὲ
2015 3499 2170 3552 καλεῖ

596 3574 664 3626 τὰ
680 3576 735 3625 ἐν
751 3577 861 3637 τοῖς
872 3576 1121 3647 οὐρανοῖς
1139 3578 1233 3632 νῦν
1250 3596 1264 3645 ;
1286 3574 1396 3647 ἆρα
1412 3580 1505 3631 τὸν
1516 3580 1743 3646 οὐρανόν
1760 3600 1773 3647 ;
1792 3581 1927 3633 ἀλλά
1936 3584 2064 3645 τοὺς
2079 3584 2169 3651 ἁγ-

597 3658 820 3723 γέλους;
846 3660 1010 3712 Οὐδὲν
1024 3662 1251 3728 τούτων,
1271 3663 1488 3715 ἀλλάτά
1514 3665 1781 3733 ἡμέτερα.
1819 3667 1961 3734 Ἀρα
1978 3668 2034 3718 ἐν
2057 3671 2168 3731 τοῖς

596 3743 848 3811 οὐρανοῖς
877 3744 946 3795 τά
975 3745 1241 3814 ἡμέτερα,
1280 3748 1375 3799 καὶ
1438 3747 1759 3817 ἐπουράνια,
1795 3747 1895 3801 κᾶν
1923 3751 1979 3801 ἐν
2004 3754 2068 3821 τῇ
2097 3755 2165 3821 γῇ

597 3826 930 3896 ἐπιτελῆται.
969 3829 1121 3880 Ἐπεὶ
1160 3830 1254 3882 καὶ
1285 3829 1505 3896 ἄγγελοι
1534 3831 1591 3882 ἐν
1616 3833 1681 3898 τῇ
1710 3833 1778 3900 γῇ
1813 3833 1946 3883 εἰσιν
1979 3873 1993 3895 ,
2054 3833 2169 3887 ἀλλ’

596 3909 909 3979 ἐπουράνιοι
935 3911 1223 3977 λέγονται·
1256 3912 1351 3963 καὶ
1380 3913 1447 3964 τὰ
1480 3914 1762 3981 Χερουϐὶμ
1797 3914 1888 3965 ἐπὶ
1916 3914 2015 3984 τῆς
2066 3918 2167 3985 γῆς

597 3993 794 4061 ἐφάνη,
831 3993 946 4045 ἀλλ’
982 3994 1283 4061 ἐπουράνιά
1308 3996 1443 4048 ἐστι.
1467 3997 1576 4049 Καὶ
1602 3997 1652 4047 τί
1669 3996 1811 4065 λέγω
1837 3999 2009 4067 ἐφάνη
2036 4018 2049 4063 ;
2075 4001 2167 4053 ἐπὶ

595 4074 695 4140 τῆς
718 4075 820 4142 γῆς
849 4077 948 4143 μὲν
973 4073 1067 4127 οὖν
1091 4076 1289 4143 διάγει,
1312 4076 1499 4147 ῶσπερ
1521 4073 1614 4130 οὖν
1646 4080 1701 4131 ἐν
1733 4080 1811 4147 τῷ
1831 4081 2162 4152 παραδείσῳ.

610 4156 751 4207 Ἀλλ’
776 4157 928 4209 οὐδὲν
945 4158 1187 4211 ἐκώλυσε
1217 4158 1399 4211 τοῦτο’
1420 4162 1718 4231 ἐπουρανία
1750 4163 1856 4233 γὰρ
1882 4166 1975 4216 καὶ
1991 4164 2164 4228 οὑτως

596 4237 731 4290 ἐστί.
770 4238 878 4291 Καὶ
912 4238 1081 4307 ἡμῶν
1107 4241 1175 4294 τὸ
1209 4244 1539 4312 πολίτευμά
1573 4246 1743 4297 ἐστιν
1771 4247 1840 4298 ἐν
1864 4248 2162 4314 οἰφανοῖς,

596 4323 774 4374 καίτοι
795 4324 1029 4377 ἐνταῦθα
1047 4326 1459 4397 πολιτευόμεθα.
1474 4334 1516 4383 Α
1529 4330 1634 4381 ὺτὰ
1646 4328 1713 4381 δὲ
1730 4330 1797 4381 τὰ
1813 4330 2156 4396 ἐπουράνια·

594 4406 860 4469 τουτέστι,
901 4406 999 4477 τὴν
1029 4409 1348 4476 φιλοσοφίαν
1378 4411 1477 4481 τὴν
1506 4414 1635 4482 παρ’
1670 4414 1822 4482 ἡμῖν,
1857 4413 1983 4476 :06;
2047 4416 2166 4466 ἐκεῖ

595 4488 965 4558 κεκλημένους
985 4504 1034 4545 ι.
1056 4494 1359 4562 Κρείττοσι
1387 4497 1625 4561 θυσίαις
1649 4496 1809 4563 παρὰ
1834 4499 2073 4561 ταύτας.
2091 4499 2163 4549 Τὸ

596 4575 846 4643 κρεῖττον
875 4574 1041 4627 καλοῦ
1063 4578 1207 4639 τινός
1236 4578 1353 4630 ἐστι
1372 4581 1617 4649 κρεῖττον
1640 4596 1651 4609 ·
1685 4580 1797 4649 ἄρα
1828 4580 1968 4632 καλά
2001 4582 2159 4647 γεγό-

595 4673 741 4718 νασι,
769 4658 862 4709 καὶ
894 4658 963 4710 τὰ
990 4658 1365 4730 ὑποδείγματα
1398 4663 1505 4713 τῶν
1528 4664 1587 4716 ἐν
1607 4666 1718 4725 τοῖς
1752 4665 2023 4733 οὐρανοῖς.
2049 4665 2162 4717 Οὐκ

595 4740 662 4792 ἂν
690 4740 799 4809 γὰρ
851 4742 972 4795 οὐδὲ
1003 4743 1071 4794 τὰ
1122 4744 1493 4814 ὑποδείγματα
1554 4748 1764 4817 πονηρά
1791 4743 1880 4817 ἦν,
1919 4748 2041 4798 ἐπεὶ
2060 4750 2159 4799 κά-

595 4826 747 4876 κεῖνα
778 4824 845 4879 ἂν
876 4826 962 4895 εἴη
993 4828 1204 4896 πονηρά
1226 4824 1300 4880 ὧν
1334 4830 1479 4883 ἐστιν
1507 4831 1896 4900 ὑποδείγματα.

666 4997 819 5082 [161]
840 5006 910 5066 γ’.
935 5001 1193 5055 Είτοίνυν
1228 5005 1539 5076 ἐπουράνιοι
1578 5010 1757 5076 ἡμεῖς,
1781 5011 1875 5063 καὶ
1902 5014 2157 5082 τοιαύτης

593 5080 786 5169 οὐσίας
832 5082 1118 5169 ἐτύχομεν,
1156 5086 1437 5169 φρίξωμεν
1458 5109 1469 5118 ·
1508 5092 1702 5159 μηκέτι
1730 5094 1980 5164 μένωμεν
2004 5098 2059 5150 ἐν
2086 5080 2152 5169 τῇ

593 5166 688 5233 γῇ·
706 5164 885 5251 ἔξεστι
907 5167 1013 5251 γὰρ
1041 5170 1115 5238 μὴ
1142 5167 1280 5222 εἶναι
1302 5173 1358 5223 ἐν
1379 5176 1444 5242 τῇ
1468 5178 1534 5244 γῇ
1554 5177 1645 5228 καὶ
1669 5176 1761 5227 νῦν
1785 5177 1874 5229 τὸν
1897 5164 2155 5251 βουλόμεζ

594 5264 704 5301 νον.
734 5246 807 5298 T6
828 5247 935 5316 γὰρ
966 5244 1102 5302 εἶναι
1136 5252 1192 5302 ἐν
1212 5256 1275 5321 τῇ
1303 5257 1373 5323 γῇ
1408 5256 1500 5306 καὶ
1528 5257 1599 5325 μὴ
1628 5254 1785 5320 εἶναι,
1841 5244 2026 5332 τρόπῳ
2059 5244 2157 5317 καὶ

593 5328 915 5411 προαιρέσει
947 5330 1155 5397 γίνεται
1190 5349 1203 5362 ·
1240 5329 1351 5387 οἷόν
1381 5354 1431 5388 τι
1476 5336 1619 5403 λέγω
1645 5354 1656 5366 ·
1693 5340 1750 5391 ’0
1778 5328 1908 5405 Θεὸς
1938 5328 2154 5411 λέγεται

593 5408 733 5497 εἶναι
754 5413 818 5497 Δἐν
847 5412 923 5482 τῷ
947 5415 1160 5485 οὐρανῷ
1187 5432 1202 5447 ·
1228 5416 1314 5468 διὰ
1341 5418 1393 5469 τί
1420 5419 1511 5483 ;οὑ
1542 5421 1690 5491 τόπῳ
1716 5408 2153 5497 ἀποκλειόμενος,

598 5492 673 5581 μη
702 5494 934 5581 γένοιτο,
968 5497 1090 5581 οὐδέ
1111 5497 1208 5567 τὴν
1236 5502 1339 5569 γῆν
1368 5500 1572 5572 ἔρημον
1598 5504 1696 5573 τῆς
1728 5507 1892 5561 αὑτοῦ
1949 5492 2155 5581 παρου·

596 5576 717 5635 σίας
747 5576 927 5646 ἀφεὶς,
960 5578 1096 5631 ἀλλά
1121 5584 1185 5651 τῇ
1209 5586 1388 5653 σχέσει
1416 5584 1508 5637 καὶ
1530 5588 1593 5657 τῇ
1626 5590 1896 5646 οἰκειώσει
1928 5598 1987 5665 τῇ
2020 5576 2151 5666 πρός

659 5734 683 5761 ⁸
708 5734 817 5790 Τοῖς
841 5736 1230 5799 ἐκκεκλημένοιςῗθ

1349 388 1409 446 S.
1440 386 1725 444 JOANNIS
1754 380 2244 445 CHRYSOSTOMI
2277 381 2596 441 ARCHIEP.
2638 386 3187 446 CONSTANTINOP.

3727 398 3811 455 126

2292 504 2421 567 :06;
2484 506 2767 579 ἀγγέλους.
2799 510 2895 562 Ἂν
2922 509 3100 563 τοίνυν
3136 510 3228 564 καὶ
3273 511 3430 580 ἡμεῖς
3489 512 3643 580 ἐγγὺς
3688 509 3813 587 ὦμεν

2287 587 2381 639 τοῦ
2415 590 2573 656 Θεοῦ,
2602 593 2660 646 ἐν
2687 593 2904 663 οὐρανῷ
2963 594 3152 663 ἐσμεν.
3184 593 3249 646 Τί
3277 594 3387 663 γάρ
3436 611 3523 662 μοι
3567 597 3702 666 μέλει
3737 604 3812 659 τοῦ

2286 671 2538 741 οὐρανοῦ,
2560 676 2690 730 ὅταν
2716 674 2830 745 όρῶ
2864 675 2957 729 τὸν
2986 675 3264 745 Δεσπότην
3297 676 3391 729 τοῦ
3418 678 3657 749 οὐρανοῦ,
3706 684 3813 741 ὅταν

2287 754 2448 837 αὐτὸς
2478 757 2708 828 οὐρανὸς
2736 760 2983 828 γένωμαι
3006 776 3022 825 ;
3065 758 3463 827 Ἐλευσόμεθα
3488 761 3590 833 γὰρ
3609 804 3622 827 ,
3649 768 3811 837 φησὶν,

2284 835 2398 903 ἐγὼ
2424 840 2519 899 καὶ
2550 842 2583 893 ὁ
2606 840 2807 907 Πατήρ
2838 858 2978 910 μου,
2996 840 3095 895 καὶ
3120 840 3315 907 μονὴν
3345 844 3478 910 παρ’
3501 845 3649 910 αὐτῷ
3670 835 3815 919 ποιή.

2286 932 2491 987 σομεν.
2540 923 2866 994 Ποιήσωμεν
2913 919 3004 976 οὖν
3049 924 3207 993 ἡμῶν
3253 923 3352 993 τὴν
3390 924 3561 996 ψυχὴν
3600 930 3811 999 οὐρανόν,

2284 1002 2512 1085 Φαιδρός
2568 1006 2711 1059 ἐστιν
2732 1008 2760 1059 ό
2791 1007 3019 1077 οὐρανὸς
3058 1011 3123 1079 τῇ
3148 1006 3339 1074 φύσει·
3365 1006 3484 1062 οὐδὲ
3522 1009 3623 1079 γὰρ
3653 1014 3704 1065 ἐν
3723 1034 3814 1085 χει-

2289 1083 2424 1167 μῶνι
2458 1086 2627 1155 μέλας
2672 1088 2883 1157 γίνεται
2912 1106 2924 1119 ·
2959 1090 3019 1143 οὐ
3042 1089 3151 1159 γὰρ
3185 1091 3346 1153 αὐτὸς
3387 1093 3692 1160 μεταϐάλλει
3725 1083 3816 1167 τὴν

2284 1165 2427 1233 ὐψιν,
2459 1168 2576 1220 ἀλλ’
2602 1172 2657 1222 αἱ
2686 1173 2909 1241 νεφέλαι
2932 1172 3337 1247 συνδραμοῦσαι
3379 1173 3721 1230 καλύπτουσιν
3736 1165 3813 1233 αὐ-

2287 1246 2401 1301 τόν.
2474 1249 2532 1301 Ὀ
2590 1254 2819 1324 οὐρανὸς
2876 1254 3025 1324 ἥλιον
3092 1255 3203 1325 ἔχει
3236 1272 3251 1285 ·
3308 1255 3502 1325 ἔχομεν
3563 1261 3649 1311 καὶ
3685 1262 3817 1330 mut;

2283 1330 2434 1400 ἡλιον
2488 1332 2856 1405 δικαιοσύνης.
2921 1333 3086 1391 Εἶπον
3120 1376 3137 1399 ,
3199 1338 3419 1404 Ἔξεστι
3464 1340 3701 1407 γενέσθαι
3757 1344 3817 1403 ὡς

2285 1414 2547 1483 οὐρανόν·
2598 1419 2696 1472 καὶ
2740 1419 2852 1491 όρῶ
2900 1421 2982 1472 ὅτι
3044 1422 3138 1473 καὶ
3180 1420 3430 1488 βελτίονα
3482 1423 3717 1489 γενέσθαι
3743 1428 3816 1476 τοῦ

2284 1502 2519 1573 οὐρανοῦ
2580 1502 2777 1566 ἔξεστι.
2837 1501 3008 1567 Πῶς;
3068 1502 3240 1555 Ὅταν
3289 1502 3380 1555 τὸν
3436 1505 3695 1574 Δεσπότην
3740 1508 3815 1559 τοῦ

2283 1585 2433 1655 ἡλίου
2490 1585 2726 1654 ἔχωμεν.
2780 1584 2839 1635 ’0
2900 1584 3131 1654 οὐρανὸς
3196 1584 3463 1639 πάντοθεν
3520 1589 3629 1640 ἐστι
3674 1588 3817 1642 καθα-

2285 1666 2376 1734 96;
2440 1669 2535 1719 καὶ
2597 1666 2974 1734 ἁκηλίδωτος,
3036 1669 3139 1720 οὐκ
3194 1670 3252 1720 ἐν
3309 1667 3575 1736 χειμῶνι,
3632 1671 3721 1722 οὐκ
3772 1672 3817 1722 ἐν

2280 1752 2436 1804 νυκτὶ
2465 1748 2863 1818 μεταϐάλλεται
2889 1766 2906 1781 ο
2941 1750 3015 1819 μὴ
3035 1750 3217 1802 τοίνυν
3262 1749 3397 1820 μηδὲ
3424 1751 3581 1821 ἡμεῖς
3630 1756 3750 1822 μήτε
3771 1754 3816 1805 ὲν

2281 1837 2399 1895 ταῖς
2426 1833 2661 1900 θλίψεσι,
2698 1833 2837 1902 μήτε
2861 1833 2918 1886 ἐν
2950 1835 3071 1894 ταῖς
3101 1833 3413 1901 μεθοδείαις
3460 1833 3551 1886 τοῦ
3606 1835 3816 1889 διαϐόλου

2279 1915 2437 1969 τοῦτο
2474 1916 2795 1986 πάσχωμεν,
2823 1914 2963 1968 ἀλλά
2989 1916 3242 1986 μένωμεν
3267 1917 3585 1984 ἀκηλίδωτοι
3623 1918 3707 1969 καὶ
3735 1936 3815 1970 κα-

2281 1999 2458 2069 θαροί.
2497 2000 2555 2052 Ὀ
2586 1999 2813 2069 οὐρανός
2845 2001 2993 2052 ἐστιν
3045 2000 3268 2070 ὑψηλὸς,
3297 2000 3393 2054 καὶ
3424 2000 3556 2052 πολὺ
3596 2002 3687 2069 τῆς
3733 2001 3813 2069 γῆς

2278 2082 2528 2151 ἀπέχων·
2564 2080 2721 2133 τοῦτο
2751 2083 2845 2135 καὶ
2882 2083 3042 2152 ἡμεῖς
3078 2085 3418 2153 ποιήσωμεν,
3464 2084 3815 2152 ἁποπὴσωμεν

2278 2164 2505 2225 ἑαυτοὺς
2531 2164 2631 2232 τῆς
2668 2166 2790 2233 γῆς,
2818 2165 2912 2217 καὶ
2938 2166 3073 2235 πρὸς
3109 2166 3168 2219 :6
3194 2165 3330 2235 ὕψος
3374 2164 3624 2237 ἀρθῶμεν
3648 2165 3810 2217 ἐκεῖνο.

2277 2246 2386 2299 Ka‘:
2428 2246 2529 2298 ποῦ
2576 2245 2677 2315 τῆς
2696 2247 2800 2315 γῆς
2852 2248 3079 2312 ἑαυτοὺς
3112 2250 3546 2317 ἀποστήσωμεν;
3583 2248 3733 2301 Ὅταν
3762 2248 3813 2298 τὰ

2275 2330 2498 2398 οὐράνια
2520 2329 2937 2400 φανταζώμεθα.
2983 2331 3040 2385 ’0
3072 2331 3302 2400 οὐρανὸς
3323 2330 3588 2403 ἀνώτερός
3616 2331 3718 2384 ἐστι
3740 2330 3812 2382 καὶ

2276 2412 2447 2467 ὑετῶν
2496 2415 2591 2467 καὶ
2636 2412 2939 2484 χειμώνων,
2987 2415 3082 2469 καὶ
3128 2414 3219 2466 ὑπ’
3275 2413 3489 2476 οὐδενὸς
3535 2414 3808 2466 ἁλίσκεται·

2272 2496 2432 2550 τοῦτο
2456 2498 2550 2550 καὶ
2581 2499 2742 2568 ἡμεῖς
2772 2497 3131 2567 δυνησόμεθα,
3167 2497 3262 2548 ἐὰν
3287 2496 3547 2568 θέλωμεν.
3580 2489 3728 2559 Οὗτος
3747 2496 3813 2548 δο-

2275 2583 2361 2633 κεῖ
2407 2580 2527 2651 μὲν,
2556 2582 2617 2634 οὐ
2650 2580 2831 2650 μέντοι
2874 2580 3105 2649 πάσχειο
3143 2580 3223 2651 μὴ
3280 2581 3464 2633 τοίνυν
3510 2580 3637 2650 μηδὲ
3665 2582 3811 2649 ἡμεῖς,

2274 2663 2376 2717 κᾶν
2406 2663 2650 2734 δοκῶμεν
2680 2663 2929 2733 πάσχειν,
2972 2662 3295 2732 πάσχωμεν.
3326 2664 3535 2733 ’Ὠσπερ
3561 2662 3661 2732 γὰρ
3679 2665 3728 2714 ἐν
3750 2660 3814 2729 τῷ

2274 2747 2502 2817 χειμῶνι
2554 2748 2601 2799 οί
2644 2746 2742 2817 μὲν
2777 2745 2962 2798 πολλοὶ
2992 2746 3051 2797 :6
3083 2745 3280 2809 κάλλος
3313 2744 3481 2799 αὐτοῦ
3515 2746 3611 2798 οὐκ
3645 2745 3809 2805 ἴσασιν,

2273 2828 2408 2882 ἀλλά
2430 2829 2737 2898 νομίζουσιν
2772 2829 2934 2882 αὑτὸν
2962 2828 3286 2898 τρέπεσθαι,
3315 2829 3366 2881 οί
3396 2828 3453 2883 δὲ
3500 2826 3813 2897 φιλοσοφοῦν·

2272 2928 2362 2973 τες
2387 2912 2567 2965 ἴσασιν
2597 2912 2679 2964 6::
2709 2911 2861 2964 οὐδὲν
2886 2910 3089 2963 ἔπαθεν
3111 2927 3124 2939 ·
3156 2910 3301 2963 οὕτω
3322 2911 3417 2963 καὶ
3454 2912 3575 2983 περὶ
3605 2909 3746 2981 ἡμῶν
3766 2910 3813 2961 έν

2270 2996 2389 3057 ταῖς
2422 2994 2684 3063 θλίψεσιν,
2712 2993 2762 3045 οί
2794 2994 2891 3063 μέν
2944 2993 3131 3046 πολλοὶ
3169 2993 3485 3067 νομίζουσιν
3510 2994 3649 3062 ἡμᾶς
3700 3008 3811 3059 συμο

2273 3076 2730 3147 μεταϐεϐλῆσθαι.
2762 3076 2855 3129 καὶ
2892 3076 3064 3146 αὐτῆς
3094 3075 3252 3147 ἡμῶν
3292 3070 3467 3147 ἧφθαι
3492 3077 3588 3145 τῆς
3618 3074 3809 3143 καρδίας

2268 3162 2367 3232 τὴν
2417 3161 2626 3230 θλῖψινο
2656 3163 2706 3214 οί
2740 3160 2798 3214 δέ
2852 3160 3138 3230 φιλόσοφοι
3186 3160 3369 3214 ῐσασιν
3414 3163 3496 3215 6::
3548 3161 3639 3230 οὐχ
3660 3160 3806 3229 ἥψατο

2267 3244 2444 3313 ἡμῶν.
2476 3243 2769 3314 Γενώμεθα
2798 3244 2980 3297 τοίνυν
3027 3243 3281 3314 οὐρανὸς,
3315 3244 3622 3312 ἀνέλθωμεν
3667 3244 3735 3303 είς
3765 3239 3813 3291 τὸ

2270 3326 2399 3396 ῦψος
2416 3327 2610 3391 ἐκεῖνο,
2643 3327 2739 3380 κα)⁵
2760 3326 2931 3391 οὑτως
2948 3326 3192 3398 ὀψόμεθα
3214 3329 3345 3391 :06;
3373 3327 3469 3381 ἀνθ
3479 3327 3681 3399 ρώπους
3708 3339 3814 3394 μυρ-

2270 3412 2460 3479 μήκων
2487 3410 2639 3462 οὐδέν
2658 3409 3013 3479 διαφέροντας
3032 3427 3045 3441 ·
3085 3410 3147 3462 οὑ
3173 3410 3305 3471 τοὺς
3336 3410 3570 3479 πένητας
3585 3407 3715 3474 λέγω
3737 3404 3813 3475 μό-

2267 3509 2376 3548 νον.
2392 3491 2542 3563 [162]
2563 3492 2683 3545 οὐδὲ
2704 3494 2829 3555 :06;
2844 3493 3152 3555 πλουσίους,
3168 3491 3309 3545 ἀλλὰ
3331 3492 3436 3545 κᾶν
3459 3491 3736 3563 στρατηγός
3749 3503 3813 3543 τις

2266 3570 2320 3645 ᾗ,
2350 3573 2451 3626 κᾶν
2482 3574 2755 3641 βασιλεὺς,
2788 3575 2886 3629 οὐκ
2923 3575 3164 3644 ὀψόμεθα
3200 3575 3322 3628 ἐκεῖ
3339 3578 3431 3627 τὸν
3456 3573 3689 3644 βασιλέα.
3717 3570 3811 3622 οὐδὲ

2267 3656 2356 3705 τὸν
2385 3655 2597 3725 ἰδιώτην
2620 3674 2632 3685 ·
2668 3657 2769 3709 οὐκ
2818 3657 3078 3727 εἰσόμεθα
3101 3658 3153 3709 τί
3189 3657 3291 3726 μὲν
3334 3659 3550 3727 χρυσὸς,
3575 3657 3623 3708 τί
3659 3655 3709 3706 δὲ
3732 3653 3812 3720 ἄρ-

2267 3754 2451 3806 γυρος,
2498 3740 2551 3791 τί
2579 3739 2635 3792 δὲ
2687 3741 2897 3809 ἱμάτιον
2927 3741 3172 3810 σηρικὸν,
3206 3742 3238 3808 ἢ
3296 3740 3605 3811 πορφυροῦν
3626 3757 3638 3769 ’
3668 3739 3811 3792 πάντα

2266 3818 2452 3891 ὥσπερ
2486 3822 2648 3890 μυίας
2684 3823 2947 3892 ὀψόμεθα,
2978 3825 3072 3875 ἐὰν
3105 3825 3163 3874 ἐν
3201 3824 3400 3894 ἐκείνῳ
3442 3823 3516 3892 τῷ
3552 3822 3665 3890 ῦψει
3698 3817 3804 3870 καθ-

2270 3901 2503 3971 ίσωμεν·
2542 3905 2718 3967 οὐδεὶς
2766 3906 2990 3976 θόρυϐος
3039 3907 3173 3967 ἐκεῖ,
3198 3906 3429 3975 οὐδεμία
3468 3905 3685 3975 ταραχὴ,
3712 3900 3810 3953 οὐδὲ

2266 3988 2501 4057 κραυγή.
2552 3988 2661 4039 Καὶ⁸
2688 3989 2806 4051 πῶς
2838 3988 2937 4049 ἔνι,
2974 3990 3159 4057 φησὶν,
3191 3990 3272 4049 είς
3300 3990 3478 4040 ἐκεῖνο
3508 3987 3722 4057 ἀρθῆναι
3758 3983 3809 4033 :6

2265 4066 2415 4135 ὕψος,
2441 4068 2533 4121 ἐπὶ
2558 4071 2657 4139 τῆς
2679 4071 2784 4139 γῆς
2811 4070 3217 4140 περιπατοῦντα
3241 4086 3254 4133 ;
3282 4072 3442 4141 Λόγῳ
3478 4071 3577 4140 μὲν
3608 4070 3664 4121 οὐ
3690 4067 3808 4133 λέγω

2262 4148 2420 4202 τοῦτο
2446 4152 2631 4216 ἁπλῶς
2660 4171 2672 4183 ·
2692 4154 2808 4207 ἀλλ’
2858 4156 2907 4206 εἰ
2932 4154 3131 4222 βούλει,
3164 4155 3275 4221 ἐγώ
3309 4172 3390 4207 σοι
3410 4155 3649 4222 δείκνυμι
3683 4151 3805 4220 ἔργῳ

2262 4234 2388 4293 :06;
2404 4235 2484 4296 εἰς
2500 4235 2559 4286 :6
2576 4235 2709 4304 ὑψος
2732 4239 2907 4289 ἐκεῖνο
2936 4237 3267 4305 φθάσαντας.
3310 4240 3474 4300 Τίνας
3491 4237 3552 4306 δὴ
3579 4236 3776 4293 τούτους
3793 4247 3804 4291 ;

2266 4313 2402 4376 Τοὺς
2430 4317 2556 4385 περὶ
2588 4318 2796 4370 Παῦλον
2822 4319 2967 4386 λέγω
2987 4361 3000 4382 ,
3036 4320 3231 4382 οἵτινες
3249 4322 3309 4373 ἐν
3336 4325 3401 4391 τῇ
3438 4323 3505 4389 γῇ
3562 4319 3718 4379 ὄντες,
3762 4316 3805 4364 ἐν

2263 4397 2341 4466 τῷ
2388 4399 2600 4469 οὐρανῷ
2649 4401 2934 4470 διέτριϐον.
2962 4404 3073 4455 Καὶ
3132 4404 3182 4456 τί
3206 4404 3351 4472 λέγω
3380 4407 3437 4455 ἐν
3478 4402 3553 4471 τῷ
3583 4396 3802 4470 οὐρανῷς

2266 4480 2585 4549 ὑψηλότεροι
2627 4478 2764 4551 ἦσαν
2813 4485 2904 4536 τοῦ
2950 4485 3206 4554 οὐρανοῦ,
3234 4487 3331 4540 καὶ
3372 4485 3465 4540 τοῦ
3500 4484 3650 4538 ἄλλου
3682 4482 3705 4520 ι’
3735 4479 3805 4530 οὐ·

2265 4562 2448 4633 ρανοῦ,
2503 4565 2596 4615 καί
2638 4565 2769 4633 πρὸς
2803 4567 2962 4619 αὐτὸν
2998 4568 3230 4635 ἀνῆλθον
3274 4570 3368 4622 τὸν
3411 4568 3561 4621 Θεόν.
3594 4566 3679 4627 Τίς
3717 4561 3804 4629 γὰρ

2261 4649 2420 4716 ἡμᾶς
2448 4652 2713 4718 χωρίσει.
2750 4652 2936 4721 φησὶν,
2970 4654 3085 4707 ἀπὸ
3122 4654 3234 4722 τῆς
3263 4656 3501 4723 ἀγάπης
3542 4652 3642 4707 τοῦ
3691 4651 3801 4714 Χρι-

2259 4734 2408 4787 στοῦ
2428 4750 2445 4797 ;
2479 4735 2702 4802 θλῖψις,
2733 4735 2769 4803 ἢ
2790 4739 3175 4804 στενοχωρία,
3198 4738 3235 4805 ἢ
3253 4739 3492 4807 λιμὸς,ἣ
3518 4728 3801 4803 διωγμὸςνῆ

2258 4819 2576 4886 γυμνότης,
2609 4818 2646 4884 ἢ
2674 4818 2978 4884 κίνδυνος.
3005 4820 3041 4886 ἢ
3072 4820 3335 4888 μάχαιρα
3364 4840 3381 4883 ;
3420 4808 3513 4873 καὶ
3537 4818 3700 4877 πάλιν,
3727 4812 3801 4875 Mil

2258 4901 2653 4953 σκοπούντων
2699 4900 2869 4966 ἡμῶν
2897 4902 2967 4955 τὰ
3018 4902 3393 4970 βλεπόμενα,
3440 4901 3601 4956 ἀλλὰ
3644 4900 3709 4950 τὰ
3731 4894 3799 4961 μὴ

2254 4984 2624 5051 βλεπόμενα.
2672 4982 2835 5053 Ὁρᾷς
2874 4984 2953 5036 6::
2983 4984 3101 5036 οὐδὲ
3136 4984 3283 5056 ἐώρα
3306 4986 3376 5039 τὰ
3412 4983 3668 5044 ἐνταῦθα;
3708 4978 3800 5029 Ἵνα

2256 5065 2313 5116 δέ
2353 5083 2432 5117 σοι
2469 5064 2629 5128 δείξω
2658 5065 2740 5117 6::
2779 5065 2885 5117 τῶν
2933 5066 3177 5135 οὐρανῶν
3224 5068 3495 5138 ἀνώτερος
3533 5061 3613 5135 ἦν,
3661 5064 3797 5114 ἄκουε

2258 5147 2421 5218 αὐτοῦ
2443 5148 2690 5215 λέγοντος
2713 5166 2727 5179 υ
2765 5149 3090 5216 Πέπεισμαι
3115 5151 3223 5218 γὰρ
3258 5151 3347 5203 ὅτι
3393 5152 3529 5204 οὔτε
3579 5146 3798 5204 θάνατος

2256 5216 2394 5282 οὔτε
2428 5229 2563 5297 ζωὴ,
2591 5232 2727 5284 οὔτε
2787 5232 3086 5285 ἐνεστῶτα
3121 5216 3268 5286 -οῧτε
3313 5234 3629 5301 μέλλοντα.
3686 5224 3798 5277 οὔτε

2256 5314 2474 5381 ὕψωμα
2520 5315 2658 5367 οὔτε
2683 5315 2897 5380 βάθος,
2960 5316 3098 5370 οὔτε
3135 5335 3225 5383 τις
3261 5318 3459 5381 κτίσις
3508 5313 3665 5379 ἑτέρα
3709 5306 3794 5357 δυ-

2256 5396 2501 5461 νήσεται
2532 5399 2684 5466 ἡμᾶς
2716 5402 2959 5468 χωρίσαι
2988 5400 3106 5454 ἀπὸ
3152 5400 3263 5467 τῆς
3290 5399 3527 5470 ἀγάπης
3553 5392 3651 5449 τοῦ
3689 5390 3795 5453 Χρι-

2256 5496 2424 5533 στου.

2342 5565 2502 5633 Ὁρᾷς
2531 5565 2647 5626 πῶς
2672 5583 2849 5619 παντα
2887 5566 3262 5636 παραδραμὼν
3298 5568 3326 5618 6
3374 5564 3641 5631 λογισμὸς,
3668 5553 3785 5609 ἀνώ-

2258 5663 2413 5715 τερον
2441 5646 2601 5698 αὑτὸν
2630 5650 2902 5717 ἐποίησεν,
2932 5650 2992 5702 οὐ
3020 5648 3222 5719 ταύτης
3260 5649 3414 5719 μόνον
3455 5646 3549 5715 τῆς
3574 5640 3785 5697 κτίσεως,

2324 5754 2351 5793 h
2379 5756 2470 5801 Καὶ
2491 5753 2573 5802 τοῦ
2595 5754 2784 5817 τρίτουῩ
