4002 6426
188 368 296 426 125

184 474 468 529 testamenti
507 473 561 528 in
615 474 960 529 remissionem
1002 482 1341 544 peccatorum.
1393 474 1505 530 [loc
1545 478 1766 530 verbum

184 579 285 632 pro
311 563 551 636 hyssopo
575 567 834 636 sanguine
859 565 1163 630 intinctum,
1192 580 1385 620 omnes
1412 568 1668 637 aspergit.
1704 566 1770 622 Et

183 656 300 711 illic
338 657 556 726 quidem
596 673 790 729 corpus
828 657 1166 714 extrinsecus
1206 658 1599 725 mundabatur;
1649 668 1765 714 erat

187 750 334 804 enim
362 750 641 807 mundatio
666 751 998 821 corporalis:
1023 750 1109 805 hic
1137 760 1316 806 autem
1343 752 1590 821 quoniam
1618 768 1771 805 mun-

203 840 354 897 datio
398 852 483 897 est
522 840 847 911 spiritualis,
874 838 1149 893 mundatio
1191 838 1489 907 ingreditur
1529 838 1783 903 animam,

203 947 315 987 non
344 933 516 987 solum
546 945 840 1000 aspergens
868 930 962 985 sed
991 929 1333 983 etiaminstar
1362 927 1521 983 fontis
1551 928 1785 998 irrigans

202 1023 261 1076 in
292 1024 572 1078 animabus
599 1022 824 1077 nostris.
859 1022 1045 1077 Sciunt
1069 1036 1188 1090 quae
1217 1019 1466 1075 dicuntur
1486 1020 1523 1074 ii
1545 1020 1632 1089 qui
1660 1029 1786 1073 sunt

201 1116 396 1170 initiati
426 1114 716 1186 mysteriis.
740 1113 806 1168 Et
835 1114 885 1169 in
909 1113 1014 1166 illis
1043 1111 1256 1181 quidem
1280 1111 1448 1179 ipsam
1471 1109 1786 1179 aspergebat

202 1207 569 1277 superﬁciem,
599 1217 652 1260 et
672 1206 760 1275 qui
803 1206 1203 1274 aspergebatur,
1226 1217 1412 1257 rursus
1434 1202 1749 1256 abluebatur
1767 1218 1802 1267 ;,

202 1313 317 1352 non
344 1297 488 1351 enim
510 1310 725 1364 semper
749 1295 930 1349 obibat
955 1302 1296 1347 cruentatus:
1327 1292 1378 1344 in
1400 1292 1574 1345 anima
1607 1302 1783 1346 autem

216 1403 326 1442 non
356 1388 455 1453 sic,
474 1386 565 1441 sed
600 1385 701 1453 ipsi
732 1385 977 1439 essentite
1002 1382 1324 1436 admiscetur
1350 1381 1586 1450 sanguis,
1618 1381 1782 1451 ipsam

201 1475 440 1531 reddens
471 1475 743 1529 robustam
775 1483 829 1528 et
856 1454 1083 1535 castam,
1108 1482 1161 1525 et
1187 1470 1458 1525 deducens
1498 1471 1563 1525 ad
1593 1472 1782 1540 ipsam,

198 1584 327 1639 quae
362 1566 617 1637 explicari
644 1582 748 1619 non
783 1574 993 1633 potest,
1028 1562 1495 1633 pulchritudinem.
1528 1564 1785 1634 Deinceps

200 1672 386 1715 autem
426 1656 659 1712 ostendit
704 1664 932 1709 mortem
984 1672 1090 1709 non
1142 1654 1566 1710 confirmationis
1610 1657 1784 1710 solum

202 1763 325 1804 esse
350 1763 591 1811 causmn,
622 1746 716 1801 sed
743 1747 904 1800 etiam
932 1745 1341 1801 emundationis.
1370 1747 1508 1802 Nam
1534 1748 1783 1816 quoniam

201 1856 355 1895 mors
398 1840 677 1894 videbatur
702 1853 826 1895 esse
869 1852 957 1892 res
987 1838 1317 1894 exsecranda
1369 1852 1422 1897 et
1466 1839 1697 1893 maxime
1723 1854 1784 1892 ea

200 1950 324 2002 qua:
343 1932 739 2001 suscipiebatur
769 1945 862 2000 per
884 1944 1123 1995 crucem,
1143 1929 1273 1984 dicit
1300 1946 1421 1985 eam
1442 1930 1784 1995 emundasse,

203 2026 367 2093 idque
416 2023 651 2093 pretiosa
697 2020 1099 2085 emundatione,
1131 2030 1185 2075 et
1210 2035 1331 2089 qua:
1374 2020 1577 2075 eratin
1624 2020 1786 2075 rebus

203 2116 524 2186 majoribus.
569 2104 857 2183 Propterea
904 2122 1302 2182 pnecesserunt
1345 2112 1628 2176 sacrificia,
1659 2127 1787 2181 pro-

206 2219 328 2278 pter
378 2207 521 2263 hunc
566 2204 918 2275 sanguinem:
966 2212 1253 2273 propterea
1298 2203 1455 2274 agni,
1507 2212 1785 2273 pr0pterea

201 2299 346 2353 facta
376 2306 502 2351 sunt
527 2297 722 2350 omnia.
747 2295 837 2350 25.
873 2293 1092 2349 Necesse
1127 2305 1198 2349 est
1226 2311 1363 2366 ergo,
1388 2296 1586 2365 inquit,
1616 2311 1786 2349 exem-

202 2390 375 2458 plaria
405 2386 606 2456 quidem
627 2385 1010 2440 cwlestium‘his
1048 2386 1307 2448 mandari,
1335 2386 1448 2452 ipsa
1491 2396 1657 2438 autem
1682 2402 1786 2439 ca:-

201 2484 352 2536 lcstia
389 2480 678 2535 melioribus
715 2480 891 2534 hostiis
925 2496 1076 2549 quam
1110 2480 1241 2533 istis.
1277 2479 1344 2533 Et
1364 2478 1631 2548 quomodo
1659 2488 1787 2534 sunt

200 2571 531 2641 exemplaria
550 2585 737 2627 eorum
759 2585 879 2641 qua:
904 2580 1027 2625 sunt
1046 2570 1102 2625 in
1118 2569 1298 2625 cadis?
1317 2570 1587 2639 quomodo
1608 2582 1784 2624 autem

202 2674 361 2717 meat
391 2679 532 2717 nunc
558 2677 617 2717 ea
646 2678 764 2732 quae
794 2670 919 2717 sunt
946 2661 999 2715 in
1025 2660 1215 2716 caelis?
1261 2677 1386 2715 num
1432 2662 1659 2715 caelum?
1697 2673 1787 2717 aut

201 2754 468 2824 angelos?
497 2753 639 2808 Nihil
668 2752 895 2817 horum;
940 2752 1030 2807 sed
1056 2760 1261 2806 nostra.
1289 2752 1481 2807 Nostra
1510 2768 1638 2823 ergo
1663 2764 1785 2808 sunt

204 2846 258 2898 in
286 2844 460 2909 caelis,
489 2855 543 2899 et
568 2853 753 2898 nostra
790 2852 916 2897 Sunt
939 2843 1196 2910 caelestia,
1226 2843 1435 2898 etiamsi
1469 2854 1790 2915 peraguntur

205 2938 259 2990 in
316 2950 479 2991 terra.
532 2937 665 2991 Nam
705 2936 881 3006 angeli
922 2951 1135 3007 quoque
1182 2947 1308 2992 sunt
1356 2938 1411 2992 in
1459 2947 1638 3005 terra,
1694 2941 1786 2995 sed

202 3030 461 3083 dicuntur
508 3030 785 3094 caelestes;
844 3038 898 3084 et
951 3028 1241 3084 Cherubim
1306 3040 1671 3100 apparuerunt
1735 3034 1788 3085 in

205 3130 373 3184 terra,
406 3129 530 3174 sunt
577 3130 752 3175 tamen
793 3120 1047 3174 caelestia.
1082 3121 1149 3175 Et
1191 3120 1317 3190 quid
1361 3121 1484 3176 dico
1525 3137 1788 3191 apparue-

206 3214 379 3266 runt?
414 3212 465 3264 in
500 3221 637 3265 terra
669 3212 885 3281 quidem
913 3222 1065 3267 certe
1083 3212 1303 3282 degunt,
1334 3222 1388 3266 ut
1428 3214 1589 3268 etiam
1622 3215 1673 3267 in
1703 3230 1789 3283 pa-

206 3305 415 3358 radiso.
439 3304 544 3360 Sed
576 3305 707 3358 nihil
736 3305 839 3359 hoc
864 3304 1176 3373 impedivit;
1210 3315 1336 3359 sunt
1362 3306 1505 3360 enim
1535 3308 1788 3362 czelestia.

204 3393 276 3447 Et
301 3404 477 3447 nostra
493 3396 800 3450 conversatio
821 3405 891 3449 est
905 3397 956 3449 in
976 3397 1114 3450 uelis
1132 3396 1393 3467 (Philipp.
1413 3398 1464 3451 5.
1483 3397 1599 3464 ΞΟ),
1617 3413 1794 3467 quam-

205 3489 299 3541 vis
324 3487 414 3540 hic
442 3500 736 3539 versemur.
788 3485 919 3555 Ipsa
941 3495 1111 3540 autem
1138 3488 1391 3551 ctelestia;
1433 3488 1531 3541 hoc
1559 3497 1640 3541 est
1679 3490 1794 3557 phi-

208 3579 458 3648 losophia
491 3579 577 3632 illa
608 3594 725 3647 quae
766 3589 847 3633 est
872 3580 1011 3647 apud
1052 3594 1171 3645 nos,
1201 3580 1290 3649 qui
1333 3580 1462 3634 illuc
1488 3595 1671 3634 sumus
1703 3596 1795 3634 νον

206 3672 336 3725 cati.
363 3669 680 3734 Mclioribus,
701 3669 890 3737 inquit,
912 3669 1257 3739 hostiisquam
1277 3671 1405 3723 istis.
1425 3670 1577 3736 Quod
1604 3671 1794 3724 melius

208 3771 316 3825 est,
348 3762 531 3829 aliquo
579 3760 717 3813 bono
747 3768 830 3813 est
860 3760 1088 3817 melius:
1132 3775 1261 3829 ergo
1294 3760 1507 3815 fuerunt
1547 3760 1706 3822 bona,
1744 3772 1797 3814 et

209 3851 541 3917 exentplaria
572 3865 757 3904 eorum
803 3864 924 3918 quze
954 3849 1006 3904 in
1054 3851 1221 3903 cadis.
1254 3851 1363 3905 Nec
1410 3852 1548 3905 mala
1599 3850 1793 3905 fuerint

210 3936 586 4004 exemplaria:
618 3950 740 3989 nam
777 3936 866 3990 illa
904 3951 1118 4005 quoque
1163 3945 1343 3992 essent
1386 3938 1524 3991 mala
1572 3952 1799 4007 quorum

209 4039 340 4082 sunt
370 4027 718 4097 exemplaria.

283 4120 341 4173 5.
372 4118 434 4172 Si
462 4133 591 4187 ergo
618 4134 801 4173 sumus
830 4118 1095 4184 caelestes,
1127 4128 1179 4172 et
1209 4129 1382 4174 tamen
1413 4120 1682 4189 assequnti
1710 4134 1799 4172 su-

209 4226 337 4263 mus
384 4209 701 4275 essentiam,
745 4210 1229 4278 pertimescamus:
1260 4226 1364 4264 non
1411 4212 1639 4281 amplius
1682 4228 1798 4265 nta-

210 4314 446 4355 neamus
475 4301 526 4353 in
560 4309 697 4354 terra
725 4318 738 4354 :
764 4300 889 4354 licet
910 4300 1054 4354 enim
1095 4301 1144 4354 ei
1176 4302 1266 4371 qui
1294 4302 1442 4366 velit,
1472 4302 1632 4356 etiam
1658 4320 1799 4357 nunc

210 4408 323 4445 non
375 4406 502 4446 esse
546 4392 597 4446 in
645 4400 809 4446 terra.
855 4392 985 4446 Nam
1016 4402 1073 4447 ut
1102 4394 1270 4449 simus
1311 4403 1365 4448 et
1404 4410 1509 4449 non
1553 4397 1719 4451 simus
1749 4398 1798 4452 in

211 4492 384 4547 terra,
433 4480 491 4534 fit
536 4482 698 4535 animi
748 4482 994 4536 instituto
1025 4492 1078 4553 et
1125 4485 1420 4540 voluntate.
1458 4486 1526 4541 Ut
1571 4490 1802 4557 exempli

208 4589 383 4629 causa
414 4592 428 4627 :
461 4574 601 4627 Deus
625 4573 821 4627 dicitur
847 4589 971 4629 esse
1006 4575 1059 4627 in
1089 4576 1222 4629 caelo
1248 4593 1261 4628 :
1291 4578 1495 4645 quare?
1538 4595 1643 4632 non
1685 4580 1802 4633 loco

207 4664 491 4729 exclusus,
525 4663 683 4729 absit,
731 4679 903 4733 neque
942 4675 1137 4720 terram
1179 4667 1489 4737 relinquens
1532 4669 1798 4725 desertam

207 4771 314 4810 sua
346 4754 664 4826 pta-sentia,
696 4756 788 4809 sed
820 4757 1050 4824 quadam
1079 4757 1389 4813 habitudine
1414 4760 1802 4816 familiaritate-

206 4865 323 4920 que
348 4858 405 4903 et
421 4848 802 4918 conjunctione
831 4864 949 4917 qua:
976 4859 1057 4903 est
1088 4850 1164 4903 illi
1192 4865 1311 4905 cum
1336 4854 1555 4919 angelis.
1589 4853 1643 4907 Si
1672 4868 1802 4923 ergo

210 4956 319 4995 nos
341 4955 556 5007 quoque
573 4941 741 4993 simus
765 4950 984 5009 propter
1008 4942 1197 5005 Deum,
1218 4958 1402 4996 sumus
1423 4944 1475 4997 in
1489 4945 1639 4999 caelo.
1663 4945 1801 5012 Quid

211 5033 363 5086 enim
398 5031 533 5084 mihi
563 5046 705 5085 curae
732 5040 813 5085 est
844 5032 1054 5097 caelum,
1084 5033 1297 5101 quando
1331 5033 1490 5087 video
1519 5035 1800 5089 Dominum

214 5124 370 5177 caeli?
386 5122 602 5191 quando
619 5125 730 5190 ipse
758 5122 927 5177 factus
942 5122 1093 5178 fuero
1115 5125 1302 5177 caelum
1322 5124 1621 5180 ?Veniemus
1636 5127 1803 5195 enim,

215 5217 418 5284 inquit,
450 5231 542 5287 ego
568 5225 615 5268 et
642 5214 801 5269 Pater
826 5233 984 5278 meus,
1010 5224 1054 5268 et
1085 5217 1395 5269 mansionem
1422 5220 1559 5288 apud
1583 5236 1693 5272 eum
1719 5220 1801 5291 fa-

216 5311 413 5362 ciemus
457 5309 640 5377 (Joan.
674 5309 760 5362 Η.
792 5309 906 5376 25).
952 5309 1197 5362 Animam
1250 5324 1379 5378 ergo
1424 5309 1677 5365 faciamus
1704 5326 1803 5365 no-

218 5399 304 5452 bis
329 5398 550 5452 caelum.
580 5399 783 5452 Caelum
812 5408 895 5453 est
946 5410 1133 5454 natura
1162 5400 1456 5469 jucundum
1498 5412 1550 5457 et
1591 5404 1802 5457 laetum:

214 5506 402 5558 nequc
432 5489 574 5542 enim
607 5489 659 5541 in
689 5497 1005 5558 tempestate
1035 5492 1092 5544 lit
1120 5490 1329 5560 nigrum
1360 5508 1373 5543 :
1406 5507 1512 5547 non
1538 5502 1707 5548 mutat
1732 5494 1806 5547 fa-

208 5583 401 5645 ciem,
434 5579 530 5634 scd
575 5590 959 5636 concurrentes
1005 5585 1177 5637 nubes
1224 5584 1398 5653 ipsutn
1449 5586 1805 5643 abscondunt.

212 5672 441 5726 llaelmn
468 5670 630 5733 habet
652 5671 820 5726 solem
848 5690 858 5725 :
900 5672 1156 5727 habemus
1176 5689 1273 5727 nos
1300 5690 1508 5744 quoque
1535 5679 1701 5731 solem
1720 5680 1805 5749 ju-

228 5764 413 5819 stitiae.
439 5762 553 5816 Dixi
575 5762 735 5819 licere
754 5763 864 5818 fieri
886 5766 1358 5833 tamquamca'lum
1391 5787 1396 5817 τ
1420 5776 1472 5822 et
1495 5769 1644 5824 video
1667 5773 1805 5837 quod

998 379 1062 434 ΙΝ
1102 379 1319 435 EPIST.
1359 381 1452 436 AD
1490 379 1849 439 HEBRASOS.
1889 378 2044 435 CAP.
2085 376 2176 433 IX.
2221 376 2453 432 ilOMlL.
2495 376 2637 433 XVI.

3356 375 3457 431 1'26

1881 479 2043 533 etiam
2073 478 2207 532 caelo
2247 478 2404 533 liccat
2450 480 2565 534 lieri
2611 482 2887 537 meliorem
2917 492 2972 538 et
3014 487 3458 556 przestantiorem.

1887 572 2210 639 Quomodo?
2237 573 2464 640 Quando
2486 575 2617 629 solis
2642 576 2924 632 Dominum
2953 578 3316 635 habuerimus.
3344 582 3463 638 Cac-

1886 665 1995 718 lum
2042 673 2125 718 est
2151 665 2299 719 omni
2331 680 2398 721 ex
2428 674 2578 733 parte
2607 683 2796 736 purum
2827 680 2880 724 et
2908 671 3326 739 immaculatum,
3358 688 3464 729 non

1887 754 2087 821 hieme,
2111 770 2216 809 non
2244 764 2401 810 nocte
2427 765 2686 819 mutatur.
2709 758 2785 814 Ne
2803 760 2904 815 hoc
2920 777 3048 833 ergo
3066 764 3220 818 nobis
3240 765 3465 832 accidat,

1887 860 2175 901 caveamus
2187 861 2255 901 ne
2268 845 2668 912 afﬂictionibus,
2686 858 2779 904 aut
2791 850 2987 907 diaboli
3003 855 3209 910 insidiis
3222 857 3464 926 appetiti,

1889 936 1993 989 tale
2040 937 2169 1005 quid
2218 939 2641 1006 patiamurzscd
2698 956 3008 998 maneamus
3055 945 3382 1001 immaculati
3412 957 3468 1003 et

1889 1026 2092 1080 mundi.
2126 1025 2325 1081 Caelum
2357 1030 2727 1084 estexcelsum
2749 1071 2763 1095 ,
2791 1040 2844 1085 et
2870 1048 2899 1084 a
2930 1041 3070 1087 terra
3102 1035 3259 1106 longe
3288 1053 3467 1092 remo-

1890 1124 2001 1170 tum
2020 1134 2031 1167 ;
2051 1115 2152 1170 hoe
2165 1132 2261 1170 nos
2278 1133 2489 1188 quoque
2504 1118 2781 1188 faciamus,
2799 1136 2829 1174 a
2850 1132 2989 1175 terra
3009 1140 3107 1178 nos
3122 1125 3467 1195 abducamus,

1883 1218 1938 1263 et
1952 1210 2019 1262 ad
2034 1211 2183 1264 illam
2197 1212 2527 1264 extollantur
2541 1213 3305 1284 altitudinein.thuomodoa
3319 1228 3463 1272 terra

1884 1298 2257 1354 abducentur?
2288 1298 2345 1354 Si
2388 1301 2627 1355 czelestia
2656 1288 2983 1371 cogitemus.
3013 1304 3217 1358 Caelum
3261 1305 3466 1363 imbres

1879 1396 1935 1442 et
1954 1396 2300 1457 tempestates
2317 1397 2619 1458 snperat,et
2633 1404 2661 1442 a
2678 1391 2828 1444 nullo
2841 1392 3083 1461 capitur:
3102 1395 3206 1449 hoc
3224 1410 3470 1466 nosque-

1878 1496 1988 1549 que
2011 1482 2335 1549 poterimus,
2362 1482 2407 1534 si
2435 1481 2688 1535 velimus.
2716 1482 2830 1537 lloc
2852 1485 3069 1553 quidem
3094 1488 3203 1554 pati
3231 1488 3463 1555 videtur,

1896 1572 2066 1640 ipsum
2113 1582 2290 1627 tamen
2336 1588 2441 1627 non
2471 1574 2673 1643 patitur
2701 1592 2716 1628 :
2740 1591 2842 1631 nec
2868 1591 2965 1631 nos
3000 1594 3130 1648 ergo
3171 1582 3470 1648 patiamur,

1886 1663 2096 1717 etiamsi
2115 1662 2395 1717 videamur
2421 1664 2549 1732 pati.
2578 1664 2709 1718 Nam
2730 1673 2785 1717 ut
2813 1667 2864 1719 in
2882 1664 3059 1720 hieme
3084 1667 3233 1721 multi
3250 1670 3466 1738 quidem

1893 1772 1998 1809 non
2019 1764 2215 1809 norunt
2229 1756 2344 1825 ejus
2364 1755 2831 1826 pulchritudinem,
2851 1757 2943 1812 sed
2963 1759 3267 1813 existimant
3292 1760 3464 1830 ipsum

1888 1846 2116 1911 mutari;
2137 1845 2443 1916 philostiphi
2470 1855 2647 1900 autem
2674 1847 2849 1900 sciunt
2871 1848 3040 1915 ipsum
3064 1848 3194 1901 nihil
3210 1864 3328 1904 esse
3347 1864 3468 1919 pas-

1886 1952 2004 1991 sum
2042 1954 2054 1991 :
2080 1936 2150 1990 ita
2172 1937 2332 1991 etiam
2357 1937 2511 1990 nobis
2534 1937 2782 1991 usuvenit
2808 1938 2858 1990 in
2885 1937 3282 2000 afflictionibus,
3315 1940 3463 1993 multi

1886 2027 2103 2097 quidem
2134 2027 2445 2081 existimant
2480 2042 2576 2081 nos
2603 2041 2723 2081 esse
2744 2036 3119 2091 commutatos,
3144 2039 3196 2083 et
3222 2027 3465 2082 afﬂictio-

1888 2137 2013 2176 ncm
2041 2121 2205 2176 corda
2234 2130 2414 2176 nostra
2447 2121 2712 2191 tetigisse;
2744 2120 2885 2190 quod
2914 2132 3093 2176 autem
3121 2136 3217 2174 nos
3242 2138 3345 2177 non
3375 2131 3453 2175 te-

1888 2213 2089 2280 tigerit,
2111 2221 2307 2267 norunt
2329 2211 2652 2281 philosophi.
2670 2211 2777 2265 Nos
2795 2227 2922 2283 ergo
2938 2214 3125 2267 cmlum
3145 2212 3461 2277 efliciamur,

1888 2302 2242 2358 ascendamus
2271 2302 2324 2356 in
2365 2302 2511 2357 illam
2554 2300 2914 2366 altitudinem,
2944 2310 2998 2355 et
3048 2302 3121 2357 ita
3169 2302 3466 2357 videbimus

1888 2393 2131 2449 homines
2149 2392 2279 2447 nihil
2295 2391 2510 2447 dili'erre
2534 2407 2565 2446 a
2591 2392 2862 2448 formicis:
2884 2407 2987 2446 non
3010 2394 3199 2458 solum,
3225 2393 3461 2463 inquam,

1886 2497 2148 2553 pauperes
2173 2493 2226 2538 ct
2245 2483 2471 2544 divites;
2500 2484 2594 2553 sed
2614 2484 2825 2537 etiamsi
2849 2485 2916 2537 sit
2944 2484 3244 2553 praefectus,
3272 2486 3316 2537 si
3347 2500 3461 2548 rex,

1886 2591 1987 2629 nec
2009 2591 2212 2645 regem,
2241 2591 2340 2630 nec
2375 2577 2639 2645 privatum
2667 2576 3094 2630 internoscemus
3125 2593 3137 2629 :
3166 2576 3465 2629 nesciemus

1886 2666 2008 2735 quid
2041 2670 2112 2720 sit
2138 2680 2347 2731 aurum,
2377 2666 2503 2734 quid
2529 2674 2830 2735 argentum,
2850 2665 2977 2735 quid
2998 2665 3159 2720 vestis
3184 2665 3351 2719 serica
3374 2673 3467 2718 aut

1886 2772 2150 2826 purpurea
2183 2774 2196 2809 :
2225 2758 2405 2812 omnia
2423 2756 2724 2811 videbimus
2749 2765 3014 2827 tamquam
3044 2772 3276 2822 muscas,
3308 2756 3352 2809 si
3380 2771 3465 2811 se-

1884 2847 2191 2903 derimusin
2215 2849 2303 2902 illa
2334 2848 2615 2902 altitudine
2647 2866 2660 2904 :
2693 2849 2871 2903 nullus
2900 2849 3007 2902 illic
3041 2848 3329 2914 tumultus,
3366 2864 3465 2904 nec

1886 2938 2237 3008 perturbatio,
2258 2955 2432 3007 neque
2462 2939 2685 2993 clamor.
2716 2940 2782 2993 Et
2808 2938 3096 3009 quomodo,
3124 2938 3314 3008 inquit,
3349 2939 3464 2993 fieri

1886 3039 2064 3099 potest
2094 3041 2151 3085 ut
2170 3031 2236 3085 ad
2267 3041 2469 3085 tantam
2502 3032 2792 3086 extollatur
2811 3032 3145 3086 altitudinem
3167 3034 3256 3102 qui
3278 3034 3467 3087 ambu-

1887 3121 1963 3175 lat
1989 3123 2041 3175 in
2071 3122 2254 3176 terra?
2276 3121 2465 3176 Verbis
2495 3121 2711 3191 quidem
2741 3137 2843 3176 non
2867 3122 3007 3188 dico,
3032 3122 3125 3176 sed
3148 3123 3307 3176 rebus
3334 3118 3464 3191 ipsis

1885 3211 2111 3265 ostendo
2153 3226 2247 3265 eos
2276 3212 2365 3280 qui
2405 3211 2472 3265 ad
2521 3212 2664 3265 illam
2704 3222 3061 3280 pervenerunt
3104 3213 3462 3269 altitudinem.

1885 3302 2115 3366 Quinam
2143 3302 2177 3354 ii
2224 3302 2383 3355 sunt?
2410 3301 2604 3356 Paulus
2628 3311 2683 3357 et
2709 3303 2825 3370 ejus
2849 3302 3086 3366 asseclm,
3109 3303 3198 3371 qui
3227 3319 3347 3357 cum
3374 3320 3463 3358 es-
3510 3296 3517 3300 ’

1885 3401 2006 3446 seut
2029 3405 2193 3461 super
2214 3400 2434 3455 terram,
2465 3392 2816 3446 versabantur
2837 3393 2887 3446 in
2917 3393 3068 3446 cado.
3103 3394 3167 3447 Et
3191 3394 3315 3463 quid
3343 3394 3465 3448 dico

1886 3485 1937 3537 in
1968 3484 2141 3539 cielo?
2170 3485 2337 3538 Erant
2381 3484 2515 3538 caelo
2554 3484 2806 3547 altiores,
2845 3495 2899 3539 et
2945 3484 3052 3538 alio
3098 3486 3235 3539 c:e|o
3259 3527 3275 3551 ,
3322 3495 3375 3538 et
3395 3485 3461 3539 ad

1887 3576 2051 3646 Deum
2081 3575 2251 3644 ipsum
2278 3574 2669 3638 ascenderunt,
2705 3575 2833 3641 Quis
2859 3575 2992 3629 enim
3036 3592 3127 3628 nos
3169 3576 3457 3643 separabit,

1888 3665 2075 3734 inquit,
2107 3682 2138 3717 α
2168 3667 2377 3718 caritate
2408 3663 2595 3719 Christi
2618 3666 2643 3718 ?
2672 3666 2931 3718 tribulatio
2952 3708 2966 3731 ,
2996 3680 3063 3718 an
3106 3668 3367 3735 angustia,
3396 3683 3463 3720 an

1887 3761 2065 3826 (uiues,
2095 3773 2159 3808 an
2187 3758 2500 3824 persequutio
2526 3798 2538 3820 ,
2573 3772 2639 3809 an
2669 3756 2893 3822 auditas,
2925 3773 2990 3809 an
3032 3758 3311 3820 periculum
3332 3798 3346 3821 ,
3397 3775 3461 3810 rm

1885 3847 2085 3916 gladius
2114 3847 2291 3913 (liam.
2319 3848 2369 3899 8.
2392 3844 2519 3916 '55)?
2546 3854 2600 3900 et
2626 3861 2831 3908 rursus,
2864 3845 2984 3899 Non
3011 3848 3461 3909 contemplantibu:

1886 3940 2028 3991 nobis
2054 3954 2167 4007 qme
2194 3939 2453 4002 videntur,
2477 3939 2565 3993 sed
2601 3955 2715 4007 quia
2741 3956 2839 3992 non
2884 3940 3119 3991 videntur
3149 3939 3225 4009 (2.
3259 3939 3376 3993 Cor.
3405 3942 3460 3994 4.

1890 4030 1997 4097 ιδ).
2021 4028 2182 4082 Vides
2202 4028 2343 4096 quod
2374 4043 2472 4082 nec
2490 4044 2549 4081 ea
2581 4029 2796 4097 quidem
2824 4045 2942 4098 qum
2964 4030 3047 4082 hic
3074 4039 3195 4082 sunt
3217 4030 3467 4084 videbat?

1888 4118 1953 4172 Ut
1981 4126 2155 4171 autem
2208 4116 2294 4169 tibi
2326 4119 2606 4173 ostendam
2637 4118 2778 4185 quod
2806 4118 2950 4171 cadis
2976 4126 3090 4172 erat
3119 4119 3299 4183 altior,
3337 4120 3465 4173 audi

1878 4215 2000 4255 eum
2030 4200 2296 4255 dicentem
2326 4216 2339 4251 :
2371 4199 2550 4254 Certus
2587 4217 2707 4252 sum
2729 4203 2859 4254 enim
2885 4242 2900 4266 ,
2941 4205 3079 4272 quod
3118 4218 3285 4273 neque
3323 4218 3458 4253 mors

1878 4306 2036 4360 neque
2064 4292 2183 4356 vita,
2207 4306 2363 4358 neque
2384 4293 2649 4360 prwsentia
2671 4308 2827 4362 neque
2847 4298 3042 4362 futura,
3066 4309 3224 4362 neque
3242 4291 3459 4345 altitudo

1880 4397 2039 4450 neque
2067 4380 2394 4449 profundum,
2425 4397 2580 4449 neque
2614 4368 2729 4434 ulla
2760 4382 2862 4435 alia
2888 4393 3122 4435 creatura
3159 4383 3340 4451 poterit
3367 4399 3460 4434 nos

1878 4490 2115 4541 separare
2137 4491 2167 4525 a
2192 4474 2400 4526 caritate
2428 4474 2614 4527 Christi
2645 4472 2818 4542 (Rom.
2845 4474 2898 4528 8.
2929 4476 3016 4529 58.
3050 4473 3163 4544 59).

1951 4566 2005 4618 4.
2032 4565 2292 4617 Laudatur
2312 4563 2462 4617 Pauit'
2476 4564 2767 4633 magnitudo
2784 4564 2959 4616 animi.
2994 4563 3070 4617 De
3091 4562 3395 4632 funambulis
3412 4573 3459 4614 et

1881 4656 1995 4708 aliis
2015 4653 2481 4707 ludicris—Vides
2499 4653 2764 4722 quomodo
2794 4652 2928 4705 ratio
2955 4653 3203 4706 omnibus
3232 4661 3459 4719 praster-

1887 4748 2083 4811 cursis,
2133 4761 2255 4798 cum
2306 4743 2544 4798 aﬂecerit
2592 4743 2943 4812 superiorem,
2979 4756 3082 4795 non
3134 4742 3234 4794 hac
3286 4742 3459 4796 solum

1884 4845 2150 4899 creatura,
2184 4850 2289 4887 non
2319 4834 2401 4886 his
2423 4832 2588 4895 caelis,
2608 4832 2701 4885 sed
2726 4840 2780 4885 et
2802 4832 2845 4883 si
2877 4831 2967 4899 qui
2990 4830 3097 4883 sint
3122 4830 3249 4882 alii?
3274 4830 3457 4884 Vidisti

1889 4927 2083 4981 mentis
2103 4923 2474 4979 altitudinem?
2510 4921 2685 4975 vidisti
2708 4921 2879 4990 qualis
2907 4920 3067 4973 fuerit
3089 4919 3457 4973 tabernaculo—

1887 5036 2003 5073 rum
2024 5026 2305 5073 contcxtor
2330 5015 2542 5085 quando
2563 5014 2745 5073 voluit,
2775 5014 2864 5081 qui
2898 5022 3059 5066 totam
3088 5013 3249 5065 vitam
3270 5012 3322 5063 in
3347 5009 3463 5063 foro

1891 5107 2250 5176 transegerat?
2276 5105 2491 5158 Nullum
2530 5104 2677 5157 enim
2720 5112 2834 5166 est,
2880 5102 3083 5156 nullum
3126 5110 3208 5156 est
3240 5100 3463 5170 impedi-

1889 5207 2128 5253 mentum
2159 5212 2266 5265 quo
2297 5197 2473 5249 minus
2517 5210 2703 5249 omnes
2742 5208 3058 5263 superemus
3078 5233 3093 5256 ,
3125 5194 3171 5246 si
3215 5191 3462 5245 velimus.

1889 5291 2022 5347 Nam
2053 5292 2096 5345 si
2123 5300 2267 5343 artes
2289 5305 2405 5356 qua:
2431 5288 2572 5357 vulgi
2600 5297 2809 5357 captum
2832 5296 3117 5355 superant,
3150 5285 3288 5338 adeo
3320 5292 3466 5338 recte

1891 5384 2148 5439 discimus
2164 5390 2218 5437 et
2237 5396 2570 5446 exercemus,
2589 5382 2757 5435 multo
2786 5380 2953 5449 magis
2980 5380 3029 5432 id
3052 5378 3192 5447 quod
3222 5394 3324 5430 non
3346 5385 3469 5443 eget

1892 5484 2043 5530 tanto
2070 5474 2270 5527 labore.
2300 5472 2435 5537 Quid
2463 5471 2623 5535 enim,
2652 5470 2738 5525 dic
2766 5471 2917 5533 mliti,
2937 5478 3021 5523 est
3042 5469 3255 5537 gravius
3279 5477 3332 5520 et
3362 5465 3466 5518 dif-

1895 5567 2086 5623 ficilius
2115 5580 2270 5635 quam
2300 5579 2394 5633 per
2423 5564 2595 5617 funem
2633 5571 2909 5616 extensum
2943 5559 3168 5629 ingredi,
3200 5569 3465 5626 tamquam

1899 5660 1949 5712 in
1983 5658 2142 5727 plano
2167 5658 2304 5721 solo,
2338 5664 2393 5708 et
2423 5655 2474 5707 in
2502 5655 2606 5707 alto
2634 5652 3007 5706 ambulantem
3029 5665 3086 5702 se
3130 5648 3369 5711 induere,
3416 5654 3470 5698 et

1899 5766 2095 5806 exuere
2127 5760 2388 5819 tamquam
2417 5749 2467 5801 in
2498 5748 2633 5801 lecto
2658 5745 2972 5801 sedentem?
3005 5757 3181 5797 nonne
3208 5755 3295 5795 res
3326 5736 3469 5791 vide-
