4002 6426
571 325 667 383 I97

496 473 500 477 .
530 448 531 451 η
577 430 662 473 tur
693 418 845 475 nobis
869 433 989 473 esse
1014 418 1147 473 adeo
1175 418 1461 484 horrenda,
1497 429 1552 474 ut
1592 438 1657 475 ne
1684 422 1906 476 velimus
1933 423 2147 492 quidem

574 525 838 582 spectare,
857 512 950 565 sed
976 513 1273 574 timeamus,
1296 524 1349 566 et
1373 513 1439 565 ad
1462 514 1630 583 ipsum
1649 524 1920 583 aspectum
1943 524 2149 570 contre-

577 604 910 657 miscamus?
936 602 1072 669 Quid
1104 614 1282 657 autem
1306 615 1409 669 est,
1443 606 1527 659 dic
1556 606 1709 673 mihi,
1739 608 1951 677 gravius
1980 616 2032 663 et
2051 607 2147 662 dif-

579 695 769 747 licilius
798 708 954 758 quam
980 693 1030 746 in
1064 692 1199 748 facie
1227 704 1444 748 contum
1467 697 1770 764 suscipere;
1802 696 1995 752 deinde
2025 712 2152 767 pue-

576 801 691 837 rmu
724 786 770 838 ei
798 785 1103 852 impositum
1147 785 1329 839 ludere
1354 786 1778 853 innumerabilia,
1808 798 1861 843 et
1885 790 2151 845 oblectare

574 876 945 943 spectatores?
973 876 1100 945 quid
1130 877 1345 945 gravius
1369 888 1422 932 et
1447 879 1715 934 difﬁcilius
1741 897 1899 951 quam
1928 882 1979 936 in
2006 884 2151 937 ensi-

578 966 676 1019 bus
703 966 909 1032 spha-ra
937 966 1163 1019 ludere?
1189 968 1315 1036 quid
1339 977 1440 1031 est,
1469 968 1554 1021 dic
1577 969 1727 1031 mihi,
1756 972 1971 1039 gravius
1996 987 2151 1039 quam

576 1057 806 1111 Scrutari
835 1055 1160 1123 profundum
1194 1058 1394 1110 maris?
1424 1058 1492 1111 Et
1515 1060 1645 1112 alias
1679 1070 1821 1112 artes
1846 1061 2152 1113 innumera-

578 1148 712 1205 biles
737 1148 971 1215 pulueris
991 1148 1170 1201 dicere
1200 1164 1212 1198 :
1242 1147 1335 1200 sed
1367 1147 1447 1201 his
1468 1149 1713 1203 omnilms
1732 1159 1814 1202 est
1841 1151 2009 1203 virtus
2031 1150 2155 1203 faci-

580 1239 704 1302 lior,
723 1236 767 1291 si
790 1227 1036 1297 velimus,
1055 1245 1108 1289 et
1130 1237 1436 1289 ascensioin
1453 1238 1642 1291 cadum
1670 1256 1683 1290 :
1715 1239 1797 1292 hic
1822 1241 1963 1293 enim
1983 1241 2153 1293 solum

592 1333 811 1392 oportet
836 1323 974 1375 velle
1016 1330 1068 1375 et
1097 1322 1275 1374 omnia
1318 1332 1630 1389 sequuntur.
1662 1321 1775 1375 Non
1811 1322 1937 1377 licet
1974 1324 2175 1385 dicere,

592 1413 705 1467 Non
740 1426 993 1480 possunt;
1041 1410 1090 1463 id
1123 1420 1205 1463 est
1245 1424 1498 1463 accusare
1528 1409 1784 1479 Opiﬁcem
1815 1429 1830 1463 :
1859 1427 1979 1464 nam
2010 1413 2052 1465 si
2082 1428 2179 1466 nos

592 1502 715 1557 fecit
744 1500 1038 1568 imbecillos
1081 1511 1135 1555 et
1162 1500 1363 1568 iubeat,
1398 1500 1564 1569 ipsius
1594 1510 1676 1555 est
1703 1503 1995 1555 accusatio.
2035 1504 2179 1568 Quo-

594 1596 753 1650 modo
798 1611 944 1664 ergo,
978 1594 1168 1662 inquit,
1224 1593 1374 1647 multi
1428 1608 1534 1647 non
1580 1594 1847 1662 possunt?
1896 1593 2028 1659 Quia
2082 1610 2176 1648 no-

592 1688 725 1742 lunt.
758 1686 1040 1752 Quomodo
1067 1702 1171 1738 non
1199 1680 1425 1739 volunt?
1448 1684 1564 1739 Prae
1594 1684 1797 1739 desidia
1832 1702 1845 1739 :
1876 1700 1995 1739 nam
2024 1686 2066 1739 si
2087 1701 2180 1739 vo-

593 1780 809 1842 luerint,
846 1788 1098 1847 poterunt
1149 1779 1388 1847 omnino.
1440 1778 1725 1846 PrOpterea
1768 1777 1961 1832 Paulus
2006 1777 2175 1831 dicit:

604 1869 728 1923 Volo
756 1886 929 1922 omnes
960 1870 1188 1923 homines
1211 1885 1317 1922 esse
1344 1868 1471 1922 sicut
1494 1869 1738 1938 meipsum
1768 1870 1813 1937 (l
1831 1910 1842 1921 .
1869 1866 1988 1923 Cor.
2011 1869 2060 1920 7.
2096 1870 2175 1939 7),

588 1962 842 2030 quoniam
872 1960 1078 2014 sciebat
1110 1975 1302 2013 omnes
1330 1975 1491 2029 posse
1544 1976 1663 2013 esse
1693 1959 1831 2013 sicut
1872 1971 1987 2012 erat
2020 1960 2130 2026 ipse
2158 1975 2172 2011 :

590 2053 935 2123 nequeenim
965 2053 1067 2109 hoc
1095 2051 1338 2115 dixisset,
1400 2052 1443 2104 si
1502 2051 1614 2105 ﬁeri
1667 2065 1773 2104 non
1830 2060 2029 2119 posset.
2088 2051 2178 2105 Vis

591 2147 705 2201 ﬁeri
765 2145 1000 2214 probust
1036 2145 1211 2198 solum
1242 2145 1585 2214 apprehende
1629 2145 1861 2198 initium.
1908 2144 2041 2199 Nam
2089 2146 2176 2200 dic

592 2238 721 2291 mihi
746 2276 763 2301 ,
815 2237 865 2289 in
894 2235 1145 2295 omnibus
1183 2235 1391 2288 artilms
1412 2276 1427 2300 ,
1470 2235 1514 2288 si
1565 2234 1793 2289 velimus
1820 2250 1912 2289 eas
1938 2237 2173 2305 assequi.

590 2327 860 2383 sufﬁcitne
903 2327 1056 2381 nobis
1083 2328 1239 2394 velle,
1282 2342 1349 2381 an
1377 2328 1537 2382 etiam
1567 2341 1655 2382 res
1683 2328 2062 2397 aggredimur?
2112 2329 2179 2384 Ut

1272 310 1328 364 S.
1361 303 1636 365 JOANNIS
1671 290 2142 359 CHRYSOSTOMI
2180 290 2496 348 AIICRIEI'.
2537 287 3064 346 UUNSTAN'I'lNOP.

3730 284 3819 339 125'

2230 405 2461 474 exempli
2480 417 2641 458 causa
2672 420 2685 457 :
2718 402 2834 455 vult
2853 400 3045 470 aliquis
3065 412 3185 453 esse
3207 395 3536 475 gubernator
3561 410 3576 444 ι
3608 410 3711 447 non
3735 394 3805 447 tlt-

2231 500 2323 559 cit,
2344 495 2494 558 Volo,
2513 506 2567 550 et
2599 495 2699 549 hoc
2723 497 2771 549 ei
2798 492 3016 556 sufficit,
3043 491 3137 546 sed
3159 492 3319 545 etiam
3347 504 3461 543 rem
3488 487 3802 557 aggreditur.

2236 591 2359 644 Vult
2409 598 2678 644 mercator
2728 601 2849 641 esse
2890 602 2903 638 :
2949 600 3053 639 non
3103 584 3277 639 solum
3322 582 3472 646 dicit,
3518 581 3673 642 Volo,
3722 581 3807 633 sed

2232 697 2345 737 rem
2376 680 2622 749 suscipit.
2653 678 2780 733 Vult
2809 692 3032 748 peregre
3059 676 3325 746 proﬁcisci
3353 692 3367 727 :
3393 688 3499 727 non
3524 672 3677 734 dicit,
3709 670 3809 724 Vo.

2234 772 2305 833 lo,
2339 782 2566 833 tantum,
2597 771 2691 825 sed
2724 770 2885 824 etiam
2915 784 3029 824 rem
3052 768 3382 838 aggreditur.
3413 766 3597 834 Itaque
3620 765 3673 816 in
3702 778 3809 817 om-

2245 859 2399 912 nibus
2424 873 2526 911 non
2551 856 2747 910 sufﬁcit
2774 855 2948 909 solum
2976 854 3133 918 velle,
3161 853 3254 908 sed
3279 852 3476 907 factum
3502 868 3719 922 (pioque
3748 863 3820 906 est

2243 950 2546 1006 addendum
2573 965 2587 1003 :
2623 949 2812 1003 volens
2838 958 3019 1003 autem
3062 949 3114 1000 ln
3142 945 3333 1001 cadum
3360 943 3679 1005 ascendere,
3703 944 3821 997 dicis

2244 1041 2444 1103 solum,
2485 1040 2659 1095 Volo?
2687 1037 2972 1105 Quomodo
3008 1052 3170 1106 ergo,
3204 1035 3373 1102 inquit
3395 1076 3410 1097 ,
3444 1033 3667 1086 dicebas
3697 1035 3821 1102 quod

2246 1130 2443 1185 sufﬁcit
2480 1130 2652 1183 velle?
2686 1129 2833 1183 Velle
2858 1144 2982 1181 cum
3014 1127 3185 1189 factis,
3220 1140 3332 1179 rem
3362 1134 3417 1177 ct
3445 1125 3687 1177 laborem
3721 1139 3826 1177 sus-

2246 1224 2445 1291 cipere.
2476 1221 2745 1275 Habemus
2792 1220 2936 1273 enim
2978 1200 3144 1271 Detun
3187 1216 3539 1284 adjuvantent.
3575 1224 3633 1268 et
3680 1229 3824 1280 apem

2249 1315 2511 1369 ferentem
2545 1330 2558 1365 :
2592 1312 2767 1366 solum
2815 1311 3098 1392 eligamus,
3130 1309 3305 1361 solum
3327 1306 3393 1359 ad
3425 1322 3538 1359 rem
3570 1313 3828 1372 tamquam

2248 1408 2313 1461 ad
2343 1422 2477 1476 opus
2503 1404 2824 1459 accedamus
2846 1443 2862 1469 ,
2896 1409 3101 1455 tantum
3146 1399 3317 1452 simus
3359 1397 3606 1461 solliciti,
3639 1406 3829 1449 tantum

2251 1508 2486 1553 mentem
2516 1497 2887 1556 adhibeamus,
2914 1500 2971 1548 et
2994 1492 3173 1547 omnia
3199 1500 3515 1560 sequuntur.
3547 1490 3644 1544 Sin
3669 1497 3829 1543 autem

2251 1592 2601 1653 dormiamus,
2618 1598 2673 1642 et
2701 1595 2991 1641 stcrtentes
3011 1592 3387 1653 etSpectemus
3402 1583 3598 1636 carlum
3620 1582 3831 1650 ingredi,

2252 1681 2466 1751 quando
2495 1680 2789 1748 poterimus
2815 1676 3166 1730 hereditatem
3184 1673 3437 1727 czelorum
3470 1669 3832 1741 apprehende-

2254 1775 2355 1828 re?
2397 1773 2637 1827 Vclimus
2663 1787 2812 1839 ergo,
2840 1784 2990 1839 rogo,
3021 1768 3263 1821 velimus.
3292 1766 3401 1819 Cur
3425 1765 3491 1818 ad
3520 1764 3663 1817 hanc
3692 1764 3833 1814 vitam

2254 1865 2434 1920 omnia
2468 1877 2772 1917 mercamur
2796 1901 2812 1924 ,
2846 1875 3003 1928 quam
3051 1872 3172 1912 cras
3200 1855 3545 1910 deserimus?
3581 1854 3836 1923 Eligamus

2255 1974 2383 2029 ergo
2408 1957 2680 2019 virtutem,
2709 1969 2827 2023 qua:
2857 1953 3011 2006 nobis
3034 1950 3084 2003 in
3112 1964 3272 2004 omne
3294 1948 3551 2002 sacculum
3585 1947 3835 1999 sufficiet:

2256 2049 2309 2103 in
2338 2063 2443 2118 quo
2476 2055 2736 2116 perpetuo
2760 2046 2982 2104 erimus,
3031 2051 3087 2095 et
3131 2040 3289 2095 bonis
3337 2039 3560 2093 internis
3604 2034 3839 2108 perfrue-

2256 2159 2379 2199 mur
2406 2159 2420 2195 :
2450 2157 2567 2211 (μω
2598 2139 2799 2193 utinam
2831 2149 3019 2191 omnes
3045 2148 3435 2204 assequamur,
3466 2131 3640 2202 gratia
3677 2138 3731 2184 et
3757 2130 3834 2182 he-

2258 2233 2536 2305 nignitatc,
2566 2242 2674 2287 etc.

1930 2535 2275 2598 HOMILIA
2316 2535 2522 2598 XVII.

588 2688 715 2743 CAP.
763 2687 813 2742 9.
854 2703 903 2741 v.
934 2685 1023 2739 ‘24.
1067 2682 1186 2737 Non
1217 2683 1349 2736 enim
1375 2682 1426 2734 in
1458 2682 1747 2750 manufacta
1793 2687 1969 2731 sancta
2013 2677 2173 2733 Jesus

660 2780 874 2841 introiit,
901 2777 1216 2843 exemplaria
1253 2791 1480 2828 verorum
1504 2791 1522 2839 ;
1553 2773 1640 2827 sed
1665 2774 1719 2826 in
1747 2773 1912 2840 ipsum
1951 2775 2131 2825 cwlum
2155 2811 2168 2834 ,

661 2880 714 2925 ut
739 2879 983 2940 appareat
1012 2885 1146 2920 nunc
1175 2867 1333 2920 vultui
1359 2866 1455 2920 Dei
1484 2883 1579 2934 pro
1606 2867 1748 2919 nobis
1777 2864 1903 2919 :25.
1936 2881 2092 2933 neque
2122 2871 2172 2916 ut

660 2978 794 3032 swpe
813 2960 993 3027 offerat
1022 2961 1273 3029 seipsum,
1303 2958 1724 3029 quemadmodum
1755 2958 1987 3028 pontifex
2015 2956 2168 3009 intrat

661 3056 713 3108 in
741 3064 919 3107 sancta
944 3064 1234 3106 sanctorum
1265 3067 1354 3121 per
1396 3049 1623 3120 singulos
1650 3065 1811 3102 annos
1836 3049 1891 3101 in
1929 3048 2177 3117 sanguine

657 3149 827 3203 alieno
857 3166 877 3202 :
898 3146 987 3202 26.
1017 3147 1209 3216 alioqui
1235 3144 1496 3216 oportebat
1524 3160 1635 3197 cum
1666 3145 1953 3221 frequenter
1980 3141 2087 3209 pati
2113 3140 2176 3194 ab

671 3232 866 3299 origine
887 3228 1061 3281 ntundi
1094 3242 1112 3279 :
1141 3241 1276 3277 nunc
1298 3234 1467 3276 autem
1496 3222 1647 3276 semul
1673 3222 1723 3273 in
1752 3219 2187 3273 consunmmtione

671 3322 973 3375 surculorum
1000 3317 1068 3370 ad
1090 3317 1458 3370 destitutionem
1483 3313 1671 3382 peccati
1691 3329 1779 3381 per
1799 3311 2013 3364 hostiam
2039 3326 2186 3364 suam

671 3416 934 3483 apparuit.

675 3505 726 3557 1.
752 3501 919 3556 Valde
947 3500 1046 3555 sibi
1084 3499 1363 3568 placebant
1389 3506 1443 3552 et
1465 3495 1825 3552 efferebantur
1851 3493 2021 3549 Judaei
2060 3508 2183 3562 iro-

603 3606 722 3667 pter
750 3595 1003 3663 templum
1045 3601 1099 3647 et
1144 3589 1542 3646 tabernaculum
1576 3605 1590 3641 :
1630 3597 1686 3642 ct
1729 3588 1849 3642 ideo
1896 3586 2185 3650 dicebant,

603 3688 872 3756 Templum
931 3684 1169 3747 Domini,
1228 3682 1467 3751 templum
1518 3679 1723 3733 Domini
1774 3676 1926 3748 (Jer.
1991 3677 2044 3730 7.
2094 3677 2187 3745 5).

607 3777 880 3846 Nusquam
914 3774 1057 3828 enim
1099 3782 1363 3827 terrarum
1392 3775 1761 3822 constructum
1793 3764 1895 3817 fuit
1923 3760 2185 3832 ejusmodi

612 3867 890 3937 templum,
920 3879 1017 3918 nec
1043 3862 1184 3933 quod
1213 3866 1405 3915 attinet
1445 3860 1511 3910 ad
1548 3868 1817 3923 sumptum
1864 3868 1926 3913 ac
1951 3850 2190 3921 magniﬁ—

609 3959 866 4020 centiam,
899 3968 1001 4009 nec
1043 3955 1184 4023 quod
1215 3951 1279 4004 ad
1308 3946 1779 4019 pulchritudinem,
1815 3958 1913 3998 nec
1938 3941 2080 4013 quod
2122 3940 2189 3995 ad

611 4046 837 4117 quodvis
876 4043 1042 4098 aliud.
1094 4051 1233 4095 Deus
1278 4042 1417 4094 enim
1470 4038 1559 4107 qui
1600 4030 1985 4101 constituerat,
2033 4033 2191 4103 jussit

614 4140 788 4207 ipsum
835 4135 947 4190 ﬁeri
974 4149 1093 4188 cum
1133 4133 1295 4185 multa
1330 4128 1741 4199 magniﬁcentia,
1786 4126 2036 4196 quoniam
2078 4139 2190 4178 ma-

610 4229 694 4297 gis
738 4226 1128 4281 inducebantur
1171 4224 1243 4276 illi
1276 4231 1329 4276 et
1357 4221 1761 4274 attrahebantur
1797 4215 2186 4287 corporalibus.

613 4320 836 4374 Lateres
859 4318 1002 4372 enim
1042 4330 1235 4369 aureos
1285 4313 1514 4367 habebat
1539 4313 1590 4365 in
1639 4310 1961 4380 parietibus,
1988 4321 2041 4365 et
2068 4310 2191 4365 licet

615 4409 811 4465 volenti
846 4408 894 4462 id
940 4407 1147 4461 discere
1197 4407 1249 4459 iu
1276 4403 1514 4459 secundo
1543 4402 1747 4472 Regum
1798 4412 1853 4457 et
1891 4401 2030 4471 apud
2061 4403 2193 4457 Eze-

611 4502 877 4566 cbielcm,
935 4508 990 4554 et.
1042 4508 1173 4567 quot
1218 4497 1331 4550 auri
1393 4495 1589 4549 talenta
1642 4493 2019 4551 tuucfuerint
2064 4507 2193 4546 con-

613 4606 843 4663 sumpta.
890 4590 1133 4647 Secunda
1184 4598 1362 4642 autem
1414 4586 1696 4641 aediﬁcatio
1737 4585 1832 4637 fuit
1862 4583 2189 4652 przeclarior,

524 4713 541 4718 ι
606 4695 663 4739 et
716 4693 935 4755 propter
993 4679 1444 4750 pulchritudinem
1520 4685 1576 4731 et
1630 4684 1848 4745 propter
1907 4674 2011 4728 alia
2080 4687 2195 4726 om-

611 4777 718 4829 nia.
757 4774 869 4830 Nec
897 4783 1181 4843 propterea
1210 4771 1385 4825 solum
1423 4777 1540 4824 erat
1570 4767 1909 4837 magniﬁcum
1938 4775 1995 4820 et
2032 4780 2196 4820 vene-

612 4866 870 4930 randum,
922 4866 1018 4921 sed
1055 4867 1217 4919 etiam
1271 4862 1415 4934 quod
1469 4871 1614 4916 esset
1669 4875 1854 4924 unum,
1900 4868 1956 4915 et
2008 4873 2196 4914 omnes

614 4956 1014 5026 pulchritudine
1049 4955 1343 5010 attraheret
1375 4974 1389 5011 :
1423 4968 1545 5008 nam
1576 4968 1605 5005 a
1628 4952 1823 5006 finibus
1873 4959 2029 5005 terra:
2070 4951 2196 5005 illuc

592 5047 938 5113 veniebant,
971 5046 1085 5099 sive
1113 5060 1143 5098 a
1177 5044 1468 5115 Babylone,
1517 5043 1632 5097 sive
1681 5042 1749 5096 ab
1790 5040 2084 5110 IEtliiopia.
2127 5040 2197 5095 Et

612 5137 718 5193 hoc
747 5136 1057 5205 signiﬁcans
1083 5135 1257 5189 Lucas
1284 5133 1495 5188 dicebat
1521 5135 1571 5186 in
1597 5133 1815 5187 Actibus
1848 5150 1862 5187 :
1910 5132 2069 5186 Erunt
2090 5132 2196 5186 illic

614 5230 893 5282 habitantes
928 5226 1111 5280 Parthi
1138 5235 1183 5279 et
1214 5223 1352 5277 Medi
1398 5234 1444 5277 et
1478 5223 1731 5290 Elamita',
1780 5234 1827 5277 et
1855 5225 1940 5294 qui
1971 5224 2195 5277 habitant

616 5318 1062 5386 Mesopotamiam,
1102 5314 1340 5369 Iudicum
1373 5325 1418 5367 et
1447 5313 1819 5383 Cappadociam
1845 5357 1860 5381 ,
1898 5313 2120 5369 Pontum
2147 5324 2195 5368 et

615 5411 808 5475 Asiam,
843 5408 1119 5479 Phrygiam
1146 5416 1192 5460 et
1221 5405 1602 5475 Pamphyliam,
1642 5402 1928 5475 .IEgyptum
1951 5416 1999 5459 et
2028 5416 2195 5474 partes

616 5500 790 5570 Libya:
813 5514 927 5569 qua?
970 5509 1042 5552 est
1088 5498 1224 5551 circa
1263 5495 1488 5566 Cyrenen
1537 5494 1674 5561 (Act.
1702 5494 1758 5548 2.
1804 5496 1882 5565 5).
1923 5496 2022 5562 Qui
2065 5510 2193 5567 ergo

614 5599 769 5646 erant
798 5590 848 5643 in
884 5599 994 5643 toto
1043 5588 1176 5643 orbe
1205 5597 1385 5650 terrm,
1421 5586 1542 5639 illuc
1564 5597 1942 5652 convenerant,
1975 5597 2029 5642 ct
2053 5596 2191 5641 tcm-

618 5684 688 5751 pli
719 5682 945 5738 multum
971 5690 1087 5737 erat
1112 5695 1324 5738 nomen.
1351 5678 1484 5747 Quid
1513 5693 1640 5748 ergo
1667 5676 1789 5732 facit
1823 5678 2055 5734 Paulus?
2075 5678 2191 5736 Sic-

2281 2685 2339 2729 ut
2412 2675 2463 2728 in
2517 2670 2815 2735 sacriﬁciis,
2856 2668 2926 2722 ita
2981 2666 3069 2721 hic
3129 2679 3341 2734 quoque
3385 2677 3399 2715 :
3446 2662 3588 2716 sicut
3643 2661 3757 2714 illic
3796 2675 3850 2713 ex

2280 2768 2509 2821 adverso
2576 2760 2962 2817 sacriﬁciorum
2994 2759 3176 2828 posuit
3229 2763 3455 2809 mortem
3508 2752 3755 2815 Christi,
3795 2754 3849 2803 ita

2280 2860 2368 2915 hic
2412 2870 2627 2928 quoque
2681 2862 2849 2908 totum
2898 2850 3089 2905 caelum
3140 2863 3203 2902 ex
3252 2846 3484 2901 adverso
3538 2844 3731 2911 templi
3776 2860 3856 2911 po.

2282 2952 2382 3005 nit.
2438 2934 2549 3002 Nec
2613 2944 2752 2998 hanc
2808 2940 2979 2994 solam
3036 2937 3272 2992 ostendit
3319 2935 3721 2998 differentiam,
3774 2934 3851 2986 sed

2280 3043 2439 3097 etiam
2484 3035 2622 3106 quod
2672 3032 2929 3101 adjcccrit
2971 3026 3305 3084 sacerdotem
3347 3026 3541 3079 factum
3593 3039 3724 3077 esse
3763 3024 3855 3077 Deo

2282 3130 2717 3203 propinquiorem
2773 3141 2786 3178 :
2845 3122 2977 3177 dicit
3043 3119 3219 3185 enim,
3281 3116 3349 3173 Ut
3396 3125 3652 3186 appareat
3715 3115 3853 3168 vultui

2281 3224 2397 3279 Dei.
2425 3222 2572 3277 Fecit
2597 3221 2775 3289 itaque
2804 3231 2919 3271 rem
2947 3213 3279 3283 prieclaram,
3308 3224 3413 3264 non
3440 3209 3623 3263 solum
3653 3220 3855 3279 propter

2270 3304 2480 3364 caelum,
2501 3298 2594 3354 sed
2616 3300 2774 3353 etiam
2816 3306 3032 3366 prapter
3057 3294 3352 3348 introitmu.
3384 3291 3499 3346 Non
3521 3294 3703 3346 solum
3727 3295 3849 3347 enim

2275 3392 2362 3447 hic
2414 3406 2507 3461 per
2554 3388 2817 3458 symbola,
2868 3384 2966 3440 sed
3000 3385 3174 3454 ipsum
3229 3384 3395 3437 Deum
3428 3382 3538 3437 illic
3578 3383 3747 3437 videt.

2273 3482 2371 3536 des
2416 3477 2581 3550 quod,
2624 3486 2682 3530 ut
2726 3490 2784 3530 se
2825 3474 3071 3529 demittat
3119 3483 3174 3526 et
3220 3471 3638 3537 accommodet,
3670 3472 3852 3540 ubique

2276 3570 2498 3626 humilia
2553 3568 2695 3622 dicta
2739 3565 2883 3620 sint?
2925 3562 3065 3629 Quid
3111 3578 3247 3616 vero
3299 3561 3411 3631 jam
3463 3561 3688 3615 miraris
3728 3561 3853 3629 quod

2281 3661 2610 3725 intercedat,
2663 3674 2784 3713 cum
2839 3659 3012 3727 ipsum
3060 3665 3256 3711 statuat
3306 3665 3580 3724 tamquam
3654 3656 3851 3724 pontiﬁ-

2277 3752 2433 3809 cem?
2487 3750 2666 3822 Neque
2703 3759 2757 3802 ut
2796 3765 2929 3818 sirpe
2963 3746 3142 3813 offerat
3166 3748 3408 3816 scipsum,
3440 3747 3853 3817 quemadmodum

2279 3844 2509 3915 pontifex
2536 3843 2690 3894 intrat
2715 3840 2765 3892 in
2786 3849 2961 3893 sancta
2988 3855 3077 3907 per
3102 3838 3329 3907 singulos
3352 3854 3512 3890 annos
3543 3838 3599 3890 in
3626 3837 3855 3906 sanguine

2280 3935 2465 3988 alieno.
2499 3930 2620 3984 Non
2669 3930 2801 3984 enim
2830 3930 2881 3982 in
2924 3932 3217 3998 manufacta
3241 3940 3416 3981 sancta
3438 3928 3595 3981 Jesus
3644 3929 3853 3989 introiit,

2281 4025 2590 4097 exemplaria
2623 4039 2871 4077 verorum.
2908 4023 3000 4076 llla
3039 4037 3166 4091 ergo
3213 4029 3347 4075 sunt
3376 4037 3521 4087 vera,
3579 4020 3699 4075 ha-c
3745 4037 3854 4074 vero

2286 4119 2394 4191 typi
2432 4136 2447 4171 :
2482 4116 2736 4185 templum
2765 4114 2907 4168 enim
2940 4115 3009 4166 ita
3038 4123 3154 4167 erat
3178 4122 3573 4178 constructum,
3600 4121 3661 4165 ut
3684 4112 3853 4166 celum

2286 4210 2425 4265 cadi.
2455 4207 2593 4275 Quid
2624 4206 2800 4260 dicis?
2835 4204 2937 4259 nisi
2987 4204 3178 4259 cxclum
3227 4203 3387 4257 fuerit
3425 4205 3724 4272 ingressus,
3766 4217 3852 4255 non

2288 4310 2509 4371 apparet
2550 4298 2641 4368 qui
2688 4297 2840 4350 adest
2885 4295 3081 4364 ubique
3106 4303 3162 4348 et
3213 4294 3399 4363 implet
3443 4295 3669 4347 omnia?
3715 4291 3853 4347 Vides

2289 4391 2431 4463 quod
2466 4390 2581 4444 hzec
2605 4390 2785 4443 omnia
2833 4387 2942 4441 sint
2986 4385 3206 4463 carnis?
3250 4384 3318 4439 Ut
3363 4396 3632 4455 appareat,
3682 4385 3850 4454 inquit,

2291 4460 2449 4536 tiultui
2474 4479 2571 4534 Dei
2607 4496 2699 4551 pro
2740 4478 2901 4531 nobis.
2943 4460 3081 4544 Quid
3116 4486 3217 4541 est,
3251 4474 3357 4529 Pro
3384 4477 3572 4530 nobis?
3599 4477 3852 4537 Ascendit,

2292 4573 2500 4642 inquit,
2532 4586 2650 4624 cum
2701 4567 2965 4624 sacriﬁcio
2992 4567 3133 4637 quod
3165 4576 3340 4636 potest
3382 4567 3596 4636 placare
3641 4568 3851 4621 Patrem.

2290 4663 2401 4719 Cur
2423 4678 2569 4726 vero,
2603 4661 2690 4715 dic
2712 4660 2839 4716 mihi
2857 4660 2880 4713 ἲ
2901 4659 3017 4729 ipse
3043 4667 3160 4714 erat
3186 4659 3434 4713 inimicus
3462 4659 3487 4711 ?
3516 4660 3703 4728 Angcli
3723 4667 3854 4713 erant

2294 4755 2530 4821 inimici,
2588 4757 2701 4824 ipse
2749 4768 2853 4806 non
2904 4760 3020 4805 erat
3066 4750 3313 4805 inimicus
3361 4767 3374 4803 :
3415 4766 3538 4804 nam
3586 4750 3726 4820 quod
3768 4766 3849 4803 an-

2293 4849 2396 4918 geli
2445 4846 2641 4901 fuerint
2690 4844 2913 4912 inimici,
2968 4844 3090 4897 audi
3144 4843 3270 4909 quid
3316 4841 3457 4897 dicat
3512 4860 3524 4897 :
3578 4843 3853 4910 Paciﬁrarit

2294 4955 2406 5009 qua:
2436 4946 2554 4993 sunt
2578 4939 2630 4991 in
2663 4946 2796 4990 terra
2841 4945 2887 4990 et
2920 4950 3034 5003 qua:
3055 4944 3171 4989 sunt
3220 4936 3274 4987 in
3318 4935 3453 4988 cretis
3502 4934 3635 5007 (Col.
3677 4937 3728 4989 ί.
3751 4934 3848 5001 £0).

2296 5034 2462 5088 llecte
2488 5046 2618 5101 ergo
2645 5030 2792 5092 dicit,
2822 5027 2888 5082 1η
2908 5028 3088 5081 caelum
3107 5028 3362 5097 ingressus
3382 5037 3473 5091 est,
3499 5038 3554 5081 ut
3581 5030 3734 5082 vultui
3772 5026 3852 5079 ι)ίὶ

2298 5140 2429 5178 mmc
2457 5130 2703 5192 appareat
2731 5136 2823 5191 pro
2849 5120 3014 5173 nobis.
3046 5117 3198 5173 Nunc
3226 5128 3469 5189 apparet,
3516 5121 3610 5175 sed
3652 5135 3747 5189 pro
3769 5135 3847 5173 uo-

2301 5216 2400 5268 bis.
2436 5212 2613 5283 Neque
2640 5221 2695 5265 ut
2724 5226 2858 5280 stepe
2875 5209 3055 5277 offerat
3080 5210 3424 5280 semetipsum,
3454 5212 3850 5279 quemadmodum

2256 5356 2259 5359 .
2301 5304 2528 5377 pontifex
2554 5304 2710 5357 intrat
2743 5303 2795 5355 in
2820 5311 2996 5355 sancta
3018 5311 3306 5355 sanctorum
3341 5318 3430 5371 per
3463 5303 3683 5373 singulos
3709 5320 3849 5355 atinas

2299 5401 2351 5453 in
2375 5398 2619 5475 sanguine
2646 5396 2833 5451 alieno.
2865 5394 3026 5451 Vides
3053 5410 3212 5466 quam
3243 5396 3422 5448 multa:
3464 5408 3588 5450 sunt
3625 5396 3848 5451 dtﬂ'ereu-

2303 5493 2411 5547 tiue.
2455 5490 2638 5546 Semel
2682 5488 2865 5545 differt
2891 5506 2919 5542 a
2953 5505 3125 5559 smpe;
3156 5488 3298 5559 quod
3342 5489 3395 5544 in
3427 5491 3676 5560 sanguine
3706 5493 3847 5542 intra-

2303 5585 2438 5640 verit
2462 5582 2697 5655 proprio,
2722 5580 2896 5635 dill'crt
2933 5582 3001 5635 ab
3030 5583 3271 5651 ingressu
3301 5581 3351 5635 in
3382 5581 3576 5637 alieno.
3604 5581 3715 5652 Ipse
3738 5595 3847 5647 ergo

2304 5687 2383 5732 cst
2412 5687 2461 5731 et
2489 5672 2835 5738 sacriﬁcium,
2870 5682 2927 5727 ct
2950 5672 3233 5738 sacerdos,
3257 5682 3310 5727 ct
3333 5672 3528 5729 hostia.
3546 5671 3667 5729 Nam
3698 5671 3741 5727 si
3762 5670 3848 5726 hoc
