3988 6582
202 396 294 453 «εγ

205 510 314 566 οὐδὲ
336 509 539 566 τούτων
567 513 676 568 τῶν
699 515 967 587 οὐρανῶν,
996 516 1134 570 ἀλλά
1174 517 1268 572 καὶ
1294 517 1348 570 εί
1391 534 1539 582 τινες
1587 521 1769 590 ’ἑτεροι

171 599 174 601 “
209 591 365 666 ἧςανς
399 592 548 658 Εἶδες
576 595 708 666 ὕψος
752 597 1029 666 διανοίας;
1071 595 1209 664 εἶδες
1240 602 1270 654 6
1308 603 1630 672 σκηνοποιδς
1660 597 1772 665 οἶος

214 679 404 748 ἐγένετο
436 680 624 750 ἐπειδὴ
652 681 942 752 ἠθέλησεν,
971 684 1001 734 6
1047 684 1134 736 ἐπ’
1186 685 1396 754 ἀγορᾶς
1429 685 1518 738 τὸν
1558 685 1773 740 ἅπαντα

219 763 314 832 βίον
349 762 658 831 διαγαγών;
702 767 871 818 Οὐδὲν
908 765 1018 838 γάρ
1055 767 1174 818 ἐστι
1207 766 1455 839 κώλυμα,
1483 769 1584 823 οὐκ
1633 769 1771 833 ἔστι,

220 845 399 907 πάντας
441 845 870 914 ὑπερϐαλέσθαι,
907 849 1040 916 εἴγε
1075 848 1422 918 βουλοίμεθα.
1448 851 1511 904 Εἰ
1536 850 1644 923 γάρ
1681 851 1769 905 τέο

222 945 330 999 χνας
346 927 482 980 οὕτω
503 928 876 1000 κατορθοῦμεν
901 930 1338 1001 ὑπερϐαινούσας
1376 933 1504 996 τοὺς
1523 933 1771 999 πολλοὺς,

223 1011 376 1081 mlh?»
409 1010 606 1080 μᾶλλον
634 1010 664 1064 ὃ
706 1013 782 1081 μὴ
823 1013 1082 1066 τοσούτου
1115 1013 1284 1066 δεῖται
1317 1014 1504 1069 πόνου.
1533 1015 1601 1068 Τί
1641 1016 1771 1086 γάρ,

221 1097 323 1148 εἰπέ
354 1111 458 1164 μοι,
492 1093 876 1164 χαλεπώτερον
926 1094 1022 1148 τοῦ
1061 1095 1150 1149 διὰ
1201 1097 1415 1166 σχοίνου
1471 1099 1773 1169 τεταμένης

222 1177 450 1250 βαδίζειν,
489 1177 746 1248 καθάπερ
779 1177 872 1230 ἐπὶ
923 1178 1196 1242 ἰσοπέδου,
1227 1180 1325 1233 καὶ
1373 1179 1486 1234 ἄνω
1541 1197 1776 1252 περιπα-

220 1261 389 1316 τοῦντα
405 1259 733 1313 ὑποδύεσθαι
768 1261 864 1313 καὶ⁵
891 1260 1225 1314 ἀποδύεσθαι
1260 1261 1514 1332 καθάπερ
1546 1264 1638 1316 ἐπὶ
1659 1263 1777 1316 κλί-

216 1361 302 1414 νης
350 1344 652 1412 καθήμενον
678 1361 693 1408 ;
724 1344 848 1413 οὐχὶ
895 1343 1042 1396 οὕτω
1071 1344 1301 1415 φρικτὸν
1346 1345 1478 1416 ἡμῖν
1530 1340 1669 1400 εἰναι
1712 1344 1776 1399 τὸ

216 1429 425 1497 πρᾶγμα
447 1426 614 1489 δοκεῖ,
639 1426 717 1488 ώς
744 1427 882 1496 μηδὲ
903 1426 1080 1480 θέλειν
1107 1426 1428 1491 θεάσασθαι,
1454 1427 1592 1480 ἀλλά
1615 1427 1776 1481 δεδοι-

215 1511 371 1574 κέναι,
405 1509 497 1561 καὶ
521 1508 769 1579 τρέμειν,
791 1510 886 1562 καὶ
917 1511 1057 1580 πρδς
1089 1510 1188 1580 τὴν
1217 1509 1340 1580 ὄψιν
1370 1511 1580 1581 αύτήν;
1608 1510 1673 1563 Τί
1694 1511 1773 1578 δὲ,

215 1596 322 1646 εἰπέ
336 1609 439 1662 μοι,
453 1592 834 1663 χαλεπώτερον
850 1591 944 1646 τοῦ
961 1592 1148 1645 κοντὸν
1165 1594 1254 1644 ἐπὶ
1269 1591 1364 1644 τοῦ
1384 1591 1675 1663 προσώπου
1688 1592 1778 1645 λα-

215 1677 335 1741 δεῖν,
353 1671 464 1730 εἶτα
484 1675 744 1730 ἐπιθέντα
755 1677 868 1730 ἀνω
887 1675 1095 1729 παιδίον
1111 1677 1283 1747 μυρία
1299 1679 1495 1739 ποιεῖν,
1514 1674 1666 1748 [165]
1681 1676 1776 1729 καὶ

216 1762 416 1830 τέρπειν
444 1761 567 1823 τοὺς
589 1760 818 1822 θεατάςς
844 1759 896 1812 τί
924 1759 981 1812 δέ
1002 1759 1380 1829 χαλεπώτερον
1420 1759 1515 1812 τοῦ
1557 1760 1775 1830 σφαιρί-

215 1847 316 1908 ζειν
338 1846 392 1897 ἐν
413 1843 622 1912 ξίφεσις
648 1843 701 1896 τί
737 1843 792 1896 δὲ
823 1843 1144 1914 βαρύτερον.
1169 1844 1292 1896 εἰπέ
1321 1861 1432 1912 μοι,
1473 1843 1567 1896 τοῦ
1589 1845 1650 1896 τὸ
1677 1843 1774 1913 βά-

215 1930 297 1992 θος
313 1928 400 1981 τοῦ
429 1928 697 1996 πελάγους
744 1927 1127 1997 διερευνᾶσθαι
1157 1970 1171 1990 ,
1203 1928 1312 1980 Καὶ
1349 1927 1550 1998 μυρίας
1581 1928 1773 1998 ἐτέρας

215 2013 273 2063 ἄν
306 2028 384 2072 τις
417 2010 528 2082 ἔχοι
563 2011 760 2080 τέχνας
783 2011 957 2062 εἰπεῖν
981 2026 996 2039 ’
1027 2010 1165 2062 ἀλλά
1189 2010 1405 2064 πάντων
1439 2009 1642 2064 τούτων
1683 2011 1776 2062 εύ-

217 2094 468 2164 κολωτέρα
495 2097 530 2164 ἠ
585 2093 775 2166 ἀρετὴ,
809 2093 904 2145 ἐὰν
943 2092 1208 2161 θέλωμεν,
1237 2091 1418 2145 καὶτὸ
1439 2094 1520 2154 εἰς
1559 2093 1650 2145 τὸν
1688 2093 1777 2146 ού-

216 2178 362 2247 ρανδν
385 2177 648 2249 ἀναϐῆναι
681 2194 694 2208 ο
725 2175 955 2244 θελῆσαι
979 2175 1090 2245 γὰρ
1117 2175 1197 2228 δεῖ
1217 2175 1376 2244 μόνον
1396 2174 1651 2240 ἐνταῦθα,
1685 2177 1780 2230 καὶ

215 2261 376 2312 πάντα
423 2260 636 2314 ἕπεται.
715 2259 829 2311 Οὐκ
867 2257 982 2310 ἔστι
1030 2257 1140 2328 γὰρ
1172 2259 1368 2323 εἰπεῖν,
1410 2258 1470 2310 ού
1494 2259 1768 2328 δύναμαι·

211 2342 354 2395 τοῦτο
379 2342 482 2413 γάρ
505 2340 882 2414 κατηγορῆσαί
912 2343 1028 2394 ἐστι
1048 2338 1144 2394 τοῦ
1170 2341 1514 2412 Δημιουργοῦ
1535 2358 1549 2372 ·
1584 2343 1633 2394 εἰ
1663 2342 1772 2414 γάρ

212 2424 480 2488 ἀδυνάτους
504 2426 655 2496 ἡμᾶς
679 2425 952 2494 ἐποίησεν,
986 2420 1104 2478 εἶτα
1135 2424 1430 2490 ἐπιτάττει,
1469 2425 1772 2496 κατηγορία

212 2507 362 2560 αὑτοῦ
413 2509 551 2561 ἐστι.
615 2507 740 2570 Πῶς
765 2502 879 2570 οὖν,
933 2508 1087 2575 φησὶ,
1139 2506 1324 2560 πολλοὶ
1373 2507 1434 2559 ού
1483 2506 1770 2574 δύνανταις

216 2592 324 2642 ὀτι
363 2590 421 2643 οὗ
457 2590 694 2644 θέλουσι.
757 2589 929 2642 Πόθεν
974 2589 1032 2641 δὲ
1067 2590 1128 2642 ού
1187 2589 1468 2656 θέλουσινς
1515 2589 1648 2643 Ἀπὸ
1675 2591 1774 2661 ρᾳ-

215 2672 394 2741 θυμίας
421 2691 437 2706 ο
462 2672 606 2725 ὥστε
638 2673 687 2725 εἰ
716 2672 1024 2741 θελήσουσι,
1058 2672 1280 2734 πάντως
1304 2671 1644 2742 δυνήσονται.
1679 2673 1777 2725 Διά

214 2753 354 2808 τοῦτο
380 2756 472 2808 καὶ
495 2755 524 2806 6
544 2754 756 2817 Παῦλός
789 2769 921 2823 φησι
943 2769 959 2783 ⁸
993 2752 1156 2807 Θέλω
1172 2752 1402 2817 πάντας
1426 2752 1777 2821 ἀνθρώπους

210 2838 342 2889 εἶναι
365 2839 442 2904 ὼς
468 2839 566 2891 καὶ
589 2837 874 2906 ἐμαυτὸν,
916 2833 1108 2905 ἐπειδὴ
1155 2835 1271 2904 ⁴εῖδει
1308 2836 1390 2888 ὅτι
1423 2835 1621 2899 πάντες
1647 2835 1776 2906 ἡδύ-

1050 397 1120 453 ΙΝ
1151 398 1367 455 EPIST.
1403 400 1495 453 AD
1525 399 1870 456 HEBRIEOS
1902 399 2052 455 CAP.
2095 401 2186 456 IX.
2211 401 2442 458 HOMIL.
2471 400 2634 459 XVII.

3353 407 3454 466 1⁷28

1872 536 2029 572 ναντο
2060 514 2198 572 εἶναι
2249 519 2327 584 ώς
2351 530 2447 574 καὶ
2493 523 2654 586 αὐτός
2681 541 2694 554 ο
2727 523 2848 578 ούδέ
2875 523 2984 596 γάρ
3018 525 3107 590 ἂν,
3153 525 3209 580 εῖ
3228 543 3291 597 γε
3321 528 3451 582 ἀδύ-

1872 617 2028 653 νατον
2053 597 2142 670 ἦν,
2166 600 2324 655 τοῦτο
2349 598 2490 658 εἷπε.
2540 605 2730 670 Θέλεις
2757 609 3009 676 γενέσθαι
3035 609 3321 680 ἐνάρετοςς
3355 614 3451 682 τῆς

1872 682 2045 751 ἀρχῆς
2069 683 2330 737 ἐπιλαϐοῦ
2359 685 2540 755 μόνον.
2590 689 2724 742 Εἱπέ
2749 690 2813 761 δή
2850 708 2959 760 μοι,
2991 693 3050 744 ἐν
3089 694 3208 754 ταῖς
3237 694 3453 762 τέχναις

1872 765 2132 830 ἀπάσαις,
2159 767 2286 820 ὅταν
2326 768 2574 839 θέλωμεν
2613 771 2670 824 ἐν
2701 773 2891 836 αὐταῖς
2929 773 3204 841 γενέσθαι,
3247 774 3450 844 ἀρκού-

1876 849 2014 928 μεθα
2055 849 2136 920 τῷ
2161 849 2355 915 θέλειν,
2388 852 2420 922 ἢ
2452 853 2545 905 καὶ
2593 855 2878 924 ἁπτόμεθα
2915 856 3024 909 τῶν
3071 859 3451 928 πραγμάτωνς

1873 926 1998 984 Οἷόν
2049 949 2102 985 τι
2127 932 2298 1001 λέγωο
2345 935 2606 987 Βούλεταί
2634 953 2717 998 τις
2763 937 3017 1003 γενέσθαι
3070 926 3448 1011 κυὸερνήτης’

1873 1013 1932 1065 ού
1986 1014 2155 1082 λέγει,
2194 1015 2364 1081 Θέλω,
2414 1017 2508 1070 καὶ
2537 1017 2710 1088 τούτῳ
2764 1020 3037 1090 ἀρκεῖται,
3086 1022 3332 1074 ἀλλὰκαὶ
3356 1021 3451 1074 τοῦ

1875 1096 2199 1164 πράγματος
2237 1098 2492 1153 ἅπτεται.
2557 1099 2713 1153 Θέλει
2762 1101 3015 1168 γενέσθαι
3073 1103 3344 1172 ἔμποροςο
3388 1105 3450 1156 ού

1873 1177 2040 1245 λέγει,
2059 1179 2228 1244 Θέλω,
2258 1179 2437 1249 μόνον,
2461 1180 2600 1233 ἀλλά
2620 1185 2714 1235 καὶ
2735 1181 2830 1235 τοῦ
2850 1183 3174 1254 πράγματος
3200 1186 3449 1238 ἅπτεται.

1887 1261 2260 1334 ’Λποδημῆσαι
2289 1262 2451 1318 πάλιν
2494 1264 2659 1330 θέλει,
2713 1267 2806 1319 καὶ
2834 1267 2895 1319 οὐ
2937 1267 3108 1336 λέγει,
3135 1267 3294 1333 θέλω,
3319 1268 3454 1322 ἀλλά

1875 1344 2090 1398 καὶτοῦ
2128 1345 2452 1416 πράγματος
2495 1346 2749 1401 ἀπτεται.
2828 1345 2963 1402 Εἶτα
3011 1354 3070 1403 ἐν
3126 1351 3292 1404 πᾶσιν
3353 1351 3455 1403 οὐκ

1874 1430 2037 1498 ἀρκεῖ
2084 1429 2145 1481 τὸ
2179 1429 2403 1500 θελῆσαι
2427 1430 2606 1500 μόνον,
2644 1431 2780 1486 ἀλλά
2804 1433 2982 1486 καὶτὸ
3010 1433 3168 1505 ἔργον
3199 1435 3455 1504 προσθεῖο

1875 1527 1962 1562 ναι
2022 1509 2103 1563 δεῖ
2133 1527 2145 1539 °
2196 1511 2277 1574 εἰς
2322 1510 2379 1564 δὲ
2430 1512 2521 1565 τὸν
2544 1515 2772 1585 οὐρανὸν
2830 1515 3148 1587 βουλόμενος
3187 1515 3452 1574 ἀνελθεῖν.

1875 1593 2074 1661 λέγεις,
2117 1593 2288 1660 Θέλω,
2325 1595 2507 1664 μόνον;
2539 1596 2663 1660 Πῶς
2691 1593 2806 1664 οῦν,
2838 1599 3024 1670 φησιν,
3049 1600 3253 1666 ἔλεγες,
3283 1601 3366 1654 ὃτι
3393 1599 3456 1654 τὸ

1877 1676 2050 1730 θέλειν
2077 1679 2262 1745 ἀρκεῖ;
2303 1678 2378 1730 Τὸ
2402 1678 2577 1732 θέλειν
2595 1681 2732 1749 μετὰ
2749 1681 2860 1734 τῶν
2884 1682 3079 1752 ἔργων,
3108 1683 3168 1734 τὸ
3193 1682 3454 1751 ἀντιλαμ-

1877 1757 2172 1829 ϐανόμενον
2195 1756 2292 1811 τοῦ
2337 1760 2679 1831 πράγματος,
2730 1764 2790 1818 τὸ
2837 1765 3162 1819 πονέσαντα.
3219 1765 3456 1836 Ἐχομεν

1873 1843 1981 1912 γάρ
2015 1840 2376 1912 συνεργοῦντα
2397 1845 2491 1897 καὶ
2523 1846 2945 1916 συμπράττοντα
2967 1847 3058 1900 τὸν
3096 1847 3228 1900 Θεόν
3249 1865 3263 1879 ·
3295 1849 3456 1917 μόνον

1873 1925 2146 1994 ἐλώμεθα,
2180 1929 2337 1998 μόνον
2385 1928 2460 1991 ώς
2484 1928 2632 1999 ἔργῳ
2661 1930 3107 2000 προσενεχθῶμεν
3148 1929 3228 2000 τῷ
3279 1930 3457 2002 πράγ-

1877 2026 2030 2079 ματι,
2079 2009 2237 2077 μόνον
2281 2012 2731 2082 μεριμνήσωμεν,
2793 2013 2974 2082 μόνον,
3017 2013 3097 2075 εἰς
3123 2013 3246 2064 νοῦν
3281 2011 3455 2083 βαλώ-

1877 2091 2040 2162 μεθα,
2093 2094 2186 2145 καὶ
2238 2094 2411 2146 πάντα
2438 2093 2650 2148 ἔπεται.
2713 2095 2838 2149 Ἐάν
2876 2094 2930 2147 δέ
2957 2095 3327 2165 καθεύδωμεν,
3366 2095 3457 2148 καὶ

1879 2174 2163 2244 ρέγχοντες
2222 2175 2612 2246 προσδοκῶμεν
2661 2177 2886 2229 εἰσιέναι
2938 2179 3015 2238 εἰς
3064 2177 3154 2229 τὸν
3205 2177 3453 2248 οὐρανὸν,

1877 2258 2009 2310 πότε
2069 2258 2408 2328 δυνησόμεθα
2470 2259 2570 2330 τὴν
2621 2259 2984 2330 κληρονομίαν
3055 2261 3163 2313 τῶν
3213 2261 3458 2330 οὐρανῶν

1877 2343 2207 2413 κατασχεῖνς
2277 2341 2640 2413 Βουληθῶμεν
2693 2340 2821 2410 οῦν,
2882 2345 3221 2417 παρακαλῶ,
3272 2343 3460 2414 βουληο

1879 2425 2080 2495 θῶμεν.
2153 2426 2224 2479 Τί
2273 2426 2451 2479 πάντα
2500 2426 2636 2498 πρὸς
2681 2427 2774 2480 τὸν
2838 2428 3078 2499 παρόντα
3130 2427 3243 2497 βίον
3287 2429 3457 2497 ἐμποο

1883 2508 2174 2578 ρευόμεθα,
2221 2509 2279 2561 ὃν
2335 2507 2524 2580 αὔριον
2555 2509 2956 2580 ἀπολείψομεν;
3028 2509 3306 2580 Ἐλώμεθα
3348 2509 3460 2562 τοί-

1883 2607 1977 2644 νυν
2002 2591 2101 2661 τὴν
2125 2589 2325 2663 ἀρετὴν
2364 2593 2462 2661 τὴν
2517 2593 2598 2654 εἰς
2643 2593 2736 2645 τὸν
2791 2593 2966 2646 πάντα
3000 2595 3173 2646 αἰῶνα
3211 2595 3342 2664 ἡμῖν
3376 2592 3457 2644 δι-

1881 2673 2248 2744 αρκέσουσαν·
2272 2677 2330 2727 ἐν
2422 2674 2660 2746 ἐσόμεθα
2684 2675 2966 2746 διηνεκῶς,
2983 2678 3076 2731 καὶ
3097 2677 3201 2732 τῶν
3227 2675 3458 2729 αἰωνίων

1881 2755 2102 2823 ἀγαθῶν
2156 2757 2538 2828 ἀπολαύσομεν
2572 2775 2588 2792 ο
2639 2752 2715 2812 ὧν
2786 2760 2998 2826 γένοιτο
3054 2761 3264 2823 πάντας
3311 2759 3457 2831 ἡμᾶς

1881 2839 2178 2910 ἐπιτυχεῖν,
2209 2841 2389 2912 χάριτι
2411 2841 2505 2894 καὶ
2526 2841 2924 2913 φιλανθρωπίᾳ,
2953 2844 3047 2896 καὶ
3077 2844 3146 2896 τά
3166 2843 3315 2913 ἑξῆς.

1521 3086 1674 3161 [ιω]
1713 3089 1959 3142 ΟΜΙΛΙΑ
2009 3089 2104 3145 IZ'.

210 3181 282 3232 οὐ
340 3175 444 3258 γὰρ
492 3181 612 3258 είς.
634 3181 1018 3258 χειροποίητα
1046 3181 1240 3258 Δᾶγξια-
1270 3181 1610 3258 εἰσῆλθε-νο
1641 3185 1771 3258 Χρι-

266 3251 427 3314 στὸς,
473 3250 777 3303 ἀντίτυπα
820 3250 938 3302 τῶν
983 3250 1307 3318 ἀληθινῶν,
1353 3250 1492 3307 ἀλλ’
1540 3254 1628 3317 εὶς
1667 3250 1772 3304 αὺ-

265 3320 367 3390 τὸν
389 3319 497 3372 τὸν
520 3319 792 3390 οὐρανρν
809 3357 826 3380 ,
857 3318 974 3390 νῦν
1006 3320 1447 3390 ἐμφανισθῆναι
1467 3321 1567 3386 ’τῷ
1592 3337 1776 3388 προσ-

266 3389 400 3453 ώπῳ
439 3388 547 3472 τοῦ
604 3389 933 3472 Θεοῦ-ὑπὲρ
954 3388 1163 3472 ἠμῶνς
1193 3388 1452 3472 οὐδ”ἵνα
1474 3391 1774 3472 πολλάκις

263 3459 571 3526 προσφέρῃ
599 3458 841 3522 ἑαυτὸν,
874 3458 1077 3527 ὥσπερ
1113 3463 1147 3513 ό
1173 3461 1483 3528 ἀρχιερεὺς
1515 3462 1775 3527 εἰσέρχε-

267 3547 360 3582 ται
385 3529 472 3583 εἰς
520 3528 592 3580 τὰ
631 3527 797 3583 Ἅγια
842 3527 960 3582 τῶν
993 3529 1179 3583 ἀποίων
1215 3529 1343 3583 κατ’
1385 3530 1666 3583 ἐνιαυτὸν
1706 3529 1776 3582 ἐν

267 3547 360 3582 ται
385 3529 472 3592 εἰς
520 3529 592 3580 τὰ
631 3529 797 3596 Ἅγια
842 3529 960 3582 τῶν
993 3529 1179 3599 ἀποίων
1215 3529 1343 3583 κατ’
1385 3530 1666 3584 ἐνιαυτὸν
1706 3529 1776 3582 ἐν

262 3599 457 3665 αἵματι
495 3597 798 3666 ἀλλοτρίῳ
835 3615 848 3629 ο
894 3599 1024 3652 ἐπεὶ
1067 3598 1189 3652 ἔδει
1242 3599 1432 3653 αὑτὸν
1476 3597 1776 3664 πολλάκις

263 3667 470 3748 παθεῖν
520 3667 668 3748 ἀπὸ.
686 3667 1027 3748 καταϐολῆς
1052 3670 1353 3748 κόσμουςᾼ
1365 3669 1503 3748 νυνὶ
1523 3669 1590 3721 δὲ
1614 3667 1775 3748 ᾷπαξ

262 3737 359 3815 ἐπὶ
382 3737 852 3815 συντελείᾳΑτῶν
888 3737 1121 3815 αἰώνων
1151 3739 1238 3802 εἰς
1279 3737 1568 3815 ἀθέτησιν
1593 3739 1776 3808 ἀμαρ-

266 3807 394 3871 τίας
419 3807 521 3862 διὰ
559 3806 670 3874 τῆς
693 3807 914 3872 θυσίας
933 3806 1124 3863 αὑτοῦ
1157 3809 1586 3877 πεφανέρωται.

263 3934 334 3985 α’.
357 3933 517 4000 Μέγα
542 3931 807 4002 ἐφρόνουν
841 3933 892 3985 οί
935 3931 1176 3986 Ἰουδαῖοι
1201 3934 1295 3987 ἐπὶ
1320 3932 1400 4003 τῷ
1434 3933 1548 4004 ναῷ
1582 3933 1677 3987 καὶ
1708 3935 1773 4004 τῇ

200 4019 365 4086 σκηνῇ
397 4031 412 4044 ο
468 4014 554 4068 διὸ
603 4013 787 4081 ἔλεγον
814 4030 829 4044 ⁸
887 4013 1050 4082 Ναύς
1078 4015 1321 4082 Κυρίου,
1349 4017 1494 4081 ναὸς
1530 4016 1771 4082 Κυρίου.

199 4098 330 4150 ὥτε
359 4100 465 4170 γάρ
495 4096 732 4167 ἀλλαχοῦ
766 4096 872 4167 γῆς
912 4097 1332 4168 κατεσκευάσθη
1362 4097 1599 4160 τοιοῦτος
1629 4097 1774 4162 ναὸς,

198 4182 251 4231 οὖ
280 4180 620 4244 πολυτελείας
645 4179 855 4245 ἔνεκεν,
881 4179 942 4232 ού
985 4179 1239 4247 κάλλους,
1274 4181 1374 4250 οὐχ
1402 4179 1591 4249 ἐτέρου
1613 4179 1772 4242 τινός.

207 4264 264 4315 Ὀ
324 4264 429 4334 γάρ
477 4263 875 4331 διαταξάμενος
919 4261 1051 4323 Θεὸς
1103 4263 1389 4316 ἐκέλευσεν
1431 4262 1593 4316 αὑτὸν
1640 4262 1778 4332 μετά

199 4347 504 4416 φιλοτιμίας
552 4346 805 4413 γενέσθαι
855 4343 1078 4414 πολλῆς,
1125 4344 1315 4415 ἐπειδὴ
1369 4345 1610 4398 κάκεῖνοι
1665 4347 1778 4408 τοῖς

199 4431 524 4498 σωματικοῖς
552 4429 754 4498 μᾶλλον
787 4428 1098 4495 ἐφείλκοντο
1129 4430 1222 4482 καὶ
1251 4427 1589 4483 ἐπεσπῶντο.
1619 4427 1779 4480 Πλίν-

198 4515 321 4576 θους
372 4514 478 4581 γάρ
507 4508 620 4580 εἶχε
672 4513 880 4582 χρυσᾶς
919 4514 978 4565 ἐν
1035 4514 1148 4575 τοῖς
1194 4510 1397 4581 τοίχοις
1429 4527 1443 4541 °
1477 4511 1572 4564 καὶ
1604 4511 1778 4576 ἔξεστι

199 4597 272 4664 τῷ
307 4596 620 4666 βουλομένῳ
651 4597 712 4648 ἐν
763 4597 830 4665 τῇ
859 4595 1089 4665 δευτέρᾳ
1115 4595 1226 4647 τῶν
1253 4595 1549 4648 Βασιλειῶν
1601 4595 1694 4648 καὶ
1721 4599 1779 4649 ἐν

201 4679 274 4748 τῷ
316 4678 572 4748 Ἰεζεκιὴλ
623 4677 785 4730 τοῦτο
851 4677 1223 4744 καταμαθεῖν,
1289 4677 1382 4729 καὶ
1432 4677 1534 4730 ὅσα
1574 4678 1777 4747 χρυσοῦ

198 4764 425 4815 τάλαντα
467 4760 721 4832 ἀνηλώθη
767 4762 910 4815 τότε.
978 4763 1040 4813 Ἡ
1067 4761 1125 4813 δὲ
1154 4761 1381 4832 δευτέρα
1420 4759 1778 4830 λαμπροτέρα

201 4849 410 4916 γέγονεν
428 4846 736 4918 οἰκοδομία,
759 4845 855 4898 καὶ
881 4844 1112 4907 κάλλους
1131 4844 1319 4897 ’ἐνεκεν
1358 4844 1578 4897 καὶτῶν
1601 4843 1777 4900 ἀλλων

201 4932 464 4984 ἁπάντων.
526 4931 636 4983 Καὶ
658 4931 721 4983 ού
748 4929 929 4998 τούτῳ
979 4928 1139 4999 μόνον
1167 4927 1362 4999 σεμνὸς
1399 4922 1490 4999 ἦν,
1521 4928 1655 4982 ἀλλά
1683 4929 1776 4982 καὶ

202 5014 274 5084 τῷ
293 5010 422 5066 εἶναι
452 5009 555 5077 εἷς,
603 5013 700 5066 καὶ⁸
729 5012 808 5082 τῷ
838 5013 1046 5073 πάντας
1085 5012 1161 5081 τῷ
1194 5011 1380 5064 κάλλει
1419 5011 1740 5080 ἐφέλκεσθαι
1759 5027 1773 5040 ⁸

205 5097 304 5147 ἀπὸ
327 5096 431 5166 γάρ
453 5095 563 5148 τῶν
594 5095 849 5166 περάτων
882 5095 980 5164 τῆς
1006 5094 1108 5163 γῆς
1128 5095 1245 5146 ἐκεῖ
1274 5095 1522 5164 ἦρχοντο,
1545 5095 1652 5147 εἴτε
1670 5093 1778 5148 ἀπὸ

206 5177 525 5240 Βαϐυλῶνος,
584 5177 696 5230 εἴτε
736 5176 846 5230 ἀπὸ
894 5175 1200 5238 Αἰθιοπίας.
1263 5177 1373 5230 Καὶ
1420 5176 1578 5230 τοῦτο
1602 5176 1776 5246 δηλῶν

206 5262 450 5324 ἁΛουκᾶς
478 5263 535 5313 ὲν
567 5263 690 5323 ταῖς
734 5259 1002 5330 Πράξεσιν
1043 5259 1263 5326 ἔλεγεν·
1315 5255 1510 5314 Ἦσαν
1544 5259 1612 5311 δὲ
1655 5259 1782 5311 ἐκεῖ

209 5345 608 5410 ιατοικοῦντες
638 5343 858 5410 Πάρθοι
912 5343 1011 5396 καὶ
1063 5341 1259 5409 Μῆδοι
1287 5342 1384 5397 καὶ
1446 5343 1770 5411 Ἐλαμῑται,

209 5427 289 5476 κ.ιί
325 5431 374 5479 οἱ
417 5427 840 5490 κατοικοῦντες
896 5425 1012 5491 τὴν
1081 5426 1566 5493 Μεσοποταμίαν,
1626 5426 1772 5478 ἰου-

209 5509 362 5562 εαίαν
408 5529 470 5564 τε
516 5511 616 5565 καὶ
666 5507 1121 5568 Καππαδοκίαν,
1163 5506 1396 5560 Πόντον
1435 5523 1500 5559 τε
1536 5506 1634 5561 καὶ
1662 5506 1775 5573 τὴν

221 5593 412 5657 Ἀσίαν,
461 5594 731 5663 Φρυγίαν
785 5609 850 5644 τε
900 5591 1000 5644 καὶ
1040 5591 1422 5658 Παμφυλίαν,
1465 5591 1772 5658 Αιγυπτον

211 5679 286 5730 καὶ
329 5678 396 5730 τὰ
430 5678 583 5746 μέρη
638 5675 749 5743 τῆς
776 5677 1000 5741 Λιϐύης
1047 5671 1154 5742 τῆς
1181 5673 1332 5726 κατὰ
1373 5673 1674 5742 Κυρήνην.
1703 5670 1765 5726 Οί

209 5758 282 5812 οὖν
310 5759 579 5829 πανταχοῦ
617 5759 719 5828 τῆς
768 5757 1090 5827 οἰκουμένης
1128 5755 1301 5818 ὄντες,
1333 5757 1448 5808 ἐκεῖ
1485 5756 1767 5825 συνῄεσαν,

211 5851 284 5896 καὶ
319 5845 442 5898 πολὺ
507 5843 783 5917 τοῦνομα
823 5839 917 5896 τοῦ
959 5839 1087 5899 ναοῦ
1118 5833 1204 5908 ἦν.
1266 5839 1330 5891 Τί
1370 5834 1463 5894 οῦν
1493 5841 1520 5892 6
1561 5837 1769 5901 Παῦλος

1875 3185 2059 3245 ποιεῖς
2125 3184 2335 3250 ’Ὠσπερ
2393 3185 2486 3238 ἐπὶ
2527 3185 2635 3239 τῶν
2664 3185 2887 3252 θυσιῶν,
2932 3188 3074 3242 οὕτω
3103 3191 3195 3244 καὶ
3226 3193 3458 3250 ἐνταῦθα

1876 3268 2050 3319 ποιεῖ·
2071 3268 2142 3329 ὡς
2189 3266 2297 3338 γὰρ
2337 3269 2456 3320 ἐκεῖ
2489 3267 2579 3320 τὸν
2611 3267 2837 3322 θάνατον
2882 3271 3178 3343 ἀντέστησε
3203 3274 3295 3327 τοῦ
3322 3277 3458 3348 Χρι-

1879 3349 2024 3414 στοῦ,
2069 3350 2210 3403 οὕτω
2236 3350 2331 3403 καὶ
2375 3349 2607 3403 ἐνταῦθα
2633 3350 2724 3404 τὸν
2752 3353 2979 3422 οὐρανὸν
3007 3354 3126 3407 ὅλον
3177 3356 3458 3428 ἀνθίστησι

1875 3431 1953 3501 τῷ
1995 3432 2128 3503 ναῷ.
2193 3432 2267 3486 Οὐ
2309 3432 2482 3502 τούτῳ
2534 3432 2590 3486 δὲ
2643 3434 2801 3503 μόνον
2833 3434 2894 3487 τὸ
2934 3435 3188 3507 διάφορον
3235 3439 3456 3506 ἔδειξεν,

1876 3513 2012 3568 ἀλλά
2054 3516 2147 3567 καὶ
2196 3513 2273 3584 τῷ
2325 3514 2639 3584 προσθεῖναι
2668 3516 2757 3568 τὸν
2789 3516 2940 3588 ἱερέα
2977 3518 3271 3591 ἐγγύτερον
3302 3524 3456 3589 γενό-

1879 3615 2039 3668 μενον
2059 3597 2153 3650 τοῦ
2189 3595 2324 3650 Θεοῦ
2347 3615 2360 3627 ·
2381 3596 2845 3666 Ἑμφανισθῆναι
2866 3598 3156 3670 γάρ,φησί,
3176 3602 3252 3668 τῷ
3272 3620 3457 3673 προσ-

1874 3681 2014 3743 ώπῳ
2059 3679 2164 3734 τοῦ
2219 3679 2385 3734 Θεοῦ.
2442 3681 2603 3734 Ὥστε
2638 3683 2699 3735 ού
2733 3683 2810 3753 τῷ
2851 3684 3066 3754 ούρανῷ
3108 3687 3288 3757 μόνον,
3322 3688 3458 3744 ἀλλά

1876 3764 1970 3816 καὶ
2000 3765 2066 3832 τῇ
2107 3762 2296 3831 εἰσόδῳ
2349 3761 2496 3834 [165]
2551 3763 2612 3816 τὸ
2657 3766 2890 3836 πρᾶγμα
2931 3768 3127 3838 σεμνὸν
3179 3770 3450 3841 ἐποίησεν.

1877 3846 1952 3897 Οὐ
1976 3845 2084 3916 γὰρ
2111 3845 2318 3908 ἁπλῶς,
2348 3845 2536 3917 ὥσπερ
2564 3846 2821 3912 ἐνταῦθα,
2857 3849 2944 3902 διά
2993 3851 3300 3919 συμϐόλων,
3336 3852 3454 3906 ἀλλ’

1876 3927 2039 3980 αύτδν
2066 3929 2168 3999 ὁρᾷ
2197 3927 2286 3980 τὸν
2313 3927 2444 3981 Θεὸν
2463 3931 2599 3982 ἐκεῖ.
2672 3930 2832 4002 Ὁρᾷς
2867 3931 2950 3984 ὃτι
2993 3934 3455 4001 συγκαταὸάσεως

1877 4011 2064 4063 ἔνεκεν
2126 4009 2402 4080 πανταχοῦ
2452 4012 2520 4063 τά
2561 4013 2795 4066 ταπεινά
2825 4015 3071 4084 είρηται;
3127 4016 3192 4067 Τί
3239 4015 3303 4088 δὴ
3324 4017 3454 4072 θαυ-

1881 4093 2073 4164 μάζεις
2130 4093 2315 4146 λοιπὸν
2361 4094 2408 4145 εἰ
2448 4095 2796 4164 ἐντυγχάνει,
2827 4097 2961 4151 ὅπου
3005 4115 3067 4165 γε
3111 4099 3273 4152 αὑτὸν
3300 4099 3454 4170 ἵστη-

1881 4192 1965 4228 σιν
2005 4175 2078 4238 ώς
2123 4176 2412 4246 ἀρχιερέα;
2468 4176 2604 4228 Οὐδ’
2652 4178 2751 4230 ἵνα
2802 4179 3098 4248 πολλάκις
3144 4182 3453 4252 προσφέρῃ

1880 4259 2116 4324 ἑαυτὸν,
2168 4262 2354 4328 φησὶν,
2392 4257 2592 4328 ὥσπερ
2638 4263 2671 4313 o'
2721 4261 3065 4330 ἀρχιερεὺς.
3124 4263 3453 4332 εἰσέρχεται

1879 4345 1966 4408 εἰς
2003 4343 2076 4396 τὰ
2131 4343 2270 4410 ἅγια
2303 4343 2430 4396 κατ’
2464 4343 2744 4396 ἐνιαυτὸν
2773 4345 2844 4396 ἐν
2883 4347 3083 4414 αἵματι
3132 4346 3447 4415 ἀλλοτρίῳ.

1884 4429 1967 4479 Οὐ
2006 4425 2115 4496 γὰρ
2171 4427 2260 4491 εις
2308 4428 2688 4494 χειροποίητα
2742 4427 2879 4496 ἅγια
2931 4427 3212 4498 εἰσῆλθε,
3264 4431 3448 4504 φησὶν,

1881 4513 1913 4562 ό
1942 4509 2212 4576 Χριστὸς,
2243 4509 2540 4562 ἀντίτυπα
2572 4507 2689 4561 τῶν
2713 4509 3033 4581 ἀληθινῶν.
3092 4517 3233 4586 ’Λρα
3270 4517 3454 4570 ἐκεῖνά

1879 4594 2026 4646 ἐστιν
2081 4593 2344 4667 ἀληθινὰ,
2403 4592 2574 4650 ταῦτα
2606 4596 2662 4649 δὲ
2719 4597 2930 4650 τύποι·
2965 4599 3058 4651 καὶ
3104 4599 3212 4669 γάρ
3246 4599 3275 4650 6
3325 4599 3450 4662 ναὸς

1879 4675 2020 4732 οὕτω
2042 4679 2474 4742 κατεσκεύαστο,
2501 4677 2691 4748 ὥσπερ
2737 4681 2766 4732 6
2790 4681 3018 4750 οὐρανὸς
3061 4680 3154 4732 τοῦ
3191 4681 3448 4749 ούρανοῦ.

1879 4758 1946 4813 Τί
1997 4761 2212 4828 λέγεις;
2263 4760 2358 4812 ἐάν
2415 4759 2492 4829 μὴ
2543 4759 2760 4830 εἰσέλθῃ
2787 4763 2870 4823 εἰς
2925 4761 3018 4813 τὸν
3058 4761 3306 4831 οὐρανὸν,
3349 4761 3450 4814 ούκ

1878 4843 2237 4913 ἐμφανίζεται
2273 4845 2301 4896 6
2337 4842 2611 4911 πανταχοῦ
2643 4840 2855 4912 παρὼν,
2892 4844 2985 4895 καὶ
3013 4843 3081 4894 τά
3107 4844 3283 4896 πάντα
3315 4843 3452 4912 πλη-

1881 4927 1991 4997 ρῶν
2018 4943 2033 4992 ;
2109 4928 2272 4998 Ὀρᾷς
2335 4925 2417 4978 ὅτι
2466 4925 2564 4994 τῆς
2619 4925 2820 4994 σαρκός
2870 4927 2985 4978 ἐστι
3024 4925 3196 4980 ταῦτα
3241 4926 3446 4992 πάντα;

1862 5009 1989 5062 ,Καὶ
2037 5007 2497 5078 ἐμφανισθῆναι,
2531 5007 2685 5076 φησὶ,
2726 5005 2804 5071 τῷ
2831 5007 3127 5074 προσώπῳ
3159 5007 3264 5061 τοῦ
3301 5010 3450 5064 Θεοῦ

1879 5092 2032 5160 ὑπὲρ
2060 5092 2246 5160 ἡμῶν.
2308 5091 2372 5143 Τί
2423 5089 2794 5158 ἐστιν,-Ὗπὲρ
2823 5089 3026 5158 τἰμῶνς
3071 5093 3225 5145 Μετὰ
3259 5093 3448 5156 θυσίας

1877 5173 2100 5242 ἀνῆλθε,
2135 5174 2290 5242 φησί,
2315 5171 2619 5242 δυναμένης
2649 5171 3037 5236 ἐξιλεώσασθαι
3080 5175 3172 5226 τὸν
3207 5176 3446 5246 Πατέρα.

1877 5257 1974 5307 Διά
1998 5254 2072 5317 τί,
2103 5255 2224 5306 εἰπέ
2249 5271 2375 5323 μοι;
2411 5253 2484 5324 μὴ
2515 5254 2622 5326 γὰρ
2645 5256 2807 5318 αὐτὸς
2829 5251 2895 5326 ἦν
2917 5258 2944 5308 6
2973 5257 3198 5326 ἐχθρός;
3264 5257 3324 5310 Οί
3356 5255 3450 5325 ἀγ·

1876 5339 2022 5407 γελοι
2047 5337 2231 5408 ἐχθροί
2257 5333 2418 5408 ἦσαν,
2465 5338 2626 5401 αὐτὸς
2666 5339 2766 5391 ούκ
2786 5335 2854 5409 ἦν
2879 5339 3069 5412 ἐχθρός
3093 5356 3106 5368 ·
3153 5340 3234 5392 ὃτι
3264 5338 3372 5410 γὰρ
3397 5341 3448 5393 οἱ

1874 5421 2094 5489 ἄγγελοι
2114 5420 2208 5490 ὲχθ
2218 5417 2468 5491 ροὶῆσαν,
2489 5420 2718 5473 ἄκουσον
2735 5422 2788 5474 τί
2810 5441 2992 5492 φησιν.
3009 5423 3449 5490 Ε’ὶρηνοποίησε

1874 5505 1946 5557 τὰ
1964 5503 2060 5556 ἐπὶ
2092 5503 2200 5570 τῆς
2229 5503 2360 5572 γῆς,
2418 5503 2515 5556 καὶ
2565 5504 2638 5557 τὰ
2668 5505 2736 5556 ὲν
2767 5504 2891 5570 τοῖς
2923 5504 3200 5572 οὐρανοῖς
3245 5521 3259 5535 ο
3306 5505 3446 5559 ὥστε

1875 5585 2054 5648 καλῶς
2120 5582 2308 5649 εἶπεν,
2373 5587 2455 5640 ὅτι
2510 5587 2606 5639 καὶ
2661 5588 2823 5650 αὐτὸς
2877 5588 3181 5656 Εἰσῆλθεν
3211 5590 3298 5653 εὶς
3341 5588 3449 5641 τὸν

1875 5671 2170 5738 οὐρανὸν,
2217 5671 2333 5724 νῦν
2373 5669 2814 5740 ἐμφανισθῆναι
2864 5670 2942 5736 τῷ
2980 5671 3278 5738 προσώπῳ
3340 5671 3447 5723 τοῦ

1876 5753 2024 5807 θεοῦ
2075 5753 2225 5822 ὑπὲρ
2283 5751 2470 5822 ἡμῶν.
2551 5753 2662 5806 Νῦν
2712 5753 3088 5823 ἐμφανίζεται,
3140 5751 3254 5804 ἀλλ’
3303 5751 3447 5820 ὑπὲρ

1875 5837 2049 5908 ἡμῶν.
2122 5838 2259 5892 Οὐδ’
2306 5837 2405 5892 ἵνα
2464 5837 2758 5902 πολλάκις
2823 5837 3133 5904 προσφέρῃ
3207 5831 3444 5895 ἑαυτὸν,
