4002 6426
206 302 281 357 {20
332 324 335 327 ν

207 405 292 444 non
317 391 455 446 esset,
490 386 539 430 et
568 377 733 431 multa
761 377 959 431 oﬁ‘erre
988 388 1259 447 oporteret
1286 380 1568 441 sacriﬁcia.
1592 397 1735 450 saepe

215 484 437 550 oporteret
459 471 712 540 rruciﬁgi.
750 472 987 540 Alioquin
1028 473 1290 543 Oportebat
1313 488 1428 525 eum
1454 476 1737 544 frequenter

220 572 308 645 pati
329 569 383 621 ab
409 565 587 634 origine
623 564 816 619 mundi.
850 563 946 617 llic
973 564 1132 616 etiam
1163 562 1411 633 quiddam
1444 560 1744 615 abscondit.

222 663 347 718 Nunc
364 666 515 711 autem
540 655 690 711 semel
733 656 784 708 in
811 652 1241 709 consummatione
1266 653 1588 708 steculorum.
1621 650 1747 715 Cur,

214 756 267 810 In
288 748 689 806 consummatione
722 747 1022 802 sreculorum
1040 746 1065 798 ?
1094 746 1214 800 Post
1240 747 1403 800 multa
1430 753 1668 814 peccata.
1692 742 1749 799 Si

210 851 331 906 enim
360 848 481 901 facta
503 842 724 905 ﬁnissent
744 842 811 895 ab
834 843 1005 907 initio,
1028 856 1185 897 nemo
1203 852 1377 896 autem
1406 838 1747 902 credidisset,

206 938 359 1001 omnia
387 950 499 1006 qua:
525 932 589 1001 ad
618 934 973 988 meouomiam
1019 935 1292 1003 pertinent
1315 935 1542 988 fuissent
1583 933 1744 988 inuti-

203 1032 286 1093 lia:
323 1043 418 1083 non
439 1023 714 1097 oportebat
750 1024 891 1078 enim
938 1025 1128 1079 iterum
1167 1026 1303 1080 mori
1345 1025 1638 1089 Christum,
1674 1024 1744 1077 ita

199 1122 330 1179 utsic
343 1119 492 1175 etiam
517 1115 821 1171 efﬁceretur
838 1097 978 1185 quod
998 1118 1367 1186 quaerebatur:
1388 1119 1641 1187 quoniam
1659 1132 1746 1171 au-

197 1226 284 1268 tem
299 1218 464 1282 postea
478 1208 638 1267 multa
655 1208 868 1267 fuerunt
881 1220 1115 1276 peccata,
1133 1209 1326 1263 merito
1340 1217 1464 1263 tunc
1477 1208 1742 1278 apparuit.

194 1303 322 1373 Quod
347 1299 551 1369 quidem
581 1299 711 1353 dicit
741 1300 901 1353 etiam
926 1300 1051 1353 alibi
1097 1318 1109 1352 :
1148 1299 1246 1355 Ubi
1271 1300 1542 1353 abundavit
1567 1316 1744 1370 pecca-

191 1408 299 1463 tum,
319 1389 734 1462 superabundavit
759 1399 805 1441 et
831 1392 995 1460 gratia
1024 1392 1199 1460 (llam.
1230 1392 1283 1446 5.
1312 1391 1425 1461 ΞΟ).
1474 1391 1628 1445 Nunc
1647 1407 1741 1444 au-

188 1498 298 1549 tem,
341 1482 539 1551 inquit,
587 1479 744 1533 semel
771 1482 823 1535 in
872 1483 1301 1536 consummatione
1335 1483 1632 1537 steculorum
1674 1483 1742 1535 ad

186 1574 525 1630 destitutionem
569 1570 759 1639 peccati
803 1586 891 1640 per
921 1570 1138 1625 hostium
1176 1588 1320 1624 suant
1356 1573 1614 1642 apparuit.
1644 1571 1736 1625 27.

184 1668 239 1722 Et
279 1663 692 1731 quemadmodum
714 1671 958 1723 statutum
1002 1673 1074 1717 est
1090 1663 1375 1718 hominibus
1397 1666 1551 1719 semel
1585 1666 1732 1732 mori,

180 1768 274 1829 post
297 1757 383 1809 hoc
407 1763 575 1809 autem
593 1754 870 1824 judicium.
1102 1812 1107 1815 _

234 1850 281 1903 2.
310 1849 434 1903 Cum
463 1845 788 1907 Ostendisset
817 1844 965 1899 illum
994 1858 1099 1899 non
1131 1860 1275 1915 stupe
1302 1848 1435 1901 mori
1464 1846 1734 1914 debuisse,

176 1944 283 2001 dicit
307 1942 459 1999 etiam
490 1956 591 1995 cur
625 1939 793 1995 semel
822 1948 903 1995 est
939 1947 1227 1994 mortuus:
1262 1954 1452 2008 nempe
1486 1942 1734 2010 quoniam

178 2037 308 2091 unius
343 2048 442 2088 mox
459 2033 534 2087 tis
576 2032 672 2086 fuit
716 2031 946 2098 pretium
995 2030 1382 2099 redemptionis
1423 2049 1437 2085 :
1476 2032 1737 2087 Statutum

174 2137 282 2192 erat,
306 2126 488 2194 inquit,
512 2122 749 2177 omnibus
775 2122 1060 2176 hominibus
1088 2122 1242 2175 semel
1268 2123 1416 2176 mori.
1453 2124 1562 2178 lloe
1583 2139 1731 2195 ergo,

174 2220 315 2275 semel
359 2228 607 2275 mortuus
644 2224 746 2282 est,
787 2231 886 2284 pro
929 2215 1177 2271 omnibus
1222 2216 1546 2273 hominibus.
1596 2219 1734 2287 Quid

174 2312 315 2368 vero?
352 2324 538 2364 annon
577 2308 752 2364 adlme
798 2315 971 2363 morte
1013 2307 1100 2362 illa
1145 2309 1441 2364 morimur?
1479 2310 1735 2367 Morimur

171 2405 376 2477 quidem,
400 2402 492 2459 sed
520 2404 581 2456 in
603 2418 665 2457 ea
694 2416 799 2455 non
828 2416 1128 2466 manemus,
1151 2402 1292 2471 quod
1322 2418 1388 2457 ne
1408 2413 1491 2457 est
1515 2404 1731 2472 quidem

170 2499 301 2555 mori.
339 2496 519 2551 Mortis
572 2494 715 2549 enim
759 2493 1000 2564 tyrannis
1038 2502 1093 2548 et
1132 2508 1259 2549 vere
1303 2503 1385 2548 est
1434 2494 1521 2549 illa
1561 2509 1728 2565 mors,

169 2590 350 2662 quando
375 2596 596 2644 mortuo
624 2601 730 2642 non
757 2594 839 2641 est
864 2585 1096 2656 amplius
1122 2601 1436 2641 concessum
1462 2595 1518 2640 ut
1548 2587 1731 2643 redeat

164 2684 216 2737 ad
241 2682 393 2737 vitam
430 2698 444 2735 :
474 2677 704 2751 quando
730 2687 908 2733 autem
943 2678 1086 2732 vivet
1127 2688 1249 2747 post
1286 2685 1535 2744 mortem,
1570 2677 1730 2753 idque

164 2774 249 2829 vita
274 2772 514 2837 meliore,
559 2770 662 2826 hoc
688 2785 796 2824 non
827 2778 910 2824 est
938 2784 1119 2835 mors,
1155 2768 1250 2823 sed
1278 2769 1547 2825 dormitio.
1581 2771 1728 2839 Quo-

161 2867 279 2923 niam
316 2879 441 2937 ergo
485 2863 739 2919 futurum
780 2871 898 2917 erat
946 2869 1002 2915 ut
1040 2875 1186 2915 mors
1220 2875 1411 2916 omnes
1440 2862 1724 2929 detineret,

161 2967 412 3029 propterea
458 2966 555 3013 est.
603 2965 847 3012 mortuus
892 2962 948 3009 ut
988 2969 1086 3009 nos
1134 2954 1409 3009 liberaret.
1436 2954 1528 3012 28.
1560 2956 1650 3011 Sic
1680 2966 1727 3011 et

158 3052 357 3106 Christus
395 3050 567 3104 semel
604 3048 803 3103 oblatus
847 3055 939 3100 est.
978 3047 1022 3100 A
1053 3061 1159 3116 quo
1188 3046 1441 3100 oblatus?
1472 3049 1512 3101 A
1546 3049 1726 3116 seipso

158 3143 351 3197 scilicet.
376 3141 477 3196 Hic
508 3156 630 3195 non
660 3138 831 3193 solum
857 3152 978 3192 eum
1008 3136 1137 3192 dicit
1160 3136 1517 3203 sacerdotem,
1546 3138 1641 3193 sed
1672 3148 1725 3195 et

155 3234 353 3288 hostiam
383 3241 437 3289 et
466 3230 823 3287 sacriﬁcium.
874 3228 1077 3283 Deinde
1112 3243 1328 3282 causam
1357 3228 1511 3283 affert
1535 3245 1631 3285 cur
1655 3231 1726 3286 sit

153 3325 335 3379 oblatus
359 3343 372 3377 :
398 3322 622 3384 Semel,
657 3319 846 3390 inquit,
879 3318 1077 3373 oblatus
1115 3319 1182 3371 ad
1223 3317 1497 3373 multorum
1534 3322 1727 3375 exhau-

156 3405 308 3459 rienda
332 3417 569 3480 peccata-
601 3406 710 3460 Cur
735 3408 1021 3462 multorum
1047 3415 1104 3462 et
1132 3421 1238 3461 non
1267 3404 1539 3459 omnium?
1576 3403 1721 3469 Quo-

151 3496 270 3549 niam
300 3511 401 3551 non
434 3510 639 3551 omnes
669 3495 1033 3552 crediderunt.
1080 3498 1182 3552 Pro
1217 3494 1465 3550 omnibus
1503 3492 1717 3564 quidem

151 3601 213 3643 est
240 3601 491 3656 mortuus,
524 3600 594 3645 ut
634 3605 822 3645 omnes
861 3602 1121 3658 servaret,
1149 3598 1403 3662 quantum
1440 3587 1507 3642 ad
1548 3587 1720 3658 ipsum

148 3682 310 3736 attinet
329 3701 341 3735 :
360 3698 508 3737 mors
539 3683 695 3737 enim
726 3683 811 3737 illa
829 3698 894 3739 ex
916 3699 1070 3753 atquo
1102 3681 1458 3750 respondebat
1481 3678 1719 3734 omnium

151 3773 405 3831 interitui:
451 3792 574 3830 non
618 3774 863 3830 exhausit
908 3784 1085 3830 autem
1133 3785 1186 3829 et
1225 3773 1437 3830 sustulit
1482 3772 1721 3827 omnimn

147 3877 358 3934 peccata,
393 3877 695 3938 propterea
726 3868 867 3937 quod
896 3868 995 3938 ipsi
1023 3868 1311 3923 noluerint.
1335 3866 1471 3935 Quid
1506 3876 1588 3920 est
1616 3881 1712 3919 au-

149 3966 258 4023 tem,
309 3957 511 4013 Tollere
569 3960 820 4027 peccata?
847 3958 997 4015 Sicut
1025 3960 1077 4013 in
1106 3958 1377 4014 oblatione
1404 3957 1724 4028 proferiums

141 4050 279 4104 etiam
301 4061 523 4120 peccata
553 4052 841 4107 dicentes:
866 4052 991 4109 Sive
1014 4054 1276 4115 volentes,
1300 4052 1412 4107 sive
1429 4050 1576 4105 inviti
1597 4065 1722 4122 pec-

143 4143 379 4209 cavimus,
404 4145 666 4200 condona
697 4162 711 4200 :
738 4144 839 4200 hoc
871 4154 973 4211 cst,
1005 4147 1234 4215 primum
1266 4147 1504 4212 ipsorum
1533 4144 1723 4199 memi-

140 4233 316 4299 nimus,
354 4245 410 4290 et
434 4246 579 4292 tunc
609 4236 840 4306 petimus
886 4246 942 4292 ut
978 4237 1388 4291 condonantur:
1422 4236 1524 4291 hoc
1552 4236 1723 4306 ipsum

145 4321 217 4377 hic
241 4341 453 4396 quoque
484 4327 571 4381 ﬁt.
607 4326 710 4383 Ubi
742 4330 843 4382 hoc
882 4327 1008 4387 fecit
1037 4328 1315 4383 Christus?
1359 4327 1495 4382 Audi
1550 4328 1721 4397 ipsum

142 4412 393 4471 dicentem
420 4435 434 4470 :
465 4417 538 4470 Et
567 4432 662 4487 pro
690 4417 815 4487 ipsis
840 4419 1102 4487 sancti/ica
1130 4420 1371 4488 meipsum
1399 4419 1416 4486 (
1440 4417 1599 4472 Joan.
1636 4420 1720 4472 l7.

143 4503 241 4573 l9).
279 4506 507 4561 Peccata
542 4508 769 4563 abstulit
801 4508 866 4563 ab
891 4510 1213 4576 hominibus,
1247 4518 1301 4564 et
1332 4510 1474 4563 Patri
1503 4509 1719 4575 obtulit,

139 4609 229 4649 non
262 4606 316 4651 ut
344 4599 562 4668 aliquid
594 4598 853 4653 adversus
882 4600 1025 4670 ipsos
1051 4608 1342 4664 statueret,
1386 4600 1479 4655 sed
1521 4610 1575 4653 ut
1614 4600 1725 4669 ipsa

140 4688 446 4743 remitteret.
498 4690 748 4744 Secundo
787 4691 896 4744 sine
937 4700 1142 4760 peccato
1170 4690 1433 4761 apparebit
1463 4691 1724 4756 omnibus,

136 4775 314 4847 inquit,
337 4779 767 4850 exspectantibus
792 4796 904 4834 eum
927 4781 981 4834 in
1003 4781 1234 4835 salutem.
1264 4780 1401 4848 Quid
1424 4790 1504 4836 est
1525 4791 1725 4847 autem,

139 4869 252 4925 Sine
276 4883 490 4941 peccato
510 4872 538 4925 ?
571 4871 689 4926 Non
717 4872 781 4926 ad
815 4880 1029 4942 peccata
1061 4873 1368 4940 delendum,
1399 4888 1573 4944 neque
1601 4889 1726 4943 pro-

135 4969 246 5029 pter
268 4962 596 5034 iniquitates
624 4964 817 5019 iterum
847 4964 1061 5030 veniet,
1090 4975 1152 5020 ut
1181 4981 1393 5022 rursum
1426 4966 1685 5021 moriatur
1713 4984 1728 5021 :

136 5066 233 5106 non
262 5054 410 5109 enim
443 5054 600 5124 quod
637 5055 803 5109 semel
846 5064 1086 5111 mortuus
1120 5058 1221 5122 sit,
1254 5057 1391 5111 mori
1421 5055 1623 5112 debens
1649 5065 1733 5113 est

136 5153 392 5202 mortuus.
430 5146 728 5215 Quomodo
753 5149 1071 5217 apparebit?
1102 5148 1357 5217 Puniens,
1396 5150 1591 5222 inquit.
1622 5150 1731 5206 Sed

136 5235 229 5292 hoc
250 5253 358 5294 non
382 5240 550 5306 dixit,
579 5255 762 5295 verum
793 5241 843 5295 id
869 5240 1009 5312 quod
1035 5253 1116 5297 est
1137 5242 1315 5296 lartum
1337 5251 1389 5297 et
1414 5243 1731 5313 jucundum,

138 5327 256 5384 Sine
282 5343 499 5402 peccato
537 5334 803 5402 apparebit
831 5335 895 5387 iis
923 5335 1013 5403 qui
1042 5335 1208 5405 ipsunt
1236 5345 1527 5405 exspectant
1552 5338 1621 5391 ad
1644 5355 1733 5392 sa-

136 5422 283 5475 lutem
313 5440 331 5477 :
360 5433 421 5477 ut
449 5424 525 5479 de
554 5432 752 5480 ca-tero
780 5440 884 5479 non
908 5426 1133 5495 amplius
1153 5440 1287 5495 Opus
1312 5425 1539 5483 habeant
1567 5429 1734 5483 sacri-

140 5512 272 5576 ﬁcio,
298 5522 355 5566 ut
385 5514 529 5569 salvi
565 5515 691 5581 siut,
722 5515 814 5570 sed
843 5532 909 5571 ex
939 5516 1191 5586 operibus
1215 5516 1315 5572 hoc
1344 5518 1552 5573 faciant.
1585 5517 1730 5591 (Cap.

140 5603 226 5671 10)
259 5605 311 5657 l.
346 5603 612 5659 Umbram
660 5608 809 5674 enim,
857 5606 1047 5677 inquit,
1096 5607 1280 5664 habens
1329 5609 1410 5662 lex
1450 5611 1736 5681 futurorum

140 5693 400 5754 bonorum.
435 5712 545 5750 non
586 5696 745 5761 ipsam
786 5698 1054 5767 imaginem
1090 5715 1256 5754 rerum
1292 5698 1436 5755 :hoc
1478 5710 1590 5767 est,
1633 5716 1735 5757 non

962 286 1026 341 ΙΝ
1068 283 1281 340 EPlST.
1327 284 1417 339 AD
1459 283 1818 341 ΙΙΕΒΠᾹΞΟΒ.
1860 285 2013 338 CAP.
2057 283 2124 341 X.
2171 283 2405 341 HOMIL.
2448 282 2610 338 XVII.

3316 285 3414 342 I30

1834 384 2002 451 ipsam
2044 382 2346 437 veritatem.
2391 384 2851 451 Quemadmodum
2883 389 3025 443 enim
3059 390 3112 444 in
3142 390 3373 463 imagine
3399 437 3415 462 ,

1832 474 2003 529 donec
2034 474 2256 543 pictura:
2285 475 2452 530 additi
2482 475 2679 533 fuerint
2704 480 2914 535 colores
2935 522 2949 545 ,
2989 497 3095 537 non
3126 483 3307 541 videre
3336 497 3421 541 est

1834 566 1933 619 nisi
1968 565 2208 619 umbram
2244 575 2484 631 tantum;
2519 568 2608 622 ubi
2638 584 2789 637 vero,
2819 572 3093 629 coloribus
3120 574 3416 647 impositis,

1834 657 1974 711 nitor
2004 657 2333 725 supervenit,
2361 666 2485 713 tunc
2517 658 2573 713 ﬁt
2603 660 2799 732 imago.
2844 662 2974 720 Tale
3015 665 3285 736 quidpiam
3334 670 3417 724 lex

1834 764 2044 820 quoque
2072 757 2207 805 erat.
2240 748 2483 805 Umbram
2511 752 2662 821 enim,
2689 754 2884 824 inquit,
2904 756 3094 811 habens
3114 759 3197 813 lex
3222 762 3420 832 futuro-

1831 853 1949 889 rum
1981 837 2257 900 bonorum,
2295 853 2399 891 non
2435 839 2606 905 ipsum
2632 841 2914 909 imaginem
2944 860 3152 908 rerum;
3180 844 3285 899 hoc
3311 852 3415 909 est,

1829 927 2108 991 sacriﬁcii,
2127 928 2491 983 remissionis.
2510 928 2611 984 Per
2632 930 2869 1001 singulos
2893 948 3057 986 annos
3078 933 3276 987 eisdem
3287 934 3417 1003 ipsis

1827 1020 2037 1083 hostiis,
2075 1035 2207 1088 quas
2250 1018 2479 1087 oﬂ'erunt
2512 1021 2892 1087 indesinenter,
2931 1040 3217 1094 numquam
3247 1034 3417 1095 potest

1829 1111 2134 1167 accedentes
2157 1111 2416 1182 perfectos
2443 1113 2617 1182 facere
2636 1132 2654 1169 :
2675 1114 2731 1168 2.
2759 1116 2964 1186 alioqui
2988 1133 3093 1170 non
3120 1128 3415 1173 cessassent

1828 1202 2032 1271 oﬁ'erri,
2064 1203 2183 1256 ideo
2207 1202 2347 1273 quod
2373 1204 2577 1258 nullam
2605 1204 2853 1260 haberent
2874 1208 3017 1260 ultra
3039 1209 3414 1262 conscientiant

1826 1296 2054 1351 cultores
2084 1298 2243 1350 semel
2275 1296 2620 1353 mundati:5.
2645 1300 2734 1353 sed
2756 1300 2811 1353 in
2831 1301 2961 1369 ipsis
2980 1304 3413 1356 commemoratio

1824 1396 2157 1456 peccatorum
2184 1404 2278 1457 per
2305 1390 2545 1461 singulos
2575 1408 2742 1447 annos
2772 1393 2853 1461 ﬁt.
2885 1392 2940 1447 4.
2975 1392 3314 1463 Impossibile
3332 1404 3411 1449 est

1824 1478 1959 1531 enim
1993 1480 2239 1549 sanguine
2279 1490 2536 1533 taurorum
2572 1490 2618 1532 et
2656 1480 2912 1532 hircorum
2951 1481 3140 1551 auferri
3176 1492 3403 1552 peccata.

1824 1570 1879 1624 5.
1910 1568 2035 1624 Ideo
2056 1570 2341 1640 ingrediens
2368 1570 2630 1631 mundum,
2664 1572 2786 1623 dicit
2816 1587 2835 1623 :
2867 1570 3100 1623 Hostiam
3124 1583 3175 1625 et
3201 1573 3409 1625 oblatio-

1825 1678 1938 1715 nem
1966 1661 2190 1727 noluisti,
2221 1678 2405 1730 corpus
2429 1672 2596 1714 autent
2626 1662 2812 1731 aptosti
2841 1662 2965 1714 mihi
2991 1679 3009 1714 :
3033 1663 3085 1717 6.
3114 1663 3408 1716 holocausta

1824 1762 1870 1805 et
1900 1768 1991 1821 pro
2016 1761 2220 1822 peccato
2245 1769 2345 1805 non
2376 1752 2463 1807 tibi
2487 1754 2803 1823 placuerunt.
2839 1753 2890 1806 7.
2925 1752 3068 1806 Tunc
3095 1754 3202 1807 dixi
3235 1770 3253 1808 :
3279 1753 3409 1809 Ecce

1825 1846 1966 1899 venio
2002 1847 2081 1917 (in
2115 1847 2276 1915 capite
2302 1845 2417 1899 libri
2446 1846 2689 1915 scriptum
2714 1854 2785 1898 est
2815 1844 2877 1898 de
2908 1844 3040 1914 me),
3079 1855 3133 1899 ut
3174 1847 3360 1917 faciam
3387 1887 3403 1911 ,

1824 1939 1995 2003 Deus,
2033 1940 2342 1999 voluntatem
2379 1950 2536 1992 tuam.
2570 1938 2623 1993 8.
2659 1938 2906 2006 Superius
2932 1938 3123 2003 dicens,
3153 1939 3289 2008 quod
3315 1938 3407 1992 ho-
3434 1928 3443 1932 ’

1806 2034 1969 2100 σειίαε,
1997 2034 2274 2087 oblationes
2302 2042 2349 2087 et
2379 2032 2787 2086 holocautomata
2813 2048 2907 2101 pro
2933 2042 3134 2099 peccato
3161 2031 3369 2085 noluisti
3388 2074 3404 2098 ,

1823 2140 1913 2178 nec
1959 2124 2148 2193 placita
2187 2134 2304 2177 sunt
2338 2123 2428 2177 tibi
2468 2139 2583 2193 qua:
2609 2123 2884 2178 secundum
2913 2125 3072 2195 legem
3098 2123 3404 2191 o/feruntur,

1821 2216 1877 2272 9.
1906 2225 2024 2269 tunc
2047 2215 2156 2269 dixi
2176 2230 2195 2268 :-
2225 2215 2357 2268 Ecce
2382 2215 2545 2279 venio,
2574 2225 2629 2268 ut
2660 2216 2848 2284 faciam
2867 2256 2883 2281 ,
2914 2213 3070 2279 Deus,
3100 2216 3407 2269 voluntatem

1823 2314 1983 2360 tuam.
2010 2306 2190 2377 Aufert
2219 2310 2458 2376 primum,
2482 2314 2538 2358 ut
2561 2323 2770 2375 sequens
2795 2315 3004 2359 statuat.
3035 2306 3194 2361 Vides
3220 2322 3408 2362 rursus

1822 2399 2244 2454 abundantiam?
2282 2398 2393 2455 Una
2420 2409 2521 2465 est,
2552 2400 2753 2470 inquit,
2787 2399 2900 2453 haec
2932 2399 3139 2465 hostia;
3172 2400 3276 2454 ilhc
3304 2416 3405 2455 au-

1823 2501 1929 2548 tem
1963 2495 2144 2549 multae
2175 2512 2187 2547 :
2220 2494 2340 2549 ideo
2363 2494 2504 2549 cnim
2534 2510 2634 2549 nec
2660 2494 2868 2558 validae,
2902 2495 3024 2563 quia
3050 2503 3173 2550 sunt
3204 2496 3405 2550 multae.

1893 2589 1944 2644 3.
1980 2589 2248 2657 Sacriﬁcia
2266 2587 2568 2642 Judworum
2594 2606 2744 2660 quam
2764 2590 3063 2659 iit/irtna.—
3080 2589 3213 2656 Quid
3238 2592 3404 2661 enim,

1820 2680 1909 2736 dic
1931 2696 2136 2751 quaeso,
2168 2696 2303 2751 opus
2331 2691 2443 2736 erat
2473 2682 2677 2747 multis,
2700 2696 2820 2736 cum
2850 2697 2955 2737 una
2982 2678 3248 2741 sufﬁciat?
3277 2683 3410 2738 Pro-

1822 2780 2006 2842 pterea
2047 2771 2250 2835 multm,
2281 2780 2336 2827 et
2363 2771 2504 2842 quod
2537 2786 2753 2842 semper
2773 2771 3087 2839 oﬁ'erantur,
3119 2774 3409 2829 ostendunt

1821 2878 1916 2919 eos
1946 2855 2235 2934 numquam
2270 2854 2535 2919 mundari.
2583 2863 2731 2920 Sicut
2758 2866 2900 2921 enim
2931 2866 3404 2935 medicamentum,

1819 2971 1942 3011 cum
1978 2956 2142 3012 fuerit
2170 2957 2433 3024 validum,
2466 2967 2520 3013 et
2548 2959 2789 3013 efﬁciens
2828 2959 3104 3022 sanitatis,
3140 2968 3194 3014 et
3225 2960 3408 3015 valens

1820 3062 2036 3103 omnem
2068 3048 2311 3103 morbum
2342 3050 2677 3118 propulsare,
2709 3050 2879 3104 semel
2910 3050 3214 3119 impositum
3245 3052 3410 3108 efﬁcit

1822 3140 2134 3194 universum
2165 3158 2177 3194 :
2208 3141 2348 3209 quod
2392 3141 2437 3195 si
2477 3142 2644 3195 semel
2683 3142 2987 3212 impositum
3019 3152 3184 3197 totum
3213 3159 3406 3214 opera-

1825 3240 1940 3293 tur,
1969 3230 2207 3284 ostendit
2232 3230 2335 3283 vim
2363 3245 2512 3284 suam
2542 3246 2608 3285 eo
2646 3233 2785 3300 quod
2825 3247 2928 3286 non
2966 3234 3195 3303 amplius
3232 3235 3407 3304 impo-

1823 3327 2003 3385 natur,
2032 3328 2086 3374 et
2111 3319 2211 3374 hoc
2236 3329 2319 3375 est
2342 3321 2508 3389 ipsius
2528 3336 2682 3389 opus,
2706 3321 2845 3391 quod
2873 3338 2978 3376 non
3002 3324 3229 3393 amplius
3253 3341 3409 3380 usur-

1824 3408 2018 3472 petur:
2044 3400 2129 3455 sin
2153 3408 2334 3454 autem
2360 3402 2929 3473 semperimponatur,
2946 3413 3029 3459 est
3054 3408 3404 3476 perspicuum

1823 3492 1969 3564 quod
1990 3493 2192 3546 nullam
2219 3492 2324 3546 vim
2355 3492 2642 3561 habuerit;
2676 3503 2761 3549 est
2780 3494 2925 3550 enim
2954 3495 3132 3551 virtus
3160 3498 3403 3554 medica-

1823 3580 1993 3636 menti
2029 3580 2194 3635 semel
2228 3579 2459 3650 imponi,
2490 3590 2682 3637 etnon
2717 3597 2858 3652 saepe
2887 3602 2898 3635 :
2936 3583 3008 3638 ita
3034 3584 3124 3639 hic
3152 3601 3404 3657 quoque;

1823 3688 1923 3727 cur
1950 3670 2167 3726 tandem
2195 3670 2387 3727 iisdem
2415 3688 2632 3742 semper
2662 3683 2928 3729 curantur
2949 3675 3333 3731 hostiislNam
3357 3662 3407 3735 si

1830 3773 2015 3820 essent
2041 3763 2252 3818 liberati
2283 3763 2352 3817 ab
2379 3765 2634 3820 omnibus
2658 3767 2918 3835 peccatis,
2945 3782 3053 3821 non
3077 3762 3409 3825 oﬁ'errentur

1830 3856 2025 3912 hostia:
2055 3854 2299 3925 quotidie
2331 3873 2344 3910 :
2371 3864 2528 3910 erant
2557 3856 2701 3909 enim
2740 3857 3071 3921 constitutae,
3104 3866 3164 3912 ut
3186 3873 3409 3930 semper

1825 3946 2153 4003 offerrentur
2182 3963 2279 4019 pro
2304 3948 2505 4018 populo
2532 3948 2811 4011 universo,
2836 3955 2892 4002 et
2916 3962 3138 4016 vespere
3158 3957 3212 4003 et
3236 3950 3407 4005 inter-

1822 4030 1932 4084 diu.
1970 4033 2096 4088 Erat
2130 4034 2307 4105 itaque
2337 4035 2388 4090 id
2415 4036 2555 4106 quod
2584 4037 2781 4105 ﬁebat,
2813 4049 3154 4109 peccatorum
3182 4056 3403 4096 accusa-

1823 4123 1918 4189 tio,
1949 4139 2055 4178 non
2085 4126 2314 4192 solutio;
2347 4130 2617 4184 accusatio
2646 4131 2991 4199 inﬁrmitatis,
3024 4148 3127 4188 non
3165 4136 3405 4190 ostensio

1824 4213 2054 4269 virtutis.
2100 4214 2232 4269 Nam
2280 4219 2532 4286 quoniam
2578 4220 2743 4289 prima
2795 4221 2926 4276 nihil
2975 4224 3255 4290 valuerat,
3299 4225 3403 4280 alia

1822 4321 2033 4376 quoque
2058 4308 2414 4374 offerebatur;
2446 4320 2501 4366 et
2528 4313 2781 4382 quoniam
2812 4312 2923 4382 ipsa
2953 4314 3087 4369 nihil
3112 4314 3407 4383 efﬁciebat,

1824 4412 2008 4453 rursus
2042 4399 2145 4453 alia
2175 4417 2188 4453 :
2221 4408 2275 4454 et
2313 4401 2433 4457 ideo
2477 4402 2564 4457 illa
2595 4413 2711 4459 erat
2742 4413 3079 4474 peccatorum
3117 4409 3402 4463 convictu).

1822 4492 1996 4562 Atque
2022 4492 2164 4562 quod
2195 4493 2451 4549 oﬂ'eratur
2479 4496 2727 4566 quidem,
2764 4500 2938 4568 arguit
2974 4508 3222 4569 peccata;
3260 4499 3403 4570 quod

1820 4597 1999 4641 autem
2032 4601 2275 4658 semper,
2305 4590 2479 4659 arguit
2507 4590 2944 4646 imbecillitatem.
2978 4591 3031 4645 ln
3064 4589 3279 4647 Christo
3305 4608 3402 4646 au-

1825 4691 1930 4736 tem
1958 4692 2141 4737 contra
2173 4700 2186 4737 :
2218 4682 2386 4738 semel
2416 4692 2499 4739 est
2525 4683 2756 4748 oblatus,
2787 4692 2841 4738 et
2870 4685 2927 4740 in
2960 4695 3272 4756 perpetuum
3311 4700 3402 4740 sa—

1822 4776 1890 4830 tis
1917 4774 2035 4831 fuit.
2074 4776 2153 4831 Ac
2191 4786 2336 4832 recte
2365 4776 2500 4831 dixit
2543 4777 2631 4832 illa
2673 4776 2994 4847 exemplaria
3029 4794 3041 4829 :
3073 4793 3202 4847 ergo
3229 4779 3403 4835 solum

1825 4866 2021 4923 habent
2044 4878 2245 4939 typum,
2278 4884 2384 4923 non
2411 4869 2660 4922 virtutem
2694 4884 2705 4922 :
2738 4869 2876 4923 sicut
2905 4871 2954 4923 in
2990 4870 3310 4940 imaginibus
3339 4870 3402 4923 ﬁ-
3451 4919 3481 4947 ,θ

1823 4976 2006 5031 guram
2048 4961 2281 5017 hominis
2329 4961 2491 5016 habet
2527 4962 2721 5031 imago,
2756 4978 2859 5016 non
2898 4962 3168 5017 virtutem.
3200 4963 3318 5031 Quo
3348 4963 3403 5016 ﬁt

1823 5061 1882 5106 ut
1901 5067 2086 5106 verum
2107 5060 2161 5107 et
2183 5052 2348 5122 ﬁgura
2374 5052 2603 5106 habeant
2628 5053 2767 5108 inter
2787 5066 2845 5107 se
2865 5052 3063 5123 aliquid
3085 5068 3402 5109 commune:

1827 5159 1922 5215 par
1962 5154 2046 5200 est
2084 5144 2226 5199 enim
2274 5145 2470 5215 figura,
2506 5144 2672 5199 virtus
2713 5154 2891 5201 autem
2934 5161 3288 5217 nequaquam.
3331 5148 3404 5202 lia

1823 5238 1982 5294 etiam
2010 5238 2062 5292 in
2084 5238 2218 5293 cazlo
2240 5247 2293 5293 et
2316 5238 2368 5292 in
2399 5239 2774 5305 tabernaculo;
2807 5250 2922 5295 erat
2942 5241 3082 5296 enim
3110 5257 3202 5311 par
3224 5250 3401 5313 typus,

1824 5338 1979 5385 erant
2002 5330 2144 5385 enim
2177 5340 2393 5396 sancta;
2439 5331 2607 5385 virtus
2635 5343 2813 5387 autem
2845 5344 2899 5388 et
2928 5332 3033 5387 alia
3060 5348 3165 5388 non
3193 5334 3403 5389 eadem.

1824 5420 1961 5489 Quid
2001 5431 2104 5487 est,
2151 5422 2233 5475 Ad
2277 5422 2653 5477 destitutionem
2689 5424 2878 5490 peccati
2904 5441 2994 5494 per
3019 5425 3233 5479 hostium
3262 5443 3410 5481 suum

1825 5515 2114 5585 apparuit?
2162 5514 2290 5584 quid
2334 5525 2416 5571 est
2456 5516 2768 5571 destitutio?
2809 5517 3119 5586 Abrngatio,
3163 5526 3407 5572 content-

1825 5608 1970 5677 ptio;
2020 5618 2296 5678 peceatum
2353 5624 2456 5664 non
2514 5608 2674 5664 habet
2712 5609 2937 5678 amplius
2976 5609 3221 5664 ﬁduciam
3264 5628 3279 5662 :
3316 5610 3410 5663 de.

1825 5699 2063 5755 stitutum
2117 5702 2259 5756 enim
2308 5710 2390 5758 est
2441 5708 2739 5772 peccatum.
2796 5699 3115 5767 Quomodo?
3171 5698 3411 5756 Debebat
