4002 6426
565 403 774 459 [amttam
805 384 1094 452 suscipere,
1126 396 1229 432 non
1258 376 1490 443 suscepit
1522 382 1699 424 autem
1727 387 1737 419 :
1766 368 1867 421 hoc
1896 376 2007 429 cst,
2037 363 2142 416 vim

563 456 646 536 est
690 494 903 551 passum
933 491 946 528 :
976 471 1190 544 quando
1216 468 1562 539 eXSpectabat
1602 464 1718 518 fore
1760 470 1822 516 ut
1862 472 2052 514 omnes
2080 456 2148 512 de

587 546 763 623 medio
794 566 1020 624 tolleret,
1037 560 1209 629 ipsum
1236 567 1320 610 est
1345 554 1408 608 de
1436 553 1609 606 medio
1638 550 1925 604 sublatum.
1948 546 2046 600 Per
2062 546 2156 598 he-

587 663 733 715 stiam
758 674 900 711 sitam
933 652 1209 723 apparuit;
1245 650 1347 703 hoc
1372 656 1473 710 est,
1505 644 1875 698 manifestatus
1899 649 1981 694 est
2015 640 2121 692 Deo
2142 678 2156 700 ,

588 754 652 805 ad
690 765 809 804 eum
846 745 1091 801 accessit.
1138 741 1254 797 Non
1292 740 1448 810 igitur
1485 736 1735 806 quoniam
1779 730 2029 786 sacerdos
2060 729 2163 784 hoc

587 855 729 909 sa-pe
758 839 880 893 facit
907 837 958 890 in
981 851 1143 895 anno,
1165 841 1320 902 putes
1351 829 1450 881 hoc
1481 838 1764 893 utcumque
1790 832 1843 877 et
1869 836 1973 875 non
1994 820 2062 873 ob
2086 819 2165 871 in-

592 908 894 983 ﬁrmitatem
925 924 1040 978 ﬁeri
1068 940 1080 976 :
1108 923 1153 975 si
1182 935 1285 974 non
1308 918 1377 971 ob
1408 915 1801 979 inﬁrmitatem,
1832 926 1929 964 cur
1952 908 2163 963 tandem

594 1019 830 1073 ﬁebant?
875 1015 1098 1070 sublatis
1140 1009 1445 1064 vulneribus
1469 1048 1483 1072 ,
1524 1022 1628 1060 nou
1658 1002 1883 1073 amplius
1917 1014 2050 1070 opus
2086 1008 2168 1052 est

594 1108 1017 1164 medimmeutis.
1043 1105 1327 1173 Propterea
1346 1098 1522 1168 jussit.
1544 1096 1726 1164 inquit,
1756 1108 1971 1163 semper
1990 1090 2166 1144 alicrri

595 1210 813 1269 propter
841 1196 1199 1253 iuﬁrtuitatem
1228 1233 1243 1257 ,
1273 1202 1433 1257 utque
1464 1196 1679 1258 peccata
1707 1191 2087 1238 revocarentur
2114 1180 2167 1233 in

597 1291 931 1348 memoriam.
982 1285 1119 1352 Quid
1160 1283 1319 1337 vero?
1362 1294 1537 1333 annon
1581 1291 1677 1330 nos
1714 1273 1951 1344 quotidie
1988 1271 2169 1325 oll‘eri-

600 1382 752 1437 Inus?
780 1380 1061 1435 Olferimus
1087 1375 1323 1445 quidem,
1344 1371 1435 1425 sed
1462 1369 1576 1438 ejus
1606 1380 1831 1420 mortem
1861 1377 2171 1418 revocamus

601 1477 653 1529 iu
682 1472 989 1528 memoriam
1017 1489 1029 1523 :
1054 1478 1106 1523 et
1128 1468 1236 1536 ipsa
1269 1481 1369 1517 una
1394 1476 1496 1527 ρει,
1522 1476 1629 1514 non
1663 1460 1863 1512 multm.
1893 1451 2172 1523 Quomodo

604 1582 702 1620 una
726 1574 827 1627 est,
849 1577 954 1616 non
978 1558 1192 1613 multae?
1217 1555 1477 1622 Quoniam
1505 1550 1672 1606 semel
1702 1549 1797 1602 fuit
1823 1549 2017 1609 oblata,
2039 1548 2175 1599 sicut

605 1657 691 1709 illa
721 1653 818 1706 fuit
848 1653 899 1705 in
931 1659 1113 1703 sancta
1140 1654 1467 1701 sanctorum.
1502 1641 1614 1694 lloc
1644 1648 1726 1693 est
1754 1639 1918 1705 ﬁgura
1945 1636 2105 1696 illius,
2124 1644 2177 1687 et

606 1749 715 1815 ipsa
758 1744 946 1797 istius:
980 1737 1225 1793 eumdem
1274 1733 1415 1788 enim
1459 1745 1671 1798 semper
1710 1727 2019 1789 oﬂ'erimus,
2069 1738 2173 1777 non

605 1814 740 1888 nunc
775 1832 954 1890 aliam,
981 1843 1099 1882 cras
1125 1825 1283 1879 aliam
1309 1837 1462 1875 ovem
1483 1862 1498 1886 ,
1539 1818 1631 1874 sed
1669 1831 1880 1885 semper
1907 1814 2174 1869 eamdem.

601 1924 954 1994 Quamobrem
982 1934 1142 1972 unum
1164 1926 1245 1971 est
1266 1913 1581 1969 sacriﬁcium
1610 1918 1825 1980 prepter
1854 1909 1986 1962 hanc
2016 1908 2179 1961 ratio-

604 2035 721 2070 nein
755 2033 766 2067 :
798 2012 1032 2081 alioquin
1072 2009 1172 2062 hac
1214 2006 1419 2061 ratione
1440 2046 1454 2069 ,
1486 2003 1735 2069 quoniam
1764 2001 1944 2054 multis
1969 1999 2019 2052 in
2049 1999 2180 2052 locis

601 2105 841 2168 offertur,
866 2101 1088 2155 tnultiue
1114 2106 1238 2151 sunt
1266 2093 1504 2149 Christi?
1534 2093 1899 2159 Nequaquam,
1924 2088 2017 2142 sed
2044 2103 2180 2142 unus

604 2200 797 2267 ubique
826 2195 1091 2256 Christus,
1110 2191 1199 2261 qui
1223 2201 1277 2244 et
1305 2187 1391 2242 hic
1421 2196 1499 2241 est
1525 2185 1735 2255 plenus,
1759 2192 1812 2237 et
1840 2182 1946 2236 illic
1970 2180 2177 2248 plenus,

605 2304 768 2345 unum
798 2299 1011 2355 corpus.
1054 2283 1124 2338 Ut
1164 2294 1291 2350 ergo
1330 2277 1509 2333 multis
1536 2276 1587 2330 in
1614 2275 1746 2329 locis
1774 2272 1985 2327 oblatus
2015 2287 2180 2326 unum

607 2391 689 2437 est
712 2393 927 2449 corpus,
944 2386 998 2431 et
1026 2390 1128 2429 non
1159 2373 1319 2428 multa
1337 2384 1597 2440 corpora:
1623 2369 1695 2423 ita
1722 2367 1883 2422 etiam
1912 2382 2071 2419 unum
2102 2375 2185 2420 est

609 2469 947 2527 sacriﬁcium.
988 2464 1230 2521 Pontifex
1266 2471 1449 2518 n05ter
1490 2459 1578 2515 ille
1616 2466 1699 2514 est
1734 2458 1823 2526 qui
1860 2456 2051 2511 obtulit
2092 2456 2186 2509 ho-

610 2566 797 2626 stiam,
827 2576 945 2631 qua:
972 2574 1070 2613 nos
1100 2554 1338 2611 mundat.
1380 2551 1527 2606 lllam
1573 2563 1715 2604 nunc
1753 2563 1964 2618 quoque
2001 2547 2186 2602 oll‘eri-

613 2660 893 2725 mus,'qu:c
925 2662 1050 2706 tunc
1079 2649 1174 2703 fuit
1202 2646 1378 2703 oblata
1399 2685 1413 2707 ,
1442 2658 1559 2713 qua:
1588 2656 1695 2697 non
1722 2650 1897 2711 potest
1921 2640 2184 2695 consumi.

616 2751 725 2805 lloc
754 2750 811 2803 ﬁt
844 2749 896 2802 in
937 2743 1359 2801 recordationem
1386 2739 1505 2809 ejus
1528 2737 1668 2809 quod
1692 2750 1817 2792 tunc
1842 2734 2036 2790 factum
2061 2744 2142 2790 est
2171 2752 2184 2788 :

617 2844 731 2898 Hoc
771 2840 913 2897 enim
959 2838 1110 2907 facite
1128 2878 1144 2902 ,
1177 2835 1377 2905 inquit,
1405 2833 1457 2886 in
1482 2846 1642 2884 meam
1670 2827 2189 2883 commemorationem

619 2934 767 3007 (Luc.
796 2931 884 2986 22.
918 2929 1027 2999 19).
1060 2927 1174 2982 Non
1200 2924 1355 2980 aliam
1383 2922 1631 2987 hostiam,
1655 2920 1792 2974 sicut
1815 2916 2071 2989 pontifex,
2095 2915 2190 2971 sed

617 3023 859 3079 eamdem
886 3034 1097 3088 seraper
1126 3016 1364 3079 facimus,
1392 3012 1475 3068 vel
1504 3011 1678 3081 potius
1698 3007 1943 3064 sacriﬁcii
1972 3007 2193 3061 facimus

618 3116 1195 3175 commemorationem.
1548 3150 1580 3170 ,,

686 3200 740 3252 4.
777 3198 855 3249 Ad
880 3196 1114 3265 mysteria
1148 3195 1250 3246 sive
1280 3190 1656 3243 Eucharistiam
1694 3190 1940 3255 quomodo
1966 3196 2192 3255 apurteat

614 3284 1053 3343 accedere.——Sed
1084 3282 1333 3351 quoniam
1361 3270 1579 3333 memini
1604 3277 1760 3346 huius
1782 3277 2052 3339 sacriﬁcii,
2072 3274 2194 3329 volo

616 3393 782 3448 pauca
825 3376 975 3429 vobis
996 3374 1195 3436 dicere,
1228 3372 1319 3439 qui
1358 3368 1627 3438 mysteriis
1654 3368 1786 3421 estis
1812 3365 2037 3430 initiati,
2075 3380 2194 3433 qua:

616 3482 870 3522 mensura
896 3465 1106 3534 quidem
1132 3471 1257 3516 sunt
1302 3474 1490 3529 pauca,
1526 3472 1770 3526 magnam
1797 3466 1974 3510 autem
1998 3454 2193 3509 habent

620 3560 724 3612 vim
754 3567 805 3612 et
836 3557 1118 3610 utilitatem
1149 3570 1161 3605 :
1195 3567 1299 3605 non
1327 3550 1469 3604 enim
1512 3557 1635 3603 sunt
1662 3558 1841 3601 nostra
1861 3588 1876 3612 ,
1907 3547 2001 3601 sed
2029 3546 2194 3600 divini

620 3648 846 3718 Spiritus
876 3663 993 3715 qua:
1019 3645 1286 3698 dicuntur.
1305 3640 1439 3708 Quid
1466 3650 1545 3694 est
1575 3640 1734 3708 ergo?
1756 3638 1901 3692 Multi
1930 3638 2087 3707 hujus
2110 3654 2193 3691 sa.

620 3738 983 3796 criﬁeiiseuiel
1004 3746 1114 3790 toto
1130 3751 1270 3789 anno
1296 3741 1419 3786 sunt
1448 3731 1756 3800 participes,
1780 3729 1867 3782 alii
1896 3738 2073 3783 autem
2090 3729 2194 3795 bis,

620 3829 707 3884 alii
734 3844 859 3883 vero
896 3842 1060 3895 sirpe.
1109 3823 1188 3879 Ad
1230 3837 1417 3875 omnes
1458 3836 1586 3888 ergo
1619 3819 1843 3872 habetur
1868 3819 2061 3886 oratio,
2091 3833 2197 3871 non

622 3922 793 3975 Solum
822 3918 888 3971 ad
920 3932 1013 3971 eos
1037 3915 1123 3985 qui
1166 3915 1251 3967 hic
1281 3920 1425 3977 sunt,
1458 3910 1551 3964 scd
1578 3909 1644 3963 ad
1684 3923 1778 3963 eos
1807 3909 1966 3963 etiam
1995 3908 2083 3977 qui
2106 3923 2199 3962 se-

624 4013 750 4065 dent
782 4009 833 4061 iu
860 4008 1074 4060 deserto
1105 4022 1117 4057 :
1148 4018 1269 4056 nam
1292 4002 1367 4055 illi
1396 3999 1562 4073 semel
1590 4000 1640 4052 in
1672 4014 1813 4052 anno
1835 4008 1958 4052 sunt
1981 3997 2201 4067 partici-

627 4119 742 4171 pes,
771 4114 913 4168 saepe
938 4098 1094 4152 etiam
1125 4103 1243 4163 post
1263 4094 1397 4147 duos
1421 4107 1609 4146 annos.
1642 4090 1776 4157 Quid
1807 4092 1968 4160 ergo?
1987 4093 2203 4160 quinam

627 4201 781 4245 erunt
814 4187 967 4241 nobis
990 4187 1157 4255 magis
1173 4183 1415 4253 accepti?
1432 4199 1497 4236 an
1518 4182 1608 4252 qui
1634 4182 1824 4245 semel,
1848 4197 1913 4235 an
1932 4181 2018 4251 qui
2037 4195 2201 4249 saepe,

629 4296 694 4335 au
723 4280 812 4350 qui
842 4278 1000 4333 raro?
1026 4276 1135 4331 Nec
1165 4274 1238 4337 hi,
1268 4289 1365 4330 nec
1410 4274 1505 4339 illi,
1530 4273 1623 4328 sed
1673 4274 1706 4327 ii
1737 4273 1827 4341 qui
1855 4287 1976 4326 cum
2010 4272 2204 4325 munda

628 4371 974 4432 conscientia,
998 4368 1087 4436 qui
1109 4383 1229 4421 etttn
1258 4366 1455 4420 mundo
1476 4365 1660 4429 corde,
1686 4363 1776 4435 qui
1805 4378 1927 4417 cum
1954 4362 2058 4416 vita
2088 4377 2206 4431 quae

630 4466 756 4521 nulli
787 4474 869 4519 est
899 4464 1075 4517 affinis
1102 4462 1526 4532 reprehensioni.
1575 4459 1675 4527 Qui
1705 4467 1828 4513 sunt
1860 4457 2161 4528 hujusuiodi
2189 4498 2203 4521 ,

628 4572 843 4627 semper
866 4554 1120 4610 accedant
1147 4571 1159 4607 :
1192 4554 1281 4623 qui
1309 4568 1415 4606 non
1444 4560 1567 4605 sunt
1596 4549 1919 4620 hujusmodi,
1951 4563 2017 4603 ne
2042 4548 2209 4602 semel

627 4648 863 4719 quidem.
892 4645 1115 4713 Quare?
1157 4643 1419 4712 Quoniam
1460 4642 1562 4697 sibi
1608 4650 1826 4696 sumunt
1865 4640 2126 4710 judicium
2157 4647 2212 4693 et

627 4741 1127 4797 condemnationem
1151 4746 1205 4792 et
1235 4735 1574 4806 supplicium.
1633 4733 1743 4789 Nec
1785 4734 1994 4788 mireris
2027 4748 2040 4785 :
2075 4730 2212 4785 sicut

630 4832 771 4886 enim
796 4830 947 4885 cibus
968 4839 1157 4884 natura
1197 4843 1291 4881 sua
1321 4827 1657 4889 nutritorius,
1695 4828 1738 4879 si
1780 4826 1831 4878 in
1871 4839 1990 4879 eum
2016 4822 2213 4877 incidat

633 4922 722 4991 qui
749 4920 1010 4976 stomachi
1028 4920 1156 4974 vitio
1180 4919 1404 4984 laborat,
1430 4918 1605 4973 omnia
1627 4917 1803 4987 perdit
1824 4926 1875 4971 ct
1896 4914 2209 4983 corrumpit,

633 5022 686 5066 et
717 5012 885 5065 morbi
909 5011 966 5065 ﬁt
986 5010 1198 5065 occasio
1223 5028 1236 5063 :
1258 5010 1326 5064 ita
1348 5012 1506 5064 etiam
1539 5008 1654 5063 haec
1684 5007 1982 5062 veneranda
2012 5014 2212 5076 myste-

634 5104 732 5157 ria.
762 5101 981 5158 Frueris
1000 5116 1185 5156 mensa
1206 5101 1487 5170 spirituali,
1515 5116 1696 5155 mensa
1727 5099 1912 5168 regali,
1941 5108 1992 5152 et
2021 5099 2212 5151 iterum

635 5211 697 5250 os
745 5205 890 5249 tuum
940 5196 1052 5249 luto
1080 5192 1365 5263 inquines?
1408 5194 1561 5263 ungis
1593 5202 1881 5260 unguento,
1927 5201 1980 5244 et
2031 5204 2217 5244 rursus

636 5288 829 5358 imples
859 5286 1088 5344 [αξιοιθῖ
1138 5285 1233 5340 Dic
1273 5285 1423 5351 mibi,
1454 5301 1573 5341 cum
1604 5294 1720 5354 post
1741 5300 1937 5338 annum
1965 5300 2022 5338 es
2052 5284 2216 5352 parti-

635 5394 764 5447 ceps
783 5376 1205 5442 communionis,
1239 5377 1581 5431 existimasne
1608 5376 1952 5447 quadraginta
1975 5376 2090 5429 dies
2121 5374 2216 5429 tibi

636 5471 887 5527 sufﬁcere
912 5471 977 5524 ad
999 5470 1430 5525 emundatiouem
1455 5479 1793 5539 peccatorum
1823 5470 1987 5523 totius
2012 5477 2217 5538 tempo-

641 5563 754 5617 ris?
782 5572 979 5615 etcum
1011 5575 1196 5616 rursus
1228 5562 1543 5631 praeterierit
1591 5559 1941 5624 bebdomada,
1986 5568 2035 5613 te
2065 5559 2216 5614 dedis

643 5652 950 5724 prioribus?
986 5653 1080 5708 Dic
1109 5652 1256 5719 mihi,
1321 5653 1364 5708 si
1419 5668 1539 5709 cum
1582 5652 1928 5723 quadraginta
1974 5650 2159 5706 diebus
2188 5666 2216 5705 a

1308 281 1362 333 S.
1404 268 1679 330 JOA‘NNlS
1714 258 2185 322 CIIRYSOSTOMI
2225 253 2539 312 AﬂClllEP.
2582 249 3117 307 CONSTANTINOP.

3642 258 3649 264 '
3738 253 3823 305 13!

2266 362 2422 432 longo
2449 363 2636 417 morbo
2664 357 3024 428 convalueris,
3058 376 3242 418 rursus
3269 371 3322 417 te
3362 360 3526 416 dedas
3563 358 3697 413 cibis
3746 359 3830 409 illis

2267 451 2354 521 qui
2393 452 2610 505 morbos
2640 461 2939 520 procreant.
2966 468 3071 505 non
3095 454 3256 506 etiam
3288 454 3514 521 priorem
3548 457 3725 524 perdis
3762 459 3826 510 la.

2269 540 2490 597 liorem?
2517 542 2646 595 Nam
2689 544 2732 596 si
2772 552 3042 597 mutantur
3066 560 3183 614 qua:
3208 557 3330 600 sunt
3361 548 3643 609 naturalia,
3678 552 3827 603 multo

2270 634 2435 701 magis
2463 648 2582 703 qum
2624 634 2792 686 nostri
2840 643 2962 687 sunt
3011 634 3165 690 liberi
3212 637 3441 691 arbitrii.
3491 638 3565 694 Ut
3614 643 3827 709 exempli

2266 735 2447 784 causa,
2472 730 2659 775 natura
2690 721 2947 788 videmus,
2971 732 3024 777 et
3050 739 3207 779 sanos
3233 726 3490 781 habemus
3508 730 3693 783 oculos
3712 746 3727 792 ;
3748 732 3828 784 sed

2272 824 2413 879 Stepe
2434 827 2462 863 a
2493 812 2630 863 mala
2660 811 2970 866 habitudine
2998 813 3208 868 laeditur
3237 826 3417 870 nostra
3446 818 3660 872 videndi
3684 819 3831 874 facul-

2273 910 2373 954 tas.
2398 900 2450 954 Si
2503 916 2632 970 ergo
2660 911 2930 953 mutantur
2959 905 3216 956 naturalia
3238 946 3253 969 ,
3283 920 3460 960 annon
3484 908 3652 959 multo
3681 911 3831 977 magis

2267 1006 2384 1057 quze
2416 991 2579 1043 nostri
2607 1000 2730 1043 sunt
2757 990 2905 1043 liberi
2934 991 3179 1061 arbitrii?
3205 994 3566 1063 Quadraginta
3599 996 3715 1049 dies
3752 999 3830 1051 tri-

2269 1079 2384 1133 buis
2415 1080 2623 1133 sanitati
2656 1083 2865 1143 anima},
2892 1080 3132 1136 fortassis
3152 1094 3327 1139 autem
3355 1100 3455 1140 nec
3474 1086 3831 1156 quadraginta,

2268 1181 2322 1222 et
2352 1180 2400 1223 te
2424 1170 2582 1224 Deum
2605 1169 2843 1238 placasse
2871 1174 3184 1240 exspectas?
3208 1173 3431 1239 locaris,
3452 1191 3486 1230 o
3509 1176 3694 1230 homo.
3726 1178 3833 1234 llac

2271 1261 2411 1323 dico,
2454 1276 2558 1313 non
2611 1260 2677 1314 ab
2722 1276 2827 1314 uno
2853 1262 3146 1332 eodemque
3190 1280 3366 1317 annuo
3391 1280 3610 1321 accessu
3638 1283 3737 1321 vos
3759 1284 3833 1323 ar-

2271 1366 2419 1413 cens,
2449 1352 2540 1407 sed
2573 1352 2747 1420 potius
2774 1354 2955 1407 volens
2975 1370 3071 1407 vos
3102 1365 3360 1424 perpetuo
3386 1359 3451 1412 ad
3480 1370 3666 1413 sancta
3692 1376 3833 1416 acce-

2271 1444 2422 1497 dere.
2455 1444 2739 1512 Propterca
2778 1446 3036 1498 acclamat
3085 1448 3242 1499 etiam
3284 1449 3536 1503 sacerdos
3566 1459 3696 1504 tunc
3731 1468 3835 1505 san-

2271 1540 2384 1586 ctos
2421 1546 2634 1591 vocans.
2685 1544 2735 1586 et
2770 1549 2863 1601 per
2898 1534 3032 1589 hanc
3074 1550 3254 1590 vocem
3283 1554 3469 1593 omnes
3492 1555 3761 1605 scrutans,
3791 1556 3836 1597 ut

2274 1638 2430 1676 nemo
2475 1623 2693 1677 accedat
2721 1640 2823 1677 non
2874 1638 3220 1695 praeparatus.
3263 1629 3408 1684 Sicut
3452 1633 3597 1686 enim
3654 1636 3707 1688 in
3747 1653 3836 1689 uno

2274 1729 2454 1783 grege,
2484 1715 2536 1768 in
2564 1730 2667 1785 quo
2711 1716 2887 1779 multa;
2931 1718 3143 1785 quidem
3172 1733 3299 1773 oves
3336 1731 3462 1774 sunt
3509 1738 3681 1785 same,
3734 1727 3837 1780 alias

2272 1814 2449 1858 autem
2470 1803 2638 1873 plemc
2669 1815 2793 1858 sunt
2818 1806 3012 1868 scabie,
3045 1823 3263 1863 necesse
3290 1820 3373 1863 est
3396 1826 3526 1867 oves
3560 1827 3655 1867 eas
3682 1819 3836 1868 arceri

2272 1910 2300 1947 a
2332 1897 2475 1949 sanis
2506 1913 2521 1950 :
2555 1897 2621 1950 ita
2653 1899 2811 1952 etiam
2844 1899 2894 1951 in
2921 1898 3192 1965 Ecclesia;
3218 1902 3466 1971 quoniam
3495 1904 3617 1961 alite
3637 1908 3836 1977 quidem

2274 2002 2400 2041 oves
2421 1997 2545 2071 sunt
2573 2003 2734 2049 same.
2766 1990 2885 2044 alia:
2906 2006 3033 2044 vero
3063 1993 3197 2047 male
3221 1993 3446 2061 all‘ectxc,
3481 2011 3578 2064 per
3603 1996 3746 2052 hanc
3762 2014 3837 2052 vo-

2274 2094 2389 2133 cem
2416 2079 2511 2133 lias
2535 2092 2679 2135 arcet
2700 2082 2766 2135 ab
2796 2082 2918 2147 illis,
2947 2082 2997 2136 in
3024 2098 3237 2138 omnem
3278 2095 3481 2153 partem
3513 2087 3734 2154 obiens,
3761 2106 3839 2159 per

2278 2169 2413 2224 hanc
2435 2185 2616 2225 vocem
2646 2171 2796 2226 valde
2823 2172 3114 2227 terribilem
3136 2173 3385 2229 sacerdos
3410 2185 3634 2229 sanctos
3661 2193 3838 2232 vocans

2278 2269 2333 2314 et
2356 2261 2590 2315 trahens.
2624 2262 2752 2317 Nam
2783 2264 3033 2333 quoniam
3080 2266 3193 2320 ﬁeri
3240 2276 3351 2321 non
3382 2278 3561 2337 potest
3612 2278 3671 2324 ut
3700 2271 3839 2324 homo

2278 2352 2416 2405 norit
2444 2367 2562 2420 qua:
2588 2362 2709 2407 sunt
2736 2354 2991 2423 proximi;
3018 2354 3142 2419 Qui:
3166 2357 3317 2423 enim,
3363 2359 3557 2429 inquit,
3603 2377 3668 2414 ea:
3699 2361 3840 2414 homi-

2283 2443 2427 2495 nibus
2448 2444 2579 2496 novit
2604 2460 2717 2512 qua:
2740 2456 2855 2498 sunt
2881 2446 3117 2507 hominis,
3145 2448 3244 2501 nisi
3270 2448 3482 2515 spiritus
3509 2451 3753 2515 hominis,
3772 2454 3840 2519 qui

2277 2544 2348 2586 est
2382 2535 2436 2587 in
2474 2533 2671 2588 homine
2698 2536 2714 2603 (
2743 2536 2794 2591 1.
2824 2534 2945 2592 Cor.
2974 2536 3030 2592 2.
3065 2537 3125 2591 11
3150 2538 3206 2606 )?
3246 2538 3439 2593 emittit
3488 2538 3633 2596 hanc
3673 2558 3840 2597 vocent

2278 2636 2554 2695 postquam
2579 2637 2848 2696 peractum
2875 2627 2975 2683 fuit
3000 2629 3343 2697 sacriﬁcium,
3375 2641 3432 2687 ut
3474 2648 3644 2689 nemo
3676 2634 3842 2689 incon-

2279 2715 2508 2771 siderate
2532 2732 2629 2772 nec
2654 2725 2854 2773 temere
2878 2719 2943 2775 ad
2977 2721 3113 2777 lumc
3137 2721 3333 2778 fontem
3356 2725 3580 2779 accedat
3605 2727 3842 2795 spiritua-

2281 2808 2404 2862 lem.
2457 2807 2585 2862 Nam
2630 2808 2683 2865 in
2716 2824 2874 2881 grege
2902 2813 3071 2881 (nihil
3101 2813 3242 2868 enim
3269 2823 3414 2869 vetat
3437 2816 3737 2885 quominus
3761 2831 3840 2871 eo-

2280 2897 2398 2950 dem
2433 2913 2614 2953 rursus
2638 2908 2847 2954 utamur
2869 2902 3152 2970 exemplo)
3174 2904 3444 2959 morbidas
3469 2905 3692 2974 quidem
3722 2906 3841 2958 intus

2284 2986 2642 3049 includinms,
2696 2995 2751 3040 et
2797 2987 3095 3042 detinemus
3122 2986 3173 3042 in
3221 2987 3489 3053 tenebris,
3528 3001 3587 3043 et
3727 2989 3846 3044 aliud

2286 3077 2472 3130 damus
2512 3075 2924 3141 nutrimentum,
2979 3093 3083 3132 non
3124 3078 3494 3148 permittentes
3553 3090 3613 3134 ut
3668 3096 3841 3149 purum

2289 3167 2534 3221 hauriant
2560 3183 2760 3231 acrem,
2804 3183 2974 3237 neque
3007 3177 3063 3222 ut
3088 3169 3249 3223 herba
3298 3178 3590 3225 vescantur
3616 3172 3845 3231 sincera.

2291 3273 2465 3326 neque
2493 3267 2547 3310 ut
2576 3273 2605 3311 a
2635 3256 2779 3312 fonte
2804 3259 2893 3327 qui
2922 3267 3004 3313 est
3032 3258 3158 3312 foris
3202 3260 3402 3314 bibant.
3437 3259 3581 3329 Ergo
3612 3258 3706 3315 hic
3733 3277 3845 3327 quo-

2288 3363 2392 3415 que
2419 3348 2531 3401 Int'c
2562 3361 2657 3401 vox
2691 3356 2772 3403 est
2802 3348 2967 3401 instar
3004 3348 3278 3415 cujusdam
3312 3349 3527 3403 vinculi.
3552 3348 3673 3402 Non
3719 3360 3848 3419 [uites

2290 3436 2469 3491 dicere
2494 3454 2508 3492 :
2536 3435 2867 3501 Nesciebam,
2892 3437 3197 3507 ignorabam
3237 3437 3375 3492 hanc
3414 3452 3527 3491 rem
3570 3440 3730 3507 sequi
3771 3454 3847 3506 pe-

2291 3526 2517 3580 riculum
2545 3545 2557 3580 :
2578 3526 2806 3581 maxime
2823 3525 2921 3580 hoc
2937 3535 3262 3596 protestatus
3275 3538 3352 3582 est
3370 3528 3587 3581 Paulus.
3609 3529 3846 3583 Atdices:

2295 3616 2406 3670 Non
2438 3617 2580 3685 legi?
2623 3617 2734 3671 lloc
2779 3632 2883 3670 non
2919 3628 3002 3671 est
3048 3619 3356 3684 excusatio,
3403 3619 3498 3674 sed
3543 3623 3846 3674 accusatio:

2293 3705 2528 3776 quotidie
2552 3706 2844 3776 ingrederis
2870 3707 3150 3762 ecclesiam
3172 3747 3187 3769 ,
3220 3718 3270 3763 et
3294 3709 3395 3763 hoc
3415 3709 3594 3764 adlme
3622 3711 3849 3779 ignoras?

2363 3798 2417 3852 5.
2451 3797 2742 3852 Sacerdotis
2772 3799 2839 3850 ad
2880 3799 3115 3867 mysteria
3156 3799 3376 3853 vocantis
3415 3800 3632 3854 clamor.
3661 3802 3851 3856 —C:r-

2296 3898 2466 3942 terum
2497 3896 2555 3941 ut
2597 3902 2663 3941 ne
2700 3886 2802 3939 hoc
2830 3887 3045 3955 quidem
3074 3889 3247 3955 possis
3292 3888 3365 3941 uti
3393 3900 3683 3957 praatextu,
3713 3906 3772 3945 ea
3797 3893 3851 3943 de

2296 3991 2451 4030 causa
2475 3991 2660 4046 magna
2686 3990 2834 4041 voce,
2854 3977 3079 4031 terribili
3100 3978 3353 4042 clamore,
3375 3991 3649 4049 tamquam
3675 3998 3847 4049 πιπτει-υ.

2298 4081 2511 4120 manum
2544 4067 2732 4120 tollens
2763 4067 2813 4119 in
2845 4067 3029 4131 altum,
3062 4077 3207 4119 stans
3235 4068 3480 4122 excelsus
3524 4080 3581 4123 et
3626 4072 3850 4124 omnibus

2296 4156 2627 4220 manifestus,
2680 4166 2733 4211 et
2778 4156 2828 4210 in
2852 4156 3127 4210 tremendo
3170 4156 3258 4211 illo
3287 4158 3499 4212 silentio
3522 4159 3849 4214 vehementer

2297 4246 2617 4312 vociferans,
2668 4247 2798 4300 alios
2827 4245 3039 4316 quidem
3067 4255 3257 4314 vocat,
3297 4248 3432 4301 alios
3461 4264 3592 4303 vero
3617 4259 3760 4304 arcet
3782 4265 3849 4303 sn-

2299 4338 2490 4394 cerdos
2521 4356 2532 4390 :
2564 4354 2670 4391 non
2702 4338 2803 4391 hoc
2830 4353 2984 4390 manu
3011 4337 3229 4400 faciens,
3259 4338 3351 4391 sed
3398 4339 3574 4409 lingua
3605 4340 3792 4395 clarius
3808 4349 3849 4391 et

2298 4429 2534 4499 apertius
2563 4444 2718 4498 quam
2756 4444 2934 4481 manu.
2962 4427 3094 4482 Nam
3118 4444 3216 4481 vox
3242 4427 3327 4481 illa
3359 4427 3411 4481 in
3460 4438 3671 4485 nostras
3712 4444 3849 4483 aures

2301 4519 2560 4583 incidens,
2610 4528 2874 4589 tamquam
2909 4532 3096 4573 manus
3147 4519 3281 4572 alios
3321 4518 3537 4587 quidem
3577 4520 3787 4590 expellit
3806 4528 3849 4571 et

2301 4611 2465 4681 cjieit,
2494 4610 2629 4665 alios
2654 4622 2828 4664 autem
2852 4610 3137 4665 introducit
3160 4610 3387 4665 etsistit.
3424 4611 3516 4665 Dic
3544 4612 3694 4674 mihi,
3719 4626 3845 4680 rogo,

2303 4703 2355 4757 in
2383 4702 2674 4774 Olympicis
2715 4702 3093 4756 certaminibus
3123 4717 3297 4756 nonne
3333 4711 3437 4757 stat
3474 4718 3653 4772 ιιι-προ
3682 4718 3846 4772 magna

2303 4805 2356 4849 et
2403 4796 2506 4848 alta
2545 4809 2676 4848 voce
2726 4794 2979 4857 clamans,
3022 4802 3073 4849 et
3127 4794 3354 4848 dicens:
3386 4794 3652 4864 Numquid
3681 4796 3847 4863 aliquis

2306 4880 2709 4950 huncaccusat,
2740 4886 2878 4937 sitne
2908 4897 3115 4948 servus,
3146 4892 3237 4936 aut
3277 4883 3379 4943 fur,
3410 4893 3504 4938 aut
3532 4885 3685 4938 malis
3708 4885 3837 4938 mori

2305 4972 2439 5030 bus?
2465 4989 2779 5043 quamquam
2805 4972 2889 5027 illa
2923 4973 3208 5027 certamina
3258 4987 3362 5027 non
3390 4982 3515 5027 sunt
3558 4973 3740 5035 animi,
3766 4987 3844 5025 nec

2305 5082 2530 5129 morum,
2556 5079 2654 5119 nec
2684 5064 2896 5129 mentis,
2927 5062 3021 5117 sed
3042 5063 3244 5116 roboris
3264 5070 3318 5116 et
3345 5065 3606 5132 corporis.
3635 5062 3689 5118 Si
3717 5078 3845 5131 ergo.

2308 5160 2394 5213 tibi
2421 5168 2502 5213 est
2530 5156 2839 5212 exercitatio
2882 5169 3202 5224 corporum,
3235 5153 3457 5207 instituti
3488 5163 3545 5208 et
3584 5152 3844 5207 voluntatis

2307 5263 2497 5320 magna
2527 5249 2598 5303 sit
2637 5246 2925 5315 inquisitio,
2958 5253 3154 5312 quanto
3193 5242 3358 5312 tnagis
3387 5241 3494 5307 hic,
3524 5242 3607 5295 ubi
3638 5250 3739 5295 tota
3776 5250 3844 5293 est

2308 5342 2470 5396 animi
2500 5338 2809 5394 decertatio.
2831 5336 2946 5390 Stat
2966 5350 3092 5404 ergo
3120 5349 3258 5388 nunc
3284 5348 3495 5403 quoque
3512 5336 3596 5401 qui
3624 5342 3704 5383 est
3723 5328 3838 5397 apud

2309 5450 2405 5488 nos
2433 5446 2630 5502 praeco,
2662 5445 2764 5482 non
2805 5440 3229 5496 unumquemque
3270 5424 3442 5493 Capite
3487 5432 3663 5477 tenens
3690 5431 3737 5475 ct
3760 5420 3838 5471 ad-

2300 5542 2536 5601 ducens,
2570 5536 2662 5591 sed
2693 5548 2881 5587 omnes
2931 5528 3086 5581 simul
3134 5526 3343 5580 interno
3389 5523 3560 5591 capite
3584 5520 3847 5572 detinens:

2303 5651 2407 5690 non
2429 5632 2562 5686 alios
2594 5629 2722 5696 ipsis
2748 5623 2887 5679 sistit
2916 5628 3273 5681 accusatores,
3309 5614 3400 5670 sed
3431 5614 3572 5682 ipsos
3592 5610 3807 5677 sibiipsis
3835 5628 3844 5656 ;
