  <div class='ocr_page' id='page_1' title='image "/cluster/home/n/w/nwhite01/storage/ocr_20150623/63/hvd.32044013655725/140.png"; bbox 0 0 3988 6534; ppageno 0'>
   <div class='ocr_carea' id='block_1_1' title="bbox 144 321 1700 388">
    <p class='ocr_par' dir='ltr' id='par_1_1' title="bbox 144 321 1700 388">
     <span class='ocr_line' id='line_1_1' title="bbox 144 321 1700 388; baseline -0.009 0"><span class='ocrx_word' id='word_1_1' title='bbox 144 330 226 388; x_wconf 75' lang='grc'><strong>131</strong></span> <span class='ocrx_word' id='word_1_2' title='bbox 938 328 1003 384; x_wconf 86' lang='lat' dir='ltr'>l-.\&#39;</span> <span class='ocrx_word' id='word_1_3' title='bbox 1045 326 1259 382; x_wconf 75' lang='lat' dir='ltr'>EI‘IST.</span> <span class='ocrx_word' id='word_1_4' title='bbox 1301 326 1386 379; x_wconf 75' lang='lat' dir='ltr'>AD</span> <span class='ocrx_word' id='word_1_5' title='bbox 1428 321 1700 377; x_wconf 66' lang='grc' dir='ltr'>ΠΕΙὶῐῖίΕ(</span> 
     </span>
    </p>
   </div>
   <div class='ocr_carea' id='block_1_2' title="bbox 1803 321 2568 388">
    <p class='ocr_par' dir='ltr' id='par_1_2' title="bbox 1835 324 2568 386">
     <span class='ocr_line' id='line_1_2' title="bbox 1835 324 2568 386; baseline 0.01 -7"><span class='ocrx_word' id='word_1_6' title='bbox 1835 324 1981 380; x_wconf 75' lang='lat' dir='ltr'>CAP.</span> <span class='ocrx_word' id='word_1_7' title='bbox 2027 329 2093 383; x_wconf 79' lang='grc' dir='ltr'>Χ.</span> <span class='ocrx_word' id='word_1_8' title='bbox 2138 328 2370 385; x_wconf 57' lang='grc'><strong>1103111..</strong></span> <span class='ocrx_word' id='word_1_9' title='bbox 2408 330 2568 386; x_wconf 74' lang='lat' dir='ltr'>XVII.</span> 
     </span>
    </p>
   </div>
   <div class='ocr_carea' id='block_1_3' title="bbox 143 439 1685 518">
    <p class='ocr_par' dir='ltr' id='par_1_3' title="bbox 143 439 1685 518">
     <span class='ocr_line' id='line_1_3' title="bbox 143 439 1685 518; baseline -0.006 -17"><span class='ocrx_word' id='word_1_10' title='bbox 143 463 284 518; x_wconf 77' lang='grc' dir='ltr'>μενον</span> <span class='ocrx_word' id='word_1_11' title='bbox 306 460 317 475; x_wconf 84' lang='grc'><em>’</em></span> <span class='ocrx_word' id='word_1_12' title='bbox 372 441 680 513; x_wconf 72' lang='grc' dir='ltr'>κατηγορία</span> <span class='ocrx_word' id='word_1_13' title='bbox 720 443 1027 508; x_wconf 72' lang='grc' dir='ltr'>ἀσθενείας,</span> <span class='ocrx_word' id='word_1_14' title='bbox 1059 443 1160 495; x_wconf 87' lang='grc' dir='ltr'>ούκ</span> <span class='ocrx_word' id='word_1_15' title='bbox 1193 442 1375 511; x_wconf 79' lang='grc' dir='ltr'>ἰσχύος</span> <span class='ocrx_word' id='word_1_16' title='bbox 1406 439 1685 505; x_wconf 83' lang='grc' dir='ltr'>ἐπίδειξις.</span> 
     </span>
    </p>
   </div>
   <div class='ocr_carea' id='block_1_4' title="bbox 154 524 1697 597">
    <p class='ocr_par' dir='ltr' id='par_1_4' title="bbox 154 524 1697 597">
     <span class='ocr_line' id='line_1_4' title="bbox 154 524 1697 597; baseline -0.005 -14"><span class='ocrx_word' id='word_1_17' title='bbox 154 527 346 597; x_wconf 75' lang='grc' dir='ltr'>Ἐπειδὴ</span> <span class='ocrx_word' id='word_1_18' title='bbox 373 528 481 596; x_wconf 74' lang='grc' dir='ltr'>γὰρ</span> <span class='ocrx_word' id='word_1_19' title='bbox 512 529 547 595; x_wconf 76' lang='grc' dir='ltr'>ἡ</span> <span class='ocrx_word' id='word_1_20' title='bbox 578 524 769 596; x_wconf 81' lang='grc' dir='ltr'>πρώτη</span> <span class='ocrx_word' id='word_1_21' title='bbox 800 526 953 580; x_wconf 72' lang='grc' dir='ltr'>οὐδὲν</span> <span class='ocrx_word' id='word_1_22' title='bbox 984 528 1191 596; x_wconf 90' lang='grc' dir='ltr'>ῖσχυεν,</span> <span class='ocrx_word' id='word_1_23' title='bbox 1225 527 1257 592; x_wconf 76' lang='grc' dir='ltr'>ἡ</span> <span class='ocrx_word' id='word_1_24' title='bbox 1282 524 1510 593; x_wconf 87' lang='grc' dir='ltr'>δευτέρα</span> <span class='ocrx_word' id='word_1_25' title='bbox 1536 539 1697 592; x_wconf 84' lang='grc' dir='ltr'>προσ-</span> 
     </span>
    </p>
   </div>
   <div class='ocr_carea' id='block_1_5' title="bbox 149 606 1691 682">
    <p class='ocr_par' dir='ltr' id='par_1_5' title="bbox 149 606 1691 682">
     <span class='ocr_line' id='line_1_5' title="bbox 149 606 1691 682; baseline -0.003 -19"><span class='ocrx_word' id='word_1_26' title='bbox 149 613 373 682; x_wconf 80' lang='grc' dir='ltr'>εφέρετο·</span> <span class='ocrx_word' id='word_1_27' title='bbox 408 609 501 662; x_wconf 79' lang='grc' dir='ltr'>καὶ</span> <span class='ocrx_word' id='word_1_28' title='bbox 534 608 721 679; x_wconf 80' lang='grc' dir='ltr'>ἐπειδὴ</span> <span class='ocrx_word' id='word_1_29' title='bbox 754 610 904 662; x_wconf 74' lang='grc' dir='ltr'>οὐδὲν</span> <span class='ocrx_word' id='word_1_30' title='bbox 937 609 1076 680; x_wconf 84' lang='grc' dir='ltr'>αῦτη</span> <span class='ocrx_word' id='word_1_31' title='bbox 1106 610 1286 677; x_wconf 71' lang='grc' dir='ltr'>ἤνυεν,</span> <span class='ocrx_word' id='word_1_32' title='bbox 1323 608 1483 677; x_wconf 81' lang='grc' dir='ltr'>ἑτέρα</span> <span class='ocrx_word' id='word_1_33' title='bbox 1510 606 1691 659; x_wconf 85' lang='grc' dir='ltr'>πάλιν·</span> 
     </span>
    </p>
   </div>
   <div class='ocr_carea' id='block_1_6' title="bbox 144 686 1695 762">
    <p class='ocr_par' dir='ltr' id='par_1_6' title="bbox 144 686 1695 762">
     <span class='ocr_line' id='line_1_6' title="bbox 144 686 1695 762; baseline -0.004 -15"><span class='ocrx_word' id='word_1_34' title='bbox 144 694 262 747; x_wconf 80' lang='grc' dir='ltr'>ὥστε</span> <span class='ocrx_word' id='word_1_35' title='bbox 287 694 499 761; x_wconf 84' lang='grc' dir='ltr'>ἐλεγχος</span> <span class='ocrx_word' id='word_1_36' title='bbox 531 692 949 760; x_wconf 73' lang='grc' dir='ltr'>ἁμαρτημάτων</span> <span class='ocrx_word' id='word_1_37' title='bbox 973 688 1063 762; x_wconf 80' lang='grc' dir='ltr'>ἦν.</span> <span class='ocrx_word' id='word_1_38' title='bbox 1098 690 1172 743; x_wconf 80' lang='grc' dir='ltr'>Τὸ</span> <span class='ocrx_word' id='word_1_39' title='bbox 1203 689 1302 761; x_wconf 82' lang='grc' dir='ltr'>μὲν</span> <span class='ocrx_word' id='word_1_40' title='bbox 1331 686 1424 743; x_wconf 81' lang='grc' dir='ltr'>οὖν</span> <span class='ocrx_word' id='word_1_41' title='bbox 1452 689 1695 757; x_wconf 88' lang='grc' dir='ltr'>προσφέ-</span> 
     </span>
    </p>
   </div>
   <div class='ocr_carea' id='block_1_7' title="bbox 144 771 1697 853">
    <p class='ocr_par' dir='ltr' id='par_1_7' title="bbox 144 771 1697 853">
     <span class='ocr_line' id='line_1_7' title="bbox 144 771 1697 853; baseline -0.005 -24"><span class='ocrx_word' id='word_1_42' title='bbox 144 776 308 847; x_wconf 78' lang='grc' dir='ltr'>ρεσθαι</span> <span class='ocrx_word' id='word_1_43' title='bbox 343 776 563 843; x_wconf 79' lang='grc' dir='ltr'>ἐλεγχος</span> <span class='ocrx_word' id='word_1_44' title='bbox 603 774 1054 845; x_wconf 71' lang='grc' dir='ltr'>ἁμαρτημάτων·</span> <span class='ocrx_word' id='word_1_45' title='bbox 1111 771 1172 825; x_wconf 84' lang='grc' dir='ltr'>τὸ</span> <span class='ocrx_word' id='word_1_46' title='bbox 1204 772 1261 825; x_wconf 78' lang='grc' dir='ltr'>δὲ</span> <span class='ocrx_word' id='word_1_47' title='bbox 1311 772 1430 837; x_wconf 79' lang='grc' dir='ltr'>ἀεὶ,</span> <span class='ocrx_word' id='word_1_48' title='bbox 1478 772 1697 853; x_wconf 76' lang='grc' dir='ltr'>ἔλεγχος</span> 
     </span>
    </p>
   </div>
   <div class='ocr_carea' id='block_1_8' title="bbox 142 854 1696 927">
    <p class='ocr_par' dir='ltr' id='par_1_8' title="bbox 142 854 1696 927">
     <span class='ocr_line' id='line_1_8' title="bbox 142 854 1696 927; baseline -0.007 -12"><span class='ocrx_word' id='word_1_49' title='bbox 142 860 420 922; x_wconf 81' lang='grc' dir='ltr'>ἀσθενείας.</span> <span class='ocrx_word' id='word_1_50' title='bbox 482 858 606 910; x_wconf 81' lang='grc' dir='ltr'>Ἐπὶ</span> <span class='ocrx_word' id='word_1_51' title='bbox 647 857 704 910; x_wconf 81' lang='grc' dir='ltr'>δὲ</span> <span class='ocrx_word' id='word_1_52' title='bbox 753 858 846 909; x_wconf 89' lang='grc' dir='ltr'>τοῦ</span> <span class='ocrx_word' id='word_1_53' title='bbox 881 856 1122 927; x_wconf 84' lang='grc' dir='ltr'>Χριστοῦ</span> <span class='ocrx_word' id='word_1_54' title='bbox 1149 854 1497 909; x_wconf 76' lang='grc' dir='ltr'>τούναντίονο</span> <span class='ocrx_word' id='word_1_55' title='bbox 1554 854 1696 919; x_wconf 65' lang='lat' dir='ltr'>ama</span> 
     </span>
    </p>
   </div>
   <div class='ocr_carea' id='block_1_9' title="bbox 144 932 1697 1013">
    <p class='ocr_par' dir='ltr' id='par_1_9' title="bbox 144 932 1697 1013">
     <span class='ocr_line' id='line_1_9' title="bbox 144 932 1697 1013; baseline -0.005 -17"><span class='ocrx_word' id='word_1_56' title='bbox 144 942 485 1013; x_wconf 77' lang='grc' dir='ltr'>προσηνέχθη,</span> <span class='ocrx_word' id='word_1_57' title='bbox 523 942 617 994; x_wconf 76' lang='grc' dir='ltr'>καὶ</span> <span class='ocrx_word' id='word_1_58' title='bbox 643 941 724 1004; x_wconf 90' lang='grc' dir='ltr'>είς</span> <span class='ocrx_word' id='word_1_59' title='bbox 747 941 809 993; x_wconf 82' lang='grc' dir='ltr'>τὸ</span> <span class='ocrx_word' id='word_1_60' title='bbox 837 941 925 993; x_wconf 75' lang='grc' dir='ltr'>ἀεὶ</span> <span class='ocrx_word' id='word_1_61' title='bbox 951 941 1180 1011; x_wconf 71' lang='grc' dir='ltr'>ἢρκεσε.</span> <span class='ocrx_word' id='word_1_62' title='bbox 1218 940 1326 993; x_wconf 78' lang='grc' dir='ltr'>Καὶ</span> <span class='ocrx_word' id='word_1_63' title='bbox 1346 937 1525 1001; x_wconf 85' lang='grc' dir='ltr'>καλῶς</span> <span class='ocrx_word' id='word_1_64' title='bbox 1546 932 1697 990; x_wconf 76' lang='grc' dir='ltr'>εἶπεν</span> 
     </span>
    </p>
   </div>
   <div class='ocr_carea' id='block_1_10' title="bbox 145 1019 1698 1094">
    <p class='ocr_par' dir='ltr' id='par_1_10' title="bbox 145 1019 1698 1094">
     <span class='ocr_line' id='line_1_10' title="bbox 145 1019 1698 1094; baseline -0.005 -15"><span class='ocrx_word' id='word_1_65' title='bbox 145 1029 304 1079; x_wconf 83' lang='grc' dir='ltr'>ἐκεῖνα</span> <span class='ocrx_word' id='word_1_66' title='bbox 328 1025 601 1077; x_wconf 77' lang='grc' dir='ltr'>ἀντίτυπα</span> <span class='ocrx_word' id='word_1_67' title='bbox 624 1040 639 1053; x_wconf 76' lang='grc'><strong>⁸</strong></span> <span class='ocrx_word' id='word_1_68' title='bbox 677 1025 787 1094; x_wconf 84' lang='grc' dir='ltr'>ἀρα</span> <span class='ocrx_word' id='word_1_69' title='bbox 816 1023 986 1077; x_wconf 90' lang='grc' dir='ltr'>τύπον</span> <span class='ocrx_word' id='word_1_70' title='bbox 1016 1024 1126 1093; x_wconf 77' lang='grc' dir='ltr'>ἔχει</span> <span class='ocrx_word' id='word_1_71' title='bbox 1157 1024 1336 1094; x_wconf 81' lang='grc' dir='ltr'>μόνον,</span> <span class='ocrx_word' id='word_1_72' title='bbox 1366 1021 1486 1092; x_wconf 80' lang='grc' dir='ltr'>ούχὶ</span> <span class='ocrx_word' id='word_1_73' title='bbox 1513 1021 1570 1073; x_wconf 82' lang='grc' dir='ltr'>δὲ</span> <span class='ocrx_word' id='word_1_74' title='bbox 1602 1019 1698 1072; x_wconf 72' lang='grc' dir='ltr'>καὶ</span> 
     </span>
    </p>
   </div>
   <div class='ocr_carea' id='block_1_11' title="bbox 142 1102 1694 1179">
    <p class='ocr_par' dir='ltr' id='par_1_11' title="bbox 142 1102 1694 1179">
     <span class='ocr_line' id='line_1_11' title="bbox 142 1102 1694 1179; baseline -0.005 -18"><span class='ocrx_word' id='word_1_75' title='bbox 142 1112 227 1178; x_wconf 77' lang='grc' dir='ltr'>τὴν</span> <span class='ocrx_word' id='word_1_76' title='bbox 265 1108 409 1178; x_wconf 86' lang='grc' dir='ltr'>ίσχύν</span> <span class='ocrx_word' id='word_1_77' title='bbox 438 1123 455 1139; x_wconf 86' lang='grc'><strong>·</strong></span> <span class='ocrx_word' id='word_1_78' title='bbox 509 1108 700 1179; x_wconf 81' lang='grc' dir='ltr'>ὥσπερ</span> <span class='ocrx_word' id='word_1_79' title='bbox 750 1108 843 1160; x_wconf 75' lang='grc' dir='ltr'>ἐπὶ</span> <span class='ocrx_word' id='word_1_80' title='bbox 884 1108 992 1161; x_wconf 83' lang='grc' dir='ltr'>τῶν</span> <span class='ocrx_word' id='word_1_81' title='bbox 1018 1107 1244 1160; x_wconf 77' lang='grc' dir='ltr'>εἰκόνιον</span> <span class='ocrx_word' id='word_1_82' title='bbox 1267 1106 1435 1160; x_wconf 83' lang='grc' dir='ltr'>τύπον</span> <span class='ocrx_word' id='word_1_83' title='bbox 1460 1105 1571 1175; x_wconf 75' lang='grc' dir='ltr'>ἔχει</span> <span class='ocrx_word' id='word_1_84' title='bbox 1603 1102 1694 1156; x_wconf 88' lang='grc' dir='ltr'>τοῦ</span> 
     </span>
    </p>
   </div>
   <div class='ocr_carea' id='block_1_12' title="bbox 146 1184 1699 1262">
    <p class='ocr_par' dir='ltr' id='par_1_12' title="bbox 146 1184 1699 1262">
     <span class='ocr_line' id='line_1_12' title="bbox 146 1184 1699 1262; baseline -0.005 -17"><span class='ocrx_word' id='word_1_85' title='bbox 146 1192 401 1262; x_wconf 70' lang='grc' dir='ltr'>ἀνθρώπου</span> <span class='ocrx_word' id='word_1_86' title='bbox 431 1192 465 1259; x_wconf 79' lang='grc' dir='ltr'>ἡ</span> <span class='ocrx_word' id='word_1_87' title='bbox 499 1189 696 1255; x_wconf 88' lang='grc' dir='ltr'>εἰκὼν,</span> <span class='ocrx_word' id='word_1_88' title='bbox 732 1191 853 1260; x_wconf 69' lang='grc' dir='ltr'>οὐχ).</span> <span class='ocrx_word' id='word_1_89' title='bbox 884 1191 985 1260; x_wconf 81' lang='grc' dir='ltr'>τὴν</span> <span class='ocrx_word' id='word_1_90' title='bbox 1018 1190 1191 1260; x_wconf 81' lang='grc' dir='ltr'>ἰσχύν.</span> <span class='ocrx_word' id='word_1_91' title='bbox 1220 1190 1385 1242; x_wconf 84' lang='grc' dir='ltr'>Ὥστε</span> <span class='ocrx_word' id='word_1_92' title='bbox 1415 1188 1477 1241; x_wconf 85' lang='grc' dir='ltr'>τὸ</span> <span class='ocrx_word' id='word_1_93' title='bbox 1502 1184 1699 1255; x_wconf 84' lang='grc' dir='ltr'>ἀληθὲς</span> 
     </span>
    </p>
   </div>
   <div class='ocr_carea' id='block_1_13' title="bbox 148 1270 1697 1342">
    <p class='ocr_par' dir='ltr' id='par_1_13' title="bbox 148 1270 1697 1342">
     <span class='ocr_line' id='line_1_13' title="bbox 148 1270 1697 1342; baseline -0.005 -15"><span class='ocrx_word' id='word_1_94' title='bbox 148 1277 225 1327; x_wconf 74' lang='grc' dir='ltr'>καὶ</span> <span class='ocrx_word' id='word_1_95' title='bbox 248 1278 273 1328; x_wconf 99' lang='lat'>6</span> <span class='ocrx_word' id='word_1_96' title='bbox 293 1275 457 1338; x_wconf 85' lang='grc' dir='ltr'>τύπος</span> <span class='ocrx_word' id='word_1_97' title='bbox 492 1273 844 1328; x_wconf 84' lang='grc' dir='ltr'>κοινωνοῦσιν</span> <span class='ocrx_word' id='word_1_98' title='bbox 872 1272 1122 1341; x_wconf 78' lang='grc' dir='ltr'>ἀλλήλοις</span> <span class='ocrx_word' id='word_1_99' title='bbox 1139 1290 1153 1303; x_wconf 91' lang='grc'><strong>·</strong></span> <span class='ocrx_word' id='word_1_100' title='bbox 1184 1275 1213 1325; x_wconf 92' lang='lat'>6</span> <span class='ocrx_word' id='word_1_101' title='bbox 1236 1275 1343 1342; x_wconf 74' lang='grc' dir='ltr'>γὰρ</span> <span class='ocrx_word' id='word_1_102' title='bbox 1366 1270 1535 1333; x_wconf 83' lang='grc' dir='ltr'>τύπος</span> <span class='ocrx_word' id='word_1_103' title='bbox 1563 1270 1697 1332; x_wconf 87' lang='grc' dir='ltr'>ίσος,</span> 
     </span>
    </p>
   </div>
   <div class='ocr_carea' id='block_1_14' title="bbox 146 1350 1694 1427">
    <p class='ocr_par' dir='ltr' id='par_1_14' title="bbox 146 1350 1694 1427">
     <span class='ocr_line' id='line_1_14' title="bbox 146 1350 1694 1427; baseline -0.005 -17"><span class='ocrx_word' id='word_1_104' title='bbox 146 1362 176 1426; x_wconf 73' lang='grc' dir='ltr'><strong>ἡ</strong></span> <span class='ocrx_word' id='word_1_105' title='bbox 213 1358 263 1410; x_wconf 81' lang='grc' dir='ltr'>δὲ</span> <span class='ocrx_word' id='word_1_106' title='bbox 313 1358 461 1427; x_wconf 75' lang='grc' dir='ltr'>ἰσχὺς</span> <span class='ocrx_word' id='word_1_107' title='bbox 515 1357 725 1410; x_wconf 84' lang='grc' dir='ltr'>ούκέτι.</span> <span class='ocrx_word' id='word_1_108' title='bbox 783 1355 940 1409; x_wconf 75' lang='grc' dir='ltr'>Οὕτω</span> <span class='ocrx_word' id='word_1_109' title='bbox 966 1355 1028 1426; x_wconf 78' lang='grc' dir='ltr'>δὴ</span> <span class='ocrx_word' id='word_1_110' title='bbox 1075 1354 1170 1408; x_wconf 77' lang='grc' dir='ltr'>καὶ</span> <span class='ocrx_word' id='word_1_111' title='bbox 1202 1355 1293 1407; x_wconf 72' lang='grc' dir='ltr'>ἐπὶ</span> <span class='ocrx_word' id='word_1_112' title='bbox 1320 1352 1415 1406; x_wconf 88' lang='grc' dir='ltr'>τοῦ</span> <span class='ocrx_word' id='word_1_113' title='bbox 1445 1350 1694 1423; x_wconf 81' lang='grc' dir='ltr'>ούρανοῦ,</span> 
     </span>
    </p>
   </div>
   <div class='ocr_carea' id='block_1_15' title="bbox 146 1430 1695 1511">
    <p class='ocr_par' dir='ltr' id='par_1_15' title="bbox 146 1430 1695 1511">
     <span class='ocr_line' id='line_1_15' title="bbox 146 1430 1695 1511; baseline 0.003 -18"><span class='ocrx_word' id='word_1_114' title='bbox 146 1443 225 1493; x_wconf 71' lang='grc' dir='ltr'>καὶ</span> <span class='ocrx_word' id='word_1_115' title='bbox 272 1442 359 1493; x_wconf 76' lang='grc' dir='ltr'>ἐπὶ</span> <span class='ocrx_word' id='word_1_116' title='bbox 406 1444 506 1511; x_wconf 83' lang='grc' dir='ltr'>τῆς</span> <span class='ocrx_word' id='word_1_117' title='bbox 549 1442 798 1510; x_wconf 75' lang='grc' dir='ltr'>σκηνῆςο</span> <span class='ocrx_word' id='word_1_118' title='bbox 862 1442 890 1493; x_wconf 89' lang='lat'>6</span> <span class='ocrx_word' id='word_1_119' title='bbox 939 1439 1037 1510; x_wconf 76' lang='grc' dir='ltr'>μὲν</span> <span class='ocrx_word' id='word_1_120' title='bbox 1086 1437 1195 1507; x_wconf 84' lang='grc' dir='ltr'>γὰρ</span> <span class='ocrx_word' id='word_1_121' title='bbox 1248 1436 1419 1500; x_wconf 80' lang='grc' dir='ltr'>τύπος</span> <span class='ocrx_word' id='word_1_122' title='bbox 1457 1436 1569 1497; x_wconf 71' lang='grc' dir='ltr'>ἴσος</span> <span class='ocrx_word' id='word_1_123' title='bbox 1608 1430 1695 1505; x_wconf 72' lang='grc' dir='ltr'>ἦν.</span> 
     </span>
    </p>
   </div>
   <div class='ocr_carea' id='block_1_16' title="bbox 146 1517 1695 1595">
    <p class='ocr_par' dir='ltr' id='par_1_16' title="bbox 146 1517 1695 1595">
     <span class='ocr_line' id='line_1_16' title="bbox 146 1517 1695 1595; baseline -0.005 -17"><span class='ocrx_word' id='word_1_124' title='bbox 146 1526 261 1592; x_wconf 76' lang='grc' dir='ltr'>ἅγια</span> <span class='ocrx_word' id='word_1_125' title='bbox 287 1525 389 1595; x_wconf 81' lang='grc' dir='ltr'>γάρ</span> <span class='ocrx_word' id='word_1_126' title='bbox 413 1521 504 1594; x_wconf 78' lang='grc' dir='ltr'>ἦν·</span> <span class='ocrx_word' id='word_1_127' title='bbox 541 1526 575 1594; x_wconf 80' lang='grc' dir='ltr'>ἡ</span> <span class='ocrx_word' id='word_1_128' title='bbox 605 1524 660 1576; x_wconf 83' lang='grc' dir='ltr'>δὲ</span> <span class='ocrx_word' id='word_1_129' title='bbox 695 1523 924 1594; x_wconf 89' lang='grc' dir='ltr'>δύναμις</span> <span class='ocrx_word' id='word_1_130' title='bbox 956 1523 1050 1574; x_wconf 73' lang='grc' dir='ltr'>καὶ</span> <span class='ocrx_word' id='word_1_131' title='bbox 1075 1523 1143 1573; x_wconf 74' lang='grc' dir='ltr'>τά</span> <span class='ocrx_word' id='word_1_132' title='bbox 1170 1520 1325 1584; x_wconf 79' lang='grc' dir='ltr'>ἄλλα,</span> <span class='ocrx_word' id='word_1_133' title='bbox 1356 1519 1417 1572; x_wconf 84' lang='grc' dir='ltr'>οὐ</span> <span class='ocrx_word' id='word_1_134' title='bbox 1442 1517 1515 1572; x_wconf 83' lang='grc' dir='ltr'>τὰ</span> <span class='ocrx_word' id='word_1_135' title='bbox 1537 1517 1695 1571; x_wconf 86' lang='grc' dir='ltr'>αὑτά.</span> 
     </span>
    </p>
   </div>
   <div class='ocr_carea' id='block_1_17' title="bbox 145 1600 1699 1673">
    <p class='ocr_par' dir='ltr' id='par_1_17' title="bbox 145 1600 1699 1673">
     <span class='ocr_line' id='line_1_17' title="bbox 145 1600 1699 1673; baseline -0.005 -14"><span class='ocrx_word' id='word_1_136' title='bbox 145 1608 202 1659; x_wconf 86' lang='grc' dir='ltr'>Τί</span> <span class='ocrx_word' id='word_1_137' title='bbox 231 1610 364 1660; x_wconf 84' lang='grc' dir='ltr'>ἐστιν</span> <span class='ocrx_word' id='word_1_138' title='bbox 382 1647 398 1670; x_wconf 92' lang='grc'>,</span> <span class='ocrx_word' id='word_1_139' title='bbox 439 1609 545 1671; x_wconf 65' lang='lat' dir='ltr'>El;</span> <span class='ocrx_word' id='word_1_140' title='bbox 574 1604 868 1672; x_wconf 81' lang='grc' dir='ltr'>ἀθέτησιν</span> <span class='ocrx_word' id='word_1_141' title='bbox 894 1604 1179 1673; x_wconf 79' lang='grc' dir='ltr'>ἁμαρτίας</span> <span class='ocrx_word' id='word_1_142' title='bbox 1226 1602 1320 1656; x_wconf 80' lang='grc' dir='ltr'>διὰ</span> <span class='ocrx_word' id='word_1_143' title='bbox 1349 1600 1457 1669; x_wconf 83' lang='grc' dir='ltr'>τῆς</span> <span class='ocrx_word' id='word_1_144' title='bbox 1482 1601 1699 1665; x_wconf 81' lang='grc' dir='ltr'>θυσίας</span> 
     </span>
    </p>
   </div>
   <div class='ocr_carea' id='block_1_18' title="bbox 144 1684 1696 1759">
    <p class='ocr_par' dir='ltr' id='par_1_18' title="bbox 144 1684 1696 1759">
     <span class='ocr_line' id='line_1_18' title="bbox 144 1684 1696 1759; baseline -0.005 -15"><span class='ocrx_word' id='word_1_145' title='bbox 144 1691 309 1746; x_wconf 78' lang='grc' dir='ltr'>αὐτοῦ</span> <span class='ocrx_word' id='word_1_146' title='bbox 362 1692 773 1759; x_wconf 54' lang='grc' dir='ltr'>πεφανέρωται</span> <span class='ocrx_word' id='word_1_147' title='bbox 802 1705 820 1750; x_wconf 90' lang='lat'>;</span> <span class='ocrx_word' id='word_1_148' title='bbox 854 1688 907 1741; x_wconf 89' lang='grc' dir='ltr'>τί</span> <span class='ocrx_word' id='word_1_149' title='bbox 960 1690 1109 1739; x_wconf 89' lang='grc' dir='ltr'>ἐστιν</span> <span class='ocrx_word' id='word_1_150' title='bbox 1159 1686 1464 1755; x_wconf 84' lang='grc' dir='ltr'>ἀθέτησις;</span> <span class='ocrx_word' id='word_1_151' title='bbox 1524 1684 1696 1737; x_wconf 86' lang='grc' dir='ltr'>Τουτ-</span> 
     </span>
    </p>
   </div>
   <div class='ocr_carea' id='block_1_19' title="bbox 145 1768 1697 1844">
    <p class='ocr_par' dir='ltr' id='par_1_19' title="bbox 145 1768 1697 1844">
     <span class='ocr_line' id='line_1_19' title="bbox 145 1768 1697 1844; baseline -0.005 -17"><span class='ocrx_word' id='word_1_152' title='bbox 145 1778 274 1837; x_wconf 77' lang='grc' dir='ltr'>ἐστι,</span> <span class='ocrx_word' id='word_1_153' title='bbox 319 1774 723 1844; x_wconf 76' lang='grc' dir='ltr'>καταφρόνησις</span> <span class='ocrx_word' id='word_1_154' title='bbox 762 1788 777 1803; x_wconf 91' lang='grc'><strong>·</strong></span> <span class='ocrx_word' id='word_1_155' title='bbox 826 1770 1009 1824; x_wconf 79' lang='grc' dir='ltr'>οὐκέτι</span> <span class='ocrx_word' id='word_1_156' title='bbox 1065 1770 1172 1840; x_wconf 82' lang='grc' dir='ltr'>γὰρ</span> <span class='ocrx_word' id='word_1_157' title='bbox 1223 1769 1536 1841; x_wconf 74' lang='grc' dir='ltr'>παρρησίαν</span> <span class='ocrx_word' id='word_1_158' title='bbox 1586 1768 1697 1837; x_wconf 75' lang='grc' dir='ltr'>ἔχει</span> 
     </span>
    </p>
   </div>
   <div class='ocr_carea' id='block_1_20' title="bbox 144 1852 1699 1929">
    <p class='ocr_par' dir='ltr' id='par_1_20' title="bbox 144 1852 1699 1929">
     <span class='ocr_line' id='line_1_20' title="bbox 144 1852 1699 1929; baseline -0.005 -20"><span class='ocrx_word' id='word_1_159' title='bbox 144 1860 171 1926; x_wconf 76' lang='grc' dir='ltr'>ἡ</span> <span class='ocrx_word' id='word_1_160' title='bbox 222 1858 489 1929; x_wconf 80' lang='grc' dir='ltr'>ἁμαρτία·</span> <span class='ocrx_word' id='word_1_161' title='bbox 543 1855 809 1925; x_wconf 65' lang='grc' dir='ltr'>ἣθέτηται</span> <span class='ocrx_word' id='word_1_162' title='bbox 858 1854 988 1925; x_wconf 87' lang='grc' dir='ltr'>γάρ.</span> <span class='ocrx_word' id='word_1_163' title='bbox 1043 1854 1202 1916; x_wconf 87' lang='grc' dir='ltr'>Πῶς;</span> <span class='ocrx_word' id='word_1_164' title='bbox 1248 1853 1561 1920; x_wconf 85' lang='grc' dir='ltr'>Ὀφείλουσα</span> <span class='ocrx_word' id='word_1_165' title='bbox 1602 1852 1699 1918; x_wconf 74' lang='grc' dir='ltr'>μὲν</span> 
     </span>
    </p>
   </div>
   <div class='ocr_carea' id='block_1_21' title="bbox 146 1933 1697 2000">
    <p class='ocr_par' dir='ltr' id='par_1_21' title="bbox 146 1933 1697 2000">
     <span class='ocr_line' id='line_1_21' title="bbox 146 1933 1697 2000; baseline -0.005 -8"><span class='ocrx_word' id='word_1_166' title='bbox 146 1940 414 1992; x_wconf 78' lang='grc' dir='ltr'>ἀπολαϐεῖν</span> <span class='ocrx_word' id='word_1_167' title='bbox 467 1936 713 2000; x_wconf 59' lang='grc' dir='ltr'>κτλλασιν,</span> <span class='ocrx_word' id='word_1_168' title='bbox 743 1936 844 1989; x_wconf 80' lang='grc' dir='ltr'>οὐκ</span> <span class='ocrx_word' id='word_1_169' title='bbox 886 1934 1235 1989; x_wconf 87' lang='grc' dir='ltr'>ἀπολαϐοῦσα</span> <span class='ocrx_word' id='word_1_170' title='bbox 1286 1934 1379 1987; x_wconf 85' lang='grc' dir='ltr'>δέ’</span> <span class='ocrx_word' id='word_1_171' title='bbox 1429 1933 1697 1997; x_wconf 76' lang='grc' dir='ltr'>τουτέστι,</span> 
     </span>
    </p>
   </div>
   <div class='ocr_carea' id='block_1_22' title="bbox 146 2016 1699 2092">
    <p class='ocr_par' dir='ltr' id='par_1_22' title="bbox 146 2016 1699 2092">
     <span class='ocr_line' id='line_1_22' title="bbox 146 2016 1699 2092; baseline -0.004 -18"><span class='ocrx_word' id='word_1_172' title='bbox 146 2024 252 2092; x_wconf 83' lang='grc' dir='ltr'>βίαν</span> <span class='ocrx_word' id='word_1_173' title='bbox 280 2022 475 2074; x_wconf 77' lang='grc' dir='ltr'>ἔπαθεν</span> <span class='ocrx_word' id='word_1_174' title='bbox 501 2039 515 2050; x_wconf 75' lang='grc' dir='ltr'>ο</span> <span class='ocrx_word' id='word_1_175' title='bbox 547 2022 637 2072; x_wconf 80' lang='grc' dir='ltr'>ὅτε</span> <span class='ocrx_word' id='word_1_176' title='bbox 677 2018 1047 2090; x_wconf 84' lang='grc' dir='ltr'>προσεδόκησε</span> <span class='ocrx_word' id='word_1_177' title='bbox 1089 2019 1295 2081; x_wconf 84' lang='grc' dir='ltr'>πάντας</span> <span class='ocrx_word' id='word_1_178' title='bbox 1321 2017 1548 2080; x_wconf 83' lang='grc' dir='ltr'>άνελεῖν,</span> <span class='ocrx_word' id='word_1_179' title='bbox 1579 2016 1699 2069; x_wconf 88' lang='grc' dir='ltr'>τότε</span> 
     </span>
    </p>
   </div>
   <div class='ocr_carea' id='block_1_23' title="bbox 145 2099 1695 2175">
    <p class='ocr_par' dir='ltr' id='par_1_23' title="bbox 145 2099 1695 2175">
     <span class='ocr_line' id='line_1_23' title="bbox 145 2099 1695 2175; baseline -0.003 -19"><span class='ocrx_word' id='word_1_180' title='bbox 145 2105 383 2175; x_wconf 75' lang='grc' dir='ltr'>ἀνῃρέθη.</span> <span class='ocrx_word' id='word_1_181' title='bbox 403 2104 505 2157; x_wconf 83' lang='grc' dir='ltr'>Διὰ</span> <span class='ocrx_word' id='word_1_182' title='bbox 521 2102 631 2171; x_wconf 85' lang='grc' dir='ltr'>τῆς</span> <span class='ocrx_word' id='word_1_183' title='bbox 646 2102 865 2167; x_wconf 79' lang='grc' dir='ltr'>θυσίας</span> <span class='ocrx_word' id='word_1_184' title='bbox 879 2100 1087 2165; x_wconf 84' lang='grc' dir='ltr'>αὐτοῦ,</span> <span class='ocrx_word' id='word_1_185' title='bbox 1102 2101 1256 2169; x_wconf 80' lang='grc' dir='ltr'>φησὶ,</span> <span class='ocrx_word' id='word_1_186' title='bbox 1270 2099 1695 2168; x_wconf 60' lang='grc' dir='ltr'>πεφανέρωταν</span> 
     </span>
    </p>
   </div>
   <div class='ocr_carea' id='block_1_24' title="bbox 144 2181 1699 2255">
    <p class='ocr_par' dir='ltr' id='par_1_24' title="bbox 144 2181 1699 2255">
     <span class='ocr_line' id='line_1_24' title="bbox 144 2181 1699 2255; baseline -0.005 -15"><span class='ocrx_word' id='word_1_187' title='bbox 144 2190 417 2251; x_wconf 73' lang='grc' dir='ltr'>τουτέστιν,</span> <span class='ocrx_word' id='word_1_188' title='bbox 462 2184 787 2255; x_wconf 81' lang='grc' dir='ltr'>ἐφανερώθη</span> <span class='ocrx_word' id='word_1_189' title='bbox 838 2184 916 2255; x_wconf 79' lang='grc' dir='ltr'>τῷ</span> <span class='ocrx_word' id='word_1_190' title='bbox 955 2181 1074 2253; x_wconf 79' lang='grc' dir='ltr'>θεῷ</span> <span class='ocrx_word' id='word_1_191' title='bbox 1124 2183 1220 2235; x_wconf 69' lang='grc' dir='ltr'>καὶ</span> <span class='ocrx_word' id='word_1_192' title='bbox 1267 2182 1561 2253; x_wconf 89' lang='grc' dir='ltr'>προσῆλθε.</span> <span class='ocrx_word' id='word_1_193' title='bbox 1608 2182 1699 2251; x_wconf 85' lang='grc' dir='ltr'>Μὴ</span> 
     </span>
    </p>
   </div>
   <div class='ocr_carea' id='block_1_25' title="bbox 143 2264 1700 2341">
    <p class='ocr_par' dir='ltr' id='par_1_25' title="bbox 143 2264 1700 2341">
     <span class='ocr_line' id='line_1_25' title="bbox 143 2264 1700 2341; baseline -0.004 -20"><span class='ocrx_word' id='word_1_194' title='bbox 143 2268 238 2331; x_wconf 75' lang='grc' dir='ltr'>οὖν,</span> <span class='ocrx_word' id='word_1_195' title='bbox 254 2270 431 2341; x_wconf 80' lang='grc' dir='ltr'>ἐπειδὴ</span> <span class='ocrx_word' id='word_1_196' title='bbox 452 2270 481 2322; x_wconf 87' lang='lat'>6</span> <span class='ocrx_word' id='word_1_197' title='bbox 505 2270 685 2337; x_wconf 76' lang='grc' dir='ltr'>ἱερεὺς</span> <span class='ocrx_word' id='word_1_198' title='bbox 710 2266 971 2329; x_wconf 75' lang='grc' dir='ltr'>πολλάκις</span> <span class='ocrx_word' id='word_1_199' title='bbox 996 2265 1155 2319; x_wconf 89' lang='grc' dir='ltr'>τοῦτο</span> <span class='ocrx_word' id='word_1_200' title='bbox 1178 2266 1350 2318; x_wconf 79' lang='grc' dir='ltr'>ἐποίει</span> <span class='ocrx_word' id='word_1_201' title='bbox 1368 2278 1393 2305; x_wconf 81' lang='grc' dir='ltr'>ιι</span> <span class='ocrx_word' id='word_1_202' title='bbox 1409 2264 1499 2317; x_wconf 76' lang='grc' dir='ltr'>τοῦ</span> <span class='ocrx_word' id='word_1_203' title='bbox 1518 2269 1700 2317; x_wconf 84' lang='grc' dir='ltr'>ἐνιαυ-</span> 
     </span>
    </p>
   </div>
   <div class='ocr_carea' id='block_1_26' title="bbox 144 2345 1702 2424">
    <p class='ocr_par' dir='ltr' id='par_1_26' title="bbox 144 2345 1702 2424">
     <span class='ocr_line' id='line_1_26' title="bbox 144 2345 1702 2424; baseline -0.004 -19"><span class='ocrx_word' id='word_1_204' title='bbox 144 2353 240 2417; x_wconf 83' lang='grc' dir='ltr'>τοῦ,</span> <span class='ocrx_word' id='word_1_205' title='bbox 261 2356 487 2424; x_wconf 80' lang='grc' dir='ltr'>νομίσῃς</span> <span class='ocrx_word' id='word_1_206' title='bbox 508 2353 591 2404; x_wconf 83' lang='grc' dir='ltr'>ὅτι</span> <span class='ocrx_word' id='word_1_207' title='bbox 618 2349 823 2415; x_wconf 84' lang='grc' dir='ltr'>ἁπλῶς,</span> <span class='ocrx_word' id='word_1_208' title='bbox 852 2348 945 2402; x_wconf 70' lang='grc' dir='ltr'>καὶ</span> <span class='ocrx_word' id='word_1_209' title='bbox 968 2350 1091 2419; x_wconf 86' lang='grc' dir='ltr'>οὑχί</span> <span class='ocrx_word' id='word_1_210' title='bbox 1120 2349 1186 2402; x_wconf 78' lang='grc' dir='ltr'>δι’</span> <span class='ocrx_word' id='word_1_211' title='bbox 1209 2348 1515 2412; x_wconf 83' lang='grc' dir='ltr'>ἀσθένειαν,</span> <span class='ocrx_word' id='word_1_212' title='bbox 1539 2345 1702 2399; x_wconf 90' lang='grc' dir='ltr'>τοῦτο</span> 
     </span>
    </p>
   </div>
   <div class='ocr_carea' id='block_1_27' title="bbox 146 2432 1699 2509">
    <p class='ocr_par' dir='ltr' id='par_1_27' title="bbox 146 2432 1699 2509">
     <span class='ocr_line' id='line_1_27' title="bbox 146 2432 1699 2509; baseline 0.004 -27"><span class='ocrx_word' id='word_1_213' title='bbox 146 2442 331 2507; x_wconf 67' lang='grc' dir='ltr'>ξγίνετο</span> <span class='ocrx_word' id='word_1_214' title='bbox 356 2455 371 2469; x_wconf 87' lang='grc'><strong>·</strong></span> <span class='ocrx_word' id='word_1_215' title='bbox 394 2441 442 2492; x_wconf 78' lang='grc' dir='ltr'>εξ</span> <span class='ocrx_word' id='word_1_216' title='bbox 464 2438 574 2509; x_wconf 77' lang='grc' dir='ltr'>γάρ</span> <span class='ocrx_word' id='word_1_217' title='bbox 605 2439 679 2508; x_wconf 77' lang='grc' dir='ltr'>μὴ</span> <span class='ocrx_word' id='word_1_218' title='bbox 709 2437 775 2491; x_wconf 64' lang='grc' dir='ltr'>δῖ’</span> <span class='ocrx_word' id='word_1_219' title='bbox 806 2436 1114 2499; x_wconf 85' lang='grc' dir='ltr'>ἀσθένειαν,</span> <span class='ocrx_word' id='word_1_220' title='bbox 1148 2435 1200 2488; x_wconf 92' lang='grc' dir='ltr'>τί</span> <span class='ocrx_word' id='word_1_221' title='bbox 1234 2436 1326 2489; x_wconf 77' lang='grc' dir='ltr'>καὶ</span> <span class='ocrx_word' id='word_1_222' title='bbox 1348 2435 1592 2502; x_wconf 76' lang='grc' dir='ltr'>ἐγίνετος</span> <span class='ocrx_word' id='word_1_223' title='bbox 1626 2432 1699 2503; x_wconf 82' lang='grc' dir='ltr'>μὴ</span> 
     </span>
    </p>
   </div>
   <div class='ocr_carea' id='block_1_28' title="bbox 142 2516 1703 2591">
    <p class='ocr_par' dir='ltr' id='par_1_28' title="bbox 142 2516 1703 2591">
     <span class='ocr_line' id='line_1_28' title="bbox 142 2516 1703 2591; baseline -0.005 -16"><span class='ocrx_word' id='word_1_224' title='bbox 142 2523 291 2575; x_wconf 76' lang='grc' dir='ltr'>όντων</span> <span class='ocrx_word' id='word_1_225' title='bbox 318 2521 422 2591; x_wconf 81' lang='grc' dir='ltr'>γὰρ</span> <span class='ocrx_word' id='word_1_226' title='bbox 463 2521 820 2591; x_wconf 81' lang='grc' dir='ltr'>τραυμάτων,</span> <span class='ocrx_word' id='word_1_227' title='bbox 869 2519 993 2572; x_wconf 85' lang='grc' dir='ltr'>ούδὲ</span> <span class='ocrx_word' id='word_1_228' title='bbox 1032 2517 1342 2589; x_wconf 80' lang='grc' dir='ltr'>φαρμάκων</span> <span class='ocrx_word' id='word_1_229' title='bbox 1386 2516 1572 2569; x_wconf 77' lang='grc' dir='ltr'>λοιπὸν</span> <span class='ocrx_word' id='word_1_230' title='bbox 1621 2516 1703 2568; x_wconf 88' lang='grc' dir='ltr'>δεῖ</span> 
     </span>
    </p>
   </div>
   <div class='ocr_carea' id='block_1_29' title="bbox 143 2600 1700 2679">
    <p class='ocr_par' dir='ltr' id='par_1_29' title="bbox 143 2600 1700 2679">
     <span class='ocr_line' id='line_1_29' title="bbox 143 2600 1700 2679; baseline -0.002 -23"><span class='ocrx_word' id='word_1_231' title='bbox 143 2606 207 2675; x_wconf 74' lang='grc' dir='ltr'>τῷ</span> <span class='ocrx_word' id='word_1_232' title='bbox 229 2605 662 2679; x_wconf 80' lang='grc' dir='ltr'>ἐπιμελουμένῳ.</span> <span class='ocrx_word' id='word_1_233' title='bbox 693 2603 795 2655; x_wconf 86' lang='grc' dir='ltr'>Διά</span> <span class='ocrx_word' id='word_1_234' title='bbox 820 2603 979 2655; x_wconf 90' lang='grc' dir='ltr'>τοῦτο</span> <span class='ocrx_word' id='word_1_235' title='bbox 1017 2600 1343 2673; x_wconf 78' lang='grc' dir='ltr'>προσέταξε,</span> <span class='ocrx_word' id='word_1_236' title='bbox 1382 2600 1566 2670; x_wconf 80' lang='grc' dir='ltr'>φησὶν,</span> <span class='ocrx_word' id='word_1_237' title='bbox 1611 2600 1700 2653; x_wconf 79' lang='grc' dir='ltr'>ἀεὶ</span> 
     </span>
    </p>
   </div>
   <div class='ocr_carea' id='block_1_30' title="bbox 148 2684 1700 2759">
    <p class='ocr_par' dir='ltr' id='par_1_30' title="bbox 148 2684 1700 2759">
     <span class='ocr_line' id='line_1_30' title="bbox 148 2684 1700 2759; baseline -0.003 -18"><span class='ocrx_word' id='word_1_238' title='bbox 148 2689 530 2759; x_wconf 75' lang='grc' dir='ltr'>προσφέρεσθαι</span> <span class='ocrx_word' id='word_1_239' title='bbox 560 2688 650 2741; x_wconf 86' lang='grc' dir='ltr'>διά</span> <span class='ocrx_word' id='word_1_240' title='bbox 684 2687 745 2739; x_wconf 83' lang='grc' dir='ltr'>τὸ</span> <span class='ocrx_word' id='word_1_241' title='bbox 776 2686 1024 2751; x_wconf 86' lang='grc' dir='ltr'>ἀσθενὲς,</span> <span class='ocrx_word' id='word_1_242' title='bbox 1073 2687 1168 2739; x_wconf 75' lang='grc' dir='ltr'>καὶ</span> <span class='ocrx_word' id='word_1_243' title='bbox 1209 2684 1346 2737; x_wconf 83' lang='grc' dir='ltr'>ὥστε</span> <span class='ocrx_word' id='word_1_244' title='bbox 1395 2686 1700 2754; x_wconf 86' lang='grc' dir='ltr'>ἀνάμνησιν</span> 
     </span>
    </p>
   </div>
   <div class='ocr_carea' id='block_1_31' title="bbox 146 2767 1701 2846">
    <p class='ocr_par' dir='ltr' id='par_1_31' title="bbox 146 2767 1701 2846">
     <span class='ocr_line' id='line_1_31' title="bbox 146 2767 1701 2846; baseline -0.006 -18"><span class='ocrx_word' id='word_1_245' title='bbox 146 2776 406 2846; x_wconf 80' lang='grc' dir='ltr'>ἁμαρτιῶν</span> <span class='ocrx_word' id='word_1_246' title='bbox 434 2771 709 2842; x_wconf 80' lang='grc' dir='ltr'>γίνεσθαι.</span> <span class='ocrx_word' id='word_1_247' title='bbox 732 2772 797 2823; x_wconf 91' lang='grc' dir='ltr'>Τί</span> <span class='ocrx_word' id='word_1_248' title='bbox 818 2767 942 2836; x_wconf 75' lang='grc' dir='ltr'>οὗνς</span> <span class='ocrx_word' id='word_1_249' title='bbox 975 2772 1135 2840; x_wconf 80' lang='grc' dir='ltr'>ἡμεῖς</span> <span class='ocrx_word' id='word_1_250' title='bbox 1160 2769 1281 2821; x_wconf 83' lang='grc' dir='ltr'>καθ’</span> <span class='ocrx_word' id='word_1_251' title='bbox 1304 2770 1544 2837; x_wconf 79' lang='grc' dir='ltr'>ἑκάστην</span> <span class='ocrx_word' id='word_1_252' title='bbox 1565 2767 1701 2837; x_wconf 75' lang='grc' dir='ltr'>ἡμέε-</span> 
     </span>
    </p>
   </div>
   <div class='ocr_carea' id='block_1_32' title="bbox 149 2851 1702 2927">
    <p class='ocr_par' dir='ltr' id='par_1_32' title="bbox 149 2851 1702 2927">
     <span class='ocr_line' id='line_1_32' title="bbox 149 2851 1702 2927; baseline -0.003 -18"><span class='ocrx_word' id='word_1_253' title='bbox 149 2876 227 2927; x_wconf 62' lang='lat' dir='ltr'>(av</span> <span class='ocrx_word' id='word_1_254' title='bbox 268 2858 329 2911; x_wconf 81' lang='grc' dir='ltr'>ού</span> <span class='ocrx_word' id='word_1_255' title='bbox 378 2856 814 2927; x_wconf 86' lang='grc' dir='ltr'>προσφέρομεν;</span> <span class='ocrx_word' id='word_1_256' title='bbox 848 2852 1236 2923; x_wconf 85' lang='grc' dir='ltr'>Προσφέρομεν</span> <span class='ocrx_word' id='word_1_257' title='bbox 1278 2851 1400 2921; x_wconf 79' lang='grc' dir='ltr'>μὲν,</span> <span class='ocrx_word' id='word_1_258' title='bbox 1431 2851 1546 2904; x_wconf 81' lang='grc' dir='ltr'>ἀλλ’</span> <span class='ocrx_word' id='word_1_259' title='bbox 1570 2851 1702 2905; x_wconf 85' lang='grc' dir='ltr'>άνά-</span> 
     </span>
    </p>
   </div>
   <div class='ocr_carea' id='block_1_33' title="bbox 149 2934 1700 3011">
    <p class='ocr_par' dir='ltr' id='par_1_33' title="bbox 149 2934 1700 3011">
     <span class='ocr_line' id='line_1_33' title="bbox 149 2934 1700 3011; baseline -0.005 -16"><span class='ocrx_word' id='word_1_260' title='bbox 149 2959 317 3011; x_wconf 76' lang='grc' dir='ltr'>μνησιν</span> <span class='ocrx_word' id='word_1_261' title='bbox 347 2940 669 3011; x_wconf 80' lang='grc' dir='ltr'>ποιούμενοι</span> <span class='ocrx_word' id='word_1_262' title='bbox 697 2937 792 2991; x_wconf 87' lang='grc' dir='ltr'>τοῦ</span> <span class='ocrx_word' id='word_1_263' title='bbox 822 2936 1054 2990; x_wconf 86' lang='grc' dir='ltr'>θανάτου</span> <span class='ocrx_word' id='word_1_264' title='bbox 1077 2935 1243 2988; x_wconf 83' lang='grc' dir='ltr'>αὑτοῦ</span> <span class='ocrx_word' id='word_1_265' title='bbox 1266 2952 1279 2966; x_wconf 90' lang='grc'><strong>·</strong></span> <span class='ocrx_word' id='word_1_266' title='bbox 1311 2935 1405 2987; x_wconf 81' lang='grc' dir='ltr'>καὶ</span> <span class='ocrx_word' id='word_1_267' title='bbox 1432 2934 1530 3004; x_wconf 90' lang='grc' dir='ltr'>μία</span> <span class='ocrx_word' id='word_1_268' title='bbox 1552 2935 1700 2987; x_wconf 75' lang='grc' dir='ltr'>ἐστὶν</span> 
     </span>
    </p>
   </div>
   <div class='ocr_carea' id='block_1_34' title="bbox 148 3018 1701 3093">
    <p class='ocr_par' dir='ltr' id='par_1_34' title="bbox 148 3018 1701 3093">
     <span class='ocr_line' id='line_1_34' title="bbox 148 3018 1701 3093; baseline -0.005 -17"><span class='ocrx_word' id='word_1_269' title='bbox 148 3024 277 3093; x_wconf 74' lang='grc' dir='ltr'>αὕτη.</span> <span class='ocrx_word' id='word_1_270' title='bbox 298 3026 395 3078; x_wconf 71' lang='grc' dir='ltr'>καὶ</span> <span class='ocrx_word' id='word_1_271' title='bbox 424 3024 487 3076; x_wconf 86' lang='grc' dir='ltr'>ού</span> <span class='ocrx_word' id='word_1_272' title='bbox 526 3022 739 3079; x_wconf 81' lang='grc' dir='ltr'>πολλαί.</span> <span class='ocrx_word' id='word_1_273' title='bbox 770 3021 891 3082; x_wconf 80' lang='grc' dir='ltr'>Πῶς</span> <span class='ocrx_word' id='word_1_274' title='bbox 922 3019 1040 3090; x_wconf 90' lang='grc' dir='ltr'>μία,</span> <span class='ocrx_word' id='word_1_275' title='bbox 1067 3020 1159 3072; x_wconf 75' lang='grc' dir='ltr'>καὶ</span> <span class='ocrx_word' id='word_1_276' title='bbox 1178 3020 1238 3071; x_wconf 83' lang='grc' dir='ltr'>ού</span> <span class='ocrx_word' id='word_1_277' title='bbox 1273 3018 1492 3082; x_wconf 89' lang='grc' dir='ltr'>πολλαί;</span> <span class='ocrx_word' id='word_1_278' title='bbox 1525 3018 1701 3070; x_wconf 84' lang='grc' dir='ltr'>Ἐπει-</span> 
     </span>
    </p>
   </div>
   <div class='ocr_carea' id='block_1_35' title="bbox 148 3102 1700 3180">
    <p class='ocr_par' dir='ltr' id='par_1_35' title="bbox 148 3102 1700 3180">
     <span class='ocr_line' id='line_1_35' title="bbox 148 3102 1700 3180; baseline -0.004 -21"><span class='ocrx_word' id='word_1_279' title='bbox 148 3109 197 3175; x_wconf 77' lang='grc' dir='ltr'>δὴ</span> <span class='ocrx_word' id='word_1_280' title='bbox 220 3110 356 3174; x_wconf 71' lang='grc' dir='ltr'>ἅπαξ</span> <span class='ocrx_word' id='word_1_281' title='bbox 392 3105 765 3180; x_wconf 78' lang='grc' dir='ltr'>προσηνέχθη,</span> <span class='ocrx_word' id='word_1_282' title='bbox 813 3104 1001 3173; x_wconf 82' lang='grc' dir='ltr'>ὥσπερ</span> <span class='ocrx_word' id='word_1_283' title='bbox 1048 3102 1231 3169; x_wconf 86' lang='grc' dir='ltr'>ἐκείνη</span> <span class='ocrx_word' id='word_1_284' title='bbox 1266 3104 1297 3172; x_wconf 83' lang='grc' dir='ltr'>ἡ</span> <span class='ocrx_word' id='word_1_285' title='bbox 1329 3104 1406 3164; x_wconf 81' lang='grc' dir='ltr'>εἰς</span> <span class='ocrx_word' id='word_1_286' title='bbox 1440 3106 1506 3155; x_wconf 92' lang='grc' dir='ltr'>τά</span> <span class='ocrx_word' id='word_1_287' title='bbox 1536 3102 1700 3169; x_wconf 68' lang='grc' dir='ltr'>Ἅγια</span> 
     </span>
    </p>
   </div>
   <div class='ocr_carea' id='block_1_36' title="bbox 149 3180 1695 3257">
    <p class='ocr_par' dir='ltr' id='par_1_36' title="bbox 149 3180 1695 3257">
     <span class='ocr_line' id='line_1_36' title="bbox 149 3180 1695 3257; baseline -0.005 -19"><span class='ocrx_word' id='word_1_288' title='bbox 149 3188 624 3257; x_wconf 79' lang='grc' dir='ltr'>τῶνάγίων.Τοῦτο</span> <span class='ocrx_word' id='word_1_289' title='bbox 640 3186 850 3252; x_wconf 76' lang='grc' dir='ltr'>ἐκείνης</span> <span class='ocrx_word' id='word_1_290' title='bbox 867 3184 1035 3244; x_wconf 80' lang='grc' dir='ltr'>τύπος</span> <span class='ocrx_word' id='word_1_291' title='bbox 1052 3182 1187 3245; x_wconf 75' lang='grc' dir='ltr'>ἐστὶ,</span> <span class='ocrx_word' id='word_1_292' title='bbox 1202 3183 1293 3233; x_wconf 78' lang='grc' dir='ltr'>καὶ</span> <span class='ocrx_word' id='word_1_293' title='bbox 1308 3180 1443 3250; x_wconf 76' lang='grc' dir='ltr'>αὕτη</span> <span class='ocrx_word' id='word_1_294' title='bbox 1463 3181 1695 3250; x_wconf 81' lang='grc' dir='ltr'>ἐκείνης’</span> 
     </span>
    </p>
   </div>
   <div class='ocr_carea' id='block_1_37' title="bbox 148 3256 1700 3338">
    <p class='ocr_par' dir='ltr' id='par_1_37' title="bbox 148 3256 1700 3338">
     <span class='ocr_line' id='line_1_37' title="bbox 148 3256 1700 3338; baseline -0.006 -21"><span class='ocrx_word' id='word_1_295' title='bbox 148 3269 218 3317; x_wconf 65' lang='grc' dir='ltr'>τον</span> <span class='ocrx_word' id='word_1_296' title='bbox 254 3256 355 3338; x_wconf 64' lang='grc' dir='ltr'>γάρ</span> <span class='ocrx_word' id='word_1_297' title='bbox 405 3265 574 3319; x_wconf 69' lang='grc' dir='ltr'>αὑτὸν</span> <span class='ocrx_word' id='word_1_298' title='bbox 602 3265 691 3317; x_wconf 74' lang='grc' dir='ltr'>ἀεὶ</span> <span class='ocrx_word' id='word_1_299' title='bbox 726 3262 1132 3333; x_wconf 79' lang='grc' dir='ltr'>προσφέρομεν,</span> <span class='ocrx_word' id='word_1_300' title='bbox 1164 3259 1225 3310; x_wconf 90' lang='grc' dir='ltr'>ού</span> <span class='ocrx_word' id='word_1_301' title='bbox 1257 3256 1350 3310; x_wconf 90' lang='grc' dir='ltr'>νῦν</span> <span class='ocrx_word' id='word_1_302' title='bbox 1382 3259 1484 3338; x_wconf 84' lang='grc' dir='ltr'>μὲν</span> <span class='ocrx_word' id='word_1_303' title='bbox 1514 3257 1700 3338; x_wconf 72' lang='grc' dir='ltr'>ἕτερον</span> 
     </span>
    </p>
   </div>
   <div class='ocr_carea' id='block_1_38' title="bbox 150 3334 1701 3416">
    <p class='ocr_par' dir='ltr' id='par_1_38' title="bbox 150 3334 1701 3416">
     <span class='ocr_line' id='line_1_38' title="bbox 150 3334 1701 3416; baseline -0.006 -20"><span class='ocrx_word' id='word_1_304' title='bbox 150 3334 414 3416; x_wconf 80' lang='grc' dir='ltr'>πρόϐατον,</span> <span class='ocrx_word' id='word_1_305' title='bbox 445 3343 637 3415; x_wconf 79' lang='grc' dir='ltr'>αὔριον</span> <span class='ocrx_word' id='word_1_306' title='bbox 671 3343 728 3394; x_wconf 77' lang='grc' dir='ltr'>δὲ</span> <span class='ocrx_word' id='word_1_307' title='bbox 772 3342 980 3410; x_wconf 72' lang='grc' dir='ltr'>ἕτερον,</span> <span class='ocrx_word' id='word_1_308' title='bbox 1016 3338 1130 3391; x_wconf 84' lang='grc' dir='ltr'>ἀλλ’</span> <span class='ocrx_word' id='word_1_309' title='bbox 1159 3338 1244 3390; x_wconf 74' lang='grc' dir='ltr'>ἀεὶ</span> <span class='ocrx_word' id='word_1_310' title='bbox 1273 3338 1334 3388; x_wconf 85' lang='grc' dir='ltr'>τὸ</span> <span class='ocrx_word' id='word_1_311' title='bbox 1356 3335 1487 3388; x_wconf 86' lang='grc' dir='ltr'>αύτό</span> <span class='ocrx_word' id='word_1_312' title='bbox 1516 3352 1530 3367; x_wconf 87' lang='grc'><strong>·</strong></span> <span class='ocrx_word' id='word_1_313' title='bbox 1561 3334 1701 3387; x_wconf 85' lang='grc' dir='ltr'>ὥστε</span> 
     </span>
    </p>
   </div>
   <div class='ocr_carea' id='block_1_39' title="bbox 154 3416 1701 3496">
    <p class='ocr_par' dir='ltr' id='par_1_39' title="bbox 154 3416 1701 3496">
     <span class='ocr_line' id='line_1_39' title="bbox 154 3416 1701 3496; baseline -0.008 -16"><span class='ocrx_word' id='word_1_314' title='bbox 154 3430 230 3496; x_wconf 79' lang='grc' dir='ltr'>μία</span> <span class='ocrx_word' id='word_1_315' title='bbox 266 3428 421 3481; x_wconf 78' lang='grc' dir='ltr'>ἐστὶν</span> <span class='ocrx_word' id='word_1_316' title='bbox 470 3430 507 3495; x_wconf 80' lang='grc' dir='ltr'>ἡ</span> <span class='ocrx_word' id='word_1_317' title='bbox 544 3425 729 3478; x_wconf 84' lang='grc' dir='ltr'>θυσία.</span> <span class='ocrx_word' id='word_1_318' title='bbox 786 3424 938 3475; x_wconf 78' lang='grc' dir='ltr'>Ἐπεὶ</span> <span class='ocrx_word' id='word_1_319' title='bbox 974 3420 1055 3490; x_wconf 85' lang='grc' dir='ltr'>τῷ</span> <span class='ocrx_word' id='word_1_320' title='bbox 1108 3418 1250 3490; x_wconf 85' lang='grc' dir='ltr'>λόγῳ</span> <span class='ocrx_word' id='word_1_321' title='bbox 1282 3417 1476 3487; x_wconf 86' lang='grc' dir='ltr'>τούτῳ,</span> <span class='ocrx_word' id='word_1_322' title='bbox 1513 3416 1701 3487; x_wconf 80' lang='grc' dir='ltr'>ἐπειδὴ</span> 
     </span>
    </p>
   </div>
   <div class='ocr_carea' id='block_1_40' title="bbox 151 3504 1704 3585">
    <p class='ocr_par' dir='ltr' id='par_1_40' title="bbox 151 3504 1704 3585">
     <span class='ocr_line' id='line_1_40' title="bbox 151 3504 1704 3585; baseline -0.007 -18"><span class='ocrx_word' id='word_1_323' title='bbox 151 3515 388 3585; x_wconf 73' lang='grc' dir='ltr'>πολλαχοῦ</span> <span class='ocrx_word' id='word_1_324' title='bbox 412 3512 808 3583; x_wconf 83' lang='grc' dir='ltr'>προσφέρεται,</span> <span class='ocrx_word' id='word_1_325' title='bbox 840 3509 935 3563; x_wconf 79' lang='grc' dir='ltr'>καὶ</span> <span class='ocrx_word' id='word_1_326' title='bbox 965 3508 1151 3560; x_wconf 76' lang='grc' dir='ltr'>πολλοὶ</span> <span class='ocrx_word' id='word_1_327' title='bbox 1185 3505 1410 3577; x_wconf 87' lang='grc' dir='ltr'>Χριστοί</span> <span class='ocrx_word' id='word_1_328' title='bbox 1430 3522 1444 3571; x_wconf 87' lang='grc'>;</span> <span class='ocrx_word' id='word_1_329' title='bbox 1467 3504 1582 3557; x_wconf 83' lang='grc' dir='ltr'>ἀλλ’</span> <span class='ocrx_word' id='word_1_330' title='bbox 1614 3504 1704 3556; x_wconf 85' lang='grc' dir='ltr'>οὑ-</span> 
     </span>
    </p>
   </div>
   <div class='ocr_carea' id='block_1_41' title="bbox 152 3588 1702 3669">
    <p class='ocr_par' dir='ltr' id='par_1_41' title="bbox 152 3588 1702 3669">
     <span class='ocr_line' id='line_1_41' title="bbox 152 3588 1702 3669; baseline -0.006 -21"><span class='ocrx_word' id='word_1_331' title='bbox 152 3598 321 3666; x_wconf 74' lang='grc' dir='ltr'>διμῶς,</span> <span class='ocrx_word' id='word_1_332' title='bbox 356 3594 519 3669; x_wconf 77' lang='lat'><strong>[[69]</strong></span> <span class='ocrx_word' id='word_1_333' title='bbox 547 3594 664 3647; x_wconf 77' lang='grc' dir='ltr'>ἀλλ’</span> <span class='ocrx_word' id='word_1_334' title='bbox 695 3593 777 3655; x_wconf 80' lang='grc' dir='ltr'>εἷς</span> <span class='ocrx_word' id='word_1_335' title='bbox 816 3590 1090 3662; x_wconf 83' lang='grc' dir='ltr'>πανταχοῦ</span> <span class='ocrx_word' id='word_1_336' title='bbox 1126 3593 1154 3644; x_wconf 95' lang='lat'>6</span> <span class='ocrx_word' id='word_1_337' title='bbox 1189 3588 1443 3660; x_wconf 80' lang='grc' dir='ltr'>Χριστὸς,</span> <span class='ocrx_word' id='word_1_338' title='bbox 1477 3590 1571 3641; x_wconf 71' lang='grc' dir='ltr'>καὶ</span> <span class='ocrx_word' id='word_1_339' title='bbox 1615 3590 1702 3640; x_wconf 91' lang='grc' dir='ltr'>ἐν-</span> 
     </span>
    </p>
   </div>
   <div class='ocr_carea' id='block_1_42' title="bbox 152 3672 1701 3749">
    <p class='ocr_par' dir='ltr' id='par_1_42' title="bbox 152 3672 1701 3749">
     <span class='ocr_line' id='line_1_42' title="bbox 152 3672 1701 3749; baseline -0.005 -20"><span class='ocrx_word' id='word_1_340' title='bbox 152 3681 292 3734; x_wconf 75' lang='grc' dir='ltr'>ταῦθα</span> <span class='ocrx_word' id='word_1_341' title='bbox 317 3682 540 3749; x_wconf 78' lang='grc' dir='ltr'>πλήρης</span> <span class='ocrx_word' id='word_1_342' title='bbox 569 3677 666 3741; x_wconf 79' lang='grc' dir='ltr'>ὢν,</span> <span class='ocrx_word' id='word_1_343' title='bbox 694 3678 788 3729; x_wconf 77' lang='grc' dir='ltr'>καὶ</span> <span class='ocrx_word' id='word_1_344' title='bbox 811 3677 925 3729; x_wconf 85' lang='grc' dir='ltr'>ἐκεῖ</span> <span class='ocrx_word' id='word_1_345' title='bbox 948 3676 1182 3745; x_wconf 82' lang='grc' dir='ltr'>πλήρης,</span> <span class='ocrx_word' id='word_1_346' title='bbox 1204 3672 1261 3725; x_wconf 80' lang='grc' dir='ltr'>ἓν</span> <span class='ocrx_word' id='word_1_347' title='bbox 1292 3672 1470 3742; x_wconf 86' lang='grc' dir='ltr'>σῶμα.</span> <span class='ocrx_word' id='word_1_348' title='bbox 1493 3672 1701 3741; x_wconf 82' lang='grc' dir='ltr'>Ὠσπερ</span> 
     </span>
    </p>
   </div>
   <div class='ocr_carea' id='block_1_43' title="bbox 154 3755 1701 3831">
    <p class='ocr_par' dir='ltr' id='par_1_43' title="bbox 154 3755 1701 3831">
     <span class='ocr_line' id='line_1_43' title="bbox 154 3755 1701 3831; baseline -0.005 -18"><span class='ocrx_word' id='word_1_349' title='bbox 154 3759 224 3814; x_wconf 69' lang='grc' dir='ltr'>οἷν</span> <span class='ocrx_word' id='word_1_350' title='bbox 246 3764 521 3831; x_wconf 72' lang='grc' dir='ltr'>πολλαχοῦ</span> <span class='ocrx_word' id='word_1_351' title='bbox 550 3758 994 3831; x_wconf 86' lang='grc' dir='ltr'>προσφερόμενος</span> <span class='ocrx_word' id='word_1_352' title='bbox 1025 3757 1082 3809; x_wconf 83' lang='grc' dir='ltr'>ἓν</span> <span class='ocrx_word' id='word_1_353' title='bbox 1128 3756 1285 3827; x_wconf 78' lang='grc' dir='ltr'>σῶμά</span> <span class='ocrx_word' id='word_1_354' title='bbox 1322 3757 1462 3817; x_wconf 86' lang='grc' dir='ltr'>ἐστι,</span> <span class='ocrx_word' id='word_1_355' title='bbox 1510 3755 1605 3807; x_wconf 78' lang='grc' dir='ltr'>καὶ</span> <span class='ocrx_word' id='word_1_356' title='bbox 1640 3756 1701 3807; x_wconf 87' lang='grc' dir='ltr'>ού</span> 
     </span>
    </p>
   </div>
   <div class='ocr_carea' id='block_1_44' title="bbox 154 3837 1704 3915">
    <p class='ocr_par' dir='ltr' id='par_1_44' title="bbox 154 3837 1704 3915">
     <span class='ocr_line' id='line_1_44' title="bbox 154 3837 1704 3915; baseline -0.005 -18"><span class='ocrx_word' id='word_1_357' title='bbox 154 3846 292 3899; x_wconf 66' lang='grc' dir='ltr'>πολλὰ</span> <span class='ocrx_word' id='word_1_358' title='bbox 330 3850 594 3915; x_wconf 80' lang='grc' dir='ltr'>σώματα,</span> <span class='ocrx_word' id='word_1_359' title='bbox 627 3841 770 3894; x_wconf 72' lang='grc' dir='ltr'>οὕτω</span> <span class='ocrx_word' id='word_1_360' title='bbox 813 3841 906 3891; x_wconf 73' lang='grc' dir='ltr'>καὶ</span> <span class='ocrx_word' id='word_1_361' title='bbox 946 3840 1045 3909; x_wconf 88' lang='grc' dir='ltr'>μία</span> <span class='ocrx_word' id='word_1_362' title='bbox 1094 3838 1273 3892; x_wconf 88' lang='grc' dir='ltr'>θυσία.</span> <span class='ocrx_word' id='word_1_363' title='bbox 1326 3838 1381 3891; x_wconf 89' lang='grc'>’0</span> <span class='ocrx_word' id='word_1_364' title='bbox 1415 3837 1704 3909; x_wconf 78' lang='grc' dir='ltr'>ἀρχιερεὺς</span> 
     </span>
    </p>
   </div>
   <div class='ocr_carea' id='block_1_45' title="bbox 155 3921 1702 3999">
    <p class='ocr_par' dir='ltr' id='par_1_45' title="bbox 155 3921 1702 3999">
     <span class='ocr_line' id='line_1_45' title="bbox 155 3921 1702 3999; baseline -0.006 -17"><span class='ocrx_word' id='word_1_365' title='bbox 155 3931 280 3999; x_wconf 74' lang='grc' dir='ltr'>ἡμῶν</span> <span class='ocrx_word' id='word_1_366' title='bbox 326 3929 545 3989; x_wconf 83' lang='grc' dir='ltr'>ἐκεῖνός</span> <span class='ocrx_word' id='word_1_367' title='bbox 590 3930 738 3979; x_wconf 86' lang='grc' dir='ltr'>ἐστιν</span> <span class='ocrx_word' id='word_1_368' title='bbox 771 3924 799 3974; x_wconf 85' lang='lat'>6</span> <span class='ocrx_word' id='word_1_369' title='bbox 833 3921 930 3993; x_wconf 78' lang='grc' dir='ltr'>τὴν</span> <span class='ocrx_word' id='word_1_370' title='bbox 962 3922 1153 3975; x_wconf 85' lang='grc' dir='ltr'>θυσίαν</span> <span class='ocrx_word' id='word_1_371' title='bbox 1196 3922 1297 3992; x_wconf 81' lang='grc' dir='ltr'>τὴν</span> <span class='ocrx_word' id='word_1_372' title='bbox 1336 3922 1702 3992; x_wconf 87' lang='grc' dir='ltr'>καθαίρουσαν</span> 
     </span>
    </p>
   </div>
   <div class='ocr_carea' id='block_1_46' title="bbox 156 4003 1700 4083">
    <p class='ocr_par' dir='ltr' id='par_1_46' title="bbox 156 4003 1700 4083">
     <span class='ocr_line' id='line_1_46' title="bbox 156 4003 1700 4083; baseline -0.007 -16"><span class='ocrx_word' id='word_1_373' title='bbox 156 4015 273 4081; x_wconf 72' lang='grc' dir='ltr'>ἡμᾶς</span> <span class='ocrx_word' id='word_1_374' title='bbox 298 4007 707 4083; x_wconf 82' lang='grc' dir='ltr'>προσενεγκὼν.</span> <span class='ocrx_word' id='word_1_375' title='bbox 758 4006 1001 4075; x_wconf 82' lang='grc' dir='ltr'>Ἐκείνην</span> <span class='ocrx_word' id='word_1_376' title='bbox 1042 4005 1424 4076; x_wconf 84' lang='grc' dir='ltr'>προσφέρομεν</span> <span class='ocrx_word' id='word_1_377' title='bbox 1458 4004 1553 4056; x_wconf 79' lang='grc' dir='ltr'>καὶ</span> <span class='ocrx_word' id='word_1_378' title='bbox 1585 4003 1700 4066; x_wconf 88' lang='grc' dir='ltr'>νῦν,</span> 
     </span>
    </p>
   </div>
   <div class='ocr_carea' id='block_1_47' title="bbox 155 4087 1705 4166">
    <p class='ocr_par' dir='ltr' id='par_1_47' title="bbox 155 4087 1705 4166">
     <span class='ocr_line' id='line_1_47' title="bbox 155 4087 1705 4166; baseline -0.005 -19"><span class='ocrx_word' id='word_1_379' title='bbox 155 4100 232 4166; x_wconf 70' lang='grc' dir='ltr'>τὴν</span> <span class='ocrx_word' id='word_1_380' title='bbox 264 4099 375 4151; x_wconf 88' lang='grc' dir='ltr'>τότε</span> <span class='ocrx_word' id='word_1_381' title='bbox 428 4091 916 4164; x_wconf 82' lang='grc' dir='ltr'>προσενεχθεῖσαν,</span> <span class='ocrx_word' id='word_1_382' title='bbox 948 4089 1045 4160; x_wconf 81' lang='grc' dir='ltr'>τὴν</span> <span class='ocrx_word' id='word_1_383' title='bbox 1088 4089 1382 4143; x_wconf 88' lang='grc' dir='ltr'>ἀνάλωτον.</span> <span class='ocrx_word' id='word_1_384' title='bbox 1422 4087 1591 4140; x_wconf 89' lang='grc' dir='ltr'>Τοῦτο</span> <span class='ocrx_word' id='word_1_385' title='bbox 1623 4089 1705 4151; x_wconf 90' lang='grc' dir='ltr'>είς</span> 
     </span>
    </p>
   </div>
   <div class='ocr_carea' id='block_1_48' title="bbox 156 4170 1704 4250">
    <p class='ocr_par' dir='ltr' id='par_1_48' title="bbox 156 4170 1704 4250">
     <span class='ocr_line' id='line_1_48' title="bbox 156 4170 1704 4250; baseline -0.008 -16"><span class='ocrx_word' id='word_1_386' title='bbox 156 4183 420 4250; x_wconf 73' lang='grc' dir='ltr'>ἀνάμνησιν</span> <span class='ocrx_word' id='word_1_387' title='bbox 451 4179 676 4248; x_wconf 89' lang='grc' dir='ltr'>γίνεται</span> <span class='ocrx_word' id='word_1_388' title='bbox 712 4173 807 4227; x_wconf 91' lang='grc' dir='ltr'>τοῦ</span> <span class='ocrx_word' id='word_1_389' title='bbox 855 4174 976 4226; x_wconf 85' lang='grc' dir='ltr'>τότε</span> <span class='ocrx_word' id='word_1_390' title='bbox 1005 4172 1298 4242; x_wconf 82' lang='grc' dir='ltr'>γενομένου</span> <span class='ocrx_word' id='word_1_391' title='bbox 1326 4187 1339 4201; x_wconf 89' lang='grc'><strong>·</strong></span> <span class='ocrx_word' id='word_1_392' title='bbox 1376 4170 1560 4223; x_wconf 81' lang='grc' dir='ltr'>Τοῦτο</span> <span class='ocrx_word' id='word_1_393' title='bbox 1594 4171 1704 4240; x_wconf 85' lang='grc' dir='ltr'>γάρ</span> 
     </span>
    </p>
   </div>
   <div class='ocr_carea' id='block_1_49' title="bbox 158 4254 1705 4333">
    <p class='ocr_par' dir='ltr' id='par_1_49' title="bbox 158 4254 1705 4333">
     <span class='ocr_line' id='line_1_49' title="bbox 158 4254 1705 4333; baseline -0.005 -20"><span class='ocrx_word' id='word_1_394' title='bbox 158 4265 359 4331; x_wconf 68' lang='grc' dir='ltr'>ποιεῖτε,</span> <span class='ocrx_word' id='word_1_395' title='bbox 395 4261 592 4333; x_wconf 76' lang='grc' dir='ltr'>φησὶν,</span> <span class='ocrx_word' id='word_1_396' title='bbox 631 4262 719 4325; x_wconf 81' lang='grc' dir='ltr'>είς</span> <span class='ocrx_word' id='word_1_397' title='bbox 747 4258 861 4326; x_wconf 81' lang='grc' dir='ltr'>τὴν</span> <span class='ocrx_word' id='word_1_398' title='bbox 897 4256 1051 4326; x_wconf 77' lang='grc' dir='ltr'>ἐμὴν</span> <span class='ocrx_word' id='word_1_399' title='bbox 1080 4255 1439 4324; x_wconf 82' lang='grc' dir='ltr'>ἀνάμνησιν.</span> <span class='ocrx_word' id='word_1_400' title='bbox 1472 4254 1584 4306; x_wconf 77' lang='grc' dir='ltr'>Οὐκ</span> <span class='ocrx_word' id='word_1_401' title='bbox 1607 4256 1705 4308; x_wconf 82' lang='grc' dir='ltr'>άλ-</span> 
     </span>
    </p>
   </div>
   <div class='ocr_carea' id='block_1_50' title="bbox 159 4336 1705 4415">
    <p class='ocr_par' dir='ltr' id='par_1_50' title="bbox 159 4336 1705 4415">
     <span class='ocr_line' id='line_1_50' title="bbox 159 4336 1705 4415; baseline -0.005 -21"><span class='ocrx_word' id='word_1_402' title='bbox 159 4346 233 4415; x_wconf 68' lang='grc' dir='ltr'>λην</span> <span class='ocrx_word' id='word_1_403' title='bbox 271 4347 478 4410; x_wconf 86' lang='grc' dir='ltr'>θυσίαν,</span> <span class='ocrx_word' id='word_1_404' title='bbox 529 4343 781 4412; x_wconf 85' lang='grc' dir='ltr'>καθάπερ</span> <span class='ocrx_word' id='word_1_405' title='bbox 824 4343 852 4394; x_wconf 92' lang='lat'>6</span> <span class='ocrx_word' id='word_1_406' title='bbox 898 4342 1185 4412; x_wconf 76' lang='grc' dir='ltr'>ἀρχιερεὺς</span> <span class='ocrx_word' id='word_1_407' title='bbox 1225 4338 1369 4397; x_wconf 87' lang='grc' dir='ltr'>τότε,</span> <span class='ocrx_word' id='word_1_408' title='bbox 1418 4336 1555 4389; x_wconf 84' lang='grc' dir='ltr'>ἀλλά</span> <span class='ocrx_word' id='word_1_409' title='bbox 1606 4336 1705 4407; x_wconf 83' lang='grc' dir='ltr'>τὴν</span> 
     </span>
    </p>
   </div>
   <div class='ocr_carea' id='block_1_51' title="bbox 161 4418 1707 4498">
    <p class='ocr_par' dir='ltr' id='par_1_51' title="bbox 161 4418 1707 4498">
     <span class='ocr_line' id='line_1_51' title="bbox 161 4418 1707 4498; baseline -0.003 -20"><span class='ocrx_word' id='word_1_410' title='bbox 161 4429 294 4498; x_wconf 76' lang='grc' dir='ltr'>αὐτὴν</span> <span class='ocrx_word' id='word_1_411' title='bbox 321 4432 402 4483; x_wconf 74' lang='grc' dir='ltr'>ἀεὶ</span> <span class='ocrx_word' id='word_1_412' title='bbox 425 4428 705 4497; x_wconf 82' lang='grc' dir='ltr'>ποιοῦμεν</span> <span class='ocrx_word' id='word_1_413' title='bbox 736 4442 749 4455; x_wconf 88' lang='grc'><strong>·</strong></span> <span class='ocrx_word' id='word_1_414' title='bbox 791 4425 993 4498; x_wconf 77' lang='grc' dir='ltr'>μᾶλλον</span> <span class='ocrx_word' id='word_1_415' title='bbox 1030 4423 1088 4476; x_wconf 84' lang='grc' dir='ltr'>δὲ</span> <span class='ocrx_word' id='word_1_416' title='bbox 1132 4421 1437 4491; x_wconf 86' lang='grc' dir='ltr'>ἀνάμνησιν</span> <span class='ocrx_word' id='word_1_417' title='bbox 1477 4418 1707 4490; x_wconf 74' lang='grc' dir='ltr'>ἐργαζό·</span> 
     </span>
    </p>
   </div>
   <div class='ocr_carea' id='block_1_52' title="bbox 163 4510 515 4578">
    <p class='ocr_par' dir='ltr' id='par_1_52' title="bbox 163 4510 515 4578">
     <span class='ocr_line' id='line_1_52' title="bbox 163 4510 515 4578; baseline 0.003 -17"><span class='ocrx_word' id='word_1_418' title='bbox 163 4510 270 4578; x_wconf 78' lang='grc' dir='ltr'>μεθα</span> <span class='ocrx_word' id='word_1_419' title='bbox 302 4512 515 4575; x_wconf 87' lang='grc' dir='ltr'>θυσίας.</span> 
     </span>
    </p>
   </div>
   <div class='ocr_carea' id='block_1_53' title="bbox 213 4586 1707 4663">
    <p class='ocr_par' dir='ltr' id='par_1_53' title="bbox 213 4586 1707 4663">
     <span class='ocr_line' id='line_1_53' title="bbox 213 4586 1707 4663; baseline -0.005 -14"><span class='ocrx_word' id='word_1_420' title='bbox 213 4597 264 4649; x_wconf 80' lang='grc' dir='ltr'>δ’.</span> <span class='ocrx_word' id='word_1_421' title='bbox 287 4596 417 4648; x_wconf 78' lang='grc' dir='ltr'>Ἀλλ’</span> <span class='ocrx_word' id='word_1_422' title='bbox 435 4592 637 4663; x_wconf 81' lang='grc' dir='ltr'>ἐπειδὴ</span> <span class='ocrx_word' id='word_1_423' title='bbox 651 4591 749 4661; x_wconf 92' lang='grc' dir='ltr'>τῆς</span> <span class='ocrx_word' id='word_1_424' title='bbox 764 4591 955 4653; x_wconf 87' lang='grc' dir='ltr'>θυσίας</span> <span class='ocrx_word' id='word_1_425' title='bbox 972 4587 1175 4659; x_wconf 85' lang='grc' dir='ltr'>ταύτης</span> <span class='ocrx_word' id='word_1_426' title='bbox 1203 4586 1501 4659; x_wconf 85' lang='grc' dir='ltr'>ἐμνήσθην,</span> <span class='ocrx_word' id='word_1_427' title='bbox 1522 4586 1707 4657; x_wconf 81' lang='grc' dir='ltr'>βούλο-</span> 
     </span>
    </p>
   </div>
   <div class='ocr_carea' id='block_1_54' title="bbox 166 4671 1706 4750">
    <p class='ocr_par' dir='ltr' id='par_1_54' title="bbox 166 4671 1706 4750">
     <span class='ocr_line' id='line_1_54' title="bbox 166 4671 1706 4750; baseline -0.003 -21"><span class='ocrx_word' id='word_1_428' title='bbox 166 4695 239 4747; x_wconf 76' lang='grc' dir='ltr'>μαι</span> <span class='ocrx_word' id='word_1_429' title='bbox 256 4681 413 4750; x_wconf 80' lang='grc' dir='ltr'>μικρά</span> <span class='ocrx_word' id='word_1_430' title='bbox 429 4678 572 4749; x_wconf 81' lang='grc' dir='ltr'>πρὸς</span> <span class='ocrx_word' id='word_1_431' title='bbox 593 4678 739 4746; x_wconf 80' lang='grc' dir='ltr'>ὑμᾶς</span> <span class='ocrx_word' id='word_1_432' title='bbox 760 4676 932 4725; x_wconf 84' lang='grc' dir='ltr'>εἰπεῖν</span> <span class='ocrx_word' id='word_1_433' title='bbox 953 4674 1076 4734; x_wconf 77' lang='grc' dir='ltr'>τοὺς</span> <span class='ocrx_word' id='word_1_434' title='bbox 1103 4671 1507 4741; x_wconf 82' lang='grc' dir='ltr'>μεμυημένους,</span> <span class='ocrx_word' id='word_1_435' title='bbox 1532 4672 1706 4742; x_wconf 82' lang='grc' dir='ltr'>μικρά</span> 
     </span>
    </p>
   </div>
   <div class='ocr_carea' id='block_1_55' title="bbox 169 4755 1708 4835">
    <p class='ocr_par' dir='ltr' id='par_1_55' title="bbox 169 4755 1708 4835">
     <span class='ocr_line' id='line_1_55' title="bbox 169 4755 1708 4835; baseline -0.003 -22"><span class='ocrx_word' id='word_1_436' title='bbox 169 4764 241 4830; x_wconf 74' lang='grc' dir='ltr'>μὲν</span> <span class='ocrx_word' id='word_1_437' title='bbox 268 4765 337 4834; x_wconf 82' lang='grc' dir='ltr'>τῷ</span> <span class='ocrx_word' id='word_1_438' title='bbox 367 4766 573 4835; x_wconf 82' lang='grc' dir='ltr'>μέτρῳ,</span> <span class='ocrx_word' id='word_1_439' title='bbox 617 4760 856 4831; x_wconf 78' lang='grc' dir='ltr'>μεγάλην</span> <span class='ocrx_word' id='word_1_440' title='bbox 912 4756 966 4809; x_wconf 82' lang='grc' dir='ltr'>δὲ</span> <span class='ocrx_word' id='word_1_441' title='bbox 1019 4757 1211 4825; x_wconf 77' lang='grc' dir='ltr'>ἔχοντα</span> <span class='ocrx_word' id='word_1_442' title='bbox 1259 4755 1359 4825; x_wconf 79' lang='grc' dir='ltr'>τὴν</span> <span class='ocrx_word' id='word_1_443' title='bbox 1415 4756 1566 4823; x_wconf 71' lang='grc' dir='ltr'>ἰσχὺν</span> <span class='ocrx_word' id='word_1_444' title='bbox 1614 4757 1708 4809; x_wconf 68' lang='grc' dir='ltr'>καὶ</span> 
     </span>
    </p>
   </div>
   <div class='ocr_carea' id='block_1_56' title="bbox 167 4837 1705 4919">
    <p class='ocr_par' dir='ltr' id='par_1_56' title="bbox 167 4837 1705 4919">
     <span class='ocr_line' id='line_1_56' title="bbox 167 4837 1705 4919; baseline -0.005 -20"><span class='ocrx_word' id='word_1_445' title='bbox 167 4847 242 4919; x_wconf 71' lang='grc' dir='ltr'>τὴν</span> <span class='ocrx_word' id='word_1_446' title='bbox 285 4850 543 4917; x_wconf 76' lang='grc' dir='ltr'>ὠφέλειαν</span> <span class='ocrx_word' id='word_1_447' title='bbox 579 4862 594 4875; x_wconf 81' lang='grc'><strong><em>⁸</em></strong></span> <span class='ocrx_word' id='word_1_448' title='bbox 651 4846 713 4897; x_wconf 79' lang='grc' dir='ltr'>ού</span> <span class='ocrx_word' id='word_1_449' title='bbox 761 4842 871 4911; x_wconf 81' lang='grc' dir='ltr'>γάρ</span> <span class='ocrx_word' id='word_1_450' title='bbox 921 4840 1167 4911; x_wconf 79' lang='grc' dir='ltr'>ἡμέτερά</span> <span class='ocrx_word' id='word_1_451' title='bbox 1217 4840 1386 4919; x_wconf 65' lang='grc' dir='ltr'>ἐστιν,</span> <span class='ocrx_word' id='word_1_452' title='bbox 1434 4837 1567 4889; x_wconf 86' lang='grc' dir='ltr'>άλλά</span> <span class='ocrx_word' id='word_1_453' title='bbox 1611 4839 1705 4891; x_wconf 92' lang='grc' dir='ltr'>τοῦ</span> 
     </span>
    </p>
   </div>
   <div class='ocr_carea' id='block_1_57' title="bbox 170 4916 1707 5001">
    <p class='ocr_par' dir='ltr' id='par_1_57' title="bbox 170 4916 1707 5001">
     <span class='ocr_line' id='line_1_57' title="bbox 170 4916 1707 5001; baseline -0.005 -19"><span class='ocrx_word' id='word_1_454' title='bbox 170 4916 283 4984; x_wconf 76' lang='grc' dir='ltr'>θείου</span> <span class='ocrx_word' id='word_1_455' title='bbox 318 4916 636 5001; x_wconf 85' lang='grc' dir='ltr'>Πνεύματος</span> <span class='ocrx_word' id='word_1_456' title='bbox 686 4927 755 4979; x_wconf 84' lang='grc' dir='ltr'>τά</span> <span class='ocrx_word' id='word_1_457' title='bbox 780 4925 1070 4993; x_wconf 84' lang='grc' dir='ltr'>λεγόμενα.</span> <span class='ocrx_word' id='word_1_458' title='bbox 1108 4921 1172 4973; x_wconf 90' lang='grc' dir='ltr'>Τί</span> <span class='ocrx_word' id='word_1_459' title='bbox 1206 4916 1298 4973; x_wconf 83' lang='grc' dir='ltr'>οῦν</span> <span class='ocrx_word' id='word_1_460' title='bbox 1333 4922 1447 4973; x_wconf 87' lang='grc' dir='ltr'>ἐστι</span> <span class='ocrx_word' id='word_1_461' title='bbox 1473 4940 1487 4987; x_wconf 89' lang='grc'>;</span> <span class='ocrx_word' id='word_1_462' title='bbox 1517 4922 1707 4975; x_wconf 81' lang='grc' dir='ltr'>Πολλοὶ</span> 
     </span>
    </p>
   </div>
   <div class='ocr_carea' id='block_1_58' title="bbox 171 5004 1707 5084">
    <p class='ocr_par' dir='ltr' id='par_1_58' title="bbox 171 5004 1707 5084">
     <span class='ocr_line' id='line_1_58' title="bbox 171 5004 1707 5084; baseline -0.006 -17"><span class='ocrx_word' id='word_1_463' title='bbox 171 5014 245 5084; x_wconf 80' lang='grc' dir='ltr'>τῆς</span> <span class='ocrx_word' id='word_1_464' title='bbox 264 5016 436 5078; x_wconf 78' lang='grc' dir='ltr'>θυσίας</span> <span class='ocrx_word' id='word_1_465' title='bbox 457 5014 668 5081; x_wconf 79' lang='grc' dir='ltr'>ταύτης</span> <span class='ocrx_word' id='word_1_466' title='bbox 699 5008 847 5072; x_wconf 72' lang='grc' dir='ltr'>ἅπαξ</span> <span class='ocrx_word' id='word_1_467' title='bbox 879 5004 1350 5077; x_wconf 88' lang='grc' dir='ltr'>μεταλαμϐάνουσι</span> <span class='ocrx_word' id='word_1_468' title='bbox 1384 5004 1476 5057; x_wconf 92' lang='grc' dir='ltr'>τοῦ</span> <span class='ocrx_word' id='word_1_469' title='bbox 1507 5006 1707 5069; x_wconf 79' lang='grc' dir='ltr'>παντὸς</span> 
     </span>
    </p>
   </div>
   <div class='ocr_carea' id='block_1_59' title="bbox 173 5086 1709 5163">
    <p class='ocr_par' dir='ltr' id='par_1_59' title="bbox 173 5086 1709 5163">
     <span class='ocr_line' id='line_1_59' title="bbox 173 5086 1709 5163; baseline -0.001 -19"><span class='ocrx_word' id='word_1_470' title='bbox 173 5098 400 5163; x_wconf 65' lang='grc' dir='ltr'>ἐνιαυτοῦ,</span> <span class='ocrx_word' id='word_1_471' title='bbox 433 5098 590 5152; x_wconf 71' lang='grc' dir='ltr'>ἄλλοι</span> <span class='ocrx_word' id='word_1_472' title='bbox 637 5096 693 5147; x_wconf 85' lang='grc' dir='ltr'>δέ</span> <span class='ocrx_word' id='word_1_473' title='bbox 729 5094 832 5157; x_wconf 70' lang='grc' dir='ltr'>δὶς,</span> <span class='ocrx_word' id='word_1_474' title='bbox 863 5092 1011 5147; x_wconf 74' lang='grc' dir='ltr'>ἄλλοι</span> <span class='ocrx_word' id='word_1_475' title='bbox 1042 5091 1099 5144; x_wconf 84' lang='grc' dir='ltr'>δὲ</span> <span class='ocrx_word' id='word_1_476' title='bbox 1133 5089 1413 5152; x_wconf 83' lang='grc' dir='ltr'>πολλάκις.</span> <span class='ocrx_word' id='word_1_477' title='bbox 1445 5089 1589 5159; x_wconf 84' lang='grc' dir='ltr'>Πρὸς</span> <span class='ocrx_word' id='word_1_478' title='bbox 1615 5086 1709 5143; x_wconf 81' lang='grc' dir='ltr'>οὖν</span> 
     </span>
    </p>
   </div>
   <div class='ocr_carea' id='block_1_60' title="bbox 175 5173 1708 5254">
    <p class='ocr_par' dir='ltr' id='par_1_60' title="bbox 175 5173 1708 5254">
     <span class='ocr_line' id='line_1_60' title="bbox 175 5173 1708 5254; baseline -0.003 -21"><span class='ocrx_word' id='word_1_479' title='bbox 175 5183 375 5247; x_wconf 72' lang='grc' dir='ltr'>ἃπαντας</span> <span class='ocrx_word' id='word_1_480' title='bbox 400 5187 532 5254; x_wconf 75' lang='grc' dir='ltr'>ἡμῖν</span> <span class='ocrx_word' id='word_1_481' title='bbox 565 5185 596 5237; x_wconf 91' lang='lat'>6</span> <span class='ocrx_word' id='word_1_482' title='bbox 625 5182 787 5246; x_wconf 88' lang='grc' dir='ltr'>λόγος</span> <span class='ocrx_word' id='word_1_483' title='bbox 816 5180 985 5239; x_wconf 74' lang='grc' dir='ltr'>ἐστὶν,</span> <span class='ocrx_word' id='word_1_484' title='bbox 1025 5176 1086 5228; x_wconf 81' lang='grc' dir='ltr'>οὐ</span> <span class='ocrx_word' id='word_1_485' title='bbox 1126 5175 1261 5246; x_wconf 84' lang='grc' dir='ltr'>πρὸς</span> <span class='ocrx_word' id='word_1_486' title='bbox 1299 5176 1424 5236; x_wconf 71' lang='grc' dir='ltr'>τοὺς</span> <span class='ocrx_word' id='word_1_487' title='bbox 1470 5173 1708 5229; x_wconf 85' lang='grc' dir='ltr'>ἐνταῦθα</span> 
     </span>
    </p>
   </div>
   <div class='ocr_carea' id='block_1_61' title="bbox 174 5257 1707 5335">
    <p class='ocr_par' dir='ltr' id='par_1_61' title="bbox 174 5257 1707 5335">
     <span class='ocr_line' id='line_1_61' title="bbox 174 5257 1707 5335; baseline -0.003 -19"><span class='ocrx_word' id='word_1_488' title='bbox 174 5265 216 5316; x_wconf 69' lang='grc' dir='ltr'>δὲ</span> <span class='ocrx_word' id='word_1_489' title='bbox 242 5269 398 5335; x_wconf 69' lang='grc' dir='ltr'>μάθον,</span> <span class='ocrx_word' id='word_1_490' title='bbox 438 5268 573 5321; x_wconf 86' lang='grc' dir='ltr'>ἀλλά</span> <span class='ocrx_word' id='word_1_491' title='bbox 604 5266 700 5317; x_wconf 75' lang='grc' dir='ltr'>καὶ</span> <span class='ocrx_word' id='word_1_492' title='bbox 739 5263 875 5333; x_wconf 74' lang='grc' dir='ltr'>πρὸς</span> <span class='ocrx_word' id='word_1_493' title='bbox 912 5262 1038 5321; x_wconf 79' lang='grc' dir='ltr'>τοὺς</span> <span class='ocrx_word' id='word_1_494' title='bbox 1066 5260 1123 5311; x_wconf 87' lang='grc' dir='ltr'>ἐν</span> <span class='ocrx_word' id='word_1_495' title='bbox 1159 5260 1224 5328; x_wconf 82' lang='grc' dir='ltr'>τῇ</span> <span class='ocrx_word' id='word_1_496' title='bbox 1260 5260 1450 5328; x_wconf 80' lang='grc' dir='ltr'>ἐρήμῳ</span> <span class='ocrx_word' id='word_1_497' title='bbox 1482 5257 1707 5323; x_wconf 79' lang='grc' dir='ltr'>καθεζο-</span> 
     </span>
    </p>
   </div>
   <div class='ocr_carea' id='block_1_62' title="bbox 180 5339 1705 5417">
    <p class='ocr_par' dir='ltr' id='par_1_62' title="bbox 180 5339 1705 5417">
     <span class='ocr_line' id='line_1_62' title="bbox 180 5339 1705 5417; baseline -0.004 -17"><span class='ocrx_word' id='word_1_498' title='bbox 180 5350 334 5414; x_wconf 77' lang='grc' dir='ltr'>μένους</span> <span class='ocrx_word' id='word_1_499' title='bbox 362 5367 375 5379; x_wconf 63' lang='grc' dir='ltr'>θ</span> <span class='ocrx_word' id='word_1_500' title='bbox 409 5353 605 5403; x_wconf 86' lang='grc' dir='ltr'>ἐκεῖνοι</span> <span class='ocrx_word' id='word_1_501' title='bbox 641 5350 750 5417; x_wconf 75' lang='grc' dir='ltr'>γὰρ</span> <span class='ocrx_word' id='word_1_502' title='bbox 781 5344 929 5410; x_wconf 75' lang='grc' dir='ltr'>ἅπαξ</span> <span class='ocrx_word' id='word_1_503' title='bbox 971 5342 1063 5395; x_wconf 90' lang='grc' dir='ltr'>τοῦ</span> <span class='ocrx_word' id='word_1_504' title='bbox 1116 5339 1364 5393; x_wconf 79' lang='grc' dir='ltr'>ἐνιαυτοῦ</span> <span class='ocrx_word' id='word_1_505' title='bbox 1398 5341 1705 5412; x_wconf 79' lang='grc' dir='ltr'>μετέχουσι,</span> 
     </span>
    </p>
   </div>
   <div class='ocr_carea' id='block_1_63' title="bbox 179 5421 1707 5498">
    <p class='ocr_par' dir='ltr' id='par_1_63' title="bbox 179 5421 1707 5498">
     <span class='ocr_line' id='line_1_63' title="bbox 179 5421 1707 5498; baseline -0.001 -15"><span class='ocrx_word' id='word_1_506' title='bbox 179 5433 397 5498; x_wconf 75' lang='grc' dir='ltr'>πολλάκις</span> <span class='ocrx_word' id='word_1_507' title='bbox 432 5436 488 5487; x_wconf 80' lang='grc' dir='ltr'>δὲ</span> <span class='ocrx_word' id='word_1_508' title='bbox 517 5436 612 5487; x_wconf 72' lang='grc' dir='ltr'>καὶ</span> <span class='ocrx_word' id='word_1_509' title='bbox 642 5434 730 5485; x_wconf 76' lang='grc' dir='ltr'>διὰ</span> <span class='ocrx_word' id='word_1_510' title='bbox 756 5430 853 5483; x_wconf 86' lang='grc' dir='ltr'>δύο</span> <span class='ocrx_word' id='word_1_511' title='bbox 886 5428 1041 5481; x_wconf 79' lang='grc' dir='ltr'>ἐτῶν.</span> <span class='ocrx_word' id='word_1_512' title='bbox 1071 5426 1137 5478; x_wconf 89' lang='grc' dir='ltr'>Τί</span> <span class='ocrx_word' id='word_1_513' title='bbox 1164 5421 1257 5478; x_wconf 85' lang='grc' dir='ltr'>οῦν</span> <span class='ocrx_word' id='word_1_514' title='bbox 1289 5442 1303 5491; x_wconf 88' lang='grc'>;</span> <span class='ocrx_word' id='word_1_515' title='bbox 1339 5426 1491 5488; x_wconf 89' lang='grc' dir='ltr'>τίνας</span> <span class='ocrx_word' id='word_1_516' title='bbox 1512 5428 1707 5481; x_wconf 88' lang='grc' dir='ltr'>ἀποδε-</span> 
     </span>
    </p>
   </div>
   <div class='ocr_carea' id='block_1_64' title="bbox 226 5555 1707 5622">
    <p class='ocr_par' dir='ltr' id='par_1_64' title="bbox 226 5555 1707 5622">
     <span class='ocr_line' id='line_1_64' title="bbox 226 5555 1707 5622; baseline -0.001 -13"><span class='ocrx_word' id='word_1_517' title='bbox 226 5560 241 5583; x_wconf 88' lang='lat'>&#39;</span> <span class='ocrx_word' id='word_1_518' title='bbox 259 5563 301 5610; x_wconf 81' lang='lat' dir='ltr'><strong>lu</strong></span> <span class='ocrx_word' id='word_1_519' title='bbox 320 5565 465 5621; x_wconf 71' lang='lat'>(1011).,</span> <span class='ocrx_word' id='word_1_520' title='bbox 484 5564 720 5615; x_wconf 82' lang='lat' dir='ltr'>Commel.</span> <span class='ocrx_word' id='word_1_521' title='bbox 746 5566 802 5609; x_wconf 75' lang='lat' dir='ltr'><strong>et</strong></span> <span class='ocrx_word' id='word_1_522' title='bbox 833 5560 990 5622; x_wconf 59' lang='grc' dir='ltr'>Ἆρες.</span> <span class='ocrx_word' id='word_1_523' title='bbox 1016 5556 1362 5622; x_wconf 24' lang='lat' dir='ltr'>sequ_enliaAsic</span> <span class='ocrx_word' id='word_1_524' title='bbox 1380 5555 1593 5622; x_wconf 72' lang='lat' dir='ltr'>habent:</span> <span class='ocrx_word' id='word_1_525' title='bbox 1619 5558 1707 5607; x_wconf 73' lang='grc' dir='ltr'>τοῦ</span> 
     </span>
    </p>
   </div>
   <div class='ocr_carea' id='block_1_65' title="bbox 184 5616 1707 5681">
    <p class='ocr_par' dir='ltr' id='par_1_65' title="bbox 184 5616 1707 5681">
     <span class='ocr_line' id='line_1_65' title="bbox 184 5616 1707 5681; baseline -0.001 -12"><span class='ocrx_word' id='word_1_526' title='bbox 184 5621 374 5673; x_wconf 73' lang='grc' dir='ltr'>ἐνιαυτοῦ.</span> <span class='ocrx_word' id='word_1_527' title='bbox 396 5616 544 5675; x_wconf 70' lang='grc' dir='ltr'>’Ὠστε</span> <span class='ocrx_word' id='word_1_528' title='bbox 565 5626 661 5673; x_wconf 78' lang='grc' dir='ltr'>ἐκεῖ</span> <span class='ocrx_word' id='word_1_529' title='bbox 680 5623 847 5673; x_wconf 84' lang='grc' dir='ltr'>λοιπὸν</span> <span class='ocrx_word' id='word_1_530' title='bbox 878 5616 1053 5681; x_wconf 71' lang='grc' dir='ltr'>γίνὶται</span> <span class='ocrx_word' id='word_1_531' title='bbox 1071 5616 1232 5681; x_wconf 80' lang='grc' dir='ltr'>τοῦτο,</span> <span class='ocrx_word' id='word_1_532' title='bbox 1254 5619 1293 5666; x_wconf 86' lang='grc' dir='ltr'>εί</span> <span class='ocrx_word' id='word_1_533' title='bbox 1316 5621 1397 5667; x_wconf 83' lang='grc' dir='ltr'>καὶ</span> <span class='ocrx_word' id='word_1_534' title='bbox 1422 5620 1616 5681; x_wconf 84' lang='grc' dir='ltr'>γίνεται.</span> <span class='ocrx_word' id='word_1_535' title='bbox 1648 5622 1707 5669; x_wconf 85' lang='grc' dir='ltr'>Τί</span> 
     </span>
    </p>
   </div>
   <div class='ocr_carea' id='block_1_66' title="bbox 183 5680 1708 5798">
    <p class='ocr_par' dir='ltr' id='par_1_66' title="bbox 183 5680 1708 5798">
     <span class='ocr_line' id='line_1_66' title="bbox 183 5680 1708 5798; baseline -0.002 -65"><span class='ocrx_word' id='word_1_536' title='bbox 183 5684 352 5798; x_wconf 41' lang='lat' dir='ltr'>fatae:</span> <span class='ocrx_word' id='word_1_537' title='bbox 372 5687 642 5751; x_wconf 76' lang='grc' dir='ltr'>φαρμάκων,</span> <span class='ocrx_word' id='word_1_538' title='bbox 670 5688 758 5736; x_wconf 78' lang='grc' dir='ltr'>οὐκ</span> <span class='ocrx_word' id='word_1_539' title='bbox 768 5680 920 5732; x_wconf 80' lang='grc' dir='ltr'>ὄντων</span> <span class='ocrx_word' id='word_1_540' title='bbox 939 5680 1248 5743; x_wconf 81' lang='grc' dir='ltr'>τρανμάτων;</span> <span class='ocrx_word' id='word_1_541' title='bbox 1272 5682 1360 5728; x_wconf 86' lang='grc' dir='ltr'>Διά</span> <span class='ocrx_word' id='word_1_542' title='bbox 1382 5680 1525 5729; x_wconf 76' lang='grc' dir='ltr'>τοῦτο</span> <span class='ocrx_word' id='word_1_543' title='bbox 1550 5698 1708 5745; x_wconf 88' lang='grc' dir='ltr'>προσ-</span> 
     </span>
    </p>
   </div>
   <div class='ocr_carea' id='block_1_67' title="bbox 3262 334 3362 387">
    <p class='ocr_par' dir='ltr' id='par_1_67' title="bbox 3262 334 3362 387">
     <span class='ocr_line' id='line_1_67' title="bbox 3262 334 3362 387; baseline -0.01 0"><span class='ocrx_word' id='word_1_544' title='bbox 3262 334 3362 387; x_wconf 69' lang='lat' dir='ltr'>i3!</span> 
     </span>
    </p>
   </div>
   <div class='ocr_carea' id='block_1_68' title="bbox 1799 438 3362 515">
    <p class='ocr_par' dir='ltr' id='par_1_68' title="bbox 1799 438 3362 515">
     <span class='ocr_line' id='line_1_68' title="bbox 1799 438 3362 515; baseline 0.006 -23"><span class='ocrx_word' id='word_1_545' title='bbox 1799 438 2031 509; x_wconf 82' lang='grc' dir='ltr'>ξόμεθα;</span> <span class='ocrx_word' id='word_1_546' title='bbox 2068 445 2363 511; x_wconf 39' lang='grc' dir='ltr'>τοὺςνᾶπαξ</span> <span class='ocrx_word' id='word_1_547' title='bbox 2388 466 2401 511; x_wconf 86' lang='lat'>;</span> <span class='ocrx_word' id='word_1_548' title='bbox 2430 450 2555 511; x_wconf 72' lang='grc' dir='ltr'>τοὺς</span> <span class='ocrx_word' id='word_1_549' title='bbox 2585 448 2874 512; x_wconf 76' lang='grc' dir='ltr'>πολλάκιςς</span> <span class='ocrx_word' id='word_1_550' title='bbox 2910 447 3035 510; x_wconf 63' lang='grc' dir='ltr'>τοῖος</span> <span class='ocrx_word' id='word_1_551' title='bbox 3080 447 3362 515; x_wconf 75' lang='grc' dir='ltr'>όλιγάκιςς</span> 
     </span>
    </p>
   </div>
   <div class='ocr_carea' id='block_1_69' title="bbox 1796 522 3361 595">
    <p class='ocr_par' dir='ltr' id='par_1_69' title="bbox 1796 522 3361 595">
     <span class='ocr_line' id='line_1_69' title="bbox 1796 522 3361 595; baseline 0.006 -21"><span class='ocrx_word' id='word_1_552' title='bbox 1796 522 1931 577; x_wconf 78' lang='grc' dir='ltr'>Οὔτε</span> <span class='ocrx_word' id='word_1_553' title='bbox 1961 528 2086 589; x_wconf 78' lang='grc' dir='ltr'>τοὺς</span> <span class='ocrx_word' id='word_1_554' title='bbox 2128 527 2292 593; x_wconf 77' lang='grc' dir='ltr'>ἅπαξ,</span> <span class='ocrx_word' id='word_1_555' title='bbox 2320 530 2443 583; x_wconf 75' lang='grc' dir='ltr'>οὔτε</span> <span class='ocrx_word' id='word_1_556' title='bbox 2469 533 2591 595; x_wconf 71' lang='grc' dir='ltr'>τοὺς</span> <span class='ocrx_word' id='word_1_557' title='bbox 2640 533 2919 595; x_wconf 85' lang='grc' dir='ltr'>πολλάκις,</span> <span class='ocrx_word' id='word_1_558' title='bbox 2946 530 3068 583; x_wconf 69' lang='grc' dir='ltr'>οὔτε</span> <span class='ocrx_word' id='word_1_559' title='bbox 3097 532 3223 593; x_wconf 78' lang='grc' dir='ltr'>τοὺς</span> <span class='ocrx_word' id='word_1_560' title='bbox 3259 531 3361 583; x_wconf 84' lang='grc' dir='ltr'>ὀλι-</span> 
     </span>
    </p>
   </div>
   <div class='ocr_carea' id='block_1_70' title="bbox 1795 606 3367 686">
    <p class='ocr_par' dir='ltr' id='par_1_70' title="bbox 1795 606 3367 686">
     <span class='ocr_line' id='line_1_70' title="bbox 1795 606 3367 686; baseline 0.006 -29"><span class='ocrx_word' id='word_1_561' title='bbox 1795 606 1978 674; x_wconf 87' lang='grc' dir='ltr'>γάκις,</span> <span class='ocrx_word' id='word_1_562' title='bbox 2017 609 2151 661; x_wconf 88' lang='grc' dir='ltr'>ἀλλά</span> <span class='ocrx_word' id='word_1_563' title='bbox 2204 613 2329 675; x_wconf 82' lang='grc' dir='ltr'>τοὺς</span> <span class='ocrx_word' id='word_1_564' title='bbox 2376 615 2514 683; x_wconf 88' lang='grc' dir='ltr'>μετά</span> <span class='ocrx_word' id='word_1_565' title='bbox 2572 616 2815 686; x_wconf 84' lang='grc' dir='ltr'>καθαροῦ</span> <span class='ocrx_word' id='word_1_566' title='bbox 2870 614 3189 677; x_wconf 73' lang='grc' dir='ltr'>συνειδότος,</span> <span class='ocrx_word' id='word_1_567' title='bbox 3239 615 3367 676; x_wconf 73' lang='grc' dir='ltr'>τοὺς</span> 
     </span>
    </p>
   </div>
   <div class='ocr_carea' id='block_1_71' title="bbox 1800 690 3365 769">
    <p class='ocr_par' dir='ltr' id='par_1_71' title="bbox 1800 690 3365 769">
     <span class='ocr_line' id='line_1_71' title="bbox 1800 690 3365 769; baseline 0.004 -27"><span class='ocrx_word' id='word_1_568' title='bbox 1800 690 1939 760; x_wconf 85' lang='grc' dir='ltr'>μετά</span> <span class='ocrx_word' id='word_1_569' title='bbox 1969 692 2214 763; x_wconf 76' lang='grc' dir='ltr'>καθαρᾶς</span> <span class='ocrx_word' id='word_1_570' title='bbox 2250 697 2502 764; x_wconf 80' lang='grc' dir='ltr'>καρδίας,</span> <span class='ocrx_word' id='word_1_571' title='bbox 2530 700 2652 761; x_wconf 83' lang='grc' dir='ltr'>τοὺς</span> <span class='ocrx_word' id='word_1_572' title='bbox 2682 699 2818 769; x_wconf 89' lang='grc' dir='ltr'>μετὰ</span> <span class='ocrx_word' id='word_1_573' title='bbox 2844 698 2959 768; x_wconf 89' lang='grc' dir='ltr'>βίου</span> <span class='ocrx_word' id='word_1_574' title='bbox 2993 698 3256 768; x_wconf 82' lang='grc' dir='ltr'>ἀλήπτου,</span> <span class='ocrx_word' id='word_1_575' title='bbox 3301 698 3365 750; x_wconf 81' lang='grc' dir='ltr'><strong>υἱ</strong></span> 
     </span>
    </p>
   </div>
   <div class='ocr_carea' id='block_1_72' title="bbox 1796 772 3365 851">
    <p class='ocr_par' dir='ltr' id='par_1_72' title="bbox 1796 772 3365 851">
     <span class='ocr_line' id='line_1_72' title="bbox 1796 772 3365 851; baseline 0.006 -28"><span class='ocrx_word' id='word_1_576' title='bbox 1796 772 2025 826; x_wconf 89' lang='grc' dir='ltr'>τοιοῦτοι</span> <span class='ocrx_word' id='word_1_577' title='bbox 2076 776 2161 827; x_wconf 73' lang='grc' dir='ltr'>ἀεὶ</span> <span class='ocrx_word' id='word_1_578' title='bbox 2214 779 2558 847; x_wconf 87' lang='grc' dir='ltr'>προσίτωσαν</span> <span class='ocrx_word' id='word_1_579' title='bbox 2584 796 2597 809; x_wconf 85' lang='grc'><strong>·</strong></span> <span class='ocrx_word' id='word_1_580' title='bbox 2639 784 2686 832; x_wconf 90' lang='grc' dir='ltr'>οί</span> <span class='ocrx_word' id='word_1_581' title='bbox 2723 782 2779 833; x_wconf 84' lang='grc' dir='ltr'>δὲ</span> <span class='ocrx_word' id='word_1_582' title='bbox 2834 781 2906 851; x_wconf 82' lang='grc' dir='ltr'>μὴ</span> <span class='ocrx_word' id='word_1_583' title='bbox 2947 779 3199 842; x_wconf 90' lang='grc' dir='ltr'>τοιοῦτοι,</span> <span class='ocrx_word' id='word_1_584' title='bbox 3229 779 3365 849; x_wconf 73' lang='grc' dir='ltr'>μηδὲ</span> 
     </span>
    </p>
   </div>
   <div class='ocr_carea' id='block_1_73' title="bbox 1798 855 3362 933">
    <p class='ocr_par' dir='ltr' id='par_1_73' title="bbox 1798 855 3362 933">
     <span class='ocr_line' id='line_1_73' title="bbox 1798 855 3362 933; baseline 0.005 -27"><span class='ocrx_word' id='word_1_585' title='bbox 1798 855 1963 921; x_wconf 79' lang='grc' dir='ltr'>ἅπαξ.</span> <span class='ocrx_word' id='word_1_586' title='bbox 2000 858 2064 909; x_wconf 88' lang='grc' dir='ltr'>Τί</span> <span class='ocrx_word' id='word_1_587' title='bbox 2091 858 2335 928; x_wconf 84' lang='grc' dir='ltr'>δήποτε;</span> <span class='ocrx_word' id='word_1_588' title='bbox 2375 860 2500 912; x_wconf 84' lang='lat'><strong>&quot;0::</strong></span> <span class='ocrx_word' id='word_1_589' title='bbox 2535 863 2707 932; x_wconf 85' lang='grc' dir='ltr'>κρίμα</span> <span class='ocrx_word' id='word_1_590' title='bbox 2752 863 2964 925; x_wconf 72' lang='grc' dir='ltr'>ἑαυτοῖς</span> <span class='ocrx_word' id='word_1_591' title='bbox 3006 862 3362 933; x_wconf 89' lang='grc' dir='ltr'>λαμϐάνουσι,</span> 
     </span>
    </p>
   </div>
   <div class='ocr_carea' id='block_1_74' title="bbox 1798 941 3365 1016">
    <p class='ocr_par' dir='ltr' id='par_1_74' title="bbox 1798 941 3365 1016">
     <span class='ocr_line' id='line_1_74' title="bbox 1798 941 3365 1016; baseline 0.008 -28"><span class='ocrx_word' id='word_1_592' title='bbox 1798 941 1890 989; x_wconf 79' lang='grc' dir='ltr'>καὶ</span> <span class='ocrx_word' id='word_1_593' title='bbox 1926 941 2245 1010; x_wconf 85' lang='grc' dir='ltr'>κατάκριμα</span> <span class='ocrx_word' id='word_1_594' title='bbox 2279 941 2374 993; x_wconf 76' lang='grc' dir='ltr'>καὶ</span> <span class='ocrx_word' id='word_1_595' title='bbox 2404 941 2623 996; x_wconf 83' lang='grc' dir='ltr'>κόλασιν</span> <span class='ocrx_word' id='word_1_596' title='bbox 2668 944 2761 996; x_wconf 66' lang='grc' dir='ltr'>κα)⁵</span> <span class='ocrx_word' id='word_1_597' title='bbox 2805 946 3095 1016; x_wconf 86' lang='grc' dir='ltr'>τιμωρίαν.</span> <span class='ocrx_word' id='word_1_598' title='bbox 3140 946 3250 999; x_wconf 73' lang='grc' dir='ltr'>Καὶ</span> <span class='ocrx_word' id='word_1_599' title='bbox 3290 947 3365 1016; x_wconf 81' lang='grc' dir='ltr'>μὴ</span> 
     </span>
    </p>
   </div>
   <div class='ocr_carea' id='block_1_75' title="bbox 1799 1020 3365 1099">
    <p class='ocr_par' dir='ltr' id='par_1_75' title="bbox 1799 1020 3365 1099">
     <span class='ocr_line' id='line_1_75' title="bbox 1799 1020 3365 1099; baseline 0.004 -25"><span class='ocrx_word' id='word_1_600' title='bbox 1799 1020 2084 1094; x_wconf 75' lang='grc' dir='ltr'>θαυμάσῃς</span> <span class='ocrx_word' id='word_1_601' title='bbox 2104 1040 2116 1052; x_wconf 75' lang='grc' dir='ltr'>ο</span> <span class='ocrx_word' id='word_1_602' title='bbox 2141 1023 2332 1096; x_wconf 82' lang='grc' dir='ltr'>ὥσπερ</span> <span class='ocrx_word' id='word_1_603' title='bbox 2354 1025 2460 1095; x_wconf 82' lang='grc' dir='ltr'>γὰρ</span> <span class='ocrx_word' id='word_1_604' title='bbox 2481 1026 2514 1093; x_wconf 82' lang='grc' dir='ltr'>ἡ</span> <span class='ocrx_word' id='word_1_605' title='bbox 2538 1028 2713 1096; x_wconf 83' lang='grc' dir='ltr'>τροφὴ</span> <span class='ocrx_word' id='word_1_606' title='bbox 2737 1027 2894 1094; x_wconf 86' lang='grc' dir='ltr'>φύσει</span> <span class='ocrx_word' id='word_1_607' title='bbox 2922 1025 3055 1082; x_wconf 80' lang='grc' dir='ltr'>οὖσα</span> <span class='ocrx_word' id='word_1_608' title='bbox 3077 1028 3365 1099; x_wconf 74' lang='grc' dir='ltr'>θρεπτικὴ,</span> 
     </span>
    </p>
   </div>
   <div class='ocr_carea' id='block_1_76' title="bbox 1800 1103 3365 1178">
    <p class='ocr_par' dir='ltr' id='par_1_76' title="bbox 1800 1103 3365 1178">
     <span class='ocr_line' id='line_1_76' title="bbox 1800 1103 3365 1178; baseline 0.005 -23"><span class='ocrx_word' id='word_1_609' title='bbox 1800 1103 1895 1156; x_wconf 79' lang='grc' dir='ltr'>ἐὰν</span> <span class='ocrx_word' id='word_1_610' title='bbox 1924 1106 2002 1168; x_wconf 88' lang='grc' dir='ltr'>είς</span> <span class='ocrx_word' id='word_1_611' title='bbox 2042 1106 2331 1159; x_wconf 85' lang='grc' dir='ltr'>κακόσιτον</span> <span class='ocrx_word' id='word_1_612' title='bbox 2360 1107 2597 1178; x_wconf 78' lang='grc' dir='ltr'>ἐμπέσῃ,</span> <span class='ocrx_word' id='word_1_613' title='bbox 2624 1109 2804 1162; x_wconf 88' lang='grc' dir='ltr'>πάντα</span> <span class='ocrx_word' id='word_1_614' title='bbox 2839 1109 3101 1163; x_wconf 87' lang='grc' dir='ltr'>ἀπόλλυσι</span> <span class='ocrx_word' id='word_1_615' title='bbox 3132 1113 3225 1162; x_wconf 80' lang='grc' dir='ltr'>καὶ</span> <span class='ocrx_word' id='word_1_616' title='bbox 3246 1114 3365 1163; x_wconf 85' lang='grc' dir='ltr'>δια-</span> 
     </span>
    </p>
   </div>
   <div class='ocr_carea' id='block_1_77' title="bbox 1801 1185 3369 1263">
    <p class='ocr_par' dir='ltr' id='par_1_77' title="bbox 1801 1185 3369 1263">
     <span class='ocr_line' id='line_1_77' title="bbox 1801 1185 3369 1263; baseline 0.006 -27"><span class='ocrx_word' id='word_1_617' title='bbox 1801 1185 2031 1258; x_wconf 84' lang='grc' dir='ltr'>φθείρει,</span> <span class='ocrx_word' id='word_1_618' title='bbox 2052 1191 2367 1256; x_wconf 76' lang='grc' dir='ltr'>καὶγίνεται</span> <span class='ocrx_word' id='word_1_619' title='bbox 2386 1190 2539 1242; x_wconf 89' lang='grc' dir='ltr'>νόσου</span> <span class='ocrx_word' id='word_1_620' title='bbox 2561 1192 2783 1263; x_wconf 80' lang='grc' dir='ltr'>ἀφορμή</span> <span class='ocrx_word' id='word_1_621' title='bbox 2803 1208 2815 1220; x_wconf 66' lang='grc' dir='ltr'>θ</span> <span class='ocrx_word' id='word_1_622' title='bbox 2836 1192 2978 1244; x_wconf 73' lang='grc' dir='ltr'>οὕτω</span> <span class='ocrx_word' id='word_1_623' title='bbox 2999 1192 3063 1261; x_wconf 84' lang='grc' dir='ltr'>δὴ</span> <span class='ocrx_word' id='word_1_624' title='bbox 3092 1193 3369 1245; x_wconf 72' lang='grc' dir='ltr'>καὶταῦτα</span> 
     </span>
    </p>
   </div>
   <div class='ocr_carea' id='block_1_78' title="bbox 1799 1269 3371 1343">
    <p class='ocr_par' dir='ltr' id='par_1_78' title="bbox 1799 1269 3371 1343">
     <span class='ocr_line' id='line_1_78' title="bbox 1799 1269 3371 1343; baseline 0.004 -22"><span class='ocrx_word' id='word_1_625' title='bbox 1799 1269 1868 1321; x_wconf 79' lang='grc' dir='ltr'>τὰ</span> <span class='ocrx_word' id='word_1_626' title='bbox 1905 1270 2011 1323; x_wconf 87' lang='grc' dir='ltr'>τῶν</span> <span class='ocrx_word' id='word_1_627' title='bbox 2060 1273 2304 1340; x_wconf 77' lang='grc' dir='ltr'>φρικτὼν</span> <span class='ocrx_word' id='word_1_628' title='bbox 2350 1274 2683 1342; x_wconf 86' lang='grc' dir='ltr'>μυστηρίων.</span> <span class='ocrx_word' id='word_1_629' title='bbox 2744 1272 3034 1343; x_wconf 76' lang='grc' dir='ltr'>Τραπέζης</span> <span class='ocrx_word' id='word_1_630' title='bbox 3078 1274 3371 1337; x_wconf 83' lang='grc' dir='ltr'>ἀπολαύεις</span> 
     </span>
    </p>
   </div>
   <div class='ocr_carea' id='block_1_79' title="bbox 1800 1352 3371 1425">
    <p class='ocr_par' dir='ltr' id='par_1_79' title="bbox 1800 1352 3371 1425">
     <span class='ocr_line' id='line_1_79' title="bbox 1800 1352 3371 1425; baseline 0.003 -22"><span class='ocrx_word' id='word_1_631' title='bbox 1800 1354 2200 1423; x_wconf 83' lang='grc' dir='ltr'>πνευματικῆς,</span> <span class='ocrx_word' id='word_1_632' title='bbox 2229 1352 2505 1424; x_wconf 81' lang='grc' dir='ltr'>τραπέζης</span> <span class='ocrx_word' id='word_1_633' title='bbox 2540 1354 2852 1424; x_wconf 79' lang='grc' dir='ltr'>βασιλικῆς,</span> <span class='ocrx_word' id='word_1_634' title='bbox 2875 1356 2969 1408; x_wconf 74' lang='grc' dir='ltr'>καὶ</span> <span class='ocrx_word' id='word_1_635' title='bbox 2997 1356 3157 1409; x_wconf 86' lang='grc' dir='ltr'>πάλιν</span> <span class='ocrx_word' id='word_1_636' title='bbox 3180 1356 3371 1425; x_wconf 88' lang='grc' dir='ltr'>φύρεις</span> 
     </span>
    </p>
   </div>
   <div class='ocr_carea' id='block_1_80' title="bbox 1799 1435 3369 1509">
    <p class='ocr_par' dir='ltr' id='par_1_80' title="bbox 1799 1435 3369 1509">
     <span class='ocr_line' id='line_1_80' title="bbox 1799 1435 3369 1509; baseline 0.006 -24"><span class='ocrx_word' id='word_1_637' title='bbox 1799 1435 2044 1507; x_wconf 85' lang='grc' dir='ltr'>βορϐόρῳ</span> <span class='ocrx_word' id='word_1_638' title='bbox 2066 1437 2128 1488; x_wconf 74' lang='grc' dir='ltr'>τὸ</span> <span class='ocrx_word' id='word_1_639' title='bbox 2159 1438 2366 1505; x_wconf 84' lang='grc' dir='ltr'>στόμα;</span> <span class='ocrx_word' id='word_1_640' title='bbox 2394 1438 2551 1509; x_wconf 73' lang='grc' dir='ltr'>μύρῳ</span> <span class='ocrx_word' id='word_1_641' title='bbox 2578 1437 2773 1507; x_wconf 88' lang='grc' dir='ltr'>χρίεις,</span> <span class='ocrx_word' id='word_1_642' title='bbox 2804 1440 2897 1491; x_wconf 70' lang='grc' dir='ltr'>καὶ</span> <span class='ocrx_word' id='word_1_643' title='bbox 2927 1439 3086 1492; x_wconf 88' lang='grc' dir='ltr'>πάλιν</span> <span class='ocrx_word' id='word_1_644' title='bbox 3108 1439 3369 1504; x_wconf 83' lang='grc' dir='ltr'>δυσωδίας</span> 
     </span>
    </p>
   </div>
   <div class='ocr_carea' id='block_1_81' title="bbox 1799 1518 3371 1592">
    <p class='ocr_par' dir='ltr' id='par_1_81' title="bbox 1799 1518 3371 1592">
     <span class='ocr_line' id='line_1_81' title="bbox 1799 1518 3371 1592; baseline 0.005 -24"><span class='ocrx_word' id='word_1_645' title='bbox 1799 1518 2054 1588; x_wconf 88' lang='grc' dir='ltr'>πληροῖς;</span> <span class='ocrx_word' id='word_1_646' title='bbox 2109 1520 2246 1573; x_wconf 78' lang='grc' dir='ltr'>Εἰπέ</span> <span class='ocrx_word' id='word_1_647' title='bbox 2282 1537 2393 1589; x_wconf 92' lang='grc' dir='ltr'>μοι,</span> <span class='ocrx_word' id='word_1_648' title='bbox 2452 1521 2775 1589; x_wconf 79' lang='grc' dir='ltr'>παρακαλῶ,</span> <span class='ocrx_word' id='word_1_649' title='bbox 2817 1521 2932 1591; x_wconf 74' lang='grc' dir='ltr'>μετ’</span> <span class='ocrx_word' id='word_1_650' title='bbox 2981 1522 3225 1575; x_wconf 74' lang='grc' dir='ltr'>ἐνιαυτὸν</span> <span class='ocrx_word' id='word_1_651' title='bbox 3271 1523 3371 1592; x_wconf 77' lang='grc' dir='ltr'>τῆς</span> 
     </span>
    </p>
   </div>
   <div class='ocr_carea' id='block_1_82' title="bbox 1801 1600 3373 1676">
    <p class='ocr_par' dir='ltr' id='par_1_82' title="bbox 1801 1600 3373 1676">
     <span class='ocr_line' id='line_1_82' title="bbox 1801 1600 3373 1676; baseline 0.004 -24"><span class='ocrx_word' id='word_1_652' title='bbox 1801 1600 2156 1671; x_wconf 74' lang='grc' dir='ltr'>μεταλήψεως</span> <span class='ocrx_word' id='word_1_653' title='bbox 2225 1603 2490 1673; x_wconf 82' lang='grc' dir='ltr'>μετέχων,</span> <span class='ocrx_word' id='word_1_654' title='bbox 2551 1602 2648 1666; x_wconf 72' lang='grc' dir='ltr'>τὰς</span> <span class='ocrx_word' id='word_1_655' title='bbox 2698 1604 3109 1674; x_wconf 88' lang='grc' dir='ltr'>τεσσαράκοντα</span> <span class='ocrx_word' id='word_1_656' title='bbox 3154 1605 3373 1676; x_wconf 79' lang='grc' dir='ltr'>ἡμέρας</span> 
     </span>
    </p>
   </div>
   <div class='ocr_carea' id='block_1_83' title="bbox 1799 1684 3371 1760">
    <p class='ocr_par' dir='ltr' id='par_1_83' title="bbox 1799 1684 3371 1760">
     <span class='ocr_line' id='line_1_83' title="bbox 1799 1684 3371 1760; baseline 0.003 -23"><span class='ocrx_word' id='word_1_657' title='bbox 1799 1684 1899 1737; x_wconf 82' lang='grc' dir='ltr'>οῖει</span> <span class='ocrx_word' id='word_1_658' title='bbox 1928 1685 2118 1755; x_wconf 87' lang='grc' dir='ltr'>ἀρκεῖν</span> <span class='ocrx_word' id='word_1_659' title='bbox 2157 1702 2239 1738; x_wconf 93' lang='grc' dir='ltr'>σοι</span> <span class='ocrx_word' id='word_1_660' title='bbox 2286 1686 2425 1756; x_wconf 79' lang='grc' dir='ltr'>πρὸς</span> <span class='ocrx_word' id='word_1_661' title='bbox 2474 1686 2754 1756; x_wconf 73' lang='grc' dir='ltr'>καθαρμὸν</span> <span class='ocrx_word' id='word_1_662' title='bbox 2808 1688 2916 1739; x_wconf 82' lang='grc' dir='ltr'>τῶν</span> <span class='ocrx_word' id='word_1_663' title='bbox 2962 1689 3371 1760; x_wconf 86' lang='grc' dir='ltr'>ἁμαρτημάτων</span> 
     </span>
    </p>
   </div>
   <div class='ocr_carea' id='block_1_84' title="bbox 1800 1767 3372 1843">
    <p class='ocr_par' dir='ltr' id='par_1_84' title="bbox 1800 1767 3372 1843">
     <span class='ocr_line' id='line_1_84' title="bbox 1800 1767 3372 1843; baseline 0.003 -23"><span class='ocrx_word' id='word_1_664' title='bbox 1800 1768 1999 1831; x_wconf 75' lang='grc' dir='ltr'>παντὸς</span> <span class='ocrx_word' id='word_1_665' title='bbox 2039 1767 2136 1820; x_wconf 88' lang='grc' dir='ltr'>τοῦ</span> <span class='ocrx_word' id='word_1_666' title='bbox 2189 1768 2413 1839; x_wconf 76' lang='grc' dir='ltr'>χρόνους</span> <span class='ocrx_word' id='word_1_667' title='bbox 2464 1771 2557 1823; x_wconf 79' lang='grc' dir='ltr'>καὶ</span> <span class='ocrx_word' id='word_1_668' title='bbox 2602 1771 2783 1833; x_wconf 90' lang='grc' dir='ltr'>πάλιν,</span> <span class='ocrx_word' id='word_1_669' title='bbox 2819 1770 3114 1841; x_wconf 80' lang='grc' dir='ltr'>ἑϐδομάδος</span> <span class='ocrx_word' id='word_1_670' title='bbox 3166 1773 3372 1843; x_wconf 85' lang='grc' dir='ltr'>παρελ-</span> 
     </span>
    </p>
   </div>
   <div class='ocr_carea' id='block_1_85' title="bbox 1801 1851 3368 1926">
    <p class='ocr_par' dir='ltr' id='par_1_85' title="bbox 1801 1851 3368 1926">
     <span class='ocr_line' id='line_1_85' title="bbox 1801 1851 3368 1926; baseline 0.002 -21"><span class='ocrx_word' id='word_1_671' title='bbox 1801 1851 2019 1920; x_wconf 88' lang='grc' dir='ltr'>θούσης,</span> <span class='ocrx_word' id='word_1_672' title='bbox 2068 1851 2289 1915; x_wconf 84' lang='grc' dir='ltr'>ἐκδίδως</span> <span class='ocrx_word' id='word_1_673' title='bbox 2354 1855 2547 1906; x_wconf 73' lang='grc' dir='ltr'>σαυτὸν</span> <span class='ocrx_word' id='word_1_674' title='bbox 2592 1858 2705 1917; x_wconf 88' lang='grc' dir='ltr'>τοῖς</span> <span class='ocrx_word' id='word_1_675' title='bbox 2756 1856 3074 1924; x_wconf 87' lang='grc' dir='ltr'>προτέροις;</span> <span class='ocrx_word' id='word_1_676' title='bbox 3116 1856 3250 1908; x_wconf 69' lang='grc' dir='ltr'>Εἰπὲ</span> <span class='ocrx_word' id='word_1_677' title='bbox 3303 1856 3368 1926; x_wconf 79' lang='grc' dir='ltr'>δή</span> 
     </span>
    </p>
   </div>
   <div class='ocr_carea' id='block_1_86' title="bbox 1804 1933 3370 2008">
    <p class='ocr_par' dir='ltr' id='par_1_86' title="bbox 1804 1933 3370 2008">
     <span class='ocr_line' id='line_1_86' title="bbox 1804 1933 3370 2008; baseline 0.003 -21"><span class='ocrx_word' id='word_1_678' title='bbox 1804 1950 1912 2004; x_wconf 89' lang='grc' dir='ltr'>μοι,</span> <span class='ocrx_word' id='word_1_679' title='bbox 1953 1933 2047 1985; x_wconf 83' lang='grc' dir='ltr'>ἐὰν</span> <span class='ocrx_word' id='word_1_680' title='bbox 2082 1933 2314 2001; x_wconf 78' lang='grc' dir='ltr'>ὑγιάνας</span> <span class='ocrx_word' id='word_1_681' title='bbox 2354 1936 2763 2007; x_wconf 88' lang='grc' dir='ltr'>τεσσαράκοντα</span> <span class='ocrx_word' id='word_1_682' title='bbox 2813 1937 3024 2008; x_wconf 79' lang='grc' dir='ltr'>ἡμέρας</span> <span class='ocrx_word' id='word_1_683' title='bbox 3071 1938 3179 1990; x_wconf 73' lang='grc' dir='ltr'>ἀπὸ</span> <span class='ocrx_word' id='word_1_684' title='bbox 3214 1938 3370 1991; x_wconf 91' lang='grc' dir='ltr'>νόσου</span> 
     </span>
    </p>
   </div>
   <div class='ocr_carea' id='block_1_87' title="bbox 1802 2016 3371 2090">
    <p class='ocr_par' dir='ltr' id='par_1_87' title="bbox 1802 2016 3371 2090">
     <span class='ocr_line' id='line_1_87' title="bbox 1802 2016 3371 2090; baseline 0.002 -22"><span class='ocrx_word' id='word_1_685' title='bbox 1802 2017 2039 2087; x_wconf 82' lang='grc' dir='ltr'>μακρᾶς,</span> <span class='ocrx_word' id='word_1_686' title='bbox 2074 2016 2237 2070; x_wconf 90' lang='grc' dir='ltr'>πάλιν</span> <span class='ocrx_word' id='word_1_687' title='bbox 2296 2018 2490 2071; x_wconf 75' lang='grc' dir='ltr'>σαυτὸν</span> <span class='ocrx_word' id='word_1_688' title='bbox 2544 2023 2653 2081; x_wconf 90' lang='grc' dir='ltr'>τοῖς</span> <span class='ocrx_word' id='word_1_689' title='bbox 2708 2019 2896 2081; x_wconf 89' lang='grc' dir='ltr'>σιτίοις</span> <span class='ocrx_word' id='word_1_690' title='bbox 2944 2017 3113 2090; x_wconf 82' lang='grc' dir='ltr'>ἐκδῷς</span> <span class='ocrx_word' id='word_1_691' title='bbox 3146 2020 3371 2082; x_wconf 79' lang='grc' dir='ltr'>ἐκείνοις</span> 
     </span>
    </p>
   </div>
   <div class='ocr_carea' id='block_1_88' title="bbox 1798 2100 3370 2171">
    <p class='ocr_par' dir='ltr' id='par_1_88' title="bbox 1798 2100 3370 2171">
     <span class='ocr_line' id='line_1_88' title="bbox 1798 2100 3370 2171; baseline 0.004 -21"><span class='ocrx_word' id='word_1_692' title='bbox 1798 2101 1909 2162; x_wconf 88' lang='grc' dir='ltr'>τοῖς</span> <span class='ocrx_word' id='word_1_693' title='bbox 1941 2103 2256 2162; x_wconf 80' lang='grc' dir='ltr'>νοσοποιοῖς,</span> <span class='ocrx_word' id='word_1_694' title='bbox 2294 2100 2414 2169; x_wconf 72' lang='grc' dir='ltr'>ούχὶ</span> <span class='ocrx_word' id='word_1_695' title='bbox 2462 2102 2557 2155; x_wconf 71' lang='grc' dir='ltr'>καὶ</span> <span class='ocrx_word' id='word_1_696' title='bbox 2616 2102 2707 2153; x_wconf 65' lang='grc' dir='ltr'>τὸν</span> <span class='ocrx_word' id='word_1_697' title='bbox 2749 2102 3012 2171; x_wconf 86' lang='grc' dir='ltr'>πρότερον</span> <span class='ocrx_word' id='word_1_698' title='bbox 3065 2102 3231 2155; x_wconf 89' lang='grc' dir='ltr'>κόπον</span> <span class='ocrx_word' id='word_1_699' title='bbox 3262 2103 3370 2155; x_wconf 82' lang='grc' dir='ltr'>άπ-</span> 
     </span>
    </p>
   </div>
   <div class='ocr_carea' id='block_1_89' title="bbox 1798 2183 3371 2257">
    <p class='ocr_par' dir='ltr' id='par_1_89' title="bbox 1798 2183 3371 2257">
     <span class='ocr_line' id='line_1_89' title="bbox 1798 2183 3371 2257; baseline 0.004 -22"><span class='ocrx_word' id='word_1_700' title='bbox 1798 2183 2044 2247; x_wconf 76' lang='grc' dir='ltr'>ὡλεσαςς</span> <span class='ocrx_word' id='word_1_701' title='bbox 2079 2183 2314 2254; x_wconf 76' lang='grc' dir='ltr'>Εὔδηλον</span> <span class='ocrx_word' id='word_1_702' title='bbox 2338 2185 2438 2240; x_wconf 84' lang='grc' dir='ltr'>ὅτι.</span> <span class='ocrx_word' id='word_1_703' title='bbox 2469 2186 2530 2238; x_wconf 70' lang='lat' dir='ltr'>El</span> <span class='ocrx_word' id='word_1_704' title='bbox 2551 2185 2658 2257; x_wconf 73' lang='grc' dir='ltr'>γὰρ</span> <span class='ocrx_word' id='word_1_705' title='bbox 2681 2186 2749 2238; x_wconf 80' lang='grc' dir='ltr'>τά</span> <span class='ocrx_word' id='word_1_706' title='bbox 2783 2185 2989 2253; x_wconf 82' lang='grc' dir='ltr'>φυσικά</span> <span class='ocrx_word' id='word_1_707' title='bbox 3025 2185 3371 2256; x_wconf 88' lang='grc' dir='ltr'>μεθίσταται,</span> 
     </span>
    </p>
   </div>
   <div class='ocr_carea' id='block_1_90' title="bbox 1800 2262 3371 2338">
    <p class='ocr_par' dir='ltr' id='par_1_90' title="bbox 1800 2262 3371 2338">
     <span class='ocr_line' id='line_1_90' title="bbox 1800 2262 3371 2338; baseline 0.003 -20"><span class='ocrx_word' id='word_1_708' title='bbox 1800 2265 1949 2337; x_wconf 81' lang='grc'>[170]</span> <span class='ocrx_word' id='word_1_709' title='bbox 1970 2266 2146 2337; x_wconf 83' lang='grc' dir='ltr'>πολλῷ</span> <span class='ocrx_word' id='word_1_710' title='bbox 2167 2266 2364 2337; x_wconf 81' lang='grc' dir='ltr'>μᾶλλον</span> <span class='ocrx_word' id='word_1_711' title='bbox 2388 2267 2457 2320; x_wconf 79' lang='grc' dir='ltr'>τά</span> <span class='ocrx_word' id='word_1_712' title='bbox 2468 2270 2566 2338; x_wconf 84' lang='grc' dir='ltr'>τῆς</span> <span class='ocrx_word' id='word_1_713' title='bbox 2593 2268 2985 2338; x_wconf 84' lang='grc' dir='ltr'>προαιρέσεως.</span> <span class='ocrx_word' id='word_1_714' title='bbox 3001 2262 3125 2321; x_wconf 78' lang='grc' dir='ltr'>Οίόν</span> <span class='ocrx_word' id='word_1_715' title='bbox 3142 2285 3192 2321; x_wconf 93' lang='grc' dir='ltr'>τι</span> <span class='ocrx_word' id='word_1_716' title='bbox 3207 2269 3371 2338; x_wconf 78' lang='grc' dir='ltr'>λέγωο</span> 
     </span>
    </p>
   </div>
   <div class='ocr_carea' id='block_1_91' title="bbox 1801 2351 3373 2422">
    <p class='ocr_par' dir='ltr' id='par_1_91' title="bbox 1801 2351 3373 2422">
     <span class='ocr_line' id='line_1_91' title="bbox 1801 2351 3373 2422; baseline 0.003 -19"><span class='ocrx_word' id='word_1_717' title='bbox 1801 2352 1966 2404; x_wconf 82' lang='grc' dir='ltr'>Φύσει</span> <span class='ocrx_word' id='word_1_718' title='bbox 2004 2351 2296 2421; x_wconf 85' lang='grc' dir='ltr'>βλέπομεν,</span> <span class='ocrx_word' id='word_1_719' title='bbox 2332 2351 2427 2404; x_wconf 66' lang='grc' dir='ltr'>καὶ</span> <span class='ocrx_word' id='word_1_720' title='bbox 2457 2353 2629 2419; x_wconf 84' lang='grc' dir='ltr'>ὑγιεῖς</span> <span class='ocrx_word' id='word_1_721' title='bbox 2659 2351 2854 2421; x_wconf 76' lang='grc' dir='ltr'>ἔχομεν</span> <span class='ocrx_word' id='word_1_722' title='bbox 2891 2351 3205 2422; x_wconf 71' lang='grc' dir='ltr'>ὀφθαλμοὺς</span> <span class='ocrx_word' id='word_1_723' title='bbox 3232 2355 3373 2413; x_wconf 66' lang='grc' dir='ltr'>κατὰ</span> 
     </span>
    </p>
   </div>
   <div class='ocr_carea' id='block_1_92' title="bbox 1800 2433 3373 2506">
    <p class='ocr_par' dir='ltr' id='par_1_92' title="bbox 1800 2433 3373 2506">
     <span class='ocr_line' id='line_1_92' title="bbox 1800 2433 3373 2506; baseline 0.001 -19"><span class='ocrx_word' id='word_1_724' title='bbox 1800 2434 1963 2504; x_wconf 85' lang='grc' dir='ltr'>φύσιν</span> <span class='ocrx_word' id='word_1_725' title='bbox 1988 2451 2003 2465; x_wconf 75' lang='grc' dir='ltr'>ο</span> <span class='ocrx_word' id='word_1_726' title='bbox 2038 2434 2175 2487; x_wconf 82' lang='grc' dir='ltr'>ἀλλά</span> <span class='ocrx_word' id='word_1_727' title='bbox 2195 2434 2455 2497; x_wconf 86' lang='grc' dir='ltr'>πολλάκις</span> <span class='ocrx_word' id='word_1_728' title='bbox 2484 2433 2591 2487; x_wconf 79' lang='grc' dir='ltr'>ἀπὸ</span> <span class='ocrx_word' id='word_1_729' title='bbox 2617 2433 2874 2502; x_wconf 76' lang='grc' dir='ltr'>καχεξίας</span> <span class='ocrx_word' id='word_1_730' title='bbox 2901 2434 3191 2502; x_wconf 86' lang='grc' dir='ltr'>βλάπτεται</span> <span class='ocrx_word' id='word_1_731' title='bbox 3217 2434 3373 2506; x_wconf 73' lang='grc' dir='ltr'>ἡμῶν</span> 
     </span>
    </p>
   </div>
   <div class='ocr_carea' id='block_1_93' title="bbox 1799 2516 3374 2587">
    <p class='ocr_par' dir='ltr' id='par_1_93' title="bbox 1799 2516 3374 2587">
     <span class='ocr_line' id='line_1_93' title="bbox 1799 2516 3374 2587; baseline 0 -17"><span class='ocrx_word' id='word_1_732' title='bbox 1799 2517 1860 2570; x_wconf 80' lang='grc' dir='ltr'>τὸ</span> <span class='ocrx_word' id='word_1_733' title='bbox 1882 2517 2125 2570; x_wconf 86' lang='grc' dir='ltr'>όπτικόν.</span> <span class='ocrx_word' id='word_1_734' title='bbox 2150 2518 2215 2570; x_wconf 86' lang='grc' dir='ltr'><strong>Εἰ</strong></span> <span class='ocrx_word' id='word_1_735' title='bbox 2246 2517 2425 2570; x_wconf 86' lang='grc' dir='ltr'>τοίνυν</span> <span class='ocrx_word' id='word_1_736' title='bbox 2454 2516 2520 2569; x_wconf 82' lang='grc' dir='ltr'>τὰ</span> <span class='ocrx_word' id='word_1_737' title='bbox 2546 2518 2609 2569; x_wconf 81' lang='grc' dir='ltr'>ἐκ</span> <span class='ocrx_word' id='word_1_738' title='bbox 2637 2517 2853 2585; x_wconf 84' lang='grc' dir='ltr'>φύσεως</span> <span class='ocrx_word' id='word_1_739' title='bbox 2888 2516 3226 2585; x_wconf 85' lang='grc' dir='ltr'>μεθίσταται,</span> <span class='ocrx_word' id='word_1_740' title='bbox 3254 2518 3374 2587; x_wconf 71' lang='grc' dir='ltr'>οὐχὶ</span> 
     </span>
    </p>
   </div>
   <div class='ocr_carea' id='block_1_94' title="bbox 1804 2598 3374 2670">
    <p class='ocr_par' dir='ltr' id='par_1_94' title="bbox 1804 2598 3374 2670">
     <span class='ocr_line' id='line_1_94' title="bbox 1804 2598 3374 2670; baseline 0.002 -18"><span class='ocrx_word' id='word_1_741' title='bbox 1804 2599 2039 2669; x_wconf 89' lang='grc' dir='ltr'>μάλιστα</span> <span class='ocrx_word' id='word_1_742' title='bbox 2068 2599 2134 2652; x_wconf 74' lang='grc' dir='ltr'>τὰ</span> <span class='ocrx_word' id='word_1_743' title='bbox 2170 2602 2235 2652; x_wconf 84' lang='grc' dir='ltr'>ἐκ</span> <span class='ocrx_word' id='word_1_744' title='bbox 2266 2598 2673 2669; x_wconf 86' lang='grc' dir='ltr'>προαιρέσεως;</span> <span class='ocrx_word' id='word_1_745' title='bbox 2710 2599 3131 2668; x_wconf 69' lang='grc' dir='ltr'>Τεσσαρὲκοντα</span> <span class='ocrx_word' id='word_1_746' title='bbox 3161 2601 3374 2670; x_wconf 75' lang='grc' dir='ltr'>ἡμέρας</span> 
     </span>
    </p>
   </div>
   <div class='ocr_carea' id='block_1_95' title="bbox 1799 2681 3375 2753">
    <p class='ocr_par' dir='ltr' id='par_1_95' title="bbox 1799 2681 3375 2753">
     <span class='ocr_line' id='line_1_95' title="bbox 1799 2681 3375 2753; baseline 0.001 -19"><span class='ocrx_word' id='word_1_747' title='bbox 1799 2681 2093 2750; x_wconf 83' lang='grc' dir='ltr'>ἀπονέμεις</span> <span class='ocrx_word' id='word_1_748' title='bbox 2124 2684 2192 2753; x_wconf 80' lang='grc' dir='ltr'>τῇ</span> <span class='ocrx_word' id='word_1_749' title='bbox 2232 2681 2391 2751; x_wconf 72' lang='grc' dir='ltr'>ὑγεία</span> <span class='ocrx_word' id='word_1_750' title='bbox 2422 2684 2518 2751; x_wconf 82' lang='grc' dir='ltr'>τῆς</span> <span class='ocrx_word' id='word_1_751' title='bbox 2550 2681 2751 2750; x_wconf 77' lang='grc' dir='ltr'>ψυχῆς,</span> <span class='ocrx_word' id='word_1_752' title='bbox 2782 2682 2924 2750; x_wconf 86' lang='grc' dir='ltr'>τάχα</span> <span class='ocrx_word' id='word_1_753' title='bbox 2952 2681 3005 2733; x_wconf 80' lang='grc' dir='ltr'>δὲ</span> <span class='ocrx_word' id='word_1_754' title='bbox 3032 2683 3150 2734; x_wconf 71' lang='grc' dir='ltr'>οὐδὲ</span> <span class='ocrx_word' id='word_1_755' title='bbox 3177 2699 3375 2736; x_wconf 83' lang='grc' dir='ltr'>τεσσα-</span> 
     </span>
    </p>
   </div>
   <div class='ocr_carea' id='block_1_96' title="bbox 1802 2762 3371 2835">
    <p class='ocr_par' dir='ltr' id='par_1_96' title="bbox 1802 2762 3371 2835">
     <span class='ocr_line' id='line_1_96' title="bbox 1802 2762 3371 2835; baseline 0.001 -17"><span class='ocrx_word' id='word_1_756' title='bbox 1802 2764 2059 2834; x_wconf 88' lang='grc' dir='ltr'>ράκοντα,</span> <span class='ocrx_word' id='word_1_757' title='bbox 2113 2765 2208 2817; x_wconf 81' lang='grc' dir='ltr'>καὶ</span> <span class='ocrx_word' id='word_1_758' title='bbox 2255 2763 2562 2835; x_wconf 79' lang='grc' dir='ltr'>προσδοκᾷς</span> <span class='ocrx_word' id='word_1_759' title='bbox 2608 2762 2998 2827; x_wconf 79' lang='grc' dir='ltr'>ἐξιλεώσασθαι</span> <span class='ocrx_word' id='word_1_760' title='bbox 3048 2764 3139 2818; x_wconf 82' lang='grc' dir='ltr'>τὸν</span> <span class='ocrx_word' id='word_1_761' title='bbox 3202 2765 3371 2829; x_wconf 84' lang='grc' dir='ltr'>Θεόν;</span> 
     </span>
    </p>
   </div>
   <div class='ocr_carea' id='block_1_97' title="bbox 1800 2845 3375 2919">
    <p class='ocr_par' dir='ltr' id='par_1_97' title="bbox 1800 2845 3375 2919">
     <span class='ocr_line' id='line_1_97' title="bbox 1800 2845 3375 2919; baseline 0.001 -18"><span class='ocrx_word' id='word_1_762' title='bbox 1800 2847 2043 2911; x_wconf 74' lang='grc' dir='ltr'>Παίζεις,</span> <span class='ocrx_word' id='word_1_763' title='bbox 2093 2847 2366 2919; x_wconf 78' lang='grc' dir='ltr'>ἄνθρωπε.</span> <span class='ocrx_word' id='word_1_764' title='bbox 2404 2846 2591 2899; x_wconf 88' lang='grc' dir='ltr'>Ταῦτα</span> <span class='ocrx_word' id='word_1_765' title='bbox 2634 2845 2797 2913; x_wconf 86' lang='grc' dir='ltr'>λέγω,</span> <span class='ocrx_word' id='word_1_766' title='bbox 2836 2848 2959 2917; x_wconf 74' lang='grc' dir='ltr'>οὐχὶ</span> <span class='ocrx_word' id='word_1_767' title='bbox 2988 2850 3089 2919; x_wconf 88' lang='grc' dir='ltr'>τῆς</span> <span class='ocrx_word' id='word_1_768' title='bbox 3121 2850 3247 2917; x_wconf 70' lang='grc' dir='ltr'>μιᾶς</span> <span class='ocrx_word' id='word_1_769' title='bbox 3281 2852 3375 2903; x_wconf 68' lang='grc' dir='ltr'>καὶ</span> 
     </span>
    </p>
   </div>
   <div class='ocr_carea' id='block_1_98' title="bbox 1800 2928 3373 3003">
    <p class='ocr_par' dir='ltr' id='par_1_98' title="bbox 1800 2928 3373 3003">
     <span class='ocr_line' id='line_1_98' title="bbox 1800 2928 3373 3003; baseline 0.002 -21"><span class='ocrx_word' id='word_1_770' title='bbox 1800 2930 2131 2983; x_wconf 84' lang='grc' dir='ltr'>ἐνιαυσιαίου</span> <span class='ocrx_word' id='word_1_771' title='bbox 2163 2930 2420 3000; x_wconf 84' lang='grc' dir='ltr'>προσόδου</span> <span class='ocrx_word' id='word_1_772' title='bbox 2446 2928 2670 2982; x_wconf 90' lang='grc' dir='ltr'>κωλύων</span> <span class='ocrx_word' id='word_1_773' title='bbox 2696 2930 2860 2998; x_wconf 81' lang='grc' dir='ltr'>ὑμᾶς,</span> <span class='ocrx_word' id='word_1_774' title='bbox 2884 2929 3020 2982; x_wconf 82' lang='grc' dir='ltr'>ἀλλά</span> <span class='ocrx_word' id='word_1_775' title='bbox 3050 2931 3373 3003; x_wconf 82' lang='grc' dir='ltr'>βουλόμενος</span> 
     </span>
    </p>
   </div>
   <div class='ocr_carea' id='block_1_99' title="bbox 1804 3012 3375 3083">
    <p class='ocr_par' dir='ltr' id='par_1_99' title="bbox 1804 3012 3375 3083">
     <span class='ocr_line' id='line_1_99' title="bbox 1804 3012 3375 3083; baseline 0.001 -17"><span class='ocrx_word' id='word_1_776' title='bbox 1804 3013 2001 3083; x_wconf 83' lang='grc' dir='ltr'>μᾶλλον</span> <span class='ocrx_word' id='word_1_777' title='bbox 2045 3013 2335 3075; x_wconf 80' lang='grc' dir='ltr'>διαπαντὸς</span> <span class='ocrx_word' id='word_1_778' title='bbox 2384 3014 2528 3082; x_wconf 81' lang='grc' dir='ltr'>ὑμᾶς</span> <span class='ocrx_word' id='word_1_779' title='bbox 2577 3012 2858 3083; x_wconf 83' lang='grc' dir='ltr'>προσιέναι</span> <span class='ocrx_word' id='word_1_780' title='bbox 2891 3015 3001 3074; x_wconf 88' lang='grc' dir='ltr'>τοῖς</span> <span class='ocrx_word' id='word_1_781' title='bbox 3036 3013 3233 3081; x_wconf 78' lang='grc' dir='ltr'>ἁγίοις.</span> <span class='ocrx_word' id='word_1_782' title='bbox 3274 3014 3375 3067; x_wconf 86' lang='grc' dir='ltr'>Διὰ</span> 
     </span>
    </p>
   </div>
   <div class='ocr_carea' id='block_1_100' title="bbox 1799 3095 3372 3169">
    <p class='ocr_par' dir='ltr' id='par_1_100' title="bbox 1799 3095 3372 3169">
     <span class='ocr_line' id='line_1_100' title="bbox 1799 3095 3372 3169; baseline 0.002 -20"><span class='ocrx_word' id='word_1_783' title='bbox 1799 3096 1959 3150; x_wconf 90' lang='grc' dir='ltr'>τοῦτο</span> <span class='ocrx_word' id='word_1_784' title='bbox 1976 3098 2071 3151; x_wconf 70' lang='grc' dir='ltr'>καὶ</span> <span class='ocrx_word' id='word_1_785' title='bbox 2086 3100 2113 3150; x_wconf 92' lang='lat'>6</span> <span class='ocrx_word' id='word_1_786' title='bbox 2132 3099 2308 3169; x_wconf 72' lang='grc' dir='ltr'>ἱερεὺς</span> <span class='ocrx_word' id='word_1_787' title='bbox 2332 3096 2360 3136; x_wconf 70' lang='grc' dir='ltr'>δ</span> <span class='ocrx_word' id='word_1_788' title='bbox 2387 3098 2650 3163; x_wconf 81' lang='grc' dir='ltr'>ἐπιφωνεῖ</span> <span class='ocrx_word' id='word_1_789' title='bbox 2673 3095 2793 3148; x_wconf 88' lang='grc' dir='ltr'>τότε</span> <span class='ocrx_word' id='word_1_790' title='bbox 2816 3096 2940 3159; x_wconf 72' lang='grc' dir='ltr'>τοὺς</span> <span class='ocrx_word' id='word_1_791' title='bbox 2958 3098 3143 3165; x_wconf 87' lang='grc' dir='ltr'>ἁγίους</span> <span class='ocrx_word' id='word_1_792' title='bbox 3172 3098 3372 3164; x_wconf 83' lang='grc' dir='ltr'>καλῶν,</span> 
     </span>
    </p>
   </div>
   <div class='ocr_carea' id='block_1_101' title="bbox 1800 3178 3372 3250">
    <p class='ocr_par' dir='ltr' id='par_1_101' title="bbox 1800 3178 3372 3250">
     <span class='ocr_line' id='line_1_101' title="bbox 1800 3178 3372 3250; baseline 0.001 -17"><span class='ocrx_word' id='word_1_793' title='bbox 1800 3182 1893 3233; x_wconf 71' lang='grc' dir='ltr'>καὶ</span> <span class='ocrx_word' id='word_1_794' title='bbox 1938 3181 2025 3234; x_wconf 88' lang='grc' dir='ltr'>διά</span> <span class='ocrx_word' id='word_1_795' title='bbox 2075 3181 2172 3250; x_wconf 87' lang='grc' dir='ltr'>τῆς</span> <span class='ocrx_word' id='word_1_796' title='bbox 2212 3182 2393 3249; x_wconf 80' lang='grc' dir='ltr'>φωνῆς</span> <span class='ocrx_word' id='word_1_797' title='bbox 2424 3178 2627 3249; x_wconf 88' lang='grc' dir='ltr'>ταύτης</span> <span class='ocrx_word' id='word_1_798' title='bbox 2679 3180 3062 3247; x_wconf 83' lang='grc' dir='ltr'>μωμοσκοπῶν</span> <span class='ocrx_word' id='word_1_799' title='bbox 3101 3181 3372 3247; x_wconf 76' lang='grc' dir='ltr'>ἅπαντας,</span> 
     </span>
    </p>
   </div>
   <div class='ocr_carea' id='block_1_102' title="bbox 1800 3263 3373 3336">
    <p class='ocr_par' dir='ltr' id='par_1_102' title="bbox 1800 3263 3373 3336">
     <span class='ocr_line' id='line_1_102' title="bbox 1800 3263 3373 3336; baseline 0.002 -21"><span class='ocrx_word' id='word_1_800' title='bbox 1800 3263 1939 3316; x_wconf 86' lang='grc' dir='ltr'>ὥστε</span> <span class='ocrx_word' id='word_1_801' title='bbox 1971 3264 2045 3333; x_wconf 82' lang='grc' dir='ltr'>μὴ</span> <span class='ocrx_word' id='word_1_802' title='bbox 2074 3263 2386 3336; x_wconf 81' lang='grc' dir='ltr'>προσελθεῖν</span> <span class='ocrx_word' id='word_1_803' title='bbox 2410 3279 2529 3314; x_wconf 89' lang='grc' dir='ltr'>τινα</span> <span class='ocrx_word' id='word_1_804' title='bbox 2548 3263 2955 3331; x_wconf 87' lang='grc' dir='ltr'>ἀπαράσκευον.</span> <span class='ocrx_word' id='word_1_805' title='bbox 2980 3264 3244 3334; x_wconf 82' lang='grc' dir='ltr'>Καθάπερ</span> <span class='ocrx_word' id='word_1_806' title='bbox 3263 3266 3373 3336; x_wconf 81' lang='grc' dir='ltr'>γὰρ</span> 
     </span>
    </p>
   </div>
   <div class='ocr_carea' id='block_1_103' title="bbox 1800 3344 3372 3417">
    <p class='ocr_par' dir='ltr' id='par_1_103' title="bbox 1800 3344 3372 3417">
     <span class='ocr_line' id='line_1_103' title="bbox 1800 3344 3372 3417; baseline 0 -17"><span class='ocrx_word' id='word_1_807' title='bbox 1800 3350 1892 3400; x_wconf 76' lang='grc' dir='ltr'>ἐπὶ</span> <span class='ocrx_word' id='word_1_808' title='bbox 1949 3349 2202 3416; x_wconf 89' lang='grc' dir='ltr'>ποίμνης,</span> <span class='ocrx_word' id='word_1_809' title='bbox 2273 3345 2403 3399; x_wconf 78' lang='grc' dir='ltr'>ἔνθα</span> <span class='ocrx_word' id='word_1_810' title='bbox 2461 3344 2634 3397; x_wconf 79' lang='grc' dir='ltr'>πολλὰ</span> <span class='ocrx_word' id='word_1_811' title='bbox 2677 3344 2776 3413; x_wconf 83' lang='grc' dir='ltr'>μὲν</span> <span class='ocrx_word' id='word_1_812' title='bbox 2820 3345 3051 3412; x_wconf 88' lang='grc' dir='ltr'>ύγιαίνει</span> <span class='ocrx_word' id='word_1_813' title='bbox 3102 3348 3372 3417; x_wconf 87' lang='grc' dir='ltr'>πρόϐατα,</span> 
     </span>
    </p>
   </div>
   <div class='ocr_carea' id='block_1_104' title="bbox 1803 3427 3375 3504">
    <p class='ocr_par' dir='ltr' id='par_1_104' title="bbox 1803 3427 3375 3504">
     <span class='ocr_line' id='line_1_104' title="bbox 1803 3427 3375 3504; baseline 0.001 -21"><span class='ocrx_word' id='word_1_814' title='bbox 1803 3431 1972 3483; x_wconf 76' lang='grc' dir='ltr'>πολλὰ</span> <span class='ocrx_word' id='word_1_815' title='bbox 1999 3430 2053 3483; x_wconf 83' lang='grc' dir='ltr'>δὲ</span> <span class='ocrx_word' id='word_1_816' title='bbox 2091 3429 2280 3501; x_wconf 77' lang='grc' dir='ltr'>ψώρας</span> <span class='ocrx_word' id='word_1_817' title='bbox 2311 3427 2745 3499; x_wconf 86' lang='grc' dir='ltr'>ἀναπέπλησται,</span> <span class='ocrx_word' id='word_1_818' title='bbox 2782 3428 2996 3499; x_wconf 83' lang='grc' dir='ltr'>ἀνάγκη</span> <span class='ocrx_word' id='word_1_819' title='bbox 3018 3430 3189 3483; x_wconf 90' lang='grc' dir='ltr'>ταῦτα</span> <span class='ocrx_word' id='word_1_820' title='bbox 3209 3432 3375 3504; x_wconf 83' lang='grc' dir='ltr'>διείρ-</span> 
     </span>
    </p>
   </div>
   <div class='ocr_carea' id='block_1_105' title="bbox 1801 3511 3373 3586">
    <p class='ocr_par' dir='ltr' id='par_1_105' title="bbox 1801 3511 3373 3586">
     <span class='ocr_line' id='line_1_105' title="bbox 1801 3511 3373 3586; baseline 0 -19"><span class='ocrx_word' id='word_1_821' title='bbox 1801 3515 1991 3584; x_wconf 88' lang='grc' dir='ltr'>γεσθαι</span> <span class='ocrx_word' id='word_1_822' title='bbox 2011 3514 2118 3567; x_wconf 83' lang='grc' dir='ltr'>ἀπὸ</span> <span class='ocrx_word' id='word_1_823' title='bbox 2136 3515 2243 3567; x_wconf 84' lang='grc' dir='ltr'>τῶν</span> <span class='ocrx_word' id='word_1_824' title='bbox 2268 3513 2616 3583; x_wconf 81' lang='grc' dir='ltr'>ὑγιαινόντων</span> <span class='ocrx_word' id='word_1_825' title='bbox 2633 3529 2647 3544; x_wconf 87' lang='grc'><strong>·</strong></span> <span class='ocrx_word' id='word_1_826' title='bbox 2674 3511 2815 3571; x_wconf 68' lang='grc' dir='ltr'>οὕτω</span> <span class='ocrx_word' id='word_1_827' title='bbox 2842 3514 2936 3566; x_wconf 77' lang='grc' dir='ltr'>καὶ</span> <span class='ocrx_word' id='word_1_828' title='bbox 2961 3515 3017 3566; x_wconf 84' lang='grc' dir='ltr'>ἐν</span> <span class='ocrx_word' id='word_1_829' title='bbox 3046 3516 3112 3584; x_wconf 84' lang='grc' dir='ltr'>τῇ</span> <span class='ocrx_word' id='word_1_830' title='bbox 3144 3514 3373 3586; x_wconf 80' lang='grc' dir='ltr'>Ἐκκλη-</span> 
     </span>
    </p>
   </div>
   <div class='ocr_carea' id='block_1_106' title="bbox 1802 3596 3372 3669">
    <p class='ocr_par' dir='ltr' id='par_1_106' title="bbox 1802 3596 3372 3669">
     <span class='ocr_line' id='line_1_106' title="bbox 1802 3596 3372 3669; baseline 0.002 -19"><span class='ocrx_word' id='word_1_831' title='bbox 1802 3597 1913 3669; x_wconf 75' lang='grc' dir='ltr'>σία,</span> <span class='ocrx_word' id='word_1_832' title='bbox 1967 3596 2152 3667; x_wconf 82' lang='grc' dir='ltr'>ἐπειδὴ</span> <span class='ocrx_word' id='word_1_833' title='bbox 2206 3596 2275 3649; x_wconf 75' lang='grc' dir='ltr'>τὰ</span> <span class='ocrx_word' id='word_1_834' title='bbox 2334 3596 2431 3667; x_wconf 85' lang='grc' dir='ltr'>μέν</span> <span class='ocrx_word' id='word_1_835' title='bbox 2488 3597 2636 3648; x_wconf 86' lang='grc' dir='ltr'>ἐστιν</span> <span class='ocrx_word' id='word_1_836' title='bbox 2670 3596 2881 3663; x_wconf 83' lang='grc' dir='ltr'>ὑγιεινά</span> <span class='ocrx_word' id='word_1_837' title='bbox 2920 3597 3189 3668; x_wconf 80' lang='grc' dir='ltr'>πρόϐατα,</span> <span class='ocrx_word' id='word_1_838' title='bbox 3222 3600 3289 3652; x_wconf 82' lang='grc' dir='ltr'>τά</span> <span class='ocrx_word' id='word_1_839' title='bbox 3316 3600 3372 3653; x_wconf 82' lang='grc' dir='ltr'>δὲ</span> 
     </span>
    </p>
   </div>
   <div class='ocr_carea' id='block_1_107' title="bbox 1801 3678 3372 3752">
    <p class='ocr_par' dir='ltr' id='par_1_107' title="bbox 1801 3678 3372 3752">
     <span class='ocr_line' id='line_1_107' title="bbox 1801 3678 3372 3752; baseline 0.001 -19"><span class='ocrx_word' id='word_1_840' title='bbox 1801 3678 2187 3750; x_wconf 85' lang='grc' dir='ltr'>κεκακωμένα,</span> <span class='ocrx_word' id='word_1_841' title='bbox 2225 3678 2312 3732; x_wconf 81' lang='grc' dir='ltr'>διὰ</span> <span class='ocrx_word' id='word_1_842' title='bbox 2347 3678 2446 3749; x_wconf 89' lang='grc' dir='ltr'>τῆς</span> <span class='ocrx_word' id='word_1_843' title='bbox 2476 3678 2657 3747; x_wconf 76' lang='grc' dir='ltr'>φωνῆς</span> <span class='ocrx_word' id='word_1_844' title='bbox 2699 3678 2903 3748; x_wconf 87' lang='grc' dir='ltr'>ταύτης</span> <span class='ocrx_word' id='word_1_845' title='bbox 2940 3678 3167 3752; x_wconf 88' lang='grc' dir='ltr'>διείργει</span> <span class='ocrx_word' id='word_1_846' title='bbox 3199 3681 3372 3735; x_wconf 88' lang='grc' dir='ltr'>ταῦτα</span> 
     </span>
    </p>
   </div>
   <div class='ocr_carea' id='block_1_108' title="bbox 1800 3760 3371 3835">
    <p class='ocr_par' dir='ltr' id='par_1_108' title="bbox 1800 3760 3371 3835">
     <span class='ocr_line' id='line_1_108' title="bbox 1800 3760 3371 3835; baseline 0.001 -19"><span class='ocrx_word' id='word_1_847' title='bbox 1800 3763 2023 3817; x_wconf 83' lang='grc' dir='ltr'>ἐκείνων</span> <span class='ocrx_word' id='word_1_848' title='bbox 2050 3761 2274 3830; x_wconf 86' lang='grc' dir='ltr'>περιιὼν</span> <span class='ocrx_word' id='word_1_849' title='bbox 2304 3760 2579 3831; x_wconf 87' lang='grc' dir='ltr'>πανταχοῦ</span> <span class='ocrx_word' id='word_1_850' title='bbox 2625 3761 2712 3814; x_wconf 72' lang='grc' dir='ltr'>διὰ</span> <span class='ocrx_word' id='word_1_851' title='bbox 2755 3762 2855 3831; x_wconf 84' lang='grc' dir='ltr'>τῆς</span> <span class='ocrx_word' id='word_1_852' title='bbox 2890 3764 3137 3833; x_wconf 87' lang='grc' dir='ltr'>κραυγῆς</span> <span class='ocrx_word' id='word_1_853' title='bbox 3164 3764 3371 3835; x_wconf 81' lang='grc' dir='ltr'>ταύτης</span> 
     </span>
    </p>
   </div>
   <div class='ocr_carea' id='block_1_109' title="bbox 1800 3843 3372 3918">
    <p class='ocr_par' dir='ltr' id='par_1_109' title="bbox 1800 3843 3372 3918">
     <span class='ocr_line' id='line_1_109' title="bbox 1800 3843 3372 3918; baseline -0.001 -17"><span class='ocrx_word' id='word_1_854' title='bbox 1800 3848 1897 3918; x_wconf 89' lang='grc' dir='ltr'>τῆς</span> <span class='ocrx_word' id='word_1_855' title='bbox 1929 3865 1963 3915; x_wconf 87' lang='grc' dir='ltr'>φ</span> <span class='ocrx_word' id='word_1_856' title='bbox 1972 3846 2367 3918; x_wconf 85' lang='grc' dir='ltr'>ρικωδεστάτης</span> <span class='ocrx_word' id='word_1_857' title='bbox 2391 3856 2413 3883; x_wconf 72' lang='grc' dir='ltr'><strong><em>τ</em></strong></span> <span class='ocrx_word' id='word_1_858' title='bbox 2437 3846 2465 3898; x_wconf 93' lang='lat'>6</span> <span class='ocrx_word' id='word_1_859' title='bbox 2492 3843 2692 3914; x_wconf 76' lang='grc' dir='ltr'>ἱερεὺς,</span> <span class='ocrx_word' id='word_1_860' title='bbox 2720 3845 2811 3896; x_wconf 72' lang='grc' dir='ltr'>καὶ</span> <span class='ocrx_word' id='word_1_861' title='bbox 2832 3844 2957 3907; x_wconf 80' lang='grc' dir='ltr'>τοὺς</span> <span class='ocrx_word' id='word_1_862' title='bbox 2984 3845 3173 3913; x_wconf 85' lang='grc' dir='ltr'>ἁγίους</span> <span class='ocrx_word' id='word_1_863' title='bbox 3192 3848 3372 3899; x_wconf 82' lang='grc' dir='ltr'>καλῶν</span> 
     </span>
    </p>
   </div>
   <div class='ocr_carea' id='block_1_110' title="bbox 1801 3926 3370 3999">
    <p class='ocr_par' dir='ltr' id='par_1_110' title="bbox 1801 3926 3370 3999">
     <span class='ocr_line' id='line_1_110' title="bbox 1801 3926 3370 3999; baseline -0.002 -15"><span class='ocrx_word' id='word_1_864' title='bbox 1801 3932 1896 3985; x_wconf 76' lang='grc' dir='ltr'>καὶ</span> <span class='ocrx_word' id='word_1_865' title='bbox 1916 3931 2109 3983; x_wconf 69' lang='grc' dir='ltr'>ἕλκων.</span> <span class='ocrx_word' id='word_1_866' title='bbox 2151 3928 2370 3999; x_wconf 78' lang='grc' dir='ltr'>Ἐπειδὴ</span> <span class='ocrx_word' id='word_1_867' title='bbox 2396 3928 2503 3998; x_wconf 83' lang='grc' dir='ltr'>γὰρ</span> <span class='ocrx_word' id='word_1_868' title='bbox 2531 3927 2629 3980; x_wconf 88' lang='grc' dir='ltr'>ούκ</span> <span class='ocrx_word' id='word_1_869' title='bbox 2656 3927 2733 3978; x_wconf 81' lang='grc' dir='ltr'>ένι</span> <span class='ocrx_word' id='word_1_870' title='bbox 2764 3926 3047 3996; x_wconf 82' lang='grc' dir='ltr'>ἄνθρωπον</span> <span class='ocrx_word' id='word_1_871' title='bbox 3079 3930 3206 3980; x_wconf 81' lang='grc' dir='ltr'>ὄντα</span> <span class='ocrx_word' id='word_1_872' title='bbox 3230 3930 3370 3982; x_wconf 85' lang='grc' dir='ltr'>είδέ-</span> 
     </span>
    </p>
   </div>
   <div class='ocr_carea' id='block_1_111' title="bbox 1802 4004 3369 4081">
    <p class='ocr_par' dir='ltr' id='par_1_111' title="bbox 1802 4004 3369 4081">
     <span class='ocr_line' id='line_1_111' title="bbox 1802 4004 3369 4081; baseline -0.007 -12"><span class='ocrx_word' id='word_1_873' title='bbox 1802 4032 1889 4069; x_wconf 89' lang='grc' dir='ltr'>ναι</span> <span class='ocrx_word' id='word_1_874' title='bbox 1914 4016 1980 4067; x_wconf 68' lang='grc' dir='ltr'>τὰ</span> <span class='ocrx_word' id='word_1_875' title='bbox 1997 4012 2088 4065; x_wconf 77' lang='grc' dir='ltr'>τοῦ</span> <span class='ocrx_word' id='word_1_876' title='bbox 2117 4012 2372 4079; x_wconf 76' lang='grc' dir='ltr'>πλησίονο</span> <span class='ocrx_word' id='word_1_877' title='bbox 2400 4009 2494 4075; x_wconf 84' lang='grc' dir='ltr'>Τίς</span> <span class='ocrx_word' id='word_1_878' title='bbox 2520 4009 2629 4076; x_wconf 79' lang='grc' dir='ltr'>γὰρ</span> <span class='ocrx_word' id='word_1_879' title='bbox 2652 4004 2814 4062; x_wconf 77' lang='grc' dir='ltr'>οἶδεν</span> <span class='ocrx_word' id='word_1_880' title='bbox 2839 4008 3183 4076; x_wconf 72' lang='grc' dir='ltr'>ἀνθρώπων,</span> <span class='ocrx_word' id='word_1_881' title='bbox 3215 4014 3369 4081; x_wconf 56' lang='grc' dir='ltr'>φησὶ,</span> 
     </span>
    </p>
   </div>
   <div class='ocr_carea' id='block_1_112' title="bbox 1801 4090 3371 4162">
    <p class='ocr_par' dir='ltr' id='par_1_112' title="bbox 1801 4090 3371 4162">
     <span class='ocr_line' id='line_1_112' title="bbox 1801 4090 3371 4162; baseline -0.002 -10"><span class='ocrx_word' id='word_1_882' title='bbox 1801 4098 1872 4152; x_wconf 82' lang='grc' dir='ltr'>τὰ</span> <span class='ocrx_word' id='word_1_883' title='bbox 1899 4097 2003 4150; x_wconf 86' lang='grc' dir='ltr'>τοῦ</span> <span class='ocrx_word' id='word_1_884' title='bbox 2033 4094 2367 4162; x_wconf 67' lang='grc' dir='ltr'>ἀνθρώπου,</span> <span class='ocrx_word' id='word_1_885' title='bbox 2398 4095 2448 4146; x_wconf 84' lang='grc' dir='ltr'>εί</span> <span class='ocrx_word' id='word_1_886' title='bbox 2471 4091 2557 4161; x_wconf 75' lang='grc' dir='ltr'>μὴ</span> <span class='ocrx_word' id='word_1_887' title='bbox 2581 4090 2648 4143; x_wconf 84' lang='grc' dir='ltr'>τὸ</span> <span class='ocrx_word' id='word_1_888' title='bbox 2675 4091 2910 4160; x_wconf 81' lang='grc' dir='ltr'>πνεῦμα</span> <span class='ocrx_word' id='word_1_889' title='bbox 2934 4092 3037 4144; x_wconf 78' lang='grc' dir='ltr'>τοῦ</span> <span class='ocrx_word' id='word_1_890' title='bbox 3058 4093 3371 4161; x_wconf 75' lang='grc' dir='ltr'>ἀνθρώπου</span> 
     </span>
    </p>
   </div>
   <div class='ocr_carea' id='block_1_113' title="bbox 1802 4173 3370 4248">
    <p class='ocr_par' dir='ltr' id='par_1_113' title="bbox 1802 4173 3370 4248">
     <span class='ocr_line' id='line_1_113' title="bbox 1802 4173 3370 4248; baseline -0.005 -12"><span class='ocrx_word' id='word_1_891' title='bbox 1802 4182 1868 4237; x_wconf 83' lang='grc' dir='ltr'>τὸ</span> <span class='ocrx_word' id='word_1_892' title='bbox 1894 4182 1961 4233; x_wconf 83' lang='grc' dir='ltr'>ἐν</span> <span class='ocrx_word' id='word_1_893' title='bbox 1983 4178 2141 4244; x_wconf 80' lang='grc' dir='ltr'>αὐτῷ</span> <span class='ocrx_word' id='word_1_894' title='bbox 2166 4195 2183 4241; x_wconf 83' lang='lat'>,&#39;</span> <span class='ocrx_word' id='word_1_895' title='bbox 2216 4178 2419 4248; x_wconf 83' lang='grc' dir='ltr'>ταύτην</span> <span class='ocrx_word' id='word_1_896' title='bbox 2444 4175 2639 4245; x_wconf 87' lang='grc' dir='ltr'>ἀφίησι</span> <span class='ocrx_word' id='word_1_897' title='bbox 2666 4173 2762 4245; x_wconf 80' lang='grc' dir='ltr'>τὴν</span> <span class='ocrx_word' id='word_1_898' title='bbox 2792 4174 2973 4244; x_wconf 81' lang='grc' dir='ltr'>φωνὴν</span> <span class='ocrx_word' id='word_1_899' title='bbox 3014 4176 3149 4245; x_wconf 84' lang='grc' dir='ltr'>μετά</span> <span class='ocrx_word' id='word_1_900' title='bbox 3182 4176 3242 4229; x_wconf 83' lang='grc' dir='ltr'>τό</span> <span class='ocrx_word' id='word_1_901' title='bbox 3270 4179 3370 4248; x_wconf 83' lang='grc' dir='ltr'>τὴν</span> 
     </span>
    </p>
   </div>
   <div class='ocr_carea' id='block_1_114' title="bbox 1804 4255 3371 4332">
    <p class='ocr_par' dir='ltr' id='par_1_114' title="bbox 1804 4255 3371 4332">
     <span class='ocr_line' id='line_1_114' title="bbox 1804 4255 3371 4332; baseline -0.003 -14"><span class='ocrx_word' id='word_1_902' title='bbox 1804 4265 1993 4319; x_wconf 90' lang='grc' dir='ltr'>θυσίαν</span> <span class='ocrx_word' id='word_1_903' title='bbox 2023 4259 2422 4332; x_wconf 81' lang='grc' dir='ltr'>ἀπαρτισθῆναι</span> <span class='ocrx_word' id='word_1_904' title='bbox 2454 4255 2812 4321; x_wconf 81' lang='grc' dir='ltr'>πᾶσαν,ὥστε</span> <span class='ocrx_word' id='word_1_905' title='bbox 2841 4257 3045 4327; x_wconf 82' lang='grc' dir='ltr'>μηδένα</span> <span class='ocrx_word' id='word_1_906' title='bbox 3067 4258 3254 4322; x_wconf 84' lang='grc' dir='ltr'>ἁπλῶς</span> <span class='ocrx_word' id='word_1_907' title='bbox 3275 4263 3371 4313; x_wconf 78' lang='grc' dir='ltr'>καὶ</span> 
     </span>
    </p>
   </div>
   <div class='ocr_carea' id='block_1_115' title="bbox 1803 4338 3367 4416">
    <p class='ocr_par' dir='ltr' id='par_1_115' title="bbox 1803 4338 3367 4416">
     <span class='ocr_line' id='line_1_115' title="bbox 1803 4338 3367 4416; baseline -0.003 -15"><span class='ocrx_word' id='word_1_908' title='bbox 1803 4349 1878 4411; x_wconf 87' lang='grc' dir='ltr'>ὼς</span> <span class='ocrx_word' id='word_1_909' title='bbox 1911 4348 2120 4416; x_wconf 82' lang='grc' dir='ltr'>ἔτυχεν,</span> <span class='ocrx_word' id='word_1_910' title='bbox 2146 4344 2239 4397; x_wconf 76' lang='grc' dir='ltr'>ἐπὶ</span> <span class='ocrx_word' id='word_1_911' title='bbox 2266 4342 2366 4413; x_wconf 76' lang='grc' dir='ltr'>τὴν</span> <span class='ocrx_word' id='word_1_912' title='bbox 2398 4340 2582 4411; x_wconf 82' lang='grc' dir='ltr'>πηγὴν</span> <span class='ocrx_word' id='word_1_913' title='bbox 2605 4338 2777 4392; x_wconf 84' lang='grc' dir='ltr'>ἐλθεῖν</span> <span class='ocrx_word' id='word_1_914' title='bbox 2824 4338 2921 4411; x_wconf 79' lang='grc' dir='ltr'>τὴν</span> <span class='ocrx_word' id='word_1_915' title='bbox 2967 4345 3367 4414; x_wconf 80' lang='grc' dir='ltr'>πνευματικήν.</span> 
     </span>
    </p>
   </div>
   <div class='ocr_carea' id='block_1_116' title="bbox 1806 4426 3373 4503">
    <p class='ocr_par' dir='ltr' id='par_1_116' title="bbox 1806 4426 3373 4503">
     <span class='ocr_line' id='line_1_116' title="bbox 1806 4426 3373 4503; baseline -0.003 -15"><span class='ocrx_word' id='word_1_916' title='bbox 1806 4434 1914 4488; x_wconf 76' lang='grc' dir='ltr'>Καὶ</span> <span class='ocrx_word' id='word_1_917' title='bbox 1933 4436 2043 4503; x_wconf 80' lang='grc' dir='ltr'>γὰρ</span> <span class='ocrx_word' id='word_1_918' title='bbox 2073 4432 2164 4485; x_wconf 75' lang='grc' dir='ltr'>ἐπὶ</span> <span class='ocrx_word' id='word_1_919' title='bbox 2190 4430 2288 4499; x_wconf 89' lang='grc' dir='ltr'>τῆς</span> <span class='ocrx_word' id='word_1_920' title='bbox 2318 4429 2552 4498; x_wconf 84' lang='grc' dir='ltr'>ποίμνης</span> <span class='ocrx_word' id='word_1_921' title='bbox 2579 4426 2751 4496; x_wconf 76' lang='grc' dir='ltr'>(οὐδὲν</span> <span class='ocrx_word' id='word_1_922' title='bbox 2773 4428 2879 4499; x_wconf 82' lang='grc' dir='ltr'>γὰρ</span> <span class='ocrx_word' id='word_1_923' title='bbox 2900 4427 3098 4481; x_wconf 87' lang='grc' dir='ltr'>κωλύει</span> <span class='ocrx_word' id='word_1_924' title='bbox 3127 4428 3204 4500; x_wconf 81' lang='grc' dir='ltr'>τῷ</span> <span class='ocrx_word' id='word_1_925' title='bbox 3224 4431 3373 4502; x_wconf 82' lang='grc' dir='ltr'>αύτῷ</span> 
     </span>
    </p>
   </div>
   <div class='ocr_carea' id='block_1_117' title="bbox 1806 4509 3374 4585">
    <p class='ocr_par' dir='ltr' id='par_1_117' title="bbox 1806 4509 3374 4585">
     <span class='ocr_line' id='line_1_117' title="bbox 1806 4509 3374 4585; baseline -0.008 -14"><span class='ocrx_word' id='word_1_926' title='bbox 1806 4516 2165 4585; x_wconf 85' lang='grc' dir='ltr'>ὑποδείγματι</span> <span class='ocrx_word' id='word_1_927' title='bbox 2205 4513 2365 4566; x_wconf 87' lang='grc' dir='ltr'>πάλιν</span> <span class='ocrx_word' id='word_1_928' title='bbox 2394 4509 2720 4582; x_wconf 81' lang='grc' dir='ltr'>χρήσασθαι)</span> <span class='ocrx_word' id='word_1_929' title='bbox 2754 4511 2822 4563; x_wconf 84' lang='grc' dir='ltr'>τὰ</span> <span class='ocrx_word' id='word_1_930' title='bbox 2865 4510 2964 4580; x_wconf 86' lang='grc' dir='ltr'>μὲν</span> <span class='ocrx_word' id='word_1_931' title='bbox 3002 4511 3197 4580; x_wconf 76' lang='grc' dir='ltr'>νοσερὰ</span> <span class='ocrx_word' id='word_1_932' title='bbox 3228 4512 3374 4567; x_wconf 75' lang='grc' dir='ltr'>ἔνδον</span> 
     </span>
    </p>
   </div>
   <div class='ocr_carea' id='block_1_118' title="bbox 1805 4593 3373 4667">
    <p class='ocr_par' dir='ltr' id='par_1_118' title="bbox 1805 4593 3373 4667">
     <span class='ocr_line' id='line_1_118' title="bbox 1805 4593 3373 4667; baseline -0.006 -13"><span class='ocrx_word' id='word_1_933' title='bbox 1805 4598 2189 4667; x_wconf 85' lang='grc' dir='ltr'>άποκλείομεν,</span> <span class='ocrx_word' id='word_1_934' title='bbox 2222 4595 2317 4648; x_wconf 79' lang='grc' dir='ltr'>καὶ</span> <span class='ocrx_word' id='word_1_935' title='bbox 2369 4595 2427 4647; x_wconf 88' lang='grc' dir='ltr'>ἐν</span> <span class='ocrx_word' id='word_1_936' title='bbox 2474 4593 2650 4663; x_wconf 86' lang='grc' dir='ltr'>σκότῳ</span> <span class='ocrx_word' id='word_1_937' title='bbox 2692 4593 3016 4662; x_wconf 86' lang='grc' dir='ltr'>κατέχομεν,</span> <span class='ocrx_word' id='word_1_938' title='bbox 3051 4595 3142 4646; x_wconf 76' lang='grc' dir='ltr'>καὶ</span> <span class='ocrx_word' id='word_1_939' title='bbox 3178 4595 3373 4667; x_wconf 76' lang='grc' dir='ltr'>ἐτέρας</span> 
     </span>
    </p>
   </div>
   <div class='ocr_carea' id='block_1_119' title="bbox 1809 4675 3374 4753">
    <p class='ocr_par' dir='ltr' id='par_1_119' title="bbox 1809 4675 3374 4753">
     <span class='ocr_line' id='line_1_119' title="bbox 1809 4675 3374 4753; baseline -0.006 -16"><span class='ocrx_word' id='word_1_940' title='bbox 1809 4681 2160 4753; x_wconf 84' lang='grc' dir='ltr'>μεταδίδομεν</span> <span class='ocrx_word' id='word_1_941' title='bbox 2180 4677 2400 4747; x_wconf 76' lang='grc' dir='ltr'>τροφῆς,</span> <span class='ocrx_word' id='word_1_942' title='bbox 2430 4675 2554 4729; x_wconf 74' lang='grc' dir='ltr'>οὔτε</span> <span class='ocrx_word' id='word_1_943' title='bbox 2582 4678 2741 4747; x_wconf 79' lang='grc' dir='ltr'>ἀέρος</span> <span class='ocrx_word' id='word_1_944' title='bbox 2783 4675 3046 4745; x_wconf 87' lang='grc' dir='ltr'>καθαροῦ,</span> <span class='ocrx_word' id='word_1_945' title='bbox 3082 4675 3205 4729; x_wconf 78' lang='grc' dir='ltr'>οὕτε</span> <span class='ocrx_word' id='word_1_946' title='bbox 3236 4678 3374 4741; x_wconf 86' lang='grc' dir='ltr'>πόας</span> 
     </span>
    </p>
   </div>
   <div class='ocr_carea' id='block_1_120' title="bbox 1806 4758 3373 4837">
    <p class='ocr_par' dir='ltr' id='par_1_120' title="bbox 1806 4758 3373 4837">
     <span class='ocr_line' id='line_1_120' title="bbox 1806 4758 3373 4837; baseline -0.011 -19"><span class='ocrx_word' id='word_1_947' title='bbox 1806 4758 2147 4837; x_wconf 76' lang='grc' dir='ltr'>εἰλικρινοῦς,</span> <span class='ocrx_word' id='word_1_948' title='bbox 2182 4760 2305 4814; x_wconf 74' lang='grc' dir='ltr'>οὔτε</span> <span class='ocrx_word' id='word_1_949' title='bbox 2341 4759 2523 4829; x_wconf 85' lang='grc' dir='ltr'>πηγῆς</span> <span class='ocrx_word' id='word_1_950' title='bbox 2565 4758 2663 4827; x_wconf 87' lang='grc' dir='ltr'>τῆς</span> <span class='ocrx_word' id='word_1_951' title='bbox 2692 4758 2796 4821; x_wconf 79' lang='grc' dir='ltr'>ἔξω</span> <span class='ocrx_word' id='word_1_952' title='bbox 2826 4758 3236 4827; x_wconf 86' lang='grc' dir='ltr'>συγχωροῦντες</span> <span class='ocrx_word' id='word_1_953' title='bbox 3273 4776 3373 4829; x_wconf 82' lang='grc' dir='ltr'>με-</span> 
     </span>
    </p>
   </div>
   <div class='ocr_carea' id='block_1_121' title="bbox 1805 4840 3372 4911">
    <p class='ocr_par' dir='ltr' id='par_1_121' title="bbox 1805 4840 3372 4911">
     <span class='ocr_line' id='line_1_121' title="bbox 1805 4840 3372 4911; baseline -0.005 -9"><span class='ocrx_word' id='word_1_954' title='bbox 1805 4846 2079 4902; x_wconf 88' lang='grc' dir='ltr'>ταλαϐεῖν.</span> <span class='ocrx_word' id='word_1_955' title='bbox 2114 4846 2223 4897; x_wconf 65' lang='grc' dir='ltr'>Καὶ</span> <span class='ocrx_word' id='word_1_956' title='bbox 2252 4842 2486 4895; x_wconf 76' lang='grc' dir='ltr'>ἐνταῦθα</span> <span class='ocrx_word' id='word_1_957' title='bbox 2513 4841 2692 4894; x_wconf 88' lang='grc' dir='ltr'>τοίνυν</span> <span class='ocrx_word' id='word_1_958' title='bbox 2715 4840 2853 4911; x_wconf 82' lang='grc' dir='ltr'>αῦτη</span> <span class='ocrx_word' id='word_1_959' title='bbox 2887 4842 2919 4910; x_wconf 83' lang='grc' dir='ltr'>ῆ</span> <span class='ocrx_word' id='word_1_960' title='bbox 2944 4840 3094 4911; x_wconf 82' lang='grc' dir='ltr'>φωνὴ</span> <span class='ocrx_word' id='word_1_961' title='bbox 3125 4843 3245 4895; x_wconf 81' lang='grc' dir='ltr'>ἀντὶ</span> <span class='ocrx_word' id='word_1_962' title='bbox 3287 4844 3372 4895; x_wconf 53' lang='grc' dir='ltr'>δε-</span> 
     </span>
    </p>
   </div>
   <div class='ocr_carea' id='block_1_122' title="bbox 1809 4924 3371 5001">
    <p class='ocr_par' dir='ltr' id='par_1_122' title="bbox 1809 4924 3371 5001">
     <span class='ocr_line' id='line_1_122' title="bbox 1809 4924 3371 5001; baseline 0 -22"><span class='ocrx_word' id='word_1_963' title='bbox 1809 4930 1944 5001; x_wconf 87' lang='grc' dir='ltr'>σμοῦ</span> <span class='ocrx_word' id='word_1_964' title='bbox 1995 4928 2140 4990; x_wconf 88' lang='grc' dir='ltr'>τινός</span> <span class='ocrx_word' id='word_1_965' title='bbox 2195 4927 2362 4979; x_wconf 73' lang='grc' dir='ltr'>ἐστιν.</span> <span class='ocrx_word' id='word_1_966' title='bbox 2424 4925 2536 4977; x_wconf 80' lang='grc' dir='ltr'>Οὐκ</span> <span class='ocrx_word' id='word_1_967' title='bbox 2597 4924 2741 4995; x_wconf 80' lang='grc' dir='ltr'>ἔχεις</span> <span class='ocrx_word' id='word_1_968' title='bbox 2794 4926 2986 4985; x_wconf 75' lang='grc' dir='ltr'>εἰπεῖν,</span> <span class='ocrx_word' id='word_1_969' title='bbox 3028 4927 3141 4978; x_wconf 86' lang='grc' dir='ltr'>Ούκ</span> <span class='ocrx_word' id='word_1_970' title='bbox 3200 4926 3371 4996; x_wconf 70' lang='grc' dir='ltr'>ᾔδειν,</span> 
     </span>
    </p>
   </div>
   <div class='ocr_carea' id='block_1_123' title="bbox 1806 5007 3373 5085">
    <p class='ocr_par' dir='ltr' id='par_1_123' title="bbox 1806 5007 3373 5085">
     <span class='ocr_line' id='line_1_123' title="bbox 1806 5007 3373 5085; baseline -0.002 -18"><span class='ocrx_word' id='word_1_971' title='bbox 1806 5014 2032 5085; x_wconf 78' lang='grc' dir='ltr'>ἠγνόουν</span> <span class='ocrx_word' id='word_1_972' title='bbox 2060 5011 2139 5063; x_wconf 84' lang='grc' dir='ltr'>ὅτι</span> <span class='ocrx_word' id='word_1_973' title='bbox 2171 5009 2410 5072; x_wconf 88' lang='grc' dir='ltr'>κίνδυνος</span> <span class='ocrx_word' id='word_1_974' title='bbox 2437 5008 2627 5060; x_wconf 84' lang='grc' dir='ltr'>’έπεται</span> <span class='ocrx_word' id='word_1_975' title='bbox 2665 5007 2741 5077; x_wconf 77' lang='grc' dir='ltr'>τῷ</span> <span class='ocrx_word' id='word_1_976' title='bbox 2782 5008 3062 5077; x_wconf 84' lang='grc' dir='ltr'>πράγματι</span> <span class='ocrx_word' id='word_1_977' title='bbox 3094 5024 3107 5038; x_wconf 75' lang='grc'><strong><em>⁸</em></strong></span> <span class='ocrx_word' id='word_1_978' title='bbox 3139 5011 3373 5079; x_wconf 82' lang='grc' dir='ltr'>μάλιστα</span> 
     </span>
    </p>
   </div>
   <div class='ocr_carea' id='block_1_124' title="bbox 1812 5090 3373 5165">
    <p class='ocr_par' dir='ltr' id='par_1_124' title="bbox 1812 5090 3373 5165">
     <span class='ocr_line' id='line_1_124' title="bbox 1812 5090 3373 5165; baseline 0 -17"><span class='ocrx_word' id='word_1_979' title='bbox 1812 5097 1910 5165; x_wconf 82' lang='grc' dir='ltr'>μὲν</span> <span class='ocrx_word' id='word_1_980' title='bbox 1947 5091 2040 5149; x_wconf 76' lang='grc' dir='ltr'>οὖν</span> <span class='ocrx_word' id='word_1_981' title='bbox 2070 5094 2163 5146; x_wconf 76' lang='grc' dir='ltr'>καὶ</span> <span class='ocrx_word' id='word_1_982' title='bbox 2210 5093 2238 5143; x_wconf 89' lang='lat'>6</span> <span class='ocrx_word' id='word_1_983' title='bbox 2275 5090 2487 5152; x_wconf 83' lang='grc' dir='ltr'>Παῦλος</span> <span class='ocrx_word' id='word_1_984' title='bbox 2534 5090 2689 5146; x_wconf 89' lang='grc' dir='ltr'>τοῦτο</span> <span class='ocrx_word' id='word_1_985' title='bbox 2739 5091 3160 5162; x_wconf 86' lang='grc' dir='ltr'>διεμαρτύρατο.</span> <span class='ocrx_word' id='word_1_986' title='bbox 3233 5096 3373 5148; x_wconf 80' lang='grc' dir='ltr'>Ἀλλ’</span> 
     </span>
    </p>
   </div>
   <div class='ocr_carea' id='block_1_125' title="bbox 1809 5174 3371 5249">
    <p class='ocr_par' dir='ltr' id='par_1_125' title="bbox 1809 5174 3371 5249">
     <span class='ocr_line' id='line_1_125' title="bbox 1809 5174 3371 5249; baseline 0.001 -19"><span class='ocrx_word' id='word_1_987' title='bbox 1809 5181 1953 5249; x_wconf 79' lang='grc' dir='ltr'>ἐρεῖς</span> <span class='ocrx_word' id='word_1_988' title='bbox 1988 5177 2091 5241; x_wconf 78' lang='grc' dir='ltr'>ὅτι,</span> <span class='ocrx_word' id='word_1_989' title='bbox 2124 5177 2235 5227; x_wconf 66' lang='grc' dir='ltr'>Οὔκ</span> <span class='ocrx_word' id='word_1_990' title='bbox 2266 5175 2534 5241; x_wconf 86' lang='grc' dir='ltr'>ἀνέγνων;</span> <span class='ocrx_word' id='word_1_991' title='bbox 2567 5175 2680 5227; x_wconf 80' lang='grc' dir='ltr'>Οὐκ</span> <span class='ocrx_word' id='word_1_992' title='bbox 2708 5174 2821 5228; x_wconf 79' lang='grc' dir='ltr'>ἔστι</span> <span class='ocrx_word' id='word_1_993' title='bbox 2871 5174 3032 5228; x_wconf 85' lang='grc' dir='ltr'>τοῦτο</span> <span class='ocrx_word' id='word_1_994' title='bbox 3084 5176 3371 5245; x_wconf 83' lang='grc' dir='ltr'>ἀπολογία,</span> 
     </span>
    </p>
   </div>
   <div class='ocr_carea' id='block_1_126' title="bbox 1809 5258 3372 5332">
    <p class='ocr_par' dir='ltr' id='par_1_126' title="bbox 1809 5258 3372 5332">
     <span class='ocr_line' id='line_1_126' title="bbox 1809 5258 3372 5332; baseline -0.001 -18"><span class='ocrx_word' id='word_1_995' title='bbox 1809 5260 1943 5315; x_wconf 89' lang='grc' dir='ltr'>ἀλλά</span> <span class='ocrx_word' id='word_1_996' title='bbox 1964 5259 2059 5313; x_wconf 72' lang='grc' dir='ltr'>καὶ</span> <span class='ocrx_word' id='word_1_997' title='bbox 2082 5258 2333 5329; x_wconf 73' lang='grc' dir='ltr'>ἔγκλημα</span> <span class='ocrx_word' id='word_1_998' title='bbox 2354 5275 2367 5288; x_wconf 86' lang='grc'><strong>·</strong></span> <span class='ocrx_word' id='word_1_999' title='bbox 2404 5258 2521 5311; x_wconf 82' lang='grc' dir='ltr'>καθ’</span> <span class='ocrx_word' id='word_1_1000' title='bbox 2547 5259 2781 5329; x_wconf 79' lang='grc' dir='ltr'>ἑκάστην</span> <span class='ocrx_word' id='word_1_1001' title='bbox 2810 5258 3021 5328; x_wconf 76' lang='grc' dir='ltr'>ἡμέραν</span> <span class='ocrx_word' id='word_1_1002' title='bbox 3041 5261 3267 5332; x_wconf 82' lang='grc' dir='ltr'>είσέρχῃ</span> <span class='ocrx_word' id='word_1_1003' title='bbox 3293 5263 3372 5324; x_wconf 89' lang='grc' dir='ltr'>είς</span> 
     </span>
    </p>
   </div>
   <div class='ocr_carea' id='block_1_127' title="bbox 1806 5343 2943 5417">
    <p class='ocr_par' dir='ltr' id='par_1_127' title="bbox 1806 5343 2943 5417">
     <span class='ocr_line' id='line_1_127' title="bbox 1806 5343 2943 5417; baseline -0.004 -19"><span class='ocrx_word' id='word_1_1004' title='bbox 1806 5346 1905 5417; x_wconf 84' lang='grc' dir='ltr'>τὴν</span> <span class='ocrx_word' id='word_1_1005' title='bbox 1936 5343 2250 5415; x_wconf 88' lang='grc' dir='ltr'>ἐκκλησίαν,</span> <span class='ocrx_word' id='word_1_1006' title='bbox 2284 5344 2379 5395; x_wconf 74' lang='grc' dir='ltr'>καὶ</span> <span class='ocrx_word' id='word_1_1007' title='bbox 2407 5344 2487 5397; x_wconf 78' lang='grc' dir='ltr'>ἔτι</span> <span class='ocrx_word' id='word_1_1008' title='bbox 2514 5343 2673 5397; x_wconf 88' lang='grc' dir='ltr'>τοῦτο</span> <span class='ocrx_word' id='word_1_1009' title='bbox 2702 5346 2943 5411; x_wconf 82' lang='grc' dir='ltr'>ἀγνοεῖ;;</span> 
     </span>
    </p>
   </div>
   <div class='ocr_carea' id='block_1_128' title="bbox 1879 5424 3373 5500">
    <p class='ocr_par' dir='ltr' id='par_1_128' title="bbox 1879 5424 3373 5500">
     <span class='ocr_line' id='line_1_128' title="bbox 1879 5424 3373 5500; baseline -0.001 -19"><span class='ocrx_word' id='word_1_1010' title='bbox 1879 5434 1939 5481; x_wconf 81' lang='grc' dir='ltr'>ε’.</span> <span class='ocrx_word' id='word_1_1011' title='bbox 1965 5427 2112 5498; x_wconf 75' lang='grc' dir='ltr'>Πλὴν</span> <span class='ocrx_word' id='word_1_1012' title='bbox 2144 5426 2256 5479; x_wconf 89' lang='grc' dir='ltr'>ἀλλ’</span> <span class='ocrx_word' id='word_1_1013' title='bbox 2292 5427 2377 5479; x_wconf 81' lang='grc' dir='ltr'>ἵνα</span> <span class='ocrx_word' id='word_1_1014' title='bbox 2402 5427 2534 5498; x_wconf 78' lang='grc' dir='ltr'>μηδὲ</span> <span class='ocrx_word' id='word_1_1015' title='bbox 2567 5429 2724 5481; x_wconf 78' lang='grc' dir='ltr'>τοῦτο</span> <span class='ocrx_word' id='word_1_1016' title='bbox 2760 5429 2887 5500; x_wconf 80' lang='grc' dir='ltr'>ἔχῃς</span> <span class='ocrx_word' id='word_1_1017' title='bbox 2919 5424 3373 5499; x_wconf 71' lang='grc' dir='ltr'>προφασίζεσθαι,</span> 
     </span>
    </p>
   </div>
   <div class='ocr_carea' id='block_1_129' title="bbox 1871 5551 3375 5623">
    <p class='ocr_par' dir='ltr' id='par_1_129' title="bbox 1871 5551 3375 5623">
     <span class='ocr_line' id='line_1_129' title="bbox 1871 5551 3375 5623; baseline 0.001 -24"><span class='ocrx_word' id='word_1_1018' title='bbox 1871 5551 1900 5590; x_wconf 74' lang='grc' dir='ltr'>ιι</span> <span class='ocrx_word' id='word_1_1019' title='bbox 1928 5552 1986 5623; x_wconf 81' lang='lat'>‘_0</span> <span class='ocrx_word' id='word_1_1020' title='bbox 2012 5552 2226 5623; x_wconf 66' lang='grc' dir='ltr'>διάκονος</span> <span class='ocrx_word' id='word_1_1021' title='bbox 2250 5551 2407 5623; x_wconf 63' lang='grc' dir='ltr'>βοηλ,</span> <span class='ocrx_word' id='word_1_1022' title='bbox 2427 5567 2582 5623; x_wconf 58' lang='grc' dir='ltr'>ωσι-ε.</span> <span class='ocrx_word' id='word_1_1023' title='bbox 2601 5554 2780 5623; x_wconf 39' lang='lat' dir='ltr'><strong>Savilg</strong></span> <span class='ocrx_word' id='word_1_1024' title='bbox 2809 5557 2966 5623; x_wconf 62' lang='lat' dir='ltr'>R533.</span> <span class='ocrx_word' id='word_1_1025' title='bbox 2998 5562 3051 5603; x_wconf 81' lang='lat' dir='ltr'>el</span> <span class='ocrx_word' id='word_1_1026' title='bbox 3070 5554 3274 5612; x_wconf 70' lang='lat' dir='ltr'>Comm,</span> <span class='ocrx_word' id='word_1_1027' title='bbox 3300 5560 3375 5603; x_wconf 81' lang='lat' dir='ltr'>al.-</span> 
     </span>
    </p>
   </div>
   <div class='ocr_carea' id='block_1_130' title="bbox 1811 5614 3002 5679">
    <p class='ocr_par' dir='ltr' id='par_1_130' title="bbox 1811 5614 3002 5679">
     <span class='ocr_line' id='line_1_130' title="bbox 1811 5614 3002 5679; baseline 0.001 -17"><span class='ocrx_word' id='word_1_1028' title='bbox 1811 5630 1907 5679; x_wconf 84' lang='lat' dir='ltr'>qne</span> <span class='ocrx_word' id='word_1_1029' title='bbox 1929 5619 2009 5679; x_wconf 55' lang='lat' dir='ltr'>ita</span> <span class='ocrx_word' id='word_1_1030' title='bbox 2028 5614 2460 5679; x_wconf 22' lang='lat' dir='ltr'>Alegitminterpres,</span> <span class='ocrx_word' id='word_1_1031' title='bbox 2486 5614 2710 5678; x_wconf 79' lang='lat' dir='ltr'>itémque</span> <span class='ocrx_word' id='word_1_1032' title='bbox 2738 5614 3002 5679; x_wconf 64' lang='lat' dir='ltr'>Mutiaiphs.</span> 
     </span>
    </p>
   </div>
   <div class='ocr_carea' id='block_1_131' title="bbox 1874 5675 3374 5742">
    <p class='ocr_par' dir='ltr' id='par_1_131' title="bbox 1874 5675 3374 5742">
     <span class='ocr_line' id='line_1_131' title="bbox 1874 5675 3374 5742; baseline -0.001 -16"><span class='ocrx_word' id='word_1_1033' title='bbox 1874 5686 1896 5713; x_wconf 78' lang='grc' dir='ltr'><strong>ο</strong></span> <span class='ocrx_word' id='word_1_1034' title='bbox 1928 5675 2087 5725; x_wconf 81' lang='lat' dir='ltr'>Verba</span> <span class='ocrx_word' id='word_1_1035' title='bbox 2112 5676 2188 5723; x_wconf 82' lang='grc' dir='ltr'>διᾶ</span> <span class='ocrx_word' id='word_1_1036' title='bbox 2212 5680 2295 5742; x_wconf 72' lang='lat' dir='ltr'>1m”:</span> <span class='ocrx_word' id='word_1_1037' title='bbox 2312 5683 2515 5742; x_wconf 71' lang='grc' dir='ltr'>κραυγῆς</span> <span class='ocrx_word' id='word_1_1038' title='bbox 2533 5675 2704 5737; x_wconf 73' lang='grc' dir='ltr'>ταύτης</span> <span class='ocrx_word' id='word_1_1039' title='bbox 2728 5696 2771 5728; x_wconf 90' lang='grc' dir='ltr'>τ.</span> <span class='ocrx_word' id='word_1_1040' title='bbox 2795 5695 2870 5742; x_wconf 77' lang='grc' dir='ltr'>φρ.</span> <span class='ocrx_word' id='word_1_1041' title='bbox 2903 5676 3178 5727; x_wconf 83' lang='lat' dir='ltr'>inducenda</span> <span class='ocrx_word' id='word_1_1042' title='bbox 3202 5677 3374 5726; x_wconf 78' lang='lat' dir='ltr'>viden-</span> 
     </span>
    </p>
   </div>
   <div class='ocr_carea' id='block_1_132' title="bbox 1817 5739 2477 5803">
    <p class='ocr_par' dir='ltr' id='par_1_132' title="bbox 1817 5739 2477 5803">
     <span class='ocr_line' id='line_1_132' title="bbox 1817 5739 2477 5803; baseline -0.009 -13"><span class='ocrx_word' id='word_1_1043' title='bbox 1817 5748 1895 5791; x_wconf 70' lang='lat' dir='ltr'>tur</span> <span class='ocrx_word' id='word_1_1044' title='bbox 1918 5743 2118 5803; x_wconf 77' lang='lat' dir='ltr'>propter</span> <span class='ocrx_word' id='word_1_1045' title='bbox 2143 5739 2477 5796; x_wconf 75' lang='lat' dir='ltr'>tautologiam.</span> 
     </span>
    </p>
   </div>
  </div>
