3988 6566
622 356 722 411 155

610 471 800 526 τούτου
837 471 995 542 χάριν
1036 469 1246 539 μεγάλῃ
1280 471 1347 538 τῇ
1380 473 1558 539 φωνῇ,
1592 472 1801 540 φρικτῇ
1833 471 1898 540 τῇ
1935 469 2057 541 βοῇ,
2100 487 2200 521 κα-

612 554 792 625 θάπερ
818 571 902 617 τις
925 553 1099 624 κῆρυξ
1130 551 1228 623 τὴν
1250 553 1406 623 χεῖρα
1433 552 1604 623 αἴρων
1630 555 1711 615 εἰς
1730 554 1793 606 τὸ
1819 552 1975 622 ὕψος,
2001 552 2203 622 ὑψηλὸς

612 635 807 700 ἑστὼς,
834 637 970 689 πᾶσι
1004 636 1308 706 κατάδηλος
1336 634 1602 703 γεγονὼς,
1627 638 1722 689 καὶ
1745 637 1891 704 μέγα
1915 636 2002 688 ἐπ’
2021 635 2203 704 ἐκείνῃ

615 720 766 793 [ΓΗ]
790 724 855 793 τῇ
878 724 1083 792 φρικτῇ
1108 721 1313 791 ἠσυχίᾳ
1340 721 1802 790 άνακραυγάζων,
1826 722 1955 784 τοὺς
1981 720 2081 789 μὲν
2106 736 2205 771 κα-

613 805 713 867 λεῖ,
726 806 854 867 τοὺς
870 806 927 857 δὲ
945 805 1199 875 ἀπείργει
1220 805 1247 855 ὁ
1272 805 1475 873 ἱερεὺς,
1493 804 1555 856 ού
1580 808 1645 875 τῇ
1671 806 1816 875 χειρί
1832 805 1991 857 τοῦτο
2011 804 2203 866 ποιῶν,

612 887 748 939 ἀλλὰ
773 889 837 957 τῇ
866 886 1083 959 γλώττῃ
1104 889 1202 956 τῆς
1228 884 1412 955 χειρὸς
1437 886 1783 957 τρανότερον.
1821 887 1888 938 Ἤ
1916 886 2026 956 γάρ
2050 887 2202 955 φωνὴ

614 970 797 1040 ἐκείνη
836 973 917 1034 εἰς
948 971 1049 1038 τὴν
1079 970 1251 1040 ἁκοὴν
1272 970 1624 1039 ἐμπίπτουσα
1649 971 1750 1039 τὴν
1780 971 2082 1042 ἡμετέραν,
2110 989 2203 1023 κα-

614 1054 792 1122 θάπερ
832 1055 952 1125 χεὶρ
998 1055 1125 1115 τοὺς
1179 1053 1279 1122 μὲν
1326 1052 1461 1105 ὠθεῖ
1511 1054 1603 1105 καὶ
1645 1054 1914 1118 ἐκϐάλλει,
1969 1055 2096 1117 τοὺς
2148 1055 2205 1107 δὲ

614 1137 826 1203 εἰσάγει
856 1138 949 1189 καὶ
984 1137 1341 1204 παρίστησιν.
1390 1136 1527 1189 Εἰπὲ
1548 1136 1613 1206 δή
1652 1154 1766 1205 μοι,
1790 1138 2121 1207 παρακαλῶ,
2147 1140 2205 1189 ἐν

615 1223 724 1282 τοῖς
760 1220 1146 1290 Ὀλυμπιακοῖς
1182 1219 1390 1285 ἀγῶσιν
1411 1221 1534 1289 οὐχὶ
1559 1221 1792 1288 ἕστηκεν
1814 1223 1842 1272 ὁ
1861 1218 2037 1291 κήρυξ
2068 1220 2205 1291 βοῶν

618 1304 761 1374 μέγα
791 1305 883 1357 καὶ
911 1303 1135 1373 ὑψηλὸν,
1167 1303 1233 1354 Εἴ
1254 1319 1340 1365 τις
1370 1315 1392 1342 ο
1420 1304 1613 1356 τούτου
1651 1309 1971 1377 κατηγορεῖ,
2006 1305 2203 1372 λέγων,

620 1388 695 1459 μὴ
738 1388 924 1450 δοῦλός
973 1390 1110 1450 ἐστι,
1143 1386 1218 1456 μὴ
1249 1386 1510 1456 κλέπτης,
1541 1387 1614 1457 μὴ
1644 1388 1861 1459 τρόπων
1904 1390 2159 1461 πονηρῶν
2188 1409 2201 1455 ;

619 1471 795 1524 καίτοι
825 1470 893 1523 τὰ
911 1470 1273 1539 ἀγωνίσματα
1299 1470 1484 1522 ἐκεῖνα
1513 1469 1639 1523 οὔτε
1672 1470 1850 1542 ψυχῆς
1880 1473 2051 1536 ἐστιν,
2082 1472 2205 1525 οῦτε

617 1555 820 1624 τρόπου
853 1552 1083 1622 ἀγαθοῦ,
1112 1553 1248 1607 ἁλλά
1274 1551 1469 1623 ῥώμης
1496 1554 1592 1608 καὶ
1624 1552 1898 1624 σώματος.
1930 1556 1993 1607 EE
2027 1556 2205 1610 τοίνυν

616 1637 745 1690 ἔνθα
789 1637 1060 1707 σωμάτων
1101 1636 1250 1689 ἐστὶν
1309 1636 1566 1705 ἄσκησις,
1612 1636 1782 1707 πολλὴ
1832 1639 2207 1709 προαιρέσεως

616 1722 867 1788 ἐξέτασις
897 1721 1135 1789 γίνεται,
1174 1719 1329 1791 πόσῳ
1356 1720 1559 1790 μᾶλλον
1581 1720 1839 1787 ἐνταῦθα,
1864 1722 1990 1776 ἔνθα
2012 1722 2074 1774 τὸ
2095 1724 2203 1775 πᾶν

614 1805 761 1876 ψυχὴ
794 1804 987 1870 ἁθλεῖ;
1024 1806 1263 1875 Ἐστηκε
1309 1804 1488 1858 τοίνυν
1533 1806 1629 1858 καὶ
1672 1805 1767 1859 νῦν
1812 1808 2021 1877 όπαρ⁹
2070 1809 2205 1877 ἡμῖν

617 1889 816 1959 κήρυξ,
855 1888 915 1941 ού
948 1889 1049 1959 τῆς
1079 1887 1321 1958 κεφαλῆς
1341 1887 1575 1942 ἕκαστον
1614 1891 1861 1959 κατέχων
1894 1893 1987 1944 καὶ
2022 1891 2203 1961 παρά-

616 1988 750 2038 γων,
786 1972 922 2025 ἀλλὰ
956 1972 1163 2033 πάντας
1192 1969 1328 2040 ὁμοῦ
1368 1971 1471 2039 τῆς
1506 1972 1749 2041 κεφαλῆς
1777 1976 1875 2043 τῆς
1900 1974 2046 2027 ἔνδον
2075 1992 2206 2027 κατ-

618 2056 785 2124 έχων⁸
819 2055 921 2107 ούκ
944 2054 1231 2124 ἐφίστησιν
1258 2054 1453 2118 ἄλλους
1476 2057 1664 2119 αὐτοῖς
1688 2058 2051 2127 κατηγόρους,
2088 2056 2204 2110 ἀλλ’

616 2139 813 2202 αὐτοὺς
841 2139 1057 2200 ἑαυτοῖς
1082 2154 1094 2166 ·
1123 2138 1183 2190 ού
1214 2140 1326 2208 γὰρ
1366 2137 1537 2207 λέγει,
1575 2141 1666 2210 Μή
1716 2158 1802 2203 τις
1842 2140 2034 2193 τούτου
2073 2158 2205 2194 κατ-

614 2226 810 2294 ηγορεῖ
833 2239 848 2287 ;
873 2222 1011 2276 ἀλλὰ
1030 2222 1115 2288 τίς
1149 2223 1217 2275 Et
1240 2240 1325 2286 τις
1352 2223 1545 2277 ἐαυτοῦ
1566 2228 1882 2294 κατηγορεῖ.
1904 2226 2072 2279 Ὅταν
2097 2227 2204 2298 γὰρ

617 2310 769 2378 εἴπῃ,
809 2307 892 2359 Τὰ
924 2306 1059 2374 ἅγια
1087 2308 1202 2369 τοῖς
1232 2307 1434 2374 ἁγίοις,
1475 2306 1635 2360 τοῦτο
1678 2308 1854 2376 λέγει·
1900 2309 1967 2362 Εἴ
1989 2327 2073 2372 τις
2104 2309 2205 2362 ούκ

619 2389 767 2442 ἔστιν
792 2388 967 2456 ἅγιος,
1006 2388 1082 2459 μὴ
1114 2390 1377 2459 προσίτω.
1416 2391 1529 2460 Οὐχ
1554 2390 1742 2453 ἁπλῶς
1773 2409 1961 2461 φησιν,
1994 2392 2204 2462 ’Δμαρ-

617 2474 880 2545 τημάτων
913 2472 1172 2545 καθαρὸς,
1201 2472 1339 2536 ἀλλ’,
1360 2474 1550 2542 ’Ἄγιος
1574 2489 1585 2501 ·
1617 2474 1710 2527 τὸν
1756 2476 1865 2545 γάρ
1909 2474 2063 2543 ἅγιον
2107 2477 2206 2547 οὐχ

619 2557 652 2626 ἠ
698 2554 806 2606 τῶν
851 2553 1268 2624 ἁμαρτημάτων
1318 2554 1610 2626 ἀπαλλαγὴ
1665 2558 1811 2608 ποιεῖ
1844 2556 2025 2627 μόνον,
2059 2557 2206 2611 iam

621 2638 714 2691 καί
745 2639 778 2709 ἡ
812 2636 907 2689 τοῦ
942 2636 1258 2707 Πνεύματος
1287 2637 1577 2709 παρουσία,
1617 2640 1713 2693 καὶ
1765 2641 1793 2692 ό
1826 2640 1936 2693 τῶν
1982 2640 2205 2708 ἀγαθῶν

620 2728 799 2798 ἔργων
845 2724 1098 2788 πλοῦτος.
1138 2726 1213 2779 Οὐ
1242 2726 1504 2796 βούλομαι
1534 2728 1718 2797 μόνον,
1757 2729 1910 2798 φησί,
1940 2728 2204 2800 βορϐόρου

619 2810 958 2882 ἀπηλλάχθαι
1011 2810 1179 2881 ὑμᾶς,
1240 2809 1377 2865 ἀλλᾶ
1457 2813 1552 2865 καὶ
1611 2811 1840 2877 λευκοὺς
1901 2809 2041 2866 εἶναι
2112 2814 2206 2868 καὶ

617 2895 877 2965 ὡραίους.
908 2895 972 2946 Εἰ
1001 2895 1109 2964 γὰρ
1143 2895 1171 2946 ὁ
1225 2892 1566 2958 Βαὸυλώνιος
1602 2893 1859 2964 βασιλεὺς
1884 2936 1898 2960 ,
1952 2896 2062 2949 ἀπὸ
2106 2898 2206 2967 τῆς

620 2979 999 3050 αἰχμαλωσίας
1029 2977 1393 3048 ἐκλεγόμενος
1433 2979 1563 3042 τοὺς
1614 2979 1955 3043 νεανίσκους,
2004 2980 2206 3044 καλοὺς

620 3062 698 3132 τῷ
728 3062 859 3116 εἴδει
891 3062 985 3114 καὶ
1009 3058 1250 3132 ὡραίους
1286 3063 1350 3132 τῇ
1376 3060 1498 3130 ὄψει
1521 3060 1803 3129 ἐξελέξατο
1822 3081 1835 3094 ·
1869 3063 2052 3134 πολλῷ
2075 3063 2207 3135 μᾶλ-

619 3147 710 3199 λον
740 3148 886 3217 ἡμᾶς
946 3144 1393 3216 παρισταμένους
1426 3148 1492 3217 τῇ
1532 3146 1784 3220 τραπέζῃ
1826 3150 1890 3218 τῇ
1923 3147 2202 3218 βασιλικῇ,

622 3229 819 3293 καλοὺς
850 3228 927 3299 τῷ
954 3228 1084 3281 εῖδει
1114 3224 1254 3282 εἶναι
1288 3228 1370 3282 δεῖ
1397 3229 1475 3301 τῷ
1518 3230 1619 3301 τῆς
1644 3230 1844 3301 ψυχῆς,
1880 3232 1971 3285 τὸν
1996 3232 2202 3303 κόσμον

620 3315 842 3383 ἔχοντας
895 3310 1150 3383 χρυσοῦν,
1194 3312 1293 3383 τὴν
1317 3312 1510 3383 στολὴν
1556 3313 1829 3384 καθαράν,
1884 3315 1951 3367 τὰ
2002 3316 2203 3388 ὑποδή-

621 3414 766 3467 ματα
800 3395 1074 3467 βασιλικὰ,
1108 3395 1167 3448 τὸ
1201 3395 1495 3466 πρόσωπον
1536 3398 1639 3468 τῆς
1676 3398 1860 3469 ψυχῆς
1893 3398 2196 3470 εὔμορφον,

617 3481 709 3533 τὸν
734 3480 940 3550 κόσμον
966 3479 1104 3551 αὐτῇ
1135 3479 1484 3550 περικεῖσθαι
1501 3479 1593 3533 τὸν
1611 3482 1868 3551 χρυσοῦν,
1894 3482 1992 3552 τὴν
2022 3482 2200 3552 ζώνην

617 3566 717 3635 τῆς
755 3562 1036 3633 ἀληθείας.
1081 3562 1140 3615 '0
1176 3562 1421 3625 τοιοῦτος
1478 3563 1739 3633 προσίτω,
1787 3564 1881 3617 καὶ
1925 3564 2201 3633 ποτηρίων

619 3645 876 3698 ἁπτέσθω
910 3644 1231 3715 βασιλικῶν.
1282 3643 1344 3698 Εἰ
1384 3646 1443 3700 δέ
1491 3662 1574 3708 τις
1608 3647 1775 3717 ῥάκια
1800 3648 2198 3716 ἠμφιεσμένος,

620 3729 831 3801 ῥυπῶν,
876 3728 1105 3800 αὐχμῶν
1159 3729 1462 3783 ἐπεισιέναι
1509 3732 1575 3800 τῇ
1639 3729 1892 3800 βασιλικῇ
1959 3728 2203 3799 βούλοιτο

617 3812 888 3885 τραπέζῃ,
917 3814 1021 3883 ὅρα
1049 3813 1151 3866 ὅσα
1180 3812 1451 3874 πείσεται,
1502 3813 1603 3865 οὐκ
1635 3813 1924 3883 ἁρκουσῶν
1950 3815 2058 3866 τῶν
2080 3832 2203 3869 τεσ-

620 3898 931 3968 σαράκοντα
959 3896 1182 3967 ἡμερῶν
1221 3896 1289 3948 τά
1312 3899 1369 3949 ἐν
1396 3898 1561 3949 παντὶ
1608 3898 1687 3967 τῷ
1731 3898 1909 3969 χρόνῳ
1944 3900 2202 3971 πεπλημ-

620 3980 901 4051 μελημένα
940 3978 1365 4033 άπολούσασθαι.
1395 3980 1458 4033 Εἰ
1483 3980 1592 4051 γάρ
1618 3982 1862 4053 ἠγέεννα
1893 3984 1993 4037 ούκ
2016 3986 2198 4056 ἀρκεῖ,

678 4145 697 4168 ⁸
720 4145 857 4197 Colb.
887 4146 952 4208 μή
972 4162 1058 4201 τις.
1086 4144 1189 4194 Nec
1221 4146 1368 4195 aliter
1386 4147 1566 4211 Regg.,
1587 4148 1773 4200 Comm.
1788 4158 1843 4201 et
1865 4164 2019 4215 marg.
2043 4152 2195 4203 Savil.

1301 352 1358 407 S.
1400 350 1693 409 JOANNIS
1727 348 2217 407 CIIKYSOSTOMI
2262 347 2577 403 ARCIIIEP.
2621 346 3177 403 CONSTANTINOP.
3732 363 3810 423 ιη

2307 466 2487 519 καίτοι
2521 483 2583 533 γε
2613 466 2833 528 αἰώνιος
2868 460 3003 518 οῦσα
3056 465 3171 536 (διὰ
3208 466 3362 519 τοῦτο
3391 470 3492 539 γὰρ
3519 472 3602 525 καὶ
3640 477 3813 546 αἰώνιός

2305 548 2473 619 ἐστι),
2510 548 2695 619 πολλῷ
2729 549 2932 634 μάλλον
2952 552 2980 603 ὁ
3011 550 3216 621 βραχὺς
3257 545 3404 613 οὗτος
3433 554 3621 621 χρόνος.
3646 560 3709 614 Οὔ
3732 545 3815 634 γάῥ

2310 634 2598 701 μετάνοιαν
2628 632 2859 702 ἰσχυρὰν
2887 633 3307 704 ἐπεδειξάμεθα,
3336 636 3445 688 ἀλλ’
3486 639 3682 713 ἀσθενῆ.
3710 632 3817 711 Τοὺς

2307 716 2599 786 εὐνούχους
2627 716 2865 787 μάλιστα
2911 716 2994 769 δεῖ
3026 717 3362 785 παρεστάναι
3392 719 3466 790 τῷ
3510 722 3724 791 βασιλεῖ·
3752 731 3818 783 εὖ.

2308 798 2533 868 νούχους
2574 798 2741 866 λέγω,
2794 799 2919 862 τοὺς
2976 800 3076 871 τὴν
3107 800 3342 854 διάνοιαν
3392 802 3622 871 λευκοὺς,
3653 811 3819 880 μηδένα

2308 882 2532 950 ἔχοντας
2567 883 2739 952 ῥύπον
2776 884 2914 953 μηδὲ
2951 885 3162 947 σπῖλον,
3203 886 3437 956 ὑψηλοὺς
3471 892 3530 959 τῇ
3558 889 3751 962 διανοίᾳ,
3776 897 3821 948 τὸ

2307 964 2456 1035 [17‘2]
2489 966 2641 1035 ὄμμα
2659 968 2868 1037 ἥμερον
2889 970 2986 1038 τῆς
3016 967 3196 1040 ψυχῆς
3227 969 3443 1040 ἔχοντας
3467 972 3553 1024 καὶ
3567 970 3820 1045 ὀξυδερκὲς,

2308 1051 2742 1121 εύπερίστροφον
2780 1052 2876 1104 καὶ
2915 1052 3140 1123 γοργὸν,
3170 1052 3305 1105 ἀλλά
3362 1056 3434 1124 μὴ
3464 1056 3676 1125 ύπνηλδν
3718 1061 3823 1127 μηδέ

2309 1132 2519 1198 ῦπτιον,
2551 1134 2865 1205 ἐλευθερίας
2886 1136 3059 1204 γέμον
3091 1134 3321 1205 πολλῆς,
3356 1138 3539 1207 πόρρω
3585 1141 3824 1210 ἀναισχυνο

2306 1216 2427 1278 τίας
2456 1232 2518 1283 γε
2538 1217 2646 1288 μὴν
2676 1219 2770 1269 καὶ
2803 1218 3149 1287 ἰταμότητος,
3192 1220 3509 1289 ἐγρηγορὸς,
3536 1221 3690 1288 ὑγιὲς,
3718 1226 3823 1293 μήτε

2309 1299 2538 1367 στυγνὸν
2573 1301 2779 1369 σφόδρα
2819 1302 2910 1354 καὶ
2932 1302 3193 1369 κατηφὲς,
3225 1302 3363 1372 μήτε
3388 1302 3826 1372 διακεχυμένονκαὶ

2310 1384 2494 1453 ὑγρόν.
2527 1384 2729 1438 Τοῦτον
2767 1386 2927 1455 ἡμεῖς
2949 1383 3128 1455 κύριοι
3148 1383 3540 1456 δημιουργῆσαι
3568 1387 3647 1440 τὶν
3666 1387 3826 1456 ὀρθαὶ.

2311 1468 2431 1536 μὸν,
2458 1469 2551 1521 καὶ
2579 1467 2840 1539 ὀξυδερκῆ
2868 1470 3092 1539 ποιῆσαι
3115 1469 3210 1521 καί⁵
3241 1470 3425 1523 καλόν.
3456 1472 3613 1524 Ὅταν
3639 1472 3730 1544 γάρ
3757 1474 3827 1527 αύ-

2306 1552 2396 1604 τδν
2423 1551 2498 1623 μὴ
2518 1552 2652 1622 πρὸς
2678 1553 2770 1604 τὸν
2797 1554 3003 1605 καπνὸν
3029 1554 3275 1623 ἄγωμεν,
3301 1554 3433 1625 μηδέ
3455 1556 3582 1626 πρδς
3600 1558 3685 1626 τὴν
3702 1561 3819 1611 κόνιν

2311 1635 2560 1706 (τοιαῦτα
2594 1637 2704 1705 γὰρ
2727 1635 2907 1689 πάντα
2932 1638 2999 1688 τά
3034 1636 3352 1707 ἀνθρώπινα
3378 1639 3697 1710 πράγματα),
3724 1642 3827 1695 ἀλλὰ

2309 1718 2444 1789 πρὸς
2476 1718 2575 1788 τὴν
2596 1717 2773 1790 αῦραν
2802 1718 2901 1789 τὴν
2924 1718 3149 1789 λεπτὴν,
3191 1722 3328 1791 πρὸς
3360 1722 3448 1774 τὸν
3484 1724 3667 1792 κοῦφον
3698 1725 3825 1795 ἀέρα,

2307 1802 2444 1873 πρὸς
2471 1802 2540 1855 τὰ
2573 1802 2845 1873 μετέωρα,
2885 1802 2978 1855 καὶ
3015 1803 3217 1873 ὑψηλὰ,
3247 1805 3343 1857 καὶ
3379 1806 3599 1875 ἡσυχίας
3626 1807 3821 1876 γέμοντι

2306 1885 2511 1955 πολλῆς
2541 1888 2633 1939 καὶ
2671 1886 3042 1957 καθαρότητος
3099 1890 3193 1940 καὶ
3243 1889 3443 1960 πολλῆς
3487 1890 3580 1959 τῆς
3606 1891 3821 1960 τέρᾲεως,

2306 1970 2731 2043 ἀνακτησόμεθα
2779 1970 2989 2040 ταχέως
3045 1971 3229 2034 αὑτὸν,
3264 1973 3359 2026 καὶ
3408 1975 3637 2044 ρώσομεν
3682 1975 3829 2045 ἐντρυ·

2307 2055 2493 2123 φῶντα
2525 2056 2591 2125 τῇ
2624 2053 2848 2125 τοιαύτῃ
2885 2053 3003 2125 θέᾳ.
3038 2053 3195 2118 Εἶδες
3238 2056 3567 2122 πλεονεξίαν,
3596 2060 3678 2112 καί
3704 2059 3831 2111 πλοῦο

2305 2156 2397 2192 τον
2425 2139 2597 2193 πολὺν
2633 2137 2826 2208 ἔχοντά
2843 2156 3001 2205 τινας
3025 2138 3100 2209 μὴ
3132 2142 3419 2213 ἐπαγάγης
3442 2143 3554 2195 ἐκεῖ
3573 2141 3656 2195 τὸν
3670 2141 3832 2212 ὀφθαλ-

2311 2223 2409 2295 μόν
2450 2239 2545 2274 σου
2582 2236 2595 2249 ·
2631 2220 2895 2293 βόρϐορός
2924 2222 3042 2275 ἐστι
3072 2223 3134 2276 τὸ
3167 2226 3425 2295 πρᾶγμα,
3468 2226 3658 2288 καπνός
3698 2228 3830 2287 ἐστιν,

2307 2306 2478 2376 ἀτμὸς
2513 2305 2772 2376 πονηρὸς,
2822 2305 3012 2371 σκότος
3043 2308 3137 2361 καί⁸
3186 2309 3518 2380 στενοχωρία
3567 2308 3733 2379 πολλὴ,
3762 2311 3833 2362 καὶ

2308 2391 2610 2461 φροντίδων
2636 2390 2894 2462 πνιγμός.
2918 2385 3073 2454 Εἶδες
3105 2389 3456 2462 δικαιοσύνην
3491 2392 3735 2446 ἀσκοῦντα
3760 2392 3833 2444 άν-

2308 2474 2549 2545 θρωπον,
2578 2472 2920 2546 ἀρκούμενον
2961 2477 3073 2537 τοῖς
3110 2474 3303 2541 αὐτοῦ,
3339 2477 3433 2529 καὶ
3463 2476 3652 2547 πολλὴν
3682 2476 3833 2547 ἔχοντα

2307 2559 2407 2629 τὴν
2456 2557 2803 2629 εὐρυχωρίαν
2856 2558 2955 2629 τῆς
3008 2558 3267 2625 ἀνέσεως,
3316 2561 3468 2614 ούδέν
3517 2561 3831 2631 μεριμνῶντα,

2307 2642 2460 2695 ούδέν
2479 2640 2835 2712 φροντίζοντα
2882 2642 2992 2695 τῶν
3026 2642 3297 2707 ἐνταῦθα;
3334 2644 3525 2715 στῆσον
3555 2645 3700 2697 αὐτὸν
3722 2646 3828 2704 ἐκεῖ,

2308 2726 2403 2779 καὶ
2440 2723 2770 2796 μετεώρισον
2792 2741 2805 2754 ·
2840 2725 2936 2780 καλ.
2964 2725 3147 2796 πολλῷ
3178 2726 3436 2782 καλλίονα
3467 2728 3621 2781 αὑτὸν
3658 2727 3830 2798 ἐργάσῃ

2308 2810 2404 2863 καὶ
2429 2809 2835 2881 λαμπρότερον,
2880 2809 2940 2862 οὐ
2976 2814 3092 2872 τοῖς
3121 2810 3221 2881 τῆς
3252 2810 3359 2881 γῆς
3388 2810 3597 2866 ἁνθεσιν
3638 2809 3834 2879 εύωχῶν,

2308 2893 2446 2949 ἁλλά
2474 2897 2590 2958 τοῖς
2623 2896 2722 2966 τῆς
2772 2896 2993 2967 ἀρετῆς,
3036 2896 3387 2971 σωφροσύνῃ,
3448 2896 3732 2966 ἐπιεικείᾳ,
3764 2896 3836 2947 καὶ

2307 2982 2419 3043 τοῖς
2450 2978 2632 3043 ἄλλοις
2662 2978 2886 3033 ἆπασιν.
2911 2979 3077 3033 Οὐδὲν
3091 2981 3200 3051 γάρ
3229 2980 3376 3035 οὔτω
3401 2980 3650 3052 ταράττει
3676 2978 3837 3049 όφθαλυ

2308 3063 2431 3134 μὸν,
2462 3063 2537 3126 ώς
2564 3062 2802 3126 συνειδὸς
2841 3064 3079 3133 πονηρόν
3105 3079 3118 3093 ·
3156 3064 3516 3133 Ἐταρὰχθη,
3546 3063 3714 3133 φησὶν,
3740 3061 3832 3114 ἀπὸ

2306 3145 2497 3215 θυμοῦ
2534 3149 2566 3200 ό
2606 3147 2914 3215 ὀφθαλμός
2955 3164 3069 3212 μου
3092 3163 3105 3177 ⁸
3138 3146 3293 3201 οὐδὲν
3337 3147 3480 3201 οὕτω
3508 3148 3693 3201 σκοτοῖ.
3722 3143 3835 3199 Tai-

2304 3249 2401 3301 της
2423 3231 2586 3284 αὐτὸν
2620 3230 2931 3296 ἀπάλλαξον
2963 3232 3065 3301 τῆς
3091 3231 3381 3303 ἐπηρείας,
3408 3233 3501 3286 καὶ
3544 3230 3744 3302 φαιδρὸν
3766 3231 3836 3298 ἐρα

2304 3316 2449 3386 γάσῃ
2483 3313 2579 3367 καὶ
2607 3313 2847 3386 ἰσχυρὸν,
2884 3314 2970 3367 ἀεὶ
3001 3314 3337 3384 τρεφόμενον
3388 3315 3596 3369 ἐλπίσιν
3630 3311 3836 3382 ἀγαθαῖς,

2305 3399 2519 3452 Γένοιτο
2544 3397 2601 3450 δέ
2626 3398 2836 3461 πάντας
2858 3400 3031 3467 ἡμᾶς,
3065 3399 3159 3450 καὶ
3176 3397 3368 3453 τοῦτον
3381 3400 3472 3453 καὶ
3498 3400 3592 3462 τὰς
3608 3398 3753 3459 ἄλλας
3764 3396 3839 3465 τῆς

2303 3481 2482 3552 ψυχῆς
2515 3480 2797 3551 ἐνεργείας
2830 3481 3240 3536 κατασκευάσαι
3268 3483 3546 3546 τοιαύτας,
3567 3482 3676 3545 οἵας
3696 3482 3840 3549 0sz-

2306 3566 2433 3626 στὸς
2468 3562 2752 3632 βὀύλεταιο
2779 3564 2865 3616 ἵνα
2908 3564 3008 3634 τῆς
3051 3565 3417 3637 ἐπικειμένης
3468 3568 3597 3637 ἡμῖν
3642 3563 3842 3632 κεφαλῆς

2304 3646 2447 3714 ἄξιοι
2499 3646 2806 3717 γενόμενοι,
2841 3646 3168 3718 ἀπέλθωμεν
3210 3648 3342 3701 ἔνθα
3396 3649 3559 3702 θέλει.
3592 3648 3717 3717 Φησὶ
3738 3646 3839 3714 γάρ’

2308 3728 2473 3783 Θέλω
2500 3728 2599 3794 ἵν’,
2635 3729 2790 3784 ὅπου
2820 3730 2935 3799 ἐγώ
2966 3733 3107 3801 εἰμι,
3136 3732 3408 3786 κάκεῖνοι
3432 3728 3541 3788 ὦσι
3566 3730 3685 3801 μετ’
3704 3727 3842 3799 ἐμοῦ,

2306 3813 2405 3865 ἵνα
2427 3810 2543 3880 τὴν
2574 3812 2764 3878 δόξαν
2792 3814 2909 3881 τὴν
2929 3814 3085 3883 ἐμὴν
3113 3813 3373 3883 ὁρῶσιν·
3404 3811 3474 3886 ἦς
3524 3817 3718 3882 γένοιτο
3736 3813 3844 3864 ἀπο-

2305 3895 2505 3950 λαῦσαι
2550 3898 2760 3961 πάντας
2800 3898 2969 3967 ἡμᾶς,
3005 3900 3066 3950 ἐν
3109 3896 3338 3969 Χριστῷ
3385 3896 3561 3967 Ἰησοῦ
3588 3896 3663 3968 τῷ
3687 3896 3844 3965 Κυρίῳ

2306 3981 2483 4051 ἡμῶν,
2522 3980 2641 4050 μεθ’
2669 3975 2729 4035 οὗ
2755 3980 2833 4051 τῷ
2851 3980 3027 4052 Πατρί.
3058 3982 3151 4035 καὶ
3170 3980 3246 4051 τῷ
3273 3981 3420 4052 ἁγίῳ
3441 3981 3707 4050 Πνεύματι
3724 3978 3844 4041 δόξαν

2305 4063 2529 4135 κράτος,
2556 4062 2712 4133 τιμὴ,
2744 4064 2840 4117 νῦν
2864 4064 2956 4117 καὶ
2984 4064 3092 4129 ἀεὶ,
3133 4065 3227 4117 καὶ
3259 4066 3344 4129 εἰς
3390 4067 3518 4129 τοὺς
3546 4062 3734 4124 αἰῶνας
3758 4061 3844 4115 τῶν

2304 4146 2535 4202 αἰώνων.
2569 4146 2765 4216 Ἀμήν.

1972 4396 2121 4470 [m1
2179 4399 2423 4453 οΜιΑιΑ
2462 4395 2566 4455 lE'.

629 4487 942 4557 Ἇνώτερον
987 4488 1210 4559 λέγων,
1269 4488 1357 4543 ὅτι
1405 4489 1628 4543 θυσίαν
1656 4488 1780 4559 ίκαί
1846 4490 2200 4558 προσφορὰν

686 4559 783 4614 καὶ
858 4558 1323 4627 ὁλοκαυτώματα
1374 4560 1472 4613 καὶ
1535 4558 1669 4628 περὶ
1732 4562 2019 4628 ἁμαρτίας
2085 4562 2199 4614 οὐκ

682 4631 1015 4698 ἠθέλησας,
1034 4629 1177 4683 οὐδὲ
1194 4629 1555 4697 εὐδόκησας,
1584 4632 1808 4694 αἵτινες
1834 4631 1985 4684 κατὰ
2013 4631 2202 4699 νόμον

679 4700 1145 4770 προσφέρονται·
1166 4704 1298 4754 τότε
1313 4700 1571 4769 εἴρηκεν-ο
1591 4699 1740 4756 Ἰδοὺ
1764 4700 1890 4767 ἥκω
1904 4700 2010 4754 τοῦ
2027 4700 2203 4769 ποινῆ-

681 4790 809 4836 σαι,
838 4777 870 4826 d
897 4773 1061 4837 Θεὸς,
1099 4771 1166 4825 τὸ
1210 4770 1442 4840 θέλημά
1474 4788 1613 4825 σου.
1659 4770 1910 4840 Ἀναιρεῖ
1940 4771 2006 4823 τὸ
2046 4770 2202 4839 πρῶ-

682 4860 810 4905 τον,
836 4844 935 4896 ἵνα
966 4836 1033 4896 τὸ
1082 4836 1369 4911 δεύτερον
1405 4842 1633 4911 στήσῃ.
1676 4842 1780 4894 Ἐν
1810 4836 1866 4908 ᾧ
1913 4836 2203 4909 θελήματι

684 4913 1037 4982 ἡγιασμένοι
1077 4913 1265 4981 ἐσμὲν
1289 4910 1386 4965 διὰ
1414 4912 1523 4980 τῆς
1558 4910 1723 4981 προσ
1726 4911 1917 4979 φοράς
1951 4911 2057 4982 τίὲῡ
2087 4911 2202 4982 σφ’

678 4980 875 5052 ματος
907 4982 1102 5047 Ἰησοῦ
1150 4980 1418 5052 Χριστοῦ,
1456 4980 1718 5051 ἐφάπαξ.
1775 4983 1883 5036 Καὶ
1936 4980 2056 5046 πᾶς
2087 4980 2202 5048 μὲν

684 5053 878 5119 ἱερεὺς
902 5052 1119 5122 ἕστηκε
1159 5052 1290 5105 καθ’
1309 5051 1540 5121 ἡμέραν
1555 5052 1945 5122 λειτουργῶν,
1984 5052 2082 5103 καὶ
2100 5054 2202 5117 τὰς

681 5123 870 5185 αὐτὰς
896 5120 1194 5185 πολλάκις
1210 5120 1570 5191 προσφέρων
1583 5120 1825 5187 θυσίας,
1851 5123 2077 5191 αἵτινες
2098 5124 2201 5175 οὺ-

681 5192 896 5245 δέποτε
927 5191 1217 5261 δύνανται
1238 5189 1542 5261 περιελεῖν
1564 5194 1853 5261 ἁμαρτίας
1880 5208 1895 5222 ·
1924 5189 2106 5257 οὗτος
2134 5192 2202 5246 δὲ

677 5264 827 5331 μίαν
844 5260 993 5328 ὑπὲρ
1004 5260 1305 5331 ἁμαρτιῶν
1321 5264 1581 5331 προσενέ
1590 5260 1735 5330 γνιας
1762 5265 2012 5327 θυσίαν,
2030 5268 2117 5327 εἰς
2135 5264 2201 5315 τὸ

682 5330 951 5398 διηνεκὲς
972 5330 1257 5383 ἐκάθισεν
1281 5330 1350 5383 ἐν
1367 5330 1535 5398 δεξιᾷ
1565 5332 1670 5386 τοῦ
1693 5333 1867 5396 Θεοῦ,
1888 5334 1951 5386 τὸ
1980 5334 2203 5386 λοιπὸν

682 5349 736 5384 οι
785 5349 951 5396 νεκες
972 5349 1257 5383 εκαοισεν
1281 5349 1350 5383 εν
1367 5349 1535 5398 ascia
1565 5350 1670 5386 του
1693 5349 1867 5396 υεου,
1888 5349 1951 5386 το
1980 5349 2200 5386 λοιπον

680 5349 1094 5478 ἐκὲεχόμενος,
1121 5400 1233 5478 ἕως
1256 5400 1508 5478 τεθῶσιν
1533 5406 1586 5457 οἰ
1614 5403 1817 5473 ἐχθροὶ
1841 5402 2027 5458 αὐτοῦ
2050 5407 2200 5457 ὐπο-

682 5468 903 5526 πόδιον
924 5469 1043 5525 τῶν
1076 5468 1279 5523 ποδῶν
1304 5472 1516 5526 αὐτοῦ.

684 5652 756 5699 α’.
793 5644 882 5697 Ἐν
918 5642 1016 5715 μὲν
1043 5646 1158 5708 τοῖς
1190 5643 1502 5716 ἔμπροσθεν
1521 5646 1721 5711 ἔδειξεν
1763 5646 2062 5715 ἀνωφελεῖς
2104 5647 2202 5711 τὰς

618 5729 805 5793 θυσίας
822 5727 987 5792 οὔσας
1003 5728 1138 5799 πρὸς
1158 5731 1256 5799 τὴν
1282 5730 1499 5783 τελείαν
1526 5731 1900 5801 καθαρότητα,
1918 5730 2011 5782 καὶ
2028 5730 2199 5784 τύπον

612 5811 797 5879 οὔσας,
830 5813 924 5867 καὶ
958 5812 1092 5867 πολὺ
1135 5814 1489 5885 λειπομένας.
1528 5815 1683 5868 Ἐπεὶ
1718 5811 1811 5867 οὖν
1863 5816 2195 5870 άντέπιπτεν

2308 4490 2457 4560 αὐτῷ
2483 4490 2667 4553 τοῦτο,
2704 4491 2751 4542 εἰ
2784 4489 2943 4543 τύποι
2976 4491 3106 4554 εἰσὶ,
3133 4490 3250 4553 πῶς
3275 4492 3375 4559 τῆς
3399 4491 3653 4562 ἀληθείας
3696 4486 3847 4541 ἐλθού-

2306 4589 2427 4643 σης,
2461 4572 2565 4627 οὑκ
2617 4572 2927 4626 ἐπαύσαντο
2956 4574 3076 4627 ούδέ
3106 4572 3500 4645 ὑπεχώρησαν,
3556 4574 3667 4627 ἀλλ’
3696 4574 3845 4623 ἐπιτε-

2304 4656 2560 4722 λοῦνται;
2593 4654 2732 4708 Λύτὸ
2764 4655 2820 4708 δέ
2860 4654 3019 4708 τοῦτο
3060 4656 3297 4709 ἐνταῦθα
3327 4658 3643 4728 ἐργάζεται,
3668 4651 3847 4712 δεικνὺς

2304 4742 2385 4795 ὅτι
2417 4740 2600 4793 οὐκέτι
2629 4738 2935 4793 τελοῦνται·
2971 4740 3091 4793 ούδέ
3139 4739 3215 4804 ώς
3263 4740 3459 4804 τύπος,
3487 4742 3547 4795 ού
3576 4741 3677 4810 γὰρ
3709 4736 3847 4795 αὑτάς

2304 4827 2591 4897 προσίεται
2620 4826 2647 4877 ό
2677 4825 2829 4889 Θεός.
2866 4826 2979 4879 Καὶ
3035 4825 3194 4880 τοῦτο
3232 4827 3333 4879 ούκ
3365 4827 3476 4880 ἀπὸ
3520 4828 3617 4895 τῆς
3670 4820 3843 4886 Καινῆς

2306 4911 2488 4974 πάλιν,
2520 4908 2635 4962 ἀλλ’
2686 4910 2795 4962 ἀπὸ
2844 4908 2953 4961 τῶν
3004 4910 3302 4982 προφητῶν
3349 4910 3640 4971 δείκνυσιν,
3675 4904 3845 4961 ἄνωθεν

2305 4995 2404 5065 τὴν
2430 4993 2792 5066 ἰσχυροτάτην
2820 4996 3087 5065 παράγων
3120 4996 3453 5067 μαρτυρίαν,
3489 4996 3571 5048 ὃτι
3609 4993 3753 5061 λήγει
3777 4988 3851 5040 καὶ

2306 5079 2564 5145 παύεται,
2605 5079 2697 5131 καὶ
2726 5076 2850 5146 είκῆ
2883 5079 3063 5132 πάντα
3102 5080 3462 5150 πράττουσιν,
3492 5079 3583 5132 ἀεὶ
3607 5076 3682 5147 τῷ
3710 5071 3851 5128 Πνεύ·

2308 5163 2539 5235 ματιτῷ
2569 5163 2711 5233 ἁγίῳ
2750 5162 3188 5227 ἀντιπίπτοντες.
3233 5165 3342 5217 Καὶ
3395 5164 3668 5217 δείκνυσιν
3687 5161 3745 5211 ἐκ
3773 5170 3851 5208 πε-

2307 5248 2552 5319 ριουσίας
2576 5247 2637 5300 ού
2690 5246 2786 5299 νῦν
2827 5247 3000 5310 αύτάς
3032 5249 3413 5317 πεπαυμένας,
3460 5247 3596 5302 ἀλλὰ
3633 5243 3720 5298 καὶ
3745 5236 3851 5308 παρ’

2304 5332 2476 5401 αὐτὴν
2508 5330 2600 5384 τοῦ
2631 5331 2872 5401 Χριστοῦ
2927 5329 3027 5401 τὴν
3074 5331 3404 5402 παρουσίαν,
3440 5332 3638 5402 μᾶλλον
3671 5328 3739 5388 δὲ.
3777 5323 3851 5375 κιὶ

2305 5415 2413 5486 πρὸ
2442 5416 2540 5485 τῆς
2564 5415 2733 5468 αὐτοῦ
2786 5414 3114 5484 παρουσίας,
3144 5424 3163 5444 ⁸
3198 5416 3293 5467 καὶ
3329 5416 3451 5478 πῶς
3476 5417 3538 5469 οὐ
3578 5410 3850 5467 τελευταῖον

2304 5500 2495 5552 ἐλυσεν
2538 5498 2710 5562 αὐτὰς
2738 5500 2766 5552 ὁ
2816 5496 3073 5567 Χριστὸς,
3124 5498 3258 5552 ἀλλὰ
3292 5500 3561 5569 πρότερον
3590 5496 3847 5563 ἐλύθησαν.

2304 5583 2397 5637 καὶ
2428 5582 2547 5636 τότε
2576 5578 2708 5653 ἦλθε
2733 5598 2745 5610 ·
2781 5583 3047 5654 πρότερον
3075 5582 3422 5652 ἐπαύθησαν,
3456 5584 3552 5637 καὶ
3575 5582 3689 5633 τότε
3715 5572 3848 5633 αὐτὸς

2308 5666 2669 5737 παρεγένετο.
2715 5668 2833 5720 ’Ίνα
2860 5667 2969 5739 γὰρ
3008 5666 3083 5737 μὴ
3115 5666 3338 5735 λέγωσι,
3370 5667 3467 5723 καὶ
3491 5667 3657 5739 χωρὶς
3679 5659 3849 5723 ταύτης

2367 5761 2383 5831 ξ
2418 5763 2471 5831 Ir}
2502 5761 2863 5831 Co_lb.!10mil_ia
2891 5761 3477 5831 decima'oclayajncipil
3498 5764 3557 5814 ab
3583 5759 3655 5811 his
3696 5749 3847 5805 verbis.

2305 5826 2383 5871 καὶ
2404 5827 2504 5879 πῶς
2526 5825 2580 5871 ού
2612 5826 2895 5879 τελευταῖον,
2926 5825 3122 5873 omissis
3153 5825 3417 5887 prioribus.
