4002 6426
218 354 299 411 155

212 480 297 521 non
315 459 437 516 enim
457 448 577 508 dicit
606 447 780 504 :Num
809 447 928 518 quis
965 462 1086 503 eum
1125 448 1382 503 accusat?
1435 447 1529 503 sed
1566 447 1730 517 quid?

210 558 315 614 Num
335 549 439 619 quis
461 543 685 611 seipsum
710 540 965 596 accusat?
983 539 1113 594 Nam
1130 541 1344 609 quando
1364 540 1513 606 dicit,
1535 540 1727 595 Sancta

209 640 390 704 sanctis,
412 636 506 691 ltoc
526 632 656 687 dicit
685 650 698 686 :
738 631 796 687 Si
825 632 943 700 quis
970 646 1077 686 non
1104 640 1187 686 est
1211 638 1450 697 sanctus,
1483 646 1589 686 non
1633 646 1726 687 ac-

205 733 344 792 cedat.
365 728 470 782 Non
497 722 666 777 solum
692 722 888 791 inquit,
906 721 948 775 Α
968 720 1200 792 peccatis
1217 736 1402 790 purus,
1422 720 1518 775 sed
1538 722 1723 790 etiam,

204 821 682 881 Sanctus:sanctum
731 812 877 866 enim
913 826 1019 866 non
1070 810 1199 865 facit
1221 809 1394 863 solum
1422 809 1669 865 liberatio
1694 826 1725 866 a

199 910 421 986 peccatis,
446 902 533 958 sed
560 903 718 956 etiam
751 903 1035 970 przesentia
1065 900 1295 970 Spiritus
1315 942 1329 963 ,
1360 909 1415 956 et
1459 901 1723 956 bonorum

197 1012 381 1074 operum
422 993 601 1063 cupiat.
632 991 746 1045 Non
776 992 973 1058 solum,
1003 990 1195 1061 inquit,
1237 991 1364 1044 volo
1386 1005 1483 1045 vos
1510 1006 1540 1044 a
1567 1005 1724 1047 caeno

194 1090 559 1151 esselibcratos,
586 1082 680 1137 sed
715 1082 868 1136 albos
892 1095 1014 1137 esse
1050 1091 1106 1137 et
1155 1081 1449 1150 speciosos.
1489 1080 1620 1134 Nam
1675 1079 1723 1135 si

191 1200 270 1240 rex
292 1174 589 1247 Babylonius
612 1172 837 1242 juvenes
865 1172 1070 1242 eligens
1094 1186 1159 1227 ex
1197 1171 1504 1240 captivitate
1522 1211 1538 1236 ,
1562 1170 1724 1239 elegit

191 1270 405 1343 pulchros
427 1263 600 1334 specie
624 1272 677 1317 et
697 1262 844 1317 vultu
868 1261 1095 1317 decoros
1120 1261 1139 1330 (
1164 1260 1301 1316 Dan.
1326 1262 1379 1315 l.
1406 1260 1478 1330 4)
1508 1277 1522 1312 :
1554 1260 1722 1314 multo

186 1364 326 1434 magis
354 1373 445 1414 nos
479 1356 570 1426 qui
614 1355 830 1409 adstant
860 1369 1060 1409 mensae
1106 1353 1268 1423 regia:
1316 1351 1566 1422 pulchros
1597 1366 1719 1407 esse

183 1460 363 1528 oportet
397 1448 570 1519 specie
609 1448 834 1509 animat,
864 1446 1121 1500 mundum
1169 1444 1427 1499 habentes
1456 1458 1676 1498 aureum
1698 1485 1713 1510 ,

181 1544 400 1601 mundum
438 1538 837 1602 vestimentum,
895 1537 1103 1606 regales
1142 1536 1375 1600 calceos,
1422 1534 1715 1589 formosum

179 1640 338 1692 animae
374 1631 593 1694 vultum,
626 1637 873 1683 ornatum
910 1642 1166 1691 aureum,
1209 1626 1483 1696 cingulum
1521 1626 1715 1679 verita-

175 1729 244 1781 tis.
270 1723 358 1791 Qui
388 1718 503 1775 talis
543 1725 651 1783 est,
680 1717 921 1782 accedat,
948 1726 1005 1771 et
1035 1715 1222 1786 pocula
1253 1723 1435 1785 tangat
1460 1715 1624 1784 rcgia.
1656 1714 1713 1768 Si

174 1818 270 1887 quis
293 1821 456 1867 autem
484 1809 675 1879 pannis
699 1808 923 1885 obsitus,
964 1806 1212 1860 sordidus
1258 1815 1313 1860 et
1350 1805 1623 1875 squalidus
1646 1804 1715 1860 ad

171 1920 374 1963 mensam
402 1902 600 1972 regiam
622 1901 753 1955 velit
792 1899 1015 1969 ingredi,
1070 1899 1189 1954 vide
1228 1907 1425 1969 quanta
1460 1898 1711 1967 patietur,

170 2014 266 2050 cum
283 2011 379 2049 non
398 1991 669 2046 sufﬁciant
687 1989 1033 2059 quadraginta
1063 1988 1178 2043 dies
1204 1988 1270 2043 ad
1297 1987 1563 2043 abluenda
1591 2003 1712 2058 qua:

166 2090 285 2141 omni
310 2096 539 2152 tempore
564 2092 692 2136 sunt
725 2082 955 2135 admissa
987 2080 1204 2136 delicta.
1232 2080 1363 2135 Nam
1391 2081 1436 2135 si
1466 2096 1569 2134 non
1597 2079 1712 2135 suf-

169 2180 257 2234 ﬁcit
298 2179 577 2246 gehenna,
634 2173 758 2227 licet
795 2173 865 2227 sit
912 2183 1111 2226 acterna
1137 2212 1151 2236 ,
1195 2172 1395 2226 idcirco
1443 2172 1587 2227 enim
1629 2182 1711 2227 est

163 2279 330 2322 adernt)
359 2284 372 2320 :
406 2264 577 2319 multo
620 2263 798 2317 minus
829 2262 929 2315 hoc
975 2262 1133 2316 breve
1167 2272 1395 2331 tempus.
1427 2261 1542 2315 Non
1570 2263 1711 2317 enim

164 2358 378 2420 validam,
421 2356 515 2411 sed
568 2354 893 2409 imbecillam
936 2353 1275 2409 exhibuimus
1319 2355 1707 2423 pmnitcntiam.

162 2450 414 2505 Eunuchos
445 2447 693 2509 maxime
742 2453 952 2514 Oportet
992 2445 1101 2513 regi
1152 2445 1363 2500 adstare
1393 2464 1405 2497 :
1437 2446 1712 2501 eunuchos

159 2541 274 2603 dico,
302 2539 385 2607 qui
408 2546 590 2591 mente
607 2544 734 2590 sunt
756 2533 1001 2597 candida,
1026 2536 1114 2603 qui
1145 2535 1344 2588 nullam
1373 2535 1571 2590 habent
1595 2552 1712 2590 sor-

160 2631 261 2684 dem
299 2643 391 2682 nec
421 2627 718 2689 maculam,
757 2629 849 2694 qui
895 2636 1074 2679 mente
1102 2635 1226 2680 sunt
1256 2628 1497 2691 excelsa,
1543 2628 1708 2682 animi

156 2720 285 2772 ocqu
314 2717 518 2786 placido
546 2726 605 2771 et
654 2724 951 2780 mansueto,
994 2716 1103 2769 aeri
1148 2717 1399 2786 agilique,
1435 2733 1624 2775 severo
1649 2736 1711 2775 ac

158 2810 364 2871 volubili,
390 2824 495 2862 non
528 2817 712 2861 autem
740 2806 1079 2861 somnolento
1106 2816 1158 2860 et
1199 2809 1418 2878 sapino,
1448 2810 1609 2863 multa
1645 2811 1710 2863 li-

153 2909 327 2961 bertate
356 2904 531 2973 pleno,
568 2910 785 2955 remoto
808 2908 988 2955 autem
1016 2900 1085 2954 ab
1114 2902 1258 2954 omni
1283 2902 1608 2970 impudentia
1652 2910 1710 2958 et

151 2995 461 3057 conﬁdentia,
491 2993 760 3062 vigilanti,
797 3006 950 3053 sano,
980 3005 1079 3045 nec
1092 2990 1392 3045 admodum
1427 3004 1618 3048 mtesto
1644 3009 1708 3048 ac

148 3088 282 3151 tristi,
309 3101 405 3140 nec
434 3086 617 3139 minus
646 3083 838 3137 diffuso
866 3092 919 3136 et
958 3082 1132 3135 hilari.
1165 3082 1316 3136 llunc
1341 3084 1550 3137 oculmn
1580 3100 1704 3155 pus-

148 3193 306 3231 sumus
350 3178 506 3230 nobis
535 3174 881 3229 architectari
903 3215 917 3239 ,
962 3174 1186 3242 visuque
1211 3188 1387 3227 acrem
1415 3174 1627 3229 efﬁcere
1657 3186 1711 3230 et

948 356 1013 413 IN
1050 357 1262 415 EPIST.
1310 353 1397 409 AD
1438 347 1797 406 HEBIUEOS.
1841 348 1992 404 CAP.
2035 349 2104 404 Χ.
2146 350 2378 409 HOMIL.
2422 354 2613 412 XVIII.

3292 342 3392 399 134

1822 443 2123 512 pulchrum.
2163 441 2387 508 Quando
2427 443 2571 497 enim
2602 455 2710 497 non
2750 443 2819 498 ad
2844 443 3068 509 fumum,
3120 461 3293 517 neque
3330 452 3397 505 ad

1820 535 2055 590 cinerem
2082 530 2397 587 deduximus
2419 533 2591 599 (tales
2617 534 2813 604 quippe
2840 545 2963 590 sunt
2981 551 3169 597 omnes
3188 554 3273 595 res
3297 540 3397 594 hu-

1822 639 1992 679 mana:
2014 624 2057 693 ),
2080 624 2174 677 sed
2204 622 2269 675 ad
2294 637 2477 676 auram
2511 623 2761 677 subtilem
2791 634 2845 678 ct
2865 641 3043 682 aerem
3068 636 3303 695 tenuem,
3332 631 3399 686 ad

1821 732 1881 772 ea
1919 731 2039 785 qua:
2090 721 2216 771 sunt
2252 714 2461 768 excelsa
2507 722 2562 767 et
2601 714 2847 768 sublimia
2875 756 2891 782 ,
2944 727 2998 771 ct
3027 719 3191 773 multa
3221 723 3399 791 quiete

1820 809 1974 880 plena
2001 815 2056 862 et
2076 808 2305 876 puritate
2325 814 2380 860 et
2397 805 2771 869 delectatione,
2796 807 2967 875 ipsum
2989 813 3167 865 statim
3190 827 3399 868 recrea-

1818 899 1996 954 bimus
2015 908 2069 953 et
2082 898 2518 952 confirmabimus
2540 899 2668 950 tanti
2687 899 2973 968 spectaculi
2990 903 3257 970 voluptate
3274 919 3394 972 per-

1818 988 2015 1043 fusum.
2073 988 2254 1041 Vidisti
2295 986 2432 1041 male
2483 994 2665 1056 partas
2711 996 2771 1041 et
2824 990 3017 1043 multas
3058 992 3302 1049 divitias?
3330 1012 3398 1051 ne

1820 1090 1967 1135 tuum
1994 1080 2207 1134 oculum
2232 1093 2299 1133 eo
2333 1078 2583 1132 sustollas
2607 1095 2621 1130 :
2649 1093 2709 1132 ea
2758 1093 2845 1133 res
2865 1090 2947 1134 est
2972 1096 3183 1137 omnum
3232 1096 3286 1139 et
3316 1089 3399 1141 fu-

1818 1187 1938 1226 mus
1965 1181 2019 1226 et
2049 1171 2220 1225 malus
2249 1184 2433 1238 vapor,
2465 1169 2721 1233 tenebrzc,
2759 1178 2814 1224 et
2861 1172 3023 1225 multa
3055 1177 3318 1243 angustia,
3341 1188 3400 1232 et

1816 1277 2066 1318 curarum
2107 1261 2405 1316 suffocatio.
2440 1259 2627 1314 Vidisti
2657 1262 2926 1314 hominem
2952 1275 3291 1320 exercentem
3309 1269 3399 1336 ju-

1816 1354 2041 1418 stitiam,
2094 1352 2207 1406 suis
2234 1359 2568 1416 contentum,
2595 1359 2650 1404 et
2700 1351 2785 1404 cui
2825 1360 2910 1406 est
2957 1368 3143 1421 magna
3178 1356 3400 1413 latitudo

1818 1442 2170 1507 remissionis,
2198 1443 2287 1511 qui
2319 1441 2386 1495 de
2409 1441 2473 1494 iis
2499 1456 2617 1509 quae
2649 1440 2736 1495 hic
2766 1451 2891 1495 sunt
2914 1444 3110 1497 nullam
3139 1447 3274 1514 gerit
3302 1464 3397 1503 cu-

1817 1548 1930 1587 ram
1977 1547 2077 1587 nec
2125 1542 2207 1587 cst
2250 1532 2553 1586 sollicitus?
2582 1531 2690 1586 illic
2717 1547 2838 1586 eum
2873 1533 2972 1602 ﬁge
2999 1544 3053 1587 et
3078 1537 3296 1603 extolle,
3345 1549 3402 1594 et

1817 1624 2018 1679 efﬁcies
2044 1638 2165 1678 eum
2190 1622 2358 1677 multo
2379 1622 2735 1692 pulchriorem
2759 1633 2813 1677 et
2831 1624 3269 1693 splendidiorem,
3294 1646 3398 1685 non

1819 1724 1974 1768 terra:
2002 1712 2223 1767 floribus
2252 1728 2372 1767 cum
2401 1727 2646 1781 pascens,
2667 1712 2760 1768 sed
2783 1714 2999 1782 virtute,
3024 1722 3396 1787 temperantia,

1817 1804 2186 1859 moderatione
2218 1812 2274 1857 et
2300 1803 2571 1873 :cquitate,
2614 1812 2668 1857 et
2712 1806 2920 1859 exteris
2961 1808 3228 1863 omnibus.
3258 1810 3397 1866 Nihil

1818 1896 1961 1949 enim
2001 1908 2156 1964 atque
2201 1892 2379 1947 turbat
2407 1893 2644 1959 oculum,
2675 1902 2833 1962 atque
2860 1895 2997 1949 mala
3019 1899 3341 1955 Conscientia
3373 1920 3389 1955 :

1817 1984 2071 2038 Turbatus
2097 1993 2189 2050 est,
2214 1983 2404 2053 inquit,
2426 1984 2490 2036 ab
2514 1984 2593 2035 ira
2616 1985 2796 2037 oculus
2826 2002 2964 2040 meus
2993 1986 3011 2058 (
3036 1986 3178 2043 Psal.
3204 1992 3257 2044 6.
3289 1992 3358 2062 8)
3382 2009 3396 2043 :

1818 2074 1950 2129 nihil
1989 2089 2139 2144 aeque
2177 2072 2405 2128 olfundit
2457 2073 2726 2151 tenebras.
2779 2075 2914 2130 Eum
2973 2078 3136 2133 libera
3180 2082 3250 2136 ab
3301 2083 3403 2138 Itac

1819 2168 2134 2233 offensione,
2168 2174 2223 2220 et
2261 2164 2458 2220 reddes
2489 2166 2688 2231 lzetum,
2720 2167 2953 2222 alacrem
2981 2178 3036 2223 ct
3082 2170 3297 2239 fortem,
3349 2188 3402 2230 ct

1819 2261 1906 2327 qui
1958 2259 2093 2312 bona
2144 2272 2239 2326 spe
2288 2271 2503 2325 semper
2530 2258 2809 2311 nntrielur.
2844 2259 3008 2313 Detur
3044 2273 3218 2317 autem
3253 2266 3403 2320 nobis

1820 2350 2087 2414 omnibus,
2116 2358 2174 2401 ut
2197 2357 2250 2402 et
2275 2363 2418 2412 eum,
2443 2358 2498 2403 et
2539 2349 2671 2402 alias
2700 2351 2961 2418 ejusmodi
2996 2355 3186 2409 animzc
3211 2373 3401 2426 opera-

1823 2444 1995 2495 tioncs
2020 2454 2416 2506 comparemus,
2446 2439 2743 2506 cujusmodi
2768 2441 2878 2494 vult
2906 2441 3172 2510 Christus,
3202 2457 3257 2500 ut
3304 2462 3403 2502 no-

1819 2532 1903 2585 bis
1932 2531 2183 2599 imposito
2204 2530 2377 2598 capite
2401 2528 2544 2598 digni
2565 2528 2760 2597 cll‘ecti,
2782 2546 2847 2585 eo
2867 2547 2977 2601 quo.
2994 2536 3104 2588 vult
3123 2539 3402 2594 abeamus.

1824 2624 1959 2676 Dicit
1981 2623 2147 2687 enim,
2185 2620 2312 2674 Volo
2347 2630 2422 2687 ut,
2452 2621 2535 2675 ubi
2565 2638 2663 2691 ego
2690 2638 2822 2688 sum,
2849 2625 2927 2677 illi
2951 2643 3145 2694 quoque
3167 2631 3265 2682 sint
3300 2648 3406 2684 me-

1812 2737 1947 2787 eum,
1976 2729 2029 2773 ut
2052 2736 2215 2772 meum
2242 2718 2457 2789 gloriam
2494 2717 2697 2771 videant
2739 2717 2920 2786 (Joan
2952 2719 3038 2772 Π.
3067 2718 3170 2776 24)
3201 2736 3215 2771 :
3245 2736 3401 2788 quam

1812 2811 1969 2866 detur
1998 2812 2151 2866 nobis
2176 2811 2426 2864 omnibus
2443 2811 2698 2880 consequi
2720 2811 2772 2863 in
2796 2810 3151 2865 Christhcsu
3179 2813 3403 2866 Domino

1816 2914 2018 2968 nostra,
2048 2917 2171 2956 cum
2194 2916 2298 2970 quo
2328 2911 2413 2956 est
2440 2901 2581 2954 Patri
2624 2910 2676 2953 et
2713 2900 2931 2969 Spiritui
2974 2912 3158 2953 sancto
3198 2902 3361 2971 gloria
3383 2944 3396 2963 ,

1823 3009 2103 3077 imperium
2125 3048 2138 3068 ,
2180 3005 2381 3068 honor,
2415 3016 2556 3055 nunc
2577 3009 2630 3053 ct
2655 3012 2887 3066 semper,
2919 3006 2971 3051 et
2998 2998 3049 3049 in
3081 3005 3274 3050 saecula
3301 3011 3403 3049 sac-

1822 3106 2081 3158 cnlortnn.
2114 3099 2304 3152 Amen.

1520 3337 1863 3398 HOMILIA
1907 3333 2135 3394 XVIII.

144 3473 253 3529 Ctr.
283 3474 366 3529 l0.
400 3490 452 3527 v.
488 3474 546 3527 8.
585 3470 841 3540 Superius
875 3468 1047 3521 dicens
1075 3482 1094 3519 :
1126 3465 1336 3519 Hostias
1367 3474 1411 3517 et
1443 3462 1723 3515 oblationes

205 3578 247 3619 et
290 3567 600 3620 holocausta
636 3578 732 3628 pro
772 3568 976 3631 peccato
1006 3559 1234 3622 noluisti,
1278 3572 1365 3609 nec
1392 3556 1577 3625 placita
1602 3560 1719 3605 sunt
1756 3560 1760 3565 '

199 3659 281 3710 tibi
305 3671 420 3725 qua:
458 3653 754 3708 secundant
786 3652 943 3722 legem
974 3648 1258 3715 o/feruntur
1287 3664 1303 3700 :
1332 3646 1385 3700 9.
1418 3655 1534 3698 tunc
1565 3644 1671 3697 dixi
1700 3660 1717 3694 :

203 3746 325 3799 Ecce
349 3747 495 3799 venia
520 3755 577 3797 ut
610 3743 824 3813 faciam,
850 3741 1006 3800 Deus,
1029 3740 1335 3793 voluntatem
1361 3746 1518 3789 tuam.
1547 3738 1720 3804 Aufert

200 3839 431 3903 primunt,
476 3846 535 3888 ut
584 3850 802 3891 sequens
845 3840 1055 3884 statuat.
1099 3829 1188 3883 10.
1233 3827 1298 3881 In
1337 3843 1439 3890 qua
1468 3825 1724 3878 voluntate

199 3930 498 3996 sanctiﬁcati
575 3942 755 3981 sumus
825 3941 913 3994 per
971 3923 1272 3976 oblationem
1318 3920 1543 3989 corporis
1595 3917 1725 3969 Jesu

193 4022 373 4076 Christi
402 4022 589 4075 semel.
635 4019 727 4072 Il.
759 4017 826 4070 Et
856 4017 1018 4070 omnis
1045 4016 1244 4085 quidem
1271 4012 1505 4067 sacerdos
1535 4020 1720 4081 praesto

192 4123 258 4167 est
299 4114 531 4184 quotidie
558 4111 882 4171 ministram,
913 4118 960 4161 et
987 4107 1183 4160 easdem
1212 4120 1347 4172 stupe
1384 4102 1599 4169 o/ferens
1630 4103 1723 4152 lto-

190 4205 325 4267 stins,
349 4221 469 4275 qua:
493 4219 605 4258 non
628 4209 842 4271 possunt
864 4198 1067 4267 auferre
1094 4206 1325 4266 peccata:
1344 4195 1427 4248 1‘2.
1454 4195 1533 4246 hic
1553 4203 1721 4245 autem

188 4314 336 4349 unam
364 4314 461 4365 pro
491 4296 724 4366 peccatis
753 4292 972 4359 offerens
998 4291 1214 4345 hostium
1233 4329 1249 4354 ,
1278 4291 1331 4341 in
1361 4287 1720 4357 sempiternum

187 4388 319 4440 sedet
371 4388 428 4441 in
481 4388 706 4440 dextera
757 4383 889 4446 Dei,
941 4383 1030 4437 I5.
1062 4381 1125 4433 de
1162 4390 1341 4433 ccetero
1390 4388 1717 4446 exspectans,

187 4479 338 4530 donec
370 4488 653 4548 ponantur
679 4474 874 4528 inimici
913 4474 1025 4541 ejus
1053 4470 1329 4524 scabellum
1366 4469 1551 4538 pedum
1580 4472 1713 4538 ejus.

187 4571 234 4623 l.
275 4570 331 4624 In
362 4571 430 4624 iis
453 4584 590 4639 quae
622 4564 937 4636 praecedunt
973 4562 1208 4618 ostendit
1240 4561 1444 4615 inutilia
1482 4576 1601 4616 esse
1628 4576 1684 4613 sa
1704 4589 1718 4600 ρ

125 4662 303 4715 rrilicia
328 4661 397 4714 ad
431 4660 740 4728 perlectam
771 4656 1080 4725 puritatem,
1105 4662 1160 4708 et
1186 4666 1306 4708 esse
1331 4660 1485 4722 typos
1507 4665 1567 4704 ac
1590 4653 1720 4720 lign-

125 4766 217 4812 ras,
247 4761 299 4805 et
329 4751 573 4805 mttltnm
607 4748 861 4800 deﬁcere.
890 4745 1152 4812 Quoniam
1181 4759 1310 4811 ergo
1337 4742 1438 4795 hoc
1464 4742 1510 4796 ei
1534 4756 1722 4795 occur-

122 4843 258 4893 rebat
280 4861 293 4894 :
319 4841 377 4895 Si
401 4848 540 4893 sunt
570 4838 686 4909 typi
715 4851 779 4889 ac
804 4838 1006 4904 lignrzr,
1030 4832 1297 4907 quomodo
1317 4847 1421 4885 non
1443 4842 1721 4885 cessarunt

124 4946 232 4982 cum
262 4930 567 4984 advenerit
615 4927 835 4989 veritas,
872 4939 970 4979 nec
1000 4931 1298 4986 cesserunt,
1330 4921 1423 4975 sed
1458 4937 1720 4990 peragun-

122 5023 231 5076 tur?
285 5024 339 5077 in
395 5023 514 5077 hoc
567 5034 709 5089 ergo
761 5032 902 5072 nunc
958 5016 1041 5070 hic
1076 5015 1185 5085 agit
1232 5015 1526 5070 ostendens
1578 5016 1716 5084 quod

124 5129 219 5167 non
248 5116 487 5185 amplius
519 5121 881 5184 peraguntur,
926 5124 1027 5163 nec
1072 5117 1132 5161 ut
1167 5107 1330 5177 ﬁgura
1361 5108 1575 5177 quidem
1610 5126 1623 5161 :
1656 5124 1715 5162 ea

118 5208 247 5258 enim
281 5206 434 5260 Deus
476 5219 599 5257 non
643 5200 895 5255 admittit.
934 5199 1095 5269 quue
1121 5213 1310 5252 rursus
1340 5214 1448 5252 non
1477 5214 1541 5253 ex
1569 5199 1720 5253 Novo

120 5295 341 5348 ostendit
368 5295 471 5348 sed
506 5309 583 5347 ex
619 5290 917 5361 prnphetis,
949 5289 1314 5343 firmissimum
1345 5289 1413 5343 al)
1441 5289 1547 5344 alto
1580 5291 1718 5360 peti-

118 5395 216 5437 tum
260 5386 557 5439 adducens
608 5382 1009 5446 testimonium,
1048 5380 1191 5450 quod
1234 5391 1449 5435 cessent
1484 5390 1539 5436 et
1573 5382 1717 5436 desi.

125 5490 260 5541 nant,
289 5490 347 5533 et
374 5490 602 5533 temere
633 5479 808 5529 omnia
838 5486 1020 5544 agant,
1049 5491 1261 5544 semper
1290 5486 1475 5531 sancto
1502 5477 1719 5547 Spiritui

123 5570 460 5625 resistentes.
498 5565 861 5634 Ostenditque
895 5580 959 5620 ex
999 5565 1287 5619 abundanti
1324 5581 1385 5621 ea
1424 5583 1530 5622 non
1579 5585 1721 5624 nunc

122 5673 379 5726 cessasse,
405 5658 510 5714 sed
538 5658 724 5712 statim
753 5657 805 5709 in
828 5656 951 5725 ipso
970 5656 1168 5711 Christi
1192 5657 1442 5719 adventu,
1469 5660 1575 5714 imo
1596 5671 1721 5715 ante

121 5750 234 5819 ejus
276 5749 630 5811 adventum;
715 5758 769 5802 et
805 5746 945 5817 quod
986 5762 1047 5800 ea
1097 5762 1201 5803 non
1248 5748 1464 5805 solverit
1506 5750 1718 5805 dcmmn

435 5857 726 5917 Ps'rnoc.
776 5859 891 5917 Gn.
942 5857 1164 5917 LXIII.

1837 3453 2106 3522 Christus,
2138 3462 2233 3514 sed
2265 3462 2413 3529 prius
2444 3462 2640 3517 fuerint
2664 3465 2859 3533 soluta,
2889 3477 2943 3524 et
2972 3478 3097 3525 tunc
3130 3472 3241 3541 ipse
3261 3475 3402 3529 advc

1836 3549 1996 3603 nerit.
2038 3548 2170 3604 Nam
2210 3565 2279 3605 ne
2310 3550 2513 3618 dicant,
2558 3554 2732 3610 Etiam
2774 3558 2977 3628 absque
3017 3560 3118 3616 hoc
3157 3567 3412 3621 sacriﬁcio

1837 3640 2107 3708 potuimus
2136 3641 2348 3710 placere
2372 3643 2503 3710 Deo,
2533 3651 2864 3716 exspectavit
2894 3661 2951 3706 ut
2978 3654 3140 3708 etiam
3174 3674 3267 3726 per
3297 3659 3412 3714 illos
3497 3689 3507 3698 -

1835 3731 1950 3801 ipsa
1994 3732 2469 3804 redarguercntur,
2499 3747 2553 3792 et
2589 3748 2715 3794 tunc
2755 3742 2869 3811 ipse
2910 3746 3127 3801 advenit
3157 3767 3168 3801 :
3200 3750 3401 3821 Sacriﬁ.

1830 3823 1963 3875 cium
2007 3825 2173 3889 enim,
2232 3826 2436 3897 inquit,
2493 3840 2543 3882 et
2586 3831 2890 3887 oblationem
2944 3839 3172 3894 noluisti.
3224 3842 3410 3899 Omnia

1830 3926 1925 3979 per
1969 3912 2083 3970 hmo
2131 3918 2344 3971 sustulit
2376 3936 2388 3971 :
2419 3928 2475 3972 ut
2515 3921 2604 3989 qui
2648 3922 2701 3975 in
2746 3939 2944 3993 genere
2990 3928 3188 3984 dixerit
3243 3945 3299 3987 et
3352 3936 3405 3989 in

1828 4005 2006 4071 specie
2039 4023 2052 4058 :
2087 4006 2401 4063 Ilolocausta
2436 4028 2528 4079 pro
2556 4026 2759 4081 peccato
2804 4034 2904 4071 non
2953 4020 3041 4073 tibi
3089 4024 3407 4091 placuerunt.

1826 4093 2033 4150 Oblatio
2060 4108 2237 4153 autem
2282 4110 2397 4155 erat
2425 4103 2679 4174 quidquid
2723 4118 2869 4161 extra
2916 4112 3239 4170 sacriﬁcium
3271 4119 3405 4173 olle-

1825 4185 2061 4240 rebatur.
2097 4188 2237 4242 Tunc
2267 4192 2416 4254 dixit,
2453 4193 2583 4247 Ecce
2607 4198 2768 4250 venio.
2804 4198 2881 4254 De
2906 4218 3137 4269 quonam
3189 4206 3290 4260 hoc
3330 4209 3410 4261 di-

1824 4285 1967 4331 ctum
1991 4280 2110 4333 est?
2144 4281 2217 4336 De
2248 4284 2393 4337 nullo
2411 4286 2516 4339 alio
2546 4302 2701 4354 quam
2731 4290 2797 4343 de
2822 4291 3055 4347 Christo.
3086 4296 3181 4349 llic
3210 4301 3404 4353 nullam

1823 4368 2036 4429 confert
2078 4372 2288 4440 culpam
2331 4376 2383 4428 in
2429 4391 2523 4430 eos
2558 4379 2645 4446 qui
2676 4362 2995 4449 offerebant,
3030 4388 3322 4441 ostendens
3351 4408 3408 4445 se

1822 4476 1926 4513 non
1952 4473 2169 4531 propter
2194 4481 2381 4521 eorum
2406 4469 2529 4522 vitia
2554 4487 2659 4526 non
2687 4472 2883 4530 habere
2906 4492 2967 4529 ea
2995 4490 3239 4547 accepta,
3269 4484 3406 4536 sicut

1821 4552 1952 4607 dicit
1970 4554 2118 4621 alibi,
2150 4557 2239 4611 sed
2261 4560 2401 4627 quod
2421 4560 2487 4614 de
2508 4572 2705 4617 etetero
2726 4567 2795 4618 sit
2819 4568 3117 4634 probatum,
3148 4581 3201 4624 ct
3216 4573 3405 4640 depro-

1823 4642 2043 4725 hcnsum
2068 4662 2184 4701 eam
2213 4664 2324 4703 rem
2352 4651 2480 4704 nihil
2510 4653 2709 4708 habere
2737 4657 2926 4710 virium
2952 4698 2966 4720 ,
2997 4674 3169 4728 neque
3192 4674 3403 4732 tetnpns

1817 4738 2163 4793 conveniens.
2200 4742 2335 4808 Quid
2386 4744 2486 4797 hoc
2525 4755 2701 4800 autem
2750 4748 2815 4802 ad
2855 4748 3017 4817 illud,
3060 4753 3202 4821 quod
3256 4772 3400 4824 stt-pe

1817 4827 2140 4883 offerrentur
2184 4835 2480 4889 sacrificia?
2527 4838 2641 4891 Non
2685 4856 2748 4893 ex
2784 4856 2849 4893 co
2885 4844 3056 4897 solum
3085 4848 3224 4914 quod
3260 4866 3401 4918 szt'pc

1816 4920 2135 4975 offerrentur
2156 4965 2170 4987 ,
2201 4923 2333 4979 dicit
2369 4942 2489 4982 esse
2520 4931 2859 4999 perspicuum
2910 4936 3053 5004 quod
3086 4952 3264 4993 essent
3297 4942 3399 4994 im-

1824 5017 2011 5074 becilla
2041 5031 2097 5076 et
2128 5021 2257 5078 nihil
2291 5024 2631 5092 prodessent,
2670 5029 2762 5083 sed
2798 5031 2958 5086 etiam
2989 5034 3129 5103 quod
3166 5034 3306 5090 Deus
3335 5050 3399 5089 ea

1827 5123 1932 5162 non
1980 5108 2309 5177 admitteret,
2358 5123 2628 5185 tamquam
2680 5119 2884 5175 inutilia
2938 5132 2993 5177 et
3041 5123 3391 5179 infructuosa.

1824 5199 2056 5267 Idipsum
2102 5202 2232 5257 dicit
2265 5206 2425 5259 etiam
2470 5208 2597 5262 alibi
2628 5226 2642 5263 :
2673 5210 2733 5263 Si
2768 5213 3006 5267 voluisses
3049 5217 3356 5281 sacriﬁcium
3378 5258 3393 5274 ,

1823 5289 2069 5345 dedissem
2097 5292 2267 5364 (Psal.
2292 5297 2378 5351 50.
2411 5298 2523 5368 18).
2548 5300 2649 5353 Per
2676 5301 2778 5356 hoc
2803 5318 2929 5372 ergo
2949 5304 3106 5358 etiam
3139 5306 3398 5375 signiﬁcat

1824 5395 1881 5435 se
1922 5382 2087 5437 nolle.
2130 5384 2244 5438 Non
2291 5398 2416 5441 sunt
2467 5404 2596 5459 ergo
2651 5392 2910 5448 sacriﬁcia
2970 5398 3217 5451 voluntas
3274 5398 3397 5459 Dei,

1824 5473 1917 5526 sed
1962 5474 2345 5531 sacriﬁciorum
2391 5479 2607 5536 abolitio
2649 5499 2663 5535 :
2706 5485 2863 5553 igitur
2911 5497 3105 5555 praeter
3156 5489 3400 5541 volunta-

1827 5573 1931 5617 tem
1985 5567 2305 5622 sacriﬁcant.
2376 5570 2512 5638 Quid
2563 5583 2681 5640 cst,
2742 5575 2809 5629 Ut
2855 5577 3042 5646 faciant
3094 5580 3400 5632 voluntatem

1827 5658 2002 5711 tuam?
2044 5657 2113 5713 Ut
2148 5662 2431 5731 meipsum,
2488 5664 2695 5735 inquit,
2744 5669 2945 5723 tradam
2972 5687 2984 5721 :
3011 5670 3124 5725 lucc
3177 5680 3263 5725 est
3308 5672 3398 5723 Dei

1827 5746 2089 5804 voluntas.
2119 5751 2181 5805 In
2210 5768 2307 5808 aua
2336 5755 2594 5812 voluntate
2621 5760 2923 5827 sancti/irati
2947 5777 3141 5813 sumus.
3177 5762 3273 5814 Pcr
3301 5762 3398 5814 hoc

3041 5866 3077 5923 9
