4002 6426
230 384 313 436 157
953 388 1019 443 ῐΝ
1061 392 1269 449 ΕΡΙΞΤ.
1313 397 1402 449 AD
1443 398 1800 454 “Elim/EOS.

219 501 315 553 Non
339 498 440 548 licet
465 492 546 545 tibi
571 493 750 546 habere
777 510 981 548 uxorem
1006 496 1236 570 Philippi
1263 503 1433 570 fratris
1458 507 1526 555 tui
1549 503 1737 576 (Marc.

211 600 254 645 ϋ.
281 592 355 655 18)
386 606 396 638 :
427 587 560 639 Elias
585 593 757 637 autem
794 584 957 641 libere
985 598 1036 641 et
1063 591 1389 646 conﬁdenter
1410 592 1545 646 dixit
1568 596 1743 652 Acba-

213 687 267 735 Im
284 722 297 747 ,
322 681 428 733 Non
455 695 538 749 ego
564 690 785 747 perverto
814 679 999 746 Israel,
1023 684 1108 734 sed
1134 696 1187 735 tu
1216 694 1262 736 et
1288 686 1465 740 domus
1489 690 1647 758 patris
1669 690 1744 745 tui

209 776 271 843 ('5.
297 770 407 841 Reg.
436 770 515 822 18.
546 769 653 840 18).
682 769 839 825 Vides
860 773 999 841 quod
1026 772 1125 826 hoc
1146 774 1311 843 magis
1336 775 1497 830 efficit
1524 779 1736 847 loquen-

207 866 251 919 di
286 864 597 925 libertatem,
630 876 820 929 nempe
848 864 1168 931 paupertas?
1201 864 1330 918 Nam
1355 865 1501 922 dives
1528 868 1741 937 quidem

205 967 276 1011 est
306 967 477 1009 servus
499 992 513 1017 ,
548 960 603 1004 ut
644 953 730 1022 qui
769 952 961 1006 damno
1002 956 1068 1008 sit
1106 957 1375 1011 obnoxius
1397 998 1413 1022 ,
1446 967 1500 1013 ct
1527 960 1744 1015 cuilibet

206 1046 379 1101 videnti
418 1044 643 1113 prtebeat
672 1054 729 1097 ut
768 1045 865 1114 ipsi
897 1047 1032 1101 male
1063 1048 1216 1101 faciat
1245 1066 1258 1101 :
1286 1051 1371 1118 qui
1403 1060 1577 1108 autem
1613 1051 1742 1106 nihil

206 1141 376 1201 habet,
422 1152 522 1189 non
573 1137 723 1190 timet
766 1138 1026 1192 bonorum
1072 1140 1521 1208 publicationem,
1571 1159 1742 1213 neque

203 1228 685 1284 condemnationem.
718 1228 773 1283 Si
805 1230 980 1299 itaque
1004 1241 1281 1302 paupertas
1309 1234 1543 1291 efﬁceret
1572 1236 1745 1290 homi-

199 1337 283 1376 nes
308 1331 358 1374 ut
380 1331 621 1375 carerent
645 1322 893 1390 loquendi
922 1327 1183 1392 libertate,
1214 1344 1316 1381 non
1342 1329 1572 1384 misisset
1594 1329 1752 1386 Chri-

198 1423 294 1465 stus
312 1410 589 1479 discipulos
608 1426 729 1465 cum
758 1425 1063 1485 paupertate
1086 1418 1151 1470 ad
1178 1432 1290 1472 rem
1311 1434 1428 1488 qua:
1447 1421 1606 1474 multa
1626 1436 1752 1491 cge-

198 1510 268 1555 ret
289 1500 519 1555 libertate
546 1501 791 1570 loquendi
814 1515 867 1557 et
887 1504 1096 1559 fiducia.
1115 1506 1321 1577 Pauper
1336 1509 1477 1562 enim
1499 1520 1579 1563 est
1596 1511 1748 1566 valde

198 1592 346 1651 furtis,
366 1600 416 1644 et
446 1604 551 1643 non
598 1591 758 1647 habet
788 1594 925 1649 unde
963 1595 1215 1651 afﬁciatur
1247 1595 1469 1667 injuria,
1494 1608 1585 1654 aut
1622 1601 1745 1655 mali

195 1679 365 1749 aliquid
394 1680 638 1747 patiatur.
671 1681 828 1736 Dives
852 1692 1026 1738 autem
1052 1695 1134 1739 est
1156 1688 1299 1740 enini
1323 1703 1385 1740 ex
1415 1698 1564 1756 parte
1588 1700 1745 1759 captu

193 1770 375 1835 facilis;
405 1785 457 1824 et
487 1770 712 1839 perinde
741 1785 841 1838 est,
875 1785 931 1829 ut
958 1778 1000 1829 si
1032 1777 1149 1845 quis
1174 1792 1317 1842 eum,
1350 1779 1438 1848 qui
1472 1781 1666 1834 multos
1693 1791 1747 1835 et

193 1861 353 1930 longos
376 1861 533 1913 trahit
554 1860 724 1926 funes,
746 1862 898 1918 facile
926 1867 1149 1934 ceperit,
1165 1867 1362 1922 nudum
1392 1880 1566 1924 autem
1591 1870 1746 1927 facile

192 1967 279 2003 non
296 1952 457 2020 possit
480 1951 883 2019 apprehendere
911 1970 973 2010 ac
996 1956 1255 2012 detinere.
1278 1958 1352 2012 lta
1384 1961 1541 2013 etiam
1571 1962 1748 2016 evenit

191 2040 235 2092 in
256 2041 405 2093 divite
431 2059 443 2094 :
471 2042 756 2110 mancipia,
777 2059 985 2109 aurum,
1008 2046 1223 2113 prmdia,
1257 2051 1462 2118 negotia
1496 2051 1742 2106 innume-

188 2132 371 2187 rabilia.
408 2132 823 2188 innumerabiles
853 2137 1259 2203 sollicitudines,
1288 2156 1561 2207 terumna‘,
1589 2158 1745 2198 casus

188 2232 231 2273 ct
275 2222 653 2287 necessitates,
705 2224 943 2280 efficiunt
993 2238 1049 2281 ut
1097 2228 1250 2283 facile
1297 2233 1413 2300 capi
1465 2235 1631 2301 possit
1677 2236 1745 2288 ab

186 2316 428 2368 onmibus.

243 2408 288 2467 5.
326 2407 483 2463 Nemo
509 2424 641 2479 ergo
662 2409 771 2479 jam
797 2412 1065 2467 existimet
1088 2425 1453 2484 paupertatem
1477 2434 1595 2476 esse
1618 2437 1744 2476 cau-

184 2513 278 2549 sam
304 2497 523 2552 infamirc
546 2508 603 2554 et
625 2501 923 2557 dedecoris.
945 2502 1075 2556 Nam
1104 2506 1147 2558 si
1177 2506 1317 2561 adsit
1338 2509 1528 2575 virtus,
1557 2528 1741 2568 omnes

183 2590 307 2644 orbis
331 2601 586 2645 terrarum
618 2592 817 2647 divitia:
839 2610 904 2647 ne
926 2604 1049 2648 sunt
1077 2597 1287 2665 quidem
1320 2599 1506 2668 lutum,
1540 2618 1638 2657 nec
1662 2604 1742 2659 fe-

183 2680 386 2743 5tuca,si
408 2696 525 2734 eum
556 2698 620 2734 ea
650 2682 1008 2739 conferantur.
1033 2685 1161 2739 Eam
1193 2688 1349 2755 igitur
1380 2700 1663 2760 sectemur,
1694 2696 1739 2749 si

184 2771 379 2824 velimus
406 2772 611 2842 ingredi
638 2790 859 2844 regnum
888 2776 1158 2832 ctelorum.
1182 2778 1347 2833 Vende
1370 2783 1529 2847 enim,
1548 2785 1735 2855 inquit,

180 2861 325 2913 omnia
339 2880 447 2930 qtae
471 2864 650 2929 habes,
668 2876 716 2919 et
738 2867 803 2917 da
824 2868 1148 2937 pauperibus,
1169 2880 1214 2922 et
1230 2871 1431 2927 habebis
1449 2868 1739 2932 thesaurum

181 2953 221 3000 in
242 2952 384 3017 arto;
401 2964 453 3007 et
480 2970 701 3009 rursus:
719 2955 936 3025 Difﬁcile
956 2968 1026 3010 est
1044 2958 1245 3012 divitem
1262 2961 1449 3017 intrare
1463 2965 1513 3018 in
1531 2983 1740 3037 regnum

181 3043 387 3095 actorum
411 3043 629 3113 (.ilatllt.
663 3045 746 3100 19.
775 3049 863 3101 21.
892 3046 1002 3118 25).
1040 3049 1195 3105 Vides
1222 3053 1364 3121 quod
1391 3055 1597 3111 etiamsi
1632 3074 1737 3114 non

178 3129 329 3198 adsit,
366 3149 481 3189 eam
530 3146 750 3206 oportet
792 3137 1096 3194 attrahere?
1140 3140 1367 3197 Tantum
1412 3144 1610 3202 bonum
1659 3158 1741 3205 est

177 3236 429 3320 paupertas
467 3246 480 3284 :
510 3240 598 3285 est
637 3233 777 3287 enim
807 3238 1047 3304 qumdam
1078 3241 1325 3296 deductio
1352 3246 1418 3298 ad
1446 3246 1585 3302 viam
1614 3263 1734 3320 quas

173 3317 294 3370 ducit
320 3319 381 3371 ad
413 3321 605 3375 cadum
630 3364 645 3389 ,
673 3326 854 3379 unctio
880 3327 1129 3384 athletica
1150 3370 1165 3396 ,
1192 3347 1383 3403 magna
1411 3317 1653 3405 quaedam
1682 3348 1736 3394 et

173 3406 469 3464 admirabilis
500 3414 839 3481 exercitatio,
870 3428 1055 3486 portus
1087 3422 1423 3490 tranquillus.
1452 3424 1558 3480 Sed
1592 3428 1733 3482 mul-

173 3500 245 3563 tis,
280 3499 460 3571 inquit,
503 3518 646 3573 opus
689 3506 881 3573 habeo,
915 3524 1015 3564 nec
1053 3512 1176 3566 volo
1206 3512 1403 3569 donum
1442 3518 1731 3586 gratuitum

172 3586 227 3639 ab
260 3589 424 3659 aliquo
453 3594 728 3663 accipere.
759 3596 862 3652 Sed
906 3598 956 3651 in
994 3598 1096 3655 hoc
1125 3618 1336 3673 quoque
1363 3605 1531 3676 1onge
1556 3608 1733 3665 minus

171 3694 304 3744 quam
347 3690 399 3735 tu
443 3683 611 3740 habet
652 3685 820 3747 dives.
852 3688 983 3743 Nam
1030 3700 1082 3745 tu
1128 3694 1341 3763 quidem
1379 3695 1643 3764 fortasse,
1675 3710 1731 3756 ut

170 3768 304 3823 alaris
323 3813 338 3836 ,
366 3772 457 3827 tibi
486 3775 691 3845 aliquid
724 3776 909 3833 donari
937 3781 1071 3849 petis
1096 3800 1108 3835 :
1138 3783 1226 3839 ille
1251 3796 1428 3841 autem
1458 3789 1733 3859 impuden-

170 3867 236 3951 ter
259 3863 378 3929 petit
404 3879 501 3933 pro
534 3866 699 3922 rebus
730 3868 1232 3941 innumerabilibus,
1262 3885 1317 3930 et
1344 3884 1400 3930 ut
1424 3879 1545 3948 plus
1571 3896 1728 3951 quam

168 3949 244 4042 alii
266 3955 542 4020 possideat.
579 3957 939 4024 Quamobrem
967 3961 1155 4020 divites
1178 3981 1319 4036 saepe
1340 3970 1519 4024 multis
1549 3949 1729 4042 egent.

167 4040 279 4105 Quid
303 4043 418 4098 dico
444 4046 672 4102 multis?
698 4063 840 4118 saepe
866 4051 929 4104 iis
951 4067 1068 4121 qua:
1093 4053 1221 4123 ipsis
1247 4067 1368 4113 sunt
1395 4040 1608 4132 indigna
1635 4081 1647 4117 :
1674 4074 1731 4118 ut

168 4134 368 4201 exempli
407 4150 569 4191 causa
596 4179 612 4203 ,
647 4152 789 4208 szepe
828 4140 1062 4211 indigent
1100 4145 1355 4203 militibus
1390 4151 1481 4219 qui
1518 4162 1641 4206 sunt
1677 4153 1729 4208 itt

166 4220 379 4279 ordinem
426 4228 584 4282 relati
610 4270 627 4294 ,
659 4239 714 4283 ct
748 4230 840 4301 qui
878 4241 1002 4287 sunt
1034 4236 1195 4290 servi.
1226 4236 1431 4308 Pauper
1456 4251 1632 4299 autem
1663 4260 1731 4299 ne

168 4312 264 4378 ipso
283 4316 488 4385 quidem
514 4328 641 4390 eget
663 4336 814 4391 rege;
857 4332 912 4377 et
935 4323 981 4377 si
1005 4334 1188 4393 egeat,
1214 4328 1542 4395 admirabilis
1567 4332 1731 4388 babe-

167 4412 237 4455 tur
260 4407 391 4473 quod
413 4422 472 4462 se
499 4422 568 4464 eo
595 4410 889 4481 redegerit,
914 4428 1033 4467 cum
1061 4415 1109 4470 ei
1137 4417 1293 4472 liceat
1315 4421 1596 4479 ditescere.
1625 4423 1726 4480 Ne.

168 4509 240 4547 mo
263 4512 384 4567 ergo
408 4509 630 4556 accuset
659 4513 1022 4573 paupertatem
1052 4515 1111 4560 ut
1134 4524 1252 4578 quae
1273 4525 1431 4567 causa
1460 4514 1533 4567 sit
1558 4515 1729 4569 malo-

168 4601 263 4641 rum
290 4590 755 4648 innumerabilium
777 4636 793 4661 ,
824 4612 997 4666 neque
1022 4601 1350 4657 contradicat
1376 4604 1610 4675 Christo,
1639 4609 1726 4679 qui

166 4690 263 4728 eam
302 4679 426 4735 dicit
459 4684 678 4738 virtutis
717 4700 837 4740 esse
880 4687 1296 4758 perfectionem,
1322 4694 1541 4752 dicens:
1574 4698 1634 4752 Si
1656 4700 1727 4755 vis

166 4769 386 4836 perfectus
428 4789 559 4827 esse.
617 4774 729 4830 lloc
770 4778 910 4830 enim
955 4789 1008 4831 et
1044 4781 1222 4836 verbis
1260 4782 1430 4852 dixit,
1478 4798 1531 4842 et
1575 4788 1727 4848 factis

167 4862 373 4916 ostendit
394 4906 408 4927 ,
440 4874 493 4919 et
523 4866 709 4921 docuit
736 4883 831 4938 per
858 4869 1168 4942 discipulos.
1199 4875 1572 4947 Paupertatem
1598 4898 1727 4954 ergo

168 4961 514 5009 consectemur
541 4974 554 5011 :
586 4972 648 5011 ea
676 4958 817 5012 enim
847 4970 928 5014 cst
957 4978 1202 5033 magnum
1233 4967 1427 5022 bonum
1454 4972 1647 5027 sobriis
1671 4982 1727 5030 et

168 5040 222 5094 iis
256 5046 335 5111 qui
378 5050 615 5117 sapiunt.
640 5050 907 5108 .Fortasse
951 5055 1109 5126 aliqui
1141 5073 1208 5112 ex
1245 5060 1310 5115 iis
1345 5063 1435 5132 qui
1463 5064 1722 5138 audiunt,

172 5149 472 5209 omittantur.
533 5154 712 5210 Facile
759 5156 922 5211 credo
950 5177 962 5212 :
992 5174 1215 5227 magnus
1254 5172 1337 5217 est
1384 5164 1471 5220 hic
1516 5168 1733 5225 morbus

171 5239 292 5305 apud
331 5243 594 5313 plurimos
623 5246 864 5305 homines
886 5290 900 5317 ,
927 5258 983 5307 ct
1021 5259 1161 5307 tanta
1190 5262 1274 5309 cst
1302 5257 1539 5325 tyrannis
1568 5274 1729 5329 pecu-

1842 399 1995 455 CAP.
2037 399 2104 454 Χ.
2148 402 2377 459 llOMlL.
2422 405 2606 465 XVIII.
3027 399 3031 401 ’
3328 401 3426 460 158

1857 497 1960 552 tria:
1983 540 1997 563 ,
2030 508 2087 552 ut
2124 515 2222 554 nec
2260 501 2433 555 verbis
2472 510 2624 555 tenus
2651 504 2765 570 ejus
2799 505 2970 557 ferant
3004 507 3392 560 recusationem
3418 549 3433 574 ,

1855 587 1950 642 sed
1980 588 2115 642 hanc
2136 590 2296 642 etiam
2324 589 2597 643 horreant.
2625 591 2813 645 Procul
2838 590 2951 646 haec
2969 591 3074 646 sint
3093 608 3122 646 a
3146 591 3436 649 Christiani

1855 678 2031 733 anima
2062 696 2075 733 :
2104 677 2235 734 nihil
2267 680 2407 733 enim
2436 690 2518 733 est
2546 680 2708 735 ditius
2738 697 2802 735 co
2827 682 2916 751 qui
2950 692 3313 753 paupertatem
3339 700 3435 740 sua

1852 778 2042 838 sponte
2056 769 2205 840 eligit
2220 778 2273 824 et
2288 784 2408 824 cum
2432 785 2618 840 magna
2640 770 2802 825 animi
2824 773 3113 828 alacritate.
3134 775 3430 841 Quomodo,

1852 858 2024 914 dicam
2053 877 2067 913 :
2099 869 2153 915 et
2176 901 2191 927 ,
2219 860 2266 915 si
2289 862 2445 917 vultis
2465 902 2480 927 ,
2509 876 2631 914 eum
2662 864 2750 932 qui
2793 878 2885 918 sua
2924 875 3113 934 sponte
3148 878 3435 936 pauperta-

1851 961 1956 1006 tem
1985 952 2166 1023 eligit,
2196 953 2311 1023 ipso
2336 968 2464 1024 rege
2489 952 2736 1009 ditiorem
2764 969 2884 1009 esse
2909 958 3157 1011 ostendo.
3185 958 3316 1013 Nam
3346 960 3435 1015 ille

1851 1044 2064 1111 quidem
2096 1054 2217 1114 eget
2251 1044 2432 1100 multis
2453 1086 2468 1110 ,
2501 1054 2555 1100 et
2579 1054 2660 1100 est
2696 1046 2958 1101 sollicitus
2981 1086 2997 1111 ,
3023 1062 3088 1103 ac
3117 1048 3266 1104 timet
3292 1065 3360 1105 ne
3384 1052 3434 1106 ei

1849 1134 2061 1189 deﬁciat
2088 1136 2334 1191 militaris
2359 1146 2689 1194 commeatus
2713 1154 2726 1191 :
2751 1137 2840 1192 hic
2862 1148 3041 1194 autem
3068 1141 3247 1195 omnia
3274 1142 3436 1199 habet

1849 1227 2068 1291 aﬁ‘atim,
2094 1238 2147 1283 et
2174 1229 2242 1285 de
2269 1230 2416 1285 nullo
2443 1232 2612 1297 timet,
2634 1230 2827 1287 nedum
2849 1231 2918 1287 de
2946 1241 3051 1286 tam
3079 1234 3278 1289 multis.
3304 1234 3434 1302 Quis

1847 1334 1998 1389 ergo,
2024 1320 2113 1374 die
2139 1335 2340 1390 qureso,
2370 1330 2452 1377 est
2477 1321 2624 1377 dives
2643 1362 2658 1387 ,
2688 1323 2800 1378 isne
2826 1322 2918 1393 qui
2947 1323 3182 1393 quotidie
3206 1334 3290 1379 est
3318 1326 3431 1380 sol-
3462 1320 3499 1367 κο

1848 1411 2047 1478 licitus,
2082 1420 2137 1467 et
2161 1412 2358 1482 cogitat
2385 1421 2438 1468 et
2471 1414 2700 1467 studium
2732 1415 2882 1484 ponit
2908 1425 2965 1469 ut
2991 1415 3158 1470 multa
3183 1415 3430 1486 colligat,

1847 1518 1909 1556 ac
1951 1505 2101 1558 timet
2128 1519 2193 1558 ne
2220 1504 2507 1575 aliquando
2531 1505 2781 1561 deficiant
2811 1524 2825 1561 :
2854 1522 2921 1561 an
2952 1507 2998 1561 is
3025 1508 3114 1577 qui
3149 1507 3282 1562 nihil
3316 1508 3431 1562 col-

1846 1591 1977 1661 ligit,
2004 1602 2057 1647 et
2080 1593 2163 1648 cui
2187 1593 2394 1649 abunde
2415 1595 2592 1649 omnia
2614 1604 2924 1664 suppetunt,
2948 1605 3003 1651 ct
3025 1596 3172 1651 nullo
3192 1596 3431 1666 indiget?

1845 1685 2012 1739 virtus
2037 1686 2177 1740 enim
2205 1695 2259 1740 et
2286 1686 2379 1742 Dei
2409 1695 2581 1741 metus
2607 1688 2696 1741 dat
2722 1687 2991 1754 ﬁduciam,
3016 1702 3120 1742 non
3146 1687 3385 1757 pecunia:
3411 1706 3425 1743 :

1845 1776 1948 1829 illae
1974 1777 2114 1831 enim
2144 1778 2302 1832 etiam
2331 1778 2384 1832 in
2412 1779 2719 1833 servitutem
2748 1779 3014 1850 redigunt.
3044 1778 3216 1834 Xenia
3246 1780 3387 1835 enim
3408 1821 3425 1845 ,

1844 1867 2055 1937 inquit,
2099 1876 2146 1923 et
2184 1869 2319 1922 dona
2358 1880 2608 1923 excwcant
2651 1872 2824 1924 oculos
2860 1871 3181 1939 sapientum,
3213 1879 3260 1925 et
3285 1871 3431 1938 quasi

1842 1958 2040 2024 {renum
2077 1957 2129 2010 in
2157 1974 2242 2012 ore
2265 1998 2280 2023 ,
2310 1968 2537 2012 avertunt
2564 1960 2903 2028 correptiones
2933 1958 2953 2027 (
2978 1958 3138 2013 Eccti.
3167 1959 3257 2014 20.
3289 1959 3353 2014 3i
3384 1960 3424 2031 ).

1840 2046 2129 2101 Considera
2155 2048 2421 2118 quomodo
2443 2063 2648 2119 pauper
2668 2049 2756 2103 ille
2777 2050 2965 2103 Petrus
2988 2049 3250 2103 Ananiam
3276 2048 3426 2103 illum

1840 2136 2056 2191 divitem
2084 2139 2253 2207 puniit
2274 2155 2286 2191 :
2306 2152 2483 2193 annon
2512 2138 2599 2192 hic
2624 2138 2835 2208 quidem
2863 2147 2978 2192 crat
2998 2137 3165 2204 dives,
3192 2137 3279 2192 ille
3297 2152 3427 2192 vero

1841 2228 2074 2295 pauper?
2100 2226 2191 2280 sed
2215 2227 2334 2282 vide
2361 2227 2506 2281 illum
2530 2226 2744 2296 quidem
2767 2228 3071 2297 loquentem
3093 2242 3215 2281 cum
3238 2234 3427 2281 aucto-

1838 2318 2014 2381 ritate,
2042 2328 2097 2372 ct
2121 2318 2385 2373 dicentem
2417 2336 2429 2371 :
2453 2318 2534 2371 An
2560 2335 2743 2388 agrum
2772 2319 2899 2371 tanti
2926 2317 3254 2371 vendidistis.’
3283 2315 3425 2371 hunc

1837 2422 1964 2461 vero
1980 2407 2244 2462 dicentem
2267 2422 2387 2462 cum
2408 2407 2781 2473 submissione,
2802 2406 2944 2462 Certe
2963 2408 3087 2459 tanti
3108 2406 3244 2475 (Act.
3268 2406 3319 2461 5.
3339 2406 3421 2474 8).

1836 2498 1902 2552 Et
1925 2499 2061 2567 quis,
2090 2499 2290 2567 inquit,
2319 2497 2446 2551 mihi
2473 2497 2620 2551 dabit
2648 2508 2703 2551 ut
2732 2498 2832 2551 sim
2860 2498 2997 2551 sicut
3022 2495 3249 2551 Petrus?
3276 2495 3425 2550 Licet

1836 2589 1929 2642 tibi
1966 2603 2086 2642 esse
2125 2589 2262 2642 sicut
2302 2588 2487 2643 Petrus
2512 2630 2526 2654 ,
2556 2588 2599 2641 si
2628 2588 2760 2642 velis
2788 2604 2907 2658 qua:
2950 2587 3113 2642 babes
3141 2586 3375 2656 abjicere
3404 2603 3419 2640 :

1833 2679 2075 2749 disperge
2098 2720 2112 2743 ,
2143 2680 2207 2733 da
2239 2680 2560 2751 pauperibus
2584 2721 2599 2745 ,
2633 2679 2900 2735 Christum
2936 2694 3158 2749 sequere
3183 2720 3199 2744 ,
3230 2686 3285 2732 et
3313 2676 3422 2731 eris

1835 2773 1974 2826 talis.
2004 2771 2319 2839 Quomodo?
2348 2772 2435 2825 ille
2455 2811 2468 2833 ,
2500 2771 2702 2841 inquit,
2733 2770 2857 2825 fecit
2883 2770 3053 2840 signa.
3086 2770 3268 2824 llocne
3295 2774 3378 2821 est
3402 2808 3418 2831 ,

1842 2869 1929 2924 die
1956 2882 2158 2938 quaeso,
2182 2866 2323 2937 quod
2348 2867 2563 2922 Petrum
2588 2866 2715 2921 fecit
2734 2865 3121 2931 admirabilem,
3145 2880 3210 2919 an
3236 2863 3424 2920 ﬁducia

1843 2974 2001 3029 quam
2026 2967 2109 3013 est
2131 2967 2491 3026 consequutus
2513 2972 2578 3010 ex
2598 2956 2721 3010 vitm
2746 2954 3116 3010 institutione?
3143 2970 3247 3009 non
3273 2954 3425 3009 audis

1844 3048 2110 3104 Christum
2133 3048 2395 3105 dicentem
2415 3066 2427 3101 :
2448 3046 2620 3101 Nolite
2636 3045 2856 3117 gaudere
2870 3045 3004 3116 quod
3024 3045 3273 3099 dmonia
3291 3046 3427 3099 vobis

1844 3141 2117 3195 obediant?
2148 3140 2209 3195 Si
2248 3141 2320 3194 vis
2360 3157 2465 3194 esse
2499 3140 2780 3209 perfectus,
2820 3139 2977 3192 vende
3009 3154 3120 3206 quae
3157 3140 3341 3204 habes,
3379 3151 3429 3192 et

1845 3232 1911 3285 da
1937 3232 2242 3302 pauperibus
2265 3272 2279 3297 ,
2312 3241 2357 3285 et
2400 3231 2601 3283 habebis
2634 3231 2924 3283 thesaurum
2958 3229 3012 3282 in
3047 3230 3183 3283 cretis
3211 3229 3423 3299 (Matth.

1845 3324 1933 3379 19.
1962 3324 2025 3378 21
2122 3324 2257 3378 Audi
2282 3322 2409 3399 quid
2434 3322 2577 3377 dicat
2605 3322 2795 3377 Petrus
2825 3340 2838 3374 :
2870 3322 3062 3375 Aurum
3089 3331 3135 3374 et
3162 3332 3428 3390 argentum

1843 3432 1944 3468 non
1969 3423 2041 3468 est
2066 3413 2190 3467 mihi
2213 3429 2232 3467 :
2251 3411 2385 3482 quod
2407 3422 2571 3465 autem
2598 3412 2775 3475 habeo,
2800 3412 2893 3463 hoc
2914 3411 3000 3463 tibi
3022 3412 3085 3464 do
3104 3409 3240 3481 (Act.
3266 3413 3317 3467 5.
3344 3413 3424 3479 (3).

1843 3506 1897 3561 Si
1922 3505 2038 3575 quis
2065 3504 2223 3559 habet
2241 3519 2427 3557 aurum
2449 3512 2501 3556 et
2521 3512 2820 3572 argentum,
2847 3501 2932 3554 illa
2956 3515 3064 3555 non
3085 3500 3264 3555 habet.
3288 3502 3426 3568 Quid

1843 3612 1973 3650 vero
1997 3637 2013 3665 ,
2041 3596 2250 3666 inquit,
2288 3594 2428 3664 quod
2469 3593 2621 3647 multi
2661 3607 2760 3648 nec
2795 3593 2883 3647 illa
2924 3592 3123 3648 habent
3152 3607 3253 3647 nec
3282 3591 3380 3647 ista
3404 3596 3428 3645 ’ρ

1842 3688 1975 3756 Quia
2021 3702 2127 3743 non
2170 3694 2361 3755 sponte
2402 3692 2527 3740 sunt
2567 3698 2829 3754 pauperes
2868 3702 2879 3737 :
2920 3684 3239 3754 quicumque
3284 3685 3425 3739 cnim

1842 3788 2033 3850 sponte
2060 3787 2184 3833 sunt
2210 3789 2473 3848 pauperes
2495 3817 2510 3841 ,
2544 3774 2742 3831 habent
2766 3775 2944 3829 omnia
2973 3775 3134 3829 bona.
3166 3773 3298 3828 Nam
3327 3775 3425 3829 etsi

1842 3887 1942 3927 nec
1980 3880 2219 3925 mortuos
2255 3883 2355 3923 nec
2390 3867 2605 3923 claudos
2644 3867 2919 3934 excitant,
2950 3867 3042 3921 sed
3076 3876 3252 3921 tamen
3282 3866 3426 3938 quod

1841 3971 1926 4017 est
1953 3960 2123 4028 majus
2149 3959 2232 4015 his
2261 3958 2529 4023 omnibus,
2559 3957 2758 4013 habent
2780 3957 2916 4027 apud
2946 3957 3114 4011 Deum
3141 3956 3386 4013 ﬁduciam
3410 3976 3423 4010 :

1843 4053 2059 4109 audient
2081 4051 2174 4107 illo
2198 4051 2283 4106 die
2311 4052 2520 4106 beatam
2548 4050 2692 4104 illam
2719 4063 2927 4116 vocem,
2960 4046 3152 4113 Venite,
3178 4048 3423 4104 benedicti

1849 4143 2017 4199 Patris
2054 4146 2170 4198 mei.
2201 4143 2338 4212 Quid
2377 4152 2459 4198 est
2496 4143 2599 4196 isto
2636 4140 2870 4196 melius?
2900 4138 3166 4194 Possidete
3193 4149 3427 4211 paratum

1840 4237 1977 4291 vobis
2018 4251 2227 4307 regnum
2262 4250 2294 4287 a
2327 4233 2682 4288 constitutione
2715 4231 2912 4286 mundi.
2944 4230 3147 4285 Esurivi
3177 4232 3349 4297 enim,
3380 4241 3428 4285 et

1840 4326 2052 4383 dedistis
2087 4326 2211 4379 mihi
2247 4325 2383 4396 quod
2410 4323 2719 4380 comederem
2742 4337 2762 4377 :
2785 4322 2918 4377 sitioi
2936 4361 2952 4389 ,
2992 4331 3038 4375 et
3069 4320 3274 4375 dedistis
3304 4321 3427 4374 mihi

1840 4419 1974 4490 quod
2010 4418 2225 4475 biberem
2250 4433 2270 4471 :
2300 4418 2479 4487 hospes
2506 4431 2646 4470 eram
2670 4457 2685 4482 ,
2717 4425 2766 4470 et
2805 4430 2884 4468 me
2921 4413 3194 4483 collegistis
3219 4428 3237 4465 :
3264 4412 3428 4465 nudus

1842 4529 1980 4567 eram
1999 4551 2014 4577 ,
2043 4520 2089 4566 et
2117 4526 2197 4565 me
2219 4508 2456 4565 induisti:
2476 4523 2495 4563 :
2515 4507 2748 4577 inﬁrmus
2778 4521 2915 4559 eram
2943 4514 2989 4558 et
3017 4505 3070 4557 in
3106 4519 3305 4557 carcere
3329 4544 3345 4569 ,
3381 4513 3427 4556 et

1842 4620 1920 4658 me
1950 4601 2208 4659 oisitastis.
2238 4597 2504 4655 Possidete
2526 4607 2763 4668 paratum
2788 4594 2924 4649 vobis
2948 4609 3162 4664 regnum
3187 4610 3218 4645 a
3243 4593 3427 4646 consti-

1842 4696 2033 4750 tutione
2076 4691 2252 4748 mundi
2292 4689 2526 4763 (Matth.
2567 4688 2657 4743 25.
2690 4684 2922 4755 54-36).
2971 4684 3256 4753 Fugiamus
3300 4698 3428 4752 ergo

1841 4787 2116 4842 avaritiam
2145 4792 2195 4840 et
2237 4783 2387 4853 plura
2419 4780 2645 4836 habendi
2675 4778 3017 4848 cupiditatem
3040 4816 3055 4841 ,
3088 4784 3145 4828 ut
3173 4790 3426 4844 assequa-

1841 4897 1964 4937 mur
1990 4894 2210 4950 rcgnum
2237 4876 2489 4934 ctelorum
2515 4891 2529 4927 :
2552 4872 2848 4928 nutriamus
2872 4883 3165 4940 pauperes,
3195 4879 3250 4921 ut
3275 4866 3429 4922 Chri-

1843 4985 1983 5030 stum
2012 4973 2327 5035 nutriamus,
2357 4979 2417 5023 ut
2441 4968 2559 5037 ejus
2584 4967 2749 5020 simus
2774 4962 3068 5020 coheredes
3087 5004 3102 5026 ,
3133 4962 3184 5015 in
3213 4960 3428 5015 Christo

1842 5067 1971 5125 Jesu
2004 5066 2227 5120 Domino
2253 5072 2440 5118 nostro
2461 5101 2476 5125 ,
2503 5076 2625 5115 cum
2653 5073 2758 5128 quo
2779 5056 2922 5112 Patri
2949 5054 3215 5123 simulque
3242 5062 3428 5106 sancto

1845 5158 2066 5231 Spiritui
2094 5156 2292 5228 gloria,
2323 5162 2580 5224 potestas,
2609 5150 2780 5206 honor
2802 5191 2817 5218 ,
2848 5162 2990 5204 nunc
3015 5153 3071 5202 et
3098 5158 3311 5215 semper
3330 5184 3344 5212 ,
3377 5152 3430 5197 et

1844 5256 1896 5307 in
1927 5252 2119 5308 saecula
2149 5248 2484 5307 saeculorum.
2518 5246 2709 5300 Amen.
