  <div class='ocr_page' id='page_1' title='image "/cluster/home/n/w/nwhite01/storage/ocr_20150623/63/hvd.32044013655725/147.png"; bbox 0 0 4002 6426; ppageno 0'>
   <div class='ocr_carea' id='block_1_1' title="bbox 568 335 668 393">
    <p class='ocr_par' dir='ltr' id='par_1_1' title="bbox 568 335 668 393">
     <span class='ocr_line' id='line_1_1' title="bbox 568 335 668 393; baseline -0.04 0"><span class='ocrx_word' id='word_1_1' title='bbox 568 335 668 393; x_wconf 78' lang='grc'><strong><em>159</em></strong></span> 
     </span>
    </p>
   </div>
   <div class='ocr_carea' id='block_1_2' title="bbox 596 465 1925 493">
    <p class='ocr_par' dir='ltr' id='par_1_2' title="bbox 596 465 1925 493">
     <span class='ocr_line' id='line_1_2' title="bbox 596 465 1925 493; baseline -0.008 -7"><span class='ocrx_word' id='word_1_2' title='bbox 596 465 1925 493; x_wconf 59' lang='lat'><strong><em>______.____———————._</em></strong></span> 
     </span>
    </p>
   </div>
   <div class='ocr_carea' id='block_1_3' title="bbox 570 666 2143 737">
    <p class='ocr_par' dir='ltr' id='par_1_3' title="bbox 570 666 2143 737">
     <span class='ocr_line' id='line_1_3' title="bbox 570 666 2143 737; baseline -0.01 -2"><span class='ocrx_word' id='word_1_3' title='bbox 570 681 699 735; x_wconf 68' lang='lat' dir='ltr'><strong><em>Car.</em></strong></span> <span class='ocrx_word' id='word_1_4' title='bbox 732 679 816 735; x_wconf 75' lang='lat' dir='ltr'><strong><em>It).</em></strong></span> <span class='ocrx_word' id='word_1_5' title='bbox 844 693 896 729; x_wconf 81' lang='grc' dir='ltr'><strong>ν.</strong></span> <span class='ocrx_word' id='word_1_6' title='bbox 932 673 1017 730; x_wconf 85' lang='grc'><strong><em>19.</em></strong></span> <span class='ocrx_word' id='word_1_7' title='bbox 1054 670 1307 725; x_wconf 98' lang='lat' dir='ltr'><strong><em>Habentes</em></strong></span> <span class='ocrx_word' id='word_1_8' title='bbox 1349 670 1538 737; x_wconf 88' lang='lat' dir='ltr'><strong><em>itaque,</em></strong></span> <span class='ocrx_word' id='word_1_9' title='bbox 1574 667 1776 736; x_wconf 76' lang='lat' dir='ltr'><strong><em>fratres,</em></strong></span> <span class='ocrx_word' id='word_1_10' title='bbox 1809 666 2052 734; x_wconf 81' lang='lat' dir='ltr'><strong><em>ﬁduciam</em></strong></span> <span class='ocrx_word' id='word_1_11' title='bbox 2091 666 2143 720; x_wconf 90' lang='lat' dir='ltr'><strong><em>in</em></strong></span> 
     </span>
    </p>
   </div>
   <div class='ocr_carea' id='block_1_4' title="bbox 551 757 2149 837">
    <p class='ocr_par' dir='ltr' id='par_1_4' title="bbox 551 757 2149 837">
     <span class='ocr_line' id='line_1_4' title="bbox 551 757 2149 837; baseline -0.008 -13"><span class='ocrx_word' id='word_1_12' title='bbox 551 822 558 837; x_wconf 79' lang='grc'>,</span> <span class='ocrx_word' id='word_1_13' title='bbox 642 771 847 823; x_wconf 91' lang='lat' dir='ltr'><strong><em>introitu</em></strong></span> <span class='ocrx_word' id='word_1_14' title='bbox 866 775 1156 823; x_wconf 89' lang='lat' dir='ltr'><strong><em>sanctorum</em></strong></span> <span class='ocrx_word' id='word_1_15' title='bbox 1180 764 1234 817; x_wconf 90' lang='lat' dir='ltr'><strong><em>in</em></strong></span> <span class='ocrx_word' id='word_1_16' title='bbox 1255 760 1501 830; x_wconf 86' lang='lat' dir='ltr'><strong><em>sanguine</em></strong></span> <span class='ocrx_word' id='word_1_17' title='bbox 1524 759 1556 812; x_wconf 83' lang='lat' dir='ltr'><strong><em>.l</em></strong></span> <span class='ocrx_word' id='word_1_18' title='bbox 1564 775 1671 823; x_wconf 83' lang='lat' dir='ltr'><strong><em>esu,</em></strong></span> <span class='ocrx_word' id='word_1_19' title='bbox 1691 757 1781 812; x_wconf 89' lang='grc'><strong>20.</strong></span> <span class='ocrx_word' id='word_1_20' title='bbox 1804 774 1958 828; x_wconf 87' lang='lat' dir='ltr'><strong><em>quam</em></strong></span> <span class='ocrx_word' id='word_1_21' title='bbox 1984 758 2149 811; x_wconf 60' lang='lat' dir='ltr'><strong><em>initia.</em></strong></span> 
     </span>
    </p>
   </div>
   <div class='ocr_carea' id='block_1_5' title="bbox 546 849 2146 918">
    <p class='ocr_par' dir='ltr' id='par_1_5' title="bbox 546 849 2146 918">
     <span class='ocr_line' id='line_1_5' title="bbox 546 849 2146 918; baseline -0.01 -2"><span class='ocrx_word' id='word_1_22' title='bbox 546 866 557 875; x_wconf 80' lang='grc'><em>’</em></span> <span class='ocrx_word' id='word_1_23' title='bbox 642 863 710 915; x_wconf 87' lang='lat' dir='ltr'><strong><em>vit</em></strong></span> <span class='ocrx_word' id='word_1_24' title='bbox 754 860 896 914; x_wconf 77' lang='lat' dir='ltr'><strong><em>trabis</em></strong></span> <span class='ocrx_word' id='word_1_25' title='bbox 937 858 1072 912; x_wconf 84' lang='lat' dir='ltr'><strong><em>viam</em></strong></span> <span class='ocrx_word' id='word_1_26' title='bbox 1114 870 1295 910; x_wconf 89' lang='lat' dir='ltr'><strong><em>novam</em></strong></span> <span class='ocrx_word' id='word_1_27' title='bbox 1324 863 1369 908; x_wconf 93' lang='lat' dir='ltr'><strong><em>et</em></strong></span> <span class='ocrx_word' id='word_1_28' title='bbox 1412 853 1651 906; x_wconf 74' lang='lat' dir='ltr'><strong><em>viventem</em></strong></span> <span class='ocrx_word' id='word_1_29' title='bbox 1680 866 1768 918; x_wconf 87' lang='lat' dir='ltr'><strong><em>per</em></strong></span> <span class='ocrx_word' id='word_1_30' title='bbox 1794 849 2061 915; x_wconf 90' lang='lat' dir='ltr'><strong><em>velamen,</em></strong></span> <span class='ocrx_word' id='word_1_31' title='bbox 2091 850 2146 902; x_wconf 88' lang='lat' dir='ltr'><strong><em>id</em></strong></span> 
     </span>
    </p>
   </div>
   <div class='ocr_carea' id='block_1_6' title="bbox 647 942 2149 1020">
    <p class='ocr_par' dir='ltr' id='par_1_6' title="bbox 647 942 2149 1020">
     <span class='ocr_line' id='line_1_6' title="bbox 647 942 2149 1020; baseline -0.009 -14"><span class='ocrx_word' id='word_1_32' title='bbox 647 961 741 1020; x_wconf 90' lang='lat' dir='ltr'><strong><em>est,</em></strong></span> <span class='ocrx_word' id='word_1_33' title='bbox 766 966 967 1004; x_wconf 87' lang='lat' dir='ltr'><strong><em>carnem</em></strong></span> <span class='ocrx_word' id='word_1_34' title='bbox 994 964 1160 1013; x_wconf 90' lang='lat' dir='ltr'><strong><em>suam,</em></strong></span> <span class='ocrx_word' id='word_1_35' title='bbox 1189 945 1280 1000; x_wconf 89' lang='grc'><strong><em>21.</em></strong></span> <span class='ocrx_word' id='word_1_36' title='bbox 1312 955 1358 999; x_wconf 88' lang='lat' dir='ltr'><strong><em>et</em></strong></span> <span class='ocrx_word' id='word_1_37' title='bbox 1385 942 1691 998; x_wconf 73' lang='lat' dir='ltr'><strong><em>sacerdotem</em></strong></span> <span class='ocrx_word' id='word_1_38' title='bbox 1724 956 1962 1008; x_wconf 85' lang='lat' dir='ltr'><strong><em>magnum</em></strong></span> <span class='ocrx_word' id='word_1_39' title='bbox 1996 955 2149 1008; x_wconf 83' lang='lat' dir='ltr'><strong><em>super</em></strong></span> 
     </span>
    </p>
   </div>
   <div class='ocr_carea' id='block_1_7' title="bbox 643 1030 2147 1099">
    <p class='ocr_par' dir='ltr' id='par_1_7' title="bbox 643 1030 2147 1099">
     <span class='ocr_line' id='line_1_7' title="bbox 643 1030 2147 1099; baseline -0.009 -4"><span class='ocrx_word' id='word_1_40' title='bbox 643 1043 852 1097; x_wconf 86' lang='lat' dir='ltr'><strong><em>domum</em></strong></span> <span class='ocrx_word' id='word_1_41' title='bbox 890 1039 990 1094; x_wconf 86' lang='lat' dir='ltr'><strong><em>Dei</em></strong></span> <span class='ocrx_word' id='word_1_42' title='bbox 1016 1058 1033 1093; x_wconf 89' lang='lat'><strong><em>:</em></strong></span> <span class='ocrx_word' id='word_1_43' title='bbox 1058 1038 1149 1092; x_wconf 83' lang='grc'><strong><em>22.</em></strong></span> <span class='ocrx_word' id='word_1_44' title='bbox 1179 1034 1476 1089; x_wconf 81' lang='lat' dir='ltr'><strong><em>accedamus</em></strong></span> <span class='ocrx_word' id='word_1_45' title='bbox 1504 1049 1616 1085; x_wconf 90' lang='lat' dir='ltr'><strong><em>cum</em></strong></span> <span class='ocrx_word' id='word_1_46' title='bbox 1641 1047 1755 1085; x_wconf 91' lang='lat' dir='ltr'><strong><em>vero</em></strong></span> <span class='ocrx_word' id='word_1_47' title='bbox 1780 1032 1930 1084; x_wconf 86' lang='lat' dir='ltr'><strong><em>corde</em></strong></span> <span class='ocrx_word' id='word_1_48' title='bbox 1954 1031 2008 1083; x_wconf 92' lang='lat' dir='ltr'><strong><em>in</em></strong></span> <span class='ocrx_word' id='word_1_49' title='bbox 2034 1030 2147 1099; x_wconf 86' lang='lat' dir='ltr'><strong><em>ple-</em></strong></span> 
     </span>
    </p>
   </div>
   <div class='ocr_carea' id='block_1_8' title="bbox 643 1120 2146 1199">
    <p class='ocr_par' dir='ltr' id='par_1_8' title="bbox 643 1120 2146 1199">
     <span class='ocr_line' id='line_1_8' title="bbox 643 1120 2146 1199; baseline -0.011 -11"><span class='ocrx_word' id='word_1_50' title='bbox 643 1134 924 1188; x_wconf 88' lang='lat' dir='ltr'><strong><em>nitudinem</em></strong></span> <span class='ocrx_word' id='word_1_51' title='bbox 968 1131 1086 1199; x_wconf 79' lang='lat' dir='ltr'><strong><em>ﬁdei</em></strong></span> <span class='ocrx_word' id='word_1_52' title='bbox 1110 1172 1125 1194; x_wconf 94' lang='lat'><strong><em>,</em></strong></span> <span class='ocrx_word' id='word_1_53' title='bbox 1172 1126 1366 1197; x_wconf 78' lang='lat' dir='ltr'><strong><em>aspersi</em></strong></span> <span class='ocrx_word' id='word_1_54' title='bbox 1392 1124 1548 1178; x_wconf 91' lang='lat' dir='ltr'><strong><em>corda</em></strong></span> <span class='ocrx_word' id='word_1_55' title='bbox 1574 1140 1606 1177; x_wconf 93' lang='lat' dir='ltr'><strong><em>a</em></strong></span> <span class='ocrx_word' id='word_1_56' title='bbox 1632 1122 1934 1177; x_wconf 73' lang='lat' dir='ltr'><strong><em>conscientia</em></strong></span> <span class='ocrx_word' id='word_1_57' title='bbox 1965 1120 2100 1174; x_wconf 87' lang='lat' dir='ltr'><strong><em>mala</em></strong></span> <span class='ocrx_word' id='word_1_58' title='bbox 2126 1138 2146 1186; x_wconf 76' lang='lat'><strong><em>,-</em></strong></span> 
     </span>
    </p>
   </div>
   <div class='ocr_carea' id='block_1_9' title="bbox 645 1211 2151 1291">
    <p class='ocr_par' dir='ltr' id='par_1_9' title="bbox 645 1211 2151 1291">
     <span class='ocr_line' id='line_1_9' title="bbox 645 1211 2151 1291; baseline -0.008 -13"><span class='ocrx_word' id='word_1_59' title='bbox 645 1235 690 1278; x_wconf 92' lang='lat' dir='ltr'><strong><em>et</em></strong></span> <span class='ocrx_word' id='word_1_60' title='bbox 707 1221 863 1276; x_wconf 77' lang='lat' dir='ltr'><strong><em>abluti</em></strong></span> <span class='ocrx_word' id='word_1_61' title='bbox 881 1236 1064 1291; x_wconf 89' lang='lat' dir='ltr'><strong><em>corpus</em></strong></span> <span class='ocrx_word' id='word_1_62' title='bbox 1084 1235 1215 1286; x_wconf 89' lang='lat' dir='ltr'><strong><em>aqua</em></strong></span> <span class='ocrx_word' id='word_1_63' title='bbox 1236 1216 1444 1280; x_wconf 89' lang='lat' dir='ltr'><strong><em>munda,</em></strong></span> <span class='ocrx_word' id='word_1_64' title='bbox 1462 1213 1553 1269; x_wconf 76' lang='grc'><strong><em>25.</em></strong></span> <span class='ocrx_word' id='word_1_65' title='bbox 1572 1222 1825 1267; x_wconf 76' lang='lat' dir='ltr'><strong><em>teneamus</em></strong></span> <span class='ocrx_word' id='word_1_66' title='bbox 1840 1211 1947 1282; x_wconf 89' lang='lat' dir='ltr'><strong><em>spei</em></strong></span> <span class='ocrx_word' id='word_1_67' title='bbox 1965 1220 2151 1266; x_wconf 72' lang='lat' dir='ltr'><strong><em>nostra:</em></strong></span> 
     </span>
    </p>
   </div>
   <div class='ocr_carea' id='block_1_10' title="bbox 643 1308 1463 1387">
    <p class='ocr_par' dir='ltr' id='par_1_10' title="bbox 643 1308 1463 1387">
     <span class='ocr_line' id='line_1_10' title="bbox 643 1308 1463 1387; baseline -0.012 -16"><span class='ocrx_word' id='word_1_68' title='bbox 643 1316 1007 1387; x_wconf 70' lang='lat' dir='ltr'><strong><em>confessionem</em></strong></span> <span class='ocrx_word' id='word_1_69' title='bbox 1038 1308 1463 1364; x_wconf 82' lang='lat' dir='ltr'><strong><em>indeclinabilem.</em></strong></span> 
     </span>
    </p>
   </div>
   <div class='ocr_carea' id='block_1_11' title="bbox 644 1395 2149 1478">
    <p class='ocr_par' dir='ltr' id='par_1_11' title="bbox 644 1395 2149 1478">
     <span class='ocr_line' id='line_1_11' title="bbox 644 1395 2149 1478; baseline -0.01 -16"><span class='ocrx_word' id='word_1_70' title='bbox 644 1410 698 1463; x_wconf 84' lang='grc'><strong><em>1.</em></strong></span> <span class='ocrx_word' id='word_1_71' title='bbox 732 1404 813 1478; x_wconf 81' lang='grc' dir='ltr'><strong><em>(ιι)</em></strong></span> <span class='ocrx_word' id='word_1_72' title='bbox 834 1404 967 1458; x_wconf 83' lang='lat' dir='ltr'><strong><em>Cum</em></strong></span> <span class='ocrx_word' id='word_1_73' title='bbox 987 1400 1309 1457; x_wconf 78' lang='lat' dir='ltr'><strong><em>ostendisset</em></strong></span> <span class='ocrx_word' id='word_1_74' title='bbox 1332 1406 1587 1468; x_wconf 89' lang='lat' dir='ltr'><strong><em>quantum</em></strong></span> <span class='ocrx_word' id='word_1_75' title='bbox 1618 1395 1829 1451; x_wconf 89' lang='lat' dir='ltr'><strong><em>intersit</em></strong></span> <span class='ocrx_word' id='word_1_76' title='bbox 1849 1395 1989 1449; x_wconf 87' lang='lat' dir='ltr'><strong><em>inter</em></strong></span> <span class='ocrx_word' id='word_1_77' title='bbox 2016 1409 2149 1465; x_wconf 91' lang='lat' dir='ltr'><strong><em>pon-</em></strong></span> 
     </span>
    </p>
   </div>
   <div class='ocr_carea' id='block_1_12' title="bbox 576 1489 2150 1563">
    <p class='ocr_par' dir='ltr' id='par_1_12' title="bbox 576 1489 2150 1563">
     <span class='ocr_line' id='line_1_12' title="bbox 576 1489 2150 1563; baseline -0.01 -9"><span class='ocrx_word' id='word_1_78' title='bbox 576 1500 794 1563; x_wconf 84' lang='lat' dir='ltr'><strong><em>tiﬁcem,</em></strong></span> <span class='ocrx_word' id='word_1_79' title='bbox 826 1505 880 1551; x_wconf 91' lang='lat' dir='ltr'><strong><em>et</em></strong></span> <span class='ocrx_word' id='word_1_80' title='bbox 906 1493 1190 1558; x_wconf 85' lang='lat' dir='ltr'><strong><em>sacriﬁcia,</em></strong></span> <span class='ocrx_word' id='word_1_81' title='bbox 1224 1500 1279 1546; x_wconf 87' lang='lat' dir='ltr'><strong><em>et</em></strong></span> <span class='ocrx_word' id='word_1_82' title='bbox 1310 1489 1737 1555; x_wconf 90' lang='lat' dir='ltr'><strong><em>tabernaculum,</em></strong></span> <span class='ocrx_word' id='word_1_83' title='bbox 1778 1496 1833 1543; x_wconf 89' lang='lat' dir='ltr'><strong><em>et</em></strong></span> <span class='ocrx_word' id='word_1_84' title='bbox 1863 1497 2150 1541; x_wconf 88' lang='lat' dir='ltr'><strong><em>testamen-</em></strong></span> 
     </span>
    </p>
   </div>
   <div class='ocr_carea' id='block_1_13' title="bbox 576 1579 2151 1658">
    <p class='ocr_par' dir='ltr' id='par_1_13' title="bbox 576 1579 2151 1658">
     <span class='ocr_line' id='line_1_13' title="bbox 576 1579 2151 1658; baseline -0.006 -13"><span class='ocrx_word' id='word_1_85' title='bbox 576 1603 709 1658; x_wconf 92' lang='lat' dir='ltr'><strong><em>tum,</em></strong></span> <span class='ocrx_word' id='word_1_86' title='bbox 727 1602 778 1645; x_wconf 92' lang='lat' dir='ltr'><strong><em>et</em></strong></span> <span class='ocrx_word' id='word_1_87' title='bbox 798 1587 1229 1658; x_wconf 86' lang='lat' dir='ltr'><strong><em>promissionem,</em></strong></span> <span class='ocrx_word' id='word_1_88' title='bbox 1253 1592 1307 1638; x_wconf 91' lang='lat' dir='ltr'><strong><em>et</em></strong></span> <span class='ocrx_word' id='word_1_89' title='bbox 1324 1583 1547 1636; x_wconf 92' lang='lat' dir='ltr'><strong><em>multum</em></strong></span> <span class='ocrx_word' id='word_1_90' title='bbox 1567 1583 1829 1636; x_wconf 77' lang='lat' dir='ltr'><strong><em>interesse</em></strong></span> <span class='ocrx_word' id='word_1_91' title='bbox 1849 1598 1862 1633; x_wconf 88' lang='lat'><strong>:</strong></span> <span class='ocrx_word' id='word_1_92' title='bbox 1886 1579 2151 1650; x_wconf 90' lang='lat' dir='ltr'><strong><em>siquidem</em></strong></span> 
     </span>
    </p>
   </div>
   <div class='ocr_carea' id='block_1_14' title="bbox 573 1673 2151 1754">
    <p class='ocr_par' dir='ltr' id='par_1_14' title="bbox 573 1673 2151 1754">
     <span class='ocr_line' id='line_1_14' title="bbox 573 1673 2151 1754; baseline -0.008 -15"><span class='ocrx_word' id='word_1_93' title='bbox 573 1686 660 1739; x_wconf 92' lang='lat' dir='ltr'><strong><em>illa</em></strong></span> <span class='ocrx_word' id='word_1_94' title='bbox 691 1684 908 1754; x_wconf 86' lang='lat' dir='ltr'><strong><em>quidem</em></strong></span> <span class='ocrx_word' id='word_1_95' title='bbox 938 1689 1065 1734; x_wconf 90' lang='lat' dir='ltr'><strong><em>sunt</em></strong></span> <span class='ocrx_word' id='word_1_96' title='bbox 1088 1677 1403 1747; x_wconf 82' lang='lat' dir='ltr'><strong><em>temporalia</em></strong></span> <span class='ocrx_word' id='word_1_97' title='bbox 1424 1717 1439 1741; x_wconf 95' lang='lat'><strong><em>,</em></strong></span> <span class='ocrx_word' id='word_1_98' title='bbox 1480 1675 1599 1730; x_wconf 66' lang='lat' dir='ltr'><strong><em>hinc</em></strong></span> <span class='ocrx_word' id='word_1_99' title='bbox 1626 1689 1754 1730; x_wconf 87' lang='lat' dir='ltr'><strong><em>vero</em></strong></span> <span class='ocrx_word' id='word_1_100' title='bbox 1793 1683 2027 1740; x_wconf 57' lang='lat' dir='ltr'><strong><em>aeterna;</em></strong></span> <span class='ocrx_word' id='word_1_101' title='bbox 2061 1673 2151 1728; x_wconf 90' lang='lat' dir='ltr'><strong><em>illa</em></strong></span> 
     </span>
    </p>
   </div>
   <div class='ocr_carea' id='block_1_15' title="bbox 572 1764 2149 1843">
    <p class='ocr_par' dir='ltr' id='par_1_15' title="bbox 572 1764 2149 1843">
     <span class='ocr_line' id='line_1_15' title="bbox 572 1764 2149 1843; baseline -0.005 -16"><span class='ocrx_word' id='word_1_102' title='bbox 572 1775 785 1840; x_wconf 85' lang='lat' dir='ltr'><strong><em>quidem</em></strong></span> <span class='ocrx_word' id='word_1_103' title='bbox 827 1788 992 1843; x_wconf 88' lang='lat' dir='ltr'><strong><em>prope</em></strong></span> <span class='ocrx_word' id='word_1_104' title='bbox 1040 1770 1349 1833; x_wconf 89' lang='lat' dir='ltr'><strong><em>interitum,</em></strong></span> <span class='ocrx_word' id='word_1_105' title='bbox 1392 1766 1509 1821; x_wconf 75' lang='lat' dir='ltr'><strong><em>haec</em></strong></span> <span class='ocrx_word' id='word_1_106' title='bbox 1543 1781 1672 1820; x_wconf 82' lang='lat' dir='ltr'><strong><em>vero</em></strong></span> <span class='ocrx_word' id='word_1_107' title='bbox 1703 1766 2018 1831; x_wconf 90' lang='lat' dir='ltr'><strong><em>manentia;</em></strong></span> <span class='ocrx_word' id='word_1_108' title='bbox 2062 1764 2149 1819; x_wconf 89' lang='lat' dir='ltr'><strong><em>illa</em></strong></span> 
     </span>
    </p>
   </div>
   <div class='ocr_carea' id='block_1_16' title="bbox 572 1854 2152 1931">
    <p class='ocr_par' dir='ltr' id='par_1_16' title="bbox 572 1854 2152 1931">
     <span class='ocr_line' id='line_1_16' title="bbox 572 1854 2152 1931; baseline -0.007 -11"><span class='ocrx_word' id='word_1_109' title='bbox 572 1864 841 1920; x_wconf 89' lang='lat' dir='ltr'><strong><em>imbecilla</em></strong></span> <span class='ocrx_word' id='word_1_110' title='bbox 862 1905 878 1931; x_wconf 93' lang='lat'><strong><em>,</em></strong></span> <span class='ocrx_word' id='word_1_111' title='bbox 921 1863 1035 1916; x_wconf 62' lang='lat' dir='ltr'><strong><em>hinc</em></strong></span> <span class='ocrx_word' id='word_1_112' title='bbox 1063 1859 1338 1931; x_wconf 83' lang='lat' dir='ltr'><strong><em>perfecta;</em></strong></span> <span class='ocrx_word' id='word_1_113' title='bbox 1384 1857 1471 1910; x_wconf 90' lang='lat' dir='ltr'><strong><em>illa</em></strong></span> <span class='ocrx_word' id='word_1_114' title='bbox 1510 1864 1667 1926; x_wconf 84' lang='lat' dir='ltr'><strong><em>typus</em></strong></span> <span class='ocrx_word' id='word_1_115' title='bbox 1705 1871 1768 1910; x_wconf 93' lang='lat' dir='ltr'><strong><em>ac</em></strong></span> <span class='ocrx_word' id='word_1_116' title='bbox 1799 1857 1961 1925; x_wconf 84' lang='lat' dir='ltr'><strong><em>ﬁgura</em></strong></span> <span class='ocrx_word' id='word_1_117' title='bbox 1987 1896 2002 1922; x_wconf 95' lang='lat'><strong><em>,</em></strong></span> <span class='ocrx_word' id='word_1_118' title='bbox 2036 1854 2152 1909; x_wconf 66' lang='lat' dir='ltr'><strong><em>haec</em></strong></span> 
     </span>
    </p>
   </div>
   <div class='ocr_carea' id='block_1_17' title="bbox 570 1951 2149 2021">
    <p class='ocr_par' dir='ltr' id='par_1_17' title="bbox 570 1951 2149 2021">
     <span class='ocr_line' id='line_1_17' title="bbox 570 1951 2149 2021; baseline -0.004 -10"><span class='ocrx_word' id='word_1_119' title='bbox 570 1960 765 2014; x_wconf 66' lang='lat' dir='ltr'><strong><em>veritas</em></strong></span> <span class='ocrx_word' id='word_1_120' title='bbox 800 1975 815 2016; x_wconf 84' lang='lat'><strong>:</strong></span> <span class='ocrx_word' id='word_1_121' title='bbox 850 1956 971 2010; x_wconf 89' lang='lat' dir='ltr'><strong><em>Non</em></strong></span> <span class='ocrx_word' id='word_1_122' title='bbox 1002 1955 1145 2011; x_wconf 86' lang='lat' dir='ltr'><strong><em>enim</em></strong></span> <span class='ocrx_word' id='word_1_123' title='bbox 1168 1952 1442 2008; x_wconf 85' lang='lat' dir='ltr'><strong><em>secundum</em></strong></span> <span class='ocrx_word' id='word_1_124' title='bbox 1468 1951 1626 2021; x_wconf 84' lang='lat' dir='ltr'><strong><em>legem</em></strong></span> <span class='ocrx_word' id='word_1_125' title='bbox 1647 1951 1907 2017; x_wconf 90' lang='lat' dir='ltr'><strong><em>mandati,</em></strong></span> <span class='ocrx_word' id='word_1_126' title='bbox 1945 1951 2149 2020; x_wconf 86' lang='lat' dir='ltr'><strong><em>inquit,</em></strong></span> 
     </span>
    </p>
   </div>
   <div class='ocr_carea' id='block_1_18' title="bbox 567 2042 2154 2117">
    <p class='ocr_par' dir='ltr' id='par_1_18' title="bbox 567 2042 2154 2117">
     <span class='ocr_line' id='line_1_18' title="bbox 567 2042 2154 2117; baseline -0.006 -10"><span class='ocrx_word' id='word_1_127' title='bbox 567 2052 807 2117; x_wconf 87' lang='lat' dir='ltr'><strong><em>carnalis,</em></strong></span> <span class='ocrx_word' id='word_1_128' title='bbox 854 2053 943 2103; x_wconf 82' lang='lat' dir='ltr'><strong><em>sed</em></strong></span> <span class='ocrx_word' id='word_1_129' title='bbox 986 2047 1260 2102; x_wconf 89' lang='lat' dir='ltr'><strong><em>secundum</em></strong></span> <span class='ocrx_word' id='word_1_130' title='bbox 1307 2046 1538 2099; x_wconf 81' lang='lat' dir='ltr'><strong><em>virtutem</em></strong></span> <span class='ocrx_word' id='word_1_131' title='bbox 1580 2045 1695 2097; x_wconf 71' lang='lat' dir='ltr'><strong><em>vitis</em></strong></span> <span class='ocrx_word' id='word_1_132' title='bbox 1730 2042 2061 2106; x_wconf 77' lang='lat' dir='ltr'><strong><em>insolubilis;</em></strong></span> <span class='ocrx_word' id='word_1_133' title='bbox 2099 2051 2154 2097; x_wconf 87' lang='lat' dir='ltr'><strong><em>et</em></strong></span> 
     </span>
    </p>
   </div>
   <div class='ocr_carea' id='block_1_19' title="bbox 568 2131 2153 2208">
    <p class='ocr_par' dir='ltr' id='par_1_19' title="bbox 568 2131 2153 2208">
     <span class='ocr_line' id='line_1_19' title="bbox 568 2131 2153 2208; baseline -0.006 -12"><span class='ocrx_word' id='word_1_134' title='bbox 568 2159 753 2198; x_wconf 79' lang='lat' dir='ltr'><strong><em>rursus</em></strong></span> <span class='ocrx_word' id='word_1_135' title='bbox 777 2184 793 2208; x_wconf 94' lang='lat'><strong><em>,</em></strong></span> <span class='ocrx_word' id='word_1_136' title='bbox 834 2140 914 2194; x_wconf 86' lang='lat' dir='ltr'><strong><em>Tu</em></strong></span> <span class='ocrx_word' id='word_1_137' title='bbox 950 2156 1001 2193; x_wconf 90' lang='lat' dir='ltr'><strong><em>es</em></strong></span> <span class='ocrx_word' id='word_1_138' title='bbox 1029 2138 1268 2192; x_wconf 82' lang='lat' dir='ltr'><strong><em>sacerdos</em></strong></span> <span class='ocrx_word' id='word_1_139' title='bbox 1305 2136 1356 2189; x_wconf 90' lang='lat' dir='ltr'><strong><em>in</em></strong></span> <span class='ocrx_word' id='word_1_140' title='bbox 1390 2144 1629 2188; x_wconf 79' lang='lat' dir='ltr'><strong><em>wternum</em></strong></span> <span class='ocrx_word' id='word_1_141' title='bbox 1669 2131 1873 2205; x_wconf 83' lang='lat' dir='ltr'><strong><em>(Hebr.</em></strong></span> <span class='ocrx_word' id='word_1_142' title='bbox 1903 2134 1955 2188; x_wconf 93' lang='lat'><strong><em>7.</em></strong></span> <span class='ocrx_word' id='word_1_143' title='bbox 1989 2134 2075 2189; x_wconf 91' lang='grc'><strong>16.</strong></span> <span class='ocrx_word' id='word_1_144' title='bbox 2107 2144 2153 2187; x_wconf 92' lang='lat' dir='ltr'><strong><em>et</em></strong></span> 
     </span>
    </p>
   </div>
   <div class='ocr_carea' id='block_1_20' title="bbox 567 2224 2154 2303">
    <p class='ocr_par' dir='ltr' id='par_1_20' title="bbox 567 2224 2154 2303">
     <span class='ocr_line' id='line_1_20' title="bbox 567 2224 2154 2303; baseline -0.008 -13"><span class='ocrx_word' id='word_1_145' title='bbox 567 2237 621 2290; x_wconf 83' lang='lat'><strong><em>5.</em></strong></span> <span class='ocrx_word' id='word_1_146' title='bbox 652 2234 721 2302; x_wconf 86' lang='lat'><strong><em>6)</em></strong></span> <span class='ocrx_word' id='word_1_147' title='bbox 756 2235 922 2303; x_wconf 86' lang='lat' dir='ltr'><strong><em>(ecce</em></strong></span> <span class='ocrx_word' id='word_1_148' title='bbox 951 2229 1248 2285; x_wconf 79' lang='lat' dir='ltr'><strong><em>sacerdotis</em></strong></span> <span class='ocrx_word' id='word_1_149' title='bbox 1279 2225 1719 2296; x_wconf 87' lang='lat' dir='ltr'><strong><em>perpetuitatem)</em></strong></span> <span class='ocrx_word' id='word_1_150' title='bbox 1746 2243 1759 2278; x_wconf 90' lang='lat'><strong>:</strong></span> <span class='ocrx_word' id='word_1_151' title='bbox 1788 2234 1842 2279; x_wconf 91' lang='lat' dir='ltr'><strong><em>et</em></strong></span> <span class='ocrx_word' id='word_1_152' title='bbox 1869 2224 1938 2279; x_wconf 89' lang='lat' dir='ltr'><strong><em>de</em></strong></span> <span class='ocrx_word' id='word_1_153' title='bbox 1967 2224 2154 2279; x_wconf 82' lang='lat' dir='ltr'><strong><em>Testa-</em></strong></span> 
     </span>
    </p>
   </div>
   <div class='ocr_carea' id='block_1_21' title="bbox 570 2315 2154 2391">
    <p class='ocr_par' dir='ltr' id='par_1_21' title="bbox 570 2315 2154 2391">
     <span class='ocr_line' id='line_1_21' title="bbox 570 2315 2154 2391; baseline -0.008 -11"><span class='ocrx_word' id='word_1_154' title='bbox 570 2335 772 2390; x_wconf 88' lang='lat' dir='ltr'><strong><em>mento,</em></strong></span> <span class='ocrx_word' id='word_1_155' title='bbox 801 2322 955 2388; x_wconf 87' lang='lat' dir='ltr'><strong><em>Illud,</em></strong></span> <span class='ocrx_word' id='word_1_156' title='bbox 978 2322 1168 2391; x_wconf 89' lang='lat' dir='ltr'><strong><em>inquit,</em></strong></span> <span class='ocrx_word' id='word_1_157' title='bbox 1190 2329 1274 2374; x_wconf 91' lang='lat' dir='ltr'><strong><em>est</em></strong></span> <span class='ocrx_word' id='word_1_158' title='bbox 1294 2327 1446 2373; x_wconf 82' lang='lat' dir='ltr'><strong><em>vetus</em></strong></span> <span class='ocrx_word' id='word_1_159' title='bbox 1470 2335 1484 2370; x_wconf 74' lang='grc' dir='ltr'>ε</span> <span class='ocrx_word' id='word_1_160' title='bbox 1517 2316 1666 2381; x_wconf 82' lang='lat' dir='ltr'><strong><em>Quod</em></strong></span> <span class='ocrx_word' id='word_1_161' title='bbox 1694 2315 1834 2370; x_wconf 90' lang='lat' dir='ltr'><strong><em>enim</em></strong></span> <span class='ocrx_word' id='word_1_162' title='bbox 1861 2316 2154 2385; x_wconf 77' lang='lat' dir='ltr'><strong><em>antiquetur</em></strong></span> 
     </span>
    </p>
   </div>
   <div class='ocr_carea' id='block_1_22' title="bbox 569 2400 2151 2486">
    <p class='ocr_par' dir='ltr' id='par_1_22' title="bbox 569 2400 2151 2486">
     <span class='ocr_line' id='line_1_22' title="bbox 569 2400 2151 2486; baseline -0.007 -17"><span class='ocrx_word' id='word_1_163' title='bbox 569 2428 613 2470; x_wconf 83' lang='lat' dir='ltr'><strong><em>et</em></strong></span> <span class='ocrx_word' id='word_1_164' title='bbox 635 2415 863 2475; x_wconf 84' lang='lat' dir='ltr'><strong><em>senescit,</em></strong></span> <span class='ocrx_word' id='word_1_165' title='bbox 891 2400 1326 2486; x_wconf 30' lang='lat' dir='ltr'><strong><em>prope&#39;interitum</em></strong></span> <span class='ocrx_word' id='word_1_166' title='bbox 1356 2419 1426 2463; x_wconf 86' lang='lat' dir='ltr'><strong><em>est</em></strong></span> <span class='ocrx_word' id='word_1_167' title='bbox 1468 2407 1728 2479; x_wconf 81' lang='lat' dir='ltr'><strong><em>(Hebr.8.</em></strong></span> <span class='ocrx_word' id='word_1_168' title='bbox 1760 2407 1849 2478; x_wconf 80' lang='grc'><strong>15)</strong></span> <span class='ocrx_word' id='word_1_169' title='bbox 1879 2425 1891 2460; x_wconf 88' lang='lat'><strong>:</strong></span> <span class='ocrx_word' id='word_1_170' title='bbox 1918 2408 2020 2461; x_wconf 89' lang='lat' dir='ltr'><strong><em>hoc</em></strong></span> <span class='ocrx_word' id='word_1_171' title='bbox 2051 2421 2151 2459; x_wconf 85' lang='lat' dir='ltr'><strong><em>au-</em></strong></span> 
     </span>
    </p>
   </div>
   <div class='ocr_carea' id='block_1_23' title="bbox 572 2501 2148 2571">
    <p class='ocr_par' dir='ltr' id='par_1_23' title="bbox 572 2501 2148 2571">
     <span class='ocr_line' id='line_1_23' title="bbox 572 2501 2148 2571; baseline -0.005 -8"><span class='ocrx_word' id='word_1_172' title='bbox 572 2521 677 2563; x_wconf 89' lang='lat' dir='ltr'><strong><em>tem</em></strong></span> <span class='ocrx_word' id='word_1_173' title='bbox 707 2522 901 2562; x_wconf 82' lang='lat' dir='ltr'><strong><em>novum</em></strong></span> <span class='ocrx_word' id='word_1_174' title='bbox 925 2516 976 2561; x_wconf 89' lang='lat' dir='ltr'><strong><em>et</em></strong></span> <span class='ocrx_word' id='word_1_175' title='bbox 1005 2505 1207 2562; x_wconf 84' lang='lat' dir='ltr'><strong><em>habens</em></strong></span> <span class='ocrx_word' id='word_1_176' title='bbox 1226 2503 1590 2558; x_wconf 88' lang='lat' dir='ltr'><strong><em>remissionem</em></strong></span> <span class='ocrx_word' id='word_1_177' title='bbox 1616 2510 1956 2571; x_wconf 83' lang='lat' dir='ltr'><strong><em>peccatorum</em></strong></span> <span class='ocrx_word' id='word_1_178' title='bbox 1983 2519 1995 2565; x_wconf 92' lang='lat'>;</span> <span class='ocrx_word' id='word_1_179' title='bbox 2020 2501 2148 2555; x_wconf 92' lang='lat' dir='ltr'><strong><em>illud</em></strong></span> 
     </span>
    </p>
   </div>
   <div class='ocr_carea' id='block_1_24' title="bbox 570 2594 2151 2663">
    <p class='ocr_par' dir='ltr' id='par_1_24' title="bbox 570 2594 2151 2663">
     <span class='ocr_line' id='line_1_24' title="bbox 570 2594 2151 2663; baseline -0.007 -7"><span class='ocrx_word' id='word_1_180' title='bbox 570 2617 697 2656; x_wconf 70' lang='lat' dir='ltr'><strong><em>vero</em></strong></span> <span class='ocrx_word' id='word_1_181' title='bbox 729 2601 859 2654; x_wconf 87' lang='lat' dir='ltr'><strong><em>nihil</em></strong></span> <span class='ocrx_word' id='word_1_182' title='bbox 897 2600 997 2655; x_wconf 85' lang='lat' dir='ltr'><strong><em>tale</em></strong></span> <span class='ocrx_word' id='word_1_183' title='bbox 1027 2615 1041 2652; x_wconf 91' lang='lat'><strong>:</strong></span> <span class='ocrx_word' id='word_1_184' title='bbox 1073 2596 1223 2650; x_wconf 80' lang='lat' dir='ltr'><strong><em>Nihil</em></strong></span> <span class='ocrx_word' id='word_1_185' title='bbox 1266 2596 1398 2649; x_wconf 90' lang='lat' dir='ltr'><strong><em>enim</em></strong></span> <span class='ocrx_word' id='word_1_186' title='bbox 1438 2594 1518 2647; x_wconf 82' lang='lat' dir='ltr'><strong><em>lea:</em></strong></span> <span class='ocrx_word' id='word_1_187' title='bbox 1545 2594 1757 2647; x_wconf 77' lang='lat' dir='ltr'><strong><em>adduxit</em></strong></span> <span class='ocrx_word' id='word_1_188' title='bbox 1783 2594 1851 2645; x_wconf 91' lang='lat' dir='ltr'><strong><em>ad</em></strong></span> <span class='ocrx_word' id='word_1_189' title='bbox 1876 2595 2151 2663; x_wconf 74' lang='lat' dir='ltr'><strong><em>perfectum</em></strong></span> 
     </span>
    </p>
   </div>
   <div class='ocr_carea' id='block_1_25' title="bbox 569 2685 2148 2761">
    <p class='ocr_par' dir='ltr' id='par_1_25' title="bbox 569 2685 2148 2761">
     <span class='ocr_line' id='line_1_25' title="bbox 569 2685 2148 2761; baseline -0.008 -13"><span class='ocrx_word' id='word_1_190' title='bbox 569 2696 754 2761; x_wconf 83' lang='lat' dir='ltr'><strong><em>(llebr.</em></strong></span> <span class='ocrx_word' id='word_1_191' title='bbox 783 2695 835 2748; x_wconf 90' lang='lat'><strong><em>7.</em></strong></span> <span class='ocrx_word' id='word_1_192' title='bbox 872 2694 984 2761; x_wconf 89' lang='grc'><strong>19),</strong></span> <span class='ocrx_word' id='word_1_193' title='bbox 1016 2690 1185 2759; x_wconf 86' lang='lat' dir='ltr'><strong><em>inquit</em></strong></span> <span class='ocrx_word' id='word_1_194' title='bbox 1214 2706 1228 2753; x_wconf 87' lang='lat'><strong>;</strong></span> <span class='ocrx_word' id='word_1_195' title='bbox 1260 2697 1314 2743; x_wconf 90' lang='lat' dir='ltr'><strong><em>et</em></strong></span> <span class='ocrx_word' id='word_1_196' title='bbox 1340 2700 1545 2750; x_wconf 90' lang='lat' dir='ltr'><strong><em>rursus,</em></strong></span> <span class='ocrx_word' id='word_1_197' title='bbox 1575 2685 1899 2753; x_wconf 83' lang='lat' dir='ltr'><strong><em>Sacri/icium</em></strong></span> <span class='ocrx_word' id='word_1_198' title='bbox 1929 2695 1974 2738; x_wconf 90' lang='lat' dir='ltr'><strong><em>et</em></strong></span> <span class='ocrx_word' id='word_1_199' title='bbox 2006 2685 2148 2737; x_wconf 72' lang='lat' dir='ltr'><strong><em>aliIn-</em></strong></span> 
     </span>
    </p>
   </div>
   <div class='ocr_carea' id='block_1_26' title="bbox 578 2775 2152 2851">
    <p class='ocr_par' dir='ltr' id='par_1_26' title="bbox 578 2775 2152 2851">
     <span class='ocr_line' id='line_1_26' title="bbox 578 2775 2152 2851; baseline -0.007 -14"><span class='ocrx_word' id='word_1_200' title='bbox 578 2788 761 2838; x_wconf 80' lang='lat' dir='ltr'><strong><em>tionem</em></strong></span> <span class='ocrx_word' id='word_1_201' title='bbox 791 2784 999 2837; x_wconf 83' lang='lat' dir='ltr'><strong><em>noluisti</em></strong></span> <span class='ocrx_word' id='word_1_202' title='bbox 1021 2800 1039 2836; x_wconf 92' lang='lat'><strong><em>:</em></strong></span> <span class='ocrx_word' id='word_1_203' title='bbox 1062 2782 1186 2837; x_wconf 90' lang='lat' dir='ltr'><strong><em>illud</em></strong></span> <span class='ocrx_word' id='word_1_204' title='bbox 1214 2779 1428 2851; x_wconf 81' lang='lat' dir='ltr'><strong><em>quidem</em></strong></span> <span class='ocrx_word' id='word_1_205' title='bbox 1450 2776 1830 2842; x_wconf 80' lang='lat' dir='ltr'><strong><em>manuiactum,</em></strong></span> <span class='ocrx_word' id='word_1_206' title='bbox 1851 2775 1951 2829; x_wconf 88' lang='lat' dir='ltr'><strong><em>hoc</em></strong></span> <span class='ocrx_word' id='word_1_207' title='bbox 1976 2782 2152 2827; x_wconf 90' lang='lat' dir='ltr'><strong><em>autem</em></strong></span> 
     </span>
    </p>
   </div>
   <div class='ocr_carea' id='block_1_27' title="bbox 580 2866 2151 2942">
    <p class='ocr_par' dir='ltr' id='par_1_27' title="bbox 580 2866 2151 2942">
     <span class='ocr_line' id='line_1_27' title="bbox 580 2866 2151 2942; baseline -0.008 -11"><span class='ocrx_word' id='word_1_208' title='bbox 580 2895 684 2931; x_wconf 85' lang='lat' dir='ltr'><strong><em>non</em></strong></span> <span class='ocrx_word' id='word_1_209' title='bbox 718 2876 1076 2931; x_wconf 82' lang='lat' dir='ltr'><strong><em>manul’actum</em></strong></span> <span class='ocrx_word' id='word_1_210' title='bbox 1100 2892 1113 2942; x_wconf 93' lang='lat'><strong>;</strong></span> <span class='ocrx_word' id='word_1_211' title='bbox 1142 2874 1270 2936; x_wconf 81' lang='lat' dir='ltr'><strong><em>illud</em></strong></span> <span class='ocrx_word' id='word_1_212' title='bbox 1293 2873 1495 2929; x_wconf 85' lang='lat' dir='ltr'><strong><em>habens</em></strong></span> <span class='ocrx_word' id='word_1_213' title='bbox 1519 2870 1832 2942; x_wconf 87' lang='lat' dir='ltr'><strong><em>sanguinem</em></strong></span> <span class='ocrx_word' id='word_1_214' title='bbox 1855 2866 2151 2931; x_wconf 86' lang='lat' dir='ltr'><strong><em>hircorum,</em></strong></span> 
     </span>
    </p>
   </div>
   <div class='ocr_carea' id='block_1_28' title="bbox 573 2954 2154 3035">
    <p class='ocr_par' dir='ltr' id='par_1_28' title="bbox 573 2954 2154 3035">
     <span class='ocr_line' id='line_1_28' title="bbox 573 2954 2154 3035; baseline -0.006 -17"><span class='ocrx_word' id='word_1_215' title='bbox 573 2978 673 3019; x_wconf 82' lang='lat' dir='ltr'><strong><em>hoc</em></strong></span> <span class='ocrx_word' id='word_1_216' title='bbox 701 2984 826 3020; x_wconf 84' lang='lat' dir='ltr'><strong><em>vero</em></strong></span> <span class='ocrx_word' id='word_1_217' title='bbox 857 2965 1096 3035; x_wconf 64' lang='lat' dir='ltr'><strong><em>Domini;</em></strong></span> <span class='ocrx_word' id='word_1_218' title='bbox 1125 2964 1253 3016; x_wconf 91' lang='lat' dir='ltr'><strong><em>illud</em></strong></span> <span class='ocrx_word' id='word_1_219' title='bbox 1284 2967 1519 3015; x_wconf 87' lang='lat' dir='ltr'><strong><em>stantem</em></strong></span> <span class='ocrx_word' id='word_1_220' title='bbox 1543 2956 1917 3019; x_wconf 88' lang='lat' dir='ltr'><strong><em>sacerdotem,</em></strong></span> <span class='ocrx_word' id='word_1_221' title='bbox 1937 2954 2040 3009; x_wconf 86' lang='lat' dir='ltr'><strong><em>hoc</em></strong></span> <span class='ocrx_word' id='word_1_222' title='bbox 2066 2966 2154 3009; x_wconf 83' lang='lat' dir='ltr'><strong><em>se-</em></strong></span> 
     </span>
    </p>
   </div>
   <div class='ocr_carea' id='block_1_29' title="bbox 573 3044 2155 3122">
    <p class='ocr_par' dir='ltr' id='par_1_29' title="bbox 573 3044 2155 3122">
     <span class='ocr_line' id='line_1_29' title="bbox 573 3044 2155 3122; baseline -0.006 -14"><span class='ocrx_word' id='word_1_223' title='bbox 573 3060 807 3110; x_wconf 77' lang='lat' dir='ltr'><strong><em>dentem.</em></strong></span> <span class='ocrx_word' id='word_1_224' title='bbox 829 3054 1094 3121; x_wconf 89' lang='lat' dir='ltr'><strong><em>Quoniam</em></strong></span> <span class='ocrx_word' id='word_1_225' title='bbox 1116 3067 1247 3122; x_wconf 83' lang='lat' dir='ltr'><strong><em>ergo</em></strong></span> <span class='ocrx_word' id='word_1_226' title='bbox 1269 3051 1451 3106; x_wconf 87' lang='lat' dir='ltr'><strong><em>omnia</em></strong></span> <span class='ocrx_word' id='word_1_227' title='bbox 1470 3048 1560 3103; x_wconf 88' lang='lat' dir='ltr'><strong><em>illa</em></strong></span> <span class='ocrx_word' id='word_1_228' title='bbox 1583 3046 1818 3107; x_wconf 87' lang='lat' dir='ltr'><strong><em>minora.</em></strong></span> <span class='ocrx_word' id='word_1_229' title='bbox 1842 3044 2155 3117; x_wconf 7' lang='lat' dir='ltr'><strong><em>lneeqautem</em></strong></span> 
     </span>
    </p>
   </div>
   <div class='ocr_carea' id='block_1_30' title="bbox 575 3138 2155 3222">
    <p class='ocr_par' dir='ltr' id='par_1_30' title="bbox 575 3138 2155 3222">
     <span class='ocr_line' id='line_1_30' title="bbox 575 3138 2155 3222; baseline -0.008 -18"><span class='ocrx_word' id='word_1_230' title='bbox 575 3151 802 3219; x_wconf 85' lang='lat' dir='ltr'><strong><em>majora,</em></strong></span> <span class='ocrx_word' id='word_1_231' title='bbox 819 3154 1098 3222; x_wconf 74' lang='lat' dir='ltr'><strong><em>pl&#39;Oplcl‘ea</em></strong></span> <span class='ocrx_word' id='word_1_232' title='bbox 1117 3144 1270 3207; x_wconf 89' lang='lat' dir='ltr'><strong><em>dicit,</em></strong></span> <span class='ocrx_word' id='word_1_233' title='bbox 1293 3141 1555 3201; x_wconf 84' lang='lat' dir='ltr'><strong><em>Habentes</em></strong></span> <span class='ocrx_word' id='word_1_234' title='bbox 1576 3140 1769 3209; x_wconf 83' lang='lat' dir='ltr'><strong><em>itaque,</em></strong></span> <span class='ocrx_word' id='word_1_235' title='bbox 1785 3138 1998 3207; x_wconf 78' lang='lat' dir='ltr'><strong><em>fratres,</em></strong></span> <span class='ocrx_word' id='word_1_236' title='bbox 2018 3141 2155 3208; x_wconf 80' lang='lat' dir='ltr'><strong><em>ﬁdu-</em></strong></span> 
     </span>
    </p>
   </div>
   <div class='ocr_carea' id='block_1_31' title="bbox 573 3227 2159 3300">
    <p class='ocr_par' dir='ltr' id='par_1_31' title="bbox 573 3227 2159 3300">
     <span class='ocr_line' id='line_1_31' title="bbox 573 3227 2159 3300; baseline -0.007 -8"><span class='ocrx_word' id='word_1_237' title='bbox 573 3240 732 3292; x_wconf 85' lang='lat' dir='ltr'><strong><em>ciam.</em></strong></span> <span class='ocrx_word' id='word_1_238' title='bbox 765 3235 1043 3290; x_wconf 82' lang='lat' dir='ltr'><strong><em>Fiduciam</em></strong></span> <span class='ocrx_word' id='word_1_239' title='bbox 1072 3231 1384 3287; x_wconf 90' lang='lat' dir='ltr'><strong><em>undenam?</em></strong></span> <span class='ocrx_word' id='word_1_240' title='bbox 1412 3231 1455 3283; x_wconf 83' lang='lat' dir='ltr'><strong>A</strong></span> <span class='ocrx_word' id='word_1_241' title='bbox 1481 3230 1822 3286; x_wconf 83' lang='lat' dir='ltr'><strong><em>remissione.</em></strong></span> <span class='ocrx_word' id='word_1_242' title='bbox 1853 3227 2007 3283; x_wconf 89' lang='lat' dir='ltr'><strong><em>Sicut</em></strong></span> <span class='ocrx_word' id='word_1_243' title='bbox 2024 3244 2159 3300; x_wconf 70' lang='lat' dir='ltr'><strong><em>pec-</em></strong></span> 
     </span>
    </p>
   </div>
   <div class='ocr_carea' id='block_1_32' title="bbox 573 3321 2160 3406">
    <p class='ocr_par' dir='ltr' id='par_1_32' title="bbox 573 3321 2160 3406">
     <span class='ocr_line' id='line_1_32' title="bbox 573 3321 2160 3406; baseline -0.006 -21"><span class='ocrx_word' id='word_1_244' title='bbox 573 3342 714 3396; x_wconf 86' lang='lat' dir='ltr'><strong><em>cata,</em></strong></span> <span class='ocrx_word' id='word_1_245' title='bbox 731 3330 925 3406; x_wconf 87' lang='lat' dir='ltr'><strong><em>inquit,</em></strong></span> <span class='ocrx_word' id='word_1_246' title='bbox 943 3327 1180 3383; x_wconf 84' lang='lat' dir='ltr'><strong><em>elliciunt</em></strong></span> <span class='ocrx_word' id='word_1_247' title='bbox 1199 3334 1251 3382; x_wconf 91' lang='lat' dir='ltr'><strong><em>et</em></strong></span> <span class='ocrx_word' id='word_1_248' title='bbox 1267 3325 1501 3383; x_wconf 72' lang='lat' dir='ltr'><strong><em>aderunt</em></strong></span> <span class='ocrx_word' id='word_1_249' title='bbox 1514 3325 1795 3401; x_wconf 86' lang='lat' dir='ltr'><strong><em>pudorem,</em></strong></span> <span class='ocrx_word' id='word_1_250' title='bbox 1814 3322 1885 3376; x_wconf 91' lang='lat' dir='ltr'><strong><em>ita</em></strong></span> <span class='ocrx_word' id='word_1_251' title='bbox 1906 3321 2160 3377; x_wconf 85' lang='lat' dir='ltr'><strong><em>ﬁduciam</em></strong></span> 
     </span>
    </p>
   </div>
   <div class='ocr_carea' id='block_1_33' title="bbox 568 3417 2164 3493">
    <p class='ocr_par' dir='ltr' id='par_1_33' title="bbox 568 3417 2164 3493">
     <span class='ocr_line' id='line_1_33' title="bbox 568 3417 2164 3493; baseline -0.006 -13"><span class='ocrx_word' id='word_1_252' title='bbox 568 3421 1142 3493; x_wconf 45' lang='lat' dir='ltr'><strong><em>’all‘ertetellicitquod</em></strong></span> <span class='ocrx_word' id='word_1_253' title='bbox 1163 3421 1345 3474; x_wconf 90' lang='lat' dir='ltr'><strong><em>omnia</em></strong></span> <span class='ocrx_word' id='word_1_254' title='bbox 1374 3420 1484 3477; x_wconf 88' lang='lat' dir='ltr'><strong><em>sint</em></strong></span> <span class='ocrx_word' id='word_1_255' title='bbox 1513 3419 1670 3475; x_wconf 87' lang='lat' dir='ltr'><strong><em>nobis</em></strong></span> <span class='ocrx_word' id='word_1_256' title='bbox 1700 3417 1964 3473; x_wconf 86' lang='lat' dir='ltr'><strong><em>remissa:</em></strong></span> <span class='ocrx_word' id='word_1_257' title='bbox 1985 3429 2164 3485; x_wconf 90' lang='lat' dir='ltr'><strong><em>neque</em></strong></span> 
     </span>
    </p>
   </div>
   <div class='ocr_carea' id='block_1_34' title="bbox 578 3508 2162 3585">
    <p class='ocr_par' dir='ltr' id='par_1_34' title="bbox 578 3508 2162 3585">
     <span class='ocr_line' id='line_1_34' title="bbox 578 3508 2162 3585; baseline -0.008 -13"><span class='ocrx_word' id='word_1_258' title='bbox 578 3519 681 3572; x_wconf 82' lang='lat' dir='ltr'><strong><em>hoc</em></strong></span> <span class='ocrx_word' id='word_1_259' title='bbox 698 3508 935 3585; x_wconf 78' lang='lat' dir='ltr'><strong><em>tantum,</em></strong></span> <span class='ocrx_word' id='word_1_260' title='bbox 947 3516 1038 3569; x_wconf 91' lang='lat' dir='ltr'><strong><em>sed</em></strong></span> <span class='ocrx_word' id='word_1_261' title='bbox 1055 3514 1197 3583; x_wconf 88' lang='lat' dir='ltr'><strong><em>quod</em></strong></span> <span class='ocrx_word' id='word_1_262' title='bbox 1213 3512 1337 3569; x_wconf 80' lang='lat' dir='ltr'><strong><em>facti</em></strong></span> <span class='ocrx_word' id='word_1_263' title='bbox 1353 3512 1528 3566; x_wconf 91' lang='lat' dir='ltr'><strong><em>simus</em></strong></span> <span class='ocrx_word' id='word_1_264' title='bbox 1545 3508 1937 3575; x_wconf 78' lang='lat' dir='ltr'><strong><em>colueredes,et</em></strong></span> <span class='ocrx_word' id='word_1_265' title='bbox 1950 3514 2162 3561; x_wconf 90' lang='lat' dir='ltr'><strong><em>tantam</em></strong></span> 
     </span>
    </p>
   </div>
   <div class='ocr_carea' id='block_1_35' title="bbox 586 3592 2164 3662">
    <p class='ocr_par' dir='ltr' id='par_1_35' title="bbox 586 3592 2164 3662">
     <span class='ocr_line' id='line_1_35' title="bbox 586 3592 2164 3662; baseline -0.008 -2"><span class='ocrx_word' id='word_1_266' title='bbox 586 3609 759 3662; x_wconf 87' lang='lat' dir='ltr'><strong><em>simus</em></strong></span> <span class='ocrx_word' id='word_1_267' title='bbox 776 3606 1011 3661; x_wconf 84' lang='lat' dir='ltr'><strong><em>assecuti</em></strong></span> <span class='ocrx_word' id='word_1_268' title='bbox 1032 3599 1441 3658; x_wconf 78' lang='lat' dir='ltr'><strong><em>charitatemJn</em></strong></span> <span class='ocrx_word' id='word_1_269' title='bbox 1459 3599 1679 3653; x_wconf 88' lang='lat' dir='ltr'><strong><em>introitu</em></strong></span> <span class='ocrx_word' id='word_1_270' title='bbox 1691 3592 2164 3659; x_wconf 87' lang='lat' dir='ltr'><strong><em>sanctorum.Quid</em></strong></span> 
     </span>
    </p>
   </div>
   <div class='ocr_carea' id='block_1_36' title="bbox 593 3679 2168 3751">
    <p class='ocr_par' dir='ltr' id='par_1_36' title="bbox 593 3679 2168 3751">
     <span class='ocr_line' id='line_1_36' title="bbox 593 3679 2168 3751; baseline -0.007 -6"><span class='ocrx_word' id='word_1_271' title='bbox 593 3694 678 3746; x_wconf 91' lang='lat' dir='ltr'><strong><em>hic</em></strong></span> <span class='ocrx_word' id='word_1_272' title='bbox 703 3692 832 3749; x_wconf 87' lang='lat' dir='ltr'><strong><em>dicit</em></strong></span> <span class='ocrx_word' id='word_1_273' title='bbox 858 3689 1174 3751; x_wconf 88' lang='lat' dir='ltr'><strong><em>introitum?</em></strong></span> <span class='ocrx_word' id='word_1_274' title='bbox 1202 3687 1403 3742; x_wconf 63' lang='lat' dir='ltr'><strong><em>Caelum</em></strong></span> <span class='ocrx_word' id='word_1_275' title='bbox 1431 3695 1486 3741; x_wconf 92' lang='lat' dir='ltr'><strong><em>et</em></strong></span> <span class='ocrx_word' id='word_1_276' title='bbox 1514 3683 1878 3739; x_wconf 89' lang='lat' dir='ltr'><strong><em>accessionem</em></strong></span> <span class='ocrx_word' id='word_1_277' title='bbox 1908 3679 1976 3735; x_wconf 89' lang='lat' dir='ltr'><strong><em>ad</em></strong></span> <span class='ocrx_word' id='word_1_278' title='bbox 2005 3679 2168 3749; x_wconf 89' lang='lat' dir='ltr'><strong><em>spiri-</em></strong></span> 
     </span>
    </p>
   </div>
   <div class='ocr_carea' id='block_1_37' title="bbox 592 3772 2172 3859">
    <p class='ocr_par' dir='ltr' id='par_1_37' title="bbox 592 3772 2172 3859">
     <span class='ocr_line' id='line_1_37' title="bbox 592 3772 2172 3859; baseline -0.009 -20"><span class='ocrx_word' id='word_1_279' title='bbox 592 3786 775 3839; x_wconf 88' lang='lat' dir='ltr'><strong><em>tualia.</em></strong></span> <span class='ocrx_word' id='word_1_280' title='bbox 807 3783 975 3859; x_wconf 81' lang='lat' dir='ltr'><strong><em>Quam</em></strong></span> <span class='ocrx_word' id='word_1_281' title='bbox 995 3782 1229 3837; x_wconf 85' lang='lat' dir='ltr'><strong><em>initiavit.</em></strong></span> <span class='ocrx_word' id='word_1_282' title='bbox 1262 3780 1376 3834; x_wconf 79' lang='lat' dir='ltr'><strong><em>Hoc</em></strong></span> <span class='ocrx_word' id='word_1_283' title='bbox 1401 3786 1504 3841; x_wconf 90' lang='lat' dir='ltr'><strong><em>est,</em></strong></span> <span class='ocrx_word' id='word_1_284' title='bbox 1528 3790 1686 3846; x_wconf 89' lang='lat' dir='ltr'><strong><em>quam</em></strong></span> <span class='ocrx_word' id='word_1_285' title='bbox 1713 3772 2034 3839; x_wconf 78' lang='lat' dir='ltr'><strong><em>construxit,</em></strong></span> <span class='ocrx_word' id='word_1_286' title='bbox 2062 3780 2116 3826; x_wconf 90' lang='lat' dir='ltr'><strong><em>et</em></strong></span> <span class='ocrx_word' id='word_1_287' title='bbox 2140 3785 2172 3825; x_wconf 87' lang='lat' dir='ltr'><strong><em>a</em></strong></span> 
     </span>
    </p>
   </div>
   <div class='ocr_carea' id='block_1_38' title="bbox 591 3865 2171 3949">
    <p class='ocr_par' dir='ltr' id='par_1_38' title="bbox 591 3865 2171 3949">
     <span class='ocr_line' id='line_1_38' title="bbox 591 3865 2171 3949; baseline -0.011 -16"><span class='ocrx_word' id='word_1_288' title='bbox 591 3893 698 3949; x_wconf 87' lang='lat' dir='ltr'><strong><em>qua</em></strong></span> <span class='ocrx_word' id='word_1_289' title='bbox 745 3877 946 3947; x_wconf 83' lang='lat' dir='ltr'><strong><em>incepit</em></strong></span> <span class='ocrx_word' id='word_1_290' title='bbox 990 3894 1003 3930; x_wconf 90' lang='lat'><strong>:</strong></span> <span class='ocrx_word' id='word_1_291' title='bbox 1050 3873 1280 3929; x_wconf 90' lang='lat' dir='ltr'><strong><em>initiatio</em></strong></span> <span class='ocrx_word' id='word_1_292' title='bbox 1318 3872 1461 3926; x_wconf 89' lang='lat' dir='ltr'><strong><em>enim</em></strong></span> <span class='ocrx_word' id='word_1_293' title='bbox 1499 3879 1583 3924; x_wconf 89' lang='lat' dir='ltr'><strong><em>est</em></strong></span> <span class='ocrx_word' id='word_1_294' title='bbox 1627 3868 1737 3937; x_wconf 88' lang='lat' dir='ltr'><strong><em>jam</em></strong></span> <span class='ocrx_word' id='word_1_295' title='bbox 1784 3865 1991 3920; x_wconf 89' lang='lat' dir='ltr'><strong><em>initium</em></strong></span> <span class='ocrx_word' id='word_1_296' title='bbox 2021 3877 2171 3921; x_wconf 86' lang='lat' dir='ltr'><strong><em>usus.</em></strong></span> 
     </span>
    </p>
   </div>
   <div class='ocr_carea' id='block_1_39' title="bbox 592 3955 2176 4041">
    <p class='ocr_par' dir='ltr' id='par_1_39' title="bbox 592 3955 2176 4041">
     <span class='ocr_line' id='line_1_39' title="bbox 592 3955 2176 4041; baseline -0.011 -15"><span class='ocrx_word' id='word_1_297' title='bbox 592 3973 763 4041; x_wconf 91' lang='lat' dir='ltr'><strong><em>Quam</em></strong></span> <span class='ocrx_word' id='word_1_298' title='bbox 790 3966 1111 4030; x_wconf 82' lang='lat' dir='ltr'><strong><em>construxit,</em></strong></span> <span class='ocrx_word' id='word_1_299' title='bbox 1136 3963 1328 4033; x_wconf 84' lang='lat' dir='ltr'><strong><em>inquit,</em></strong></span> <span class='ocrx_word' id='word_1_300' title='bbox 1347 3970 1401 4016; x_wconf 90' lang='lat' dir='ltr'><strong><em>et</em></strong></span> <span class='ocrx_word' id='word_1_301' title='bbox 1425 3976 1518 4030; x_wconf 87' lang='lat' dir='ltr'><strong><em>per</em></strong></span> <span class='ocrx_word' id='word_1_302' title='bbox 1537 3974 1695 4030; x_wconf 90' lang='lat' dir='ltr'><strong><em>quam</em></strong></span> <span class='ocrx_word' id='word_1_303' title='bbox 1718 3958 1833 4027; x_wconf 87' lang='lat' dir='ltr'><strong><em>ipse</em></strong></span> <span class='ocrx_word' id='word_1_304' title='bbox 1861 3965 1944 4011; x_wconf 92' lang='lat' dir='ltr'><strong><em>est</em></strong></span> <span class='ocrx_word' id='word_1_305' title='bbox 1973 3955 2176 4026; x_wconf 78' lang='lat' dir='ltr'><strong><em>ingres-</em></strong></span> 
     </span>
    </p>
   </div>
   <div class='ocr_carea' id='block_1_40' title="bbox 596 4048 2169 4122">
    <p class='ocr_par' dir='ltr' id='par_1_40' title="bbox 596 4048 2169 4122">
     <span class='ocr_line' id='line_1_40' title="bbox 596 4048 2169 4122; baseline -0.011 -2"><span class='ocrx_word' id='word_1_306' title='bbox 596 4081 708 4120; x_wconf 86' lang='lat' dir='ltr'><strong><em>sus.</em></strong></span> <span class='ocrx_word' id='word_1_307' title='bbox 754 4062 900 4122; x_wconf 84' lang='lat' dir='ltr'><strong><em>Viam</em></strong></span> <span class='ocrx_word' id='word_1_308' title='bbox 938 4075 1116 4114; x_wconf 87' lang='lat' dir='ltr'><strong><em>novam</em></strong></span> <span class='ocrx_word' id='word_1_309' title='bbox 1146 4067 1193 4111; x_wconf 90' lang='lat' dir='ltr'><strong><em>et</em></strong></span> <span class='ocrx_word' id='word_1_310' title='bbox 1223 4057 1484 4110; x_wconf 88' lang='lat' dir='ltr'><strong><em>viventem.</em></strong></span> <span class='ocrx_word' id='word_1_311' title='bbox 1516 4053 1613 4108; x_wconf 88' lang='lat' dir='ltr'><strong><em>Hic</em></strong></span> <span class='ocrx_word' id='word_1_312' title='bbox 1641 4051 1875 4107; x_wconf 88' lang='lat' dir='ltr'><strong><em>ostendit</em></strong></span> <span class='ocrx_word' id='word_1_313' title='bbox 1914 4048 2029 4119; x_wconf 85' lang='lat' dir='ltr'><strong><em>spei</em></strong></span> <span class='ocrx_word' id='word_1_314' title='bbox 2060 4048 2169 4117; x_wconf 55' lang='lat' dir='ltr'><strong><em>ple.</em></strong></span> 
     </span>
    </p>
   </div>
   <div class='ocr_carea' id='block_1_41' title="bbox 597 4139 2178 4216">
    <p class='ocr_par' dir='ltr' id='par_1_41' title="bbox 597 4139 2178 4216">
     <span class='ocr_line' id='line_1_41' title="bbox 597 4139 2178 4216; baseline -0.009 -9"><span class='ocrx_word' id='word_1_315' title='bbox 597 4153 917 4211; x_wconf 85' lang='lat' dir='ltr'><strong><em>uitudinem.</em></strong></span> <span class='ocrx_word' id='word_1_316' title='bbox 952 4149 1174 4211; x_wconf 85' lang='lat' dir='ltr'><strong><em>Novam,</em></strong></span> <span class='ocrx_word' id='word_1_317' title='bbox 1208 4145 1401 4216; x_wconf 90' lang='lat' dir='ltr'><strong><em>inquit.</em></strong></span> <span class='ocrx_word' id='word_1_318' title='bbox 1433 4142 1723 4197; x_wconf 84' lang='lat' dir='ltr'><strong><em>Contendit</em></strong></span> <span class='ocrx_word' id='word_1_319' title='bbox 1750 4139 2034 4197; x_wconf 87' lang='lat' dir='ltr'><strong><em>ostendere</em></strong></span> <span class='ocrx_word' id='word_1_320' title='bbox 2077 4152 2178 4193; x_wconf 86' lang='lat' dir='ltr'><strong><em>nos</em></strong></span> 
     </span>
    </p>
   </div>
   <div class='ocr_carea' id='block_1_42' title="bbox 599 4234 2180 4307">
    <p class='ocr_par' dir='ltr' id='par_1_42' title="bbox 599 4234 2180 4307">
     <span class='ocr_line' id='line_1_42' title="bbox 599 4234 2180 4307; baseline -0.011 -8"><span class='ocrx_word' id='word_1_321' title='bbox 599 4244 780 4303; x_wconf 86' lang='lat' dir='ltr'><strong><em>omnia</em></strong></span> <span class='ocrx_word' id='word_1_322' title='bbox 818 4240 1069 4301; x_wconf 84' lang='lat' dir='ltr'><strong><em>habuisse</em></strong></span> <span class='ocrx_word' id='word_1_323' title='bbox 1101 4237 1301 4306; x_wconf 89' lang='lat' dir='ltr'><strong><em>majora</em></strong></span> <span class='ocrx_word' id='word_1_324' title='bbox 1325 4278 1340 4302; x_wconf 97' lang='lat'><strong><em>,</em></strong></span> <span class='ocrx_word' id='word_1_325' title='bbox 1373 4234 1633 4307; x_wconf 88' lang='lat' dir='ltr'><strong><em>siquidem</em></strong></span> <span class='ocrx_word' id='word_1_326' title='bbox 1665 4247 1805 4288; x_wconf 91' lang='lat' dir='ltr'><strong><em>nunc</em></strong></span> <span class='ocrx_word' id='word_1_327' title='bbox 1833 4240 2031 4301; x_wconf 66' lang='lat' dir='ltr'><strong><em>aperta:</em></strong></span> <span class='ocrx_word' id='word_1_328' title='bbox 2056 4236 2180 4287; x_wconf 88' lang='lat' dir='ltr'><strong><em>sunt</em></strong></span> 
     </span>
    </p>
   </div>
   <div class='ocr_carea' id='block_1_43' title="bbox 599 4322 2179 4406">
    <p class='ocr_par' dir='ltr' id='par_1_43' title="bbox 599 4322 2179 4406">
     <span class='ocr_line' id='line_1_43' title="bbox 599 4322 2179 4406; baseline -0.007 -20"><span class='ocrx_word' id='word_1_329' title='bbox 599 4346 766 4406; x_wconf 72' lang='lat' dir='ltr'><strong><em>porta:</em></strong></span> <span class='ocrx_word' id='word_1_330' title='bbox 784 4333 1063 4395; x_wconf 67' lang='lat' dir='ltr'><strong><em>cailorum,</em></strong></span> <span class='ocrx_word' id='word_1_331' title='bbox 1087 4328 1229 4399; x_wconf 90' lang='lat' dir='ltr'><strong><em>quod</em></strong></span> <span class='ocrx_word' id='word_1_332' title='bbox 1253 4341 1350 4381; x_wconf 91' lang='lat' dir='ltr'><strong><em>nec</em></strong></span> <span class='ocrx_word' id='word_1_333' title='bbox 1377 4325 1663 4379; x_wconf 82' lang='lat' dir='ltr'><strong><em>Abrahami</em></strong></span> <span class='ocrx_word' id='word_1_334' title='bbox 1689 4322 1905 4393; x_wconf 87' lang='lat' dir='ltr'><strong><em>quidem</em></strong></span> <span class='ocrx_word' id='word_1_335' title='bbox 1937 4331 2179 4392; x_wconf 85' lang='lat' dir='ltr'><strong><em>tempore</em></strong></span> 
     </span>
    </p>
   </div>
   <div class='ocr_carea' id='block_1_44' title="bbox 600 4416 2179 4495">
    <p class='ocr_par' dir='ltr' id='par_1_44' title="bbox 600 4416 2179 4495">
     <span class='ocr_line' id='line_1_44' title="bbox 600 4416 2179 4495; baseline -0.008 -14"><span class='ocrx_word' id='word_1_336' title='bbox 600 4425 841 4495; x_wconf 89' lang='lat' dir='ltr'><strong><em>contigit.</em></strong></span> <span class='ocrx_word' id='word_1_337' title='bbox 869 4423 934 4478; x_wconf 87' lang='lat' dir='ltr'><strong><em>Et</em></strong></span> <span class='ocrx_word' id='word_1_338' title='bbox 956 4432 1099 4477; x_wconf 80' lang='lat' dir='ltr'><strong><em>recte</em></strong></span> <span class='ocrx_word' id='word_1_339' title='bbox 1126 4420 1274 4486; x_wconf 88' lang='lat' dir='ltr'><strong><em>dicit,</em></strong></span> <span class='ocrx_word' id='word_1_340' title='bbox 1313 4416 1456 4471; x_wconf 79' lang='lat' dir='ltr'><strong><em>Viam</em></strong></span> <span class='ocrx_word' id='word_1_341' title='bbox 1475 4432 1655 4469; x_wconf 89' lang='lat' dir='ltr'><strong><em>novam</em></strong></span> <span class='ocrx_word' id='word_1_342' title='bbox 1675 4427 1719 4468; x_wconf 86' lang='lat' dir='ltr'><strong><em>et</em></strong></span> <span class='ocrx_word' id='word_1_343' title='bbox 1744 4416 1986 4469; x_wconf 87' lang='lat' dir='ltr'><strong><em>viventem</em></strong></span> <span class='ocrx_word' id='word_1_344' title='bbox 2012 4429 2030 4467; x_wconf 90' lang='lat'><strong><em>:</em></strong></span> <span class='ocrx_word' id='word_1_345' title='bbox 2056 4428 2179 4468; x_wconf 90' lang='lat' dir='ltr'><strong><em>nam</em></strong></span> 
     </span>
    </p>
   </div>
   <div class='ocr_carea' id='block_1_45' title="bbox 600 4507 2181 4595">
    <p class='ocr_par' dir='ltr' id='par_1_45' title="bbox 600 4507 2181 4595">
     <span class='ocr_line' id='line_1_45' title="bbox 600 4507 2181 4595; baseline -0.011 -20"><span class='ocrx_word' id='word_1_346' title='bbox 600 4521 772 4595; x_wconf 85' lang='lat' dir='ltr'><strong><em>prima</em></strong></span> <span class='ocrx_word' id='word_1_347' title='bbox 802 4517 883 4579; x_wconf 79' lang='lat' dir='ltr'><strong><em>via</em></strong></span> <span class='ocrx_word' id='word_1_348' title='bbox 906 4525 1023 4572; x_wconf 89' lang='lat' dir='ltr'><strong><em>erat</em></strong></span> <span class='ocrx_word' id='word_1_349' title='bbox 1053 4513 1263 4575; x_wconf 89' lang='lat' dir='ltr'><strong><em>mortis,</em></strong></span> <span class='ocrx_word' id='word_1_350' title='bbox 1282 4510 1485 4565; x_wconf 91' lang='lat' dir='ltr'><strong><em>ducens</em></strong></span> <span class='ocrx_word' id='word_1_351' title='bbox 1511 4508 1578 4561; x_wconf 88' lang='lat' dir='ltr'><strong><em>ad</em></strong></span> <span class='ocrx_word' id='word_1_352' title='bbox 1610 4507 1831 4571; x_wconf 83' lang='lat' dir='ltr'><strong><em>inferos,</em></strong></span> <span class='ocrx_word' id='word_1_353' title='bbox 1863 4507 1976 4561; x_wconf 69' lang='lat' dir='ltr'><strong><em>hinc</em></strong></span> <span class='ocrx_word' id='word_1_354' title='bbox 2000 4512 2181 4559; x_wconf 91' lang='lat' dir='ltr'><strong><em>autem</em></strong></span> 
     </span>
    </p>
   </div>
   <div class='ocr_carea' id='block_1_46' title="bbox 600 4596 2181 4670">
    <p class='ocr_par' dir='ltr' id='par_1_46' title="bbox 600 4596 2181 4670">
     <span class='ocr_line' id='line_1_46' title="bbox 600 4596 2181 4670; baseline -0.013 -3"><span class='ocrx_word' id='word_1_355' title='bbox 600 4616 743 4670; x_wconf 75' lang='lat' dir='ltr'><strong><em>vitae.</em></strong></span> <span class='ocrx_word' id='word_1_356' title='bbox 786 4612 853 4666; x_wconf 88' lang='lat' dir='ltr'><strong><em>Et</em></strong></span> <span class='ocrx_word' id='word_1_357' title='bbox 883 4624 988 4664; x_wconf 90' lang='lat' dir='ltr'><strong><em>non</em></strong></span> <span class='ocrx_word' id='word_1_358' title='bbox 1021 4606 1152 4670; x_wconf 76' lang='lat' dir='ltr'><strong><em>dixit</em></strong></span> <span class='ocrx_word' id='word_1_359' title='bbox 1179 4644 1195 4669; x_wconf 94' lang='lat'><strong><em>,</em></strong></span> <span class='ocrx_word' id='word_1_360' title='bbox 1217 4603 1353 4658; x_wconf 81' lang='lat' dir='ltr'><strong><em>Vitae</em></strong></span> <span class='ocrx_word' id='word_1_361' title='bbox 1373 4642 1389 4669; x_wconf 92' lang='lat'><strong><em>,</em></strong></span> <span class='ocrx_word' id='word_1_362' title='bbox 1416 4602 1509 4654; x_wconf 88' lang='lat' dir='ltr'><strong><em>sed</em></strong></span> <span class='ocrx_word' id='word_1_363' title='bbox 1540 4614 1656 4654; x_wconf 89' lang='lat' dir='ltr'><strong><em>eam</em></strong></span> <span class='ocrx_word' id='word_1_364' title='bbox 1685 4597 1969 4668; x_wconf 83' lang='lat' dir='ltr'><strong><em>appellavit</em></strong></span> <span class='ocrx_word' id='word_1_365' title='bbox 1995 4596 2181 4650; x_wconf 79' lang='lat' dir='ltr'><strong><em>viven-</em></strong></span> 
     </span>
    </p>
   </div>
   <div class='ocr_carea' id='block_1_47' title="bbox 602 4689 2183 4771">
    <p class='ocr_par' dir='ltr' id='par_1_47' title="bbox 602 4689 2183 4771">
     <span class='ocr_line' id='line_1_47' title="bbox 602 4689 2183 4771; baseline -0.015 -8"><span class='ocrx_word' id='word_1_366' title='bbox 602 4718 708 4763; x_wconf 87' lang='lat' dir='ltr'><strong><em>tem</em></strong></span> <span class='ocrx_word' id='word_1_367' title='bbox 738 4749 751 4771; x_wconf 92' lang='lat'><strong><em>,</em></strong></span> <span class='ocrx_word' id='word_1_368' title='bbox 786 4706 888 4759; x_wconf 85' lang='lat' dir='ltr'><strong><em>hoc</em></strong></span> <span class='ocrx_word' id='word_1_369' title='bbox 917 4710 999 4757; x_wconf 86' lang='lat' dir='ltr'><strong><em>est</em></strong></span> <span class='ocrx_word' id='word_1_370' title='bbox 1028 4706 1358 4754; x_wconf 89' lang='lat' dir='ltr'><strong><em>manentem.</em></strong></span> <span class='ocrx_word' id='word_1_371' title='bbox 1408 4693 1511 4746; x_wconf 86' lang='lat' dir='ltr'><strong><em>Per</em></strong></span> <span class='ocrx_word' id='word_1_372' title='bbox 1549 4693 1772 4746; x_wconf 88' lang='lat' dir='ltr'><strong><em>velamen</em></strong></span> <span class='ocrx_word' id='word_1_373' title='bbox 1793 4732 1809 4757; x_wconf 95' lang='lat'><strong><em>,</em></strong></span> <span class='ocrx_word' id='word_1_374' title='bbox 1852 4689 2053 4758; x_wconf 90' lang='lat' dir='ltr'><strong><em>inquit,</em></strong></span> <span class='ocrx_word' id='word_1_375' title='bbox 2095 4703 2183 4757; x_wconf 84' lang='lat' dir='ltr'><strong><em>per</em></strong></span> 
     </span>
    </p>
   </div>
   <div class='ocr_carea' id='block_1_48' title="bbox 603 4780 2183 4861">
    <p class='ocr_par' dir='ltr' id='par_1_48' title="bbox 603 4780 2183 4861">
     <span class='ocr_line' id='line_1_48' title="bbox 603 4780 2183 4861; baseline -0.011 -9"><span class='ocrx_word' id='word_1_376' title='bbox 603 4813 804 4852; x_wconf 86' lang='lat' dir='ltr'><strong><em>carnem</em></strong></span> <span class='ocrx_word' id='word_1_377' title='bbox 828 4809 994 4848; x_wconf 88' lang='lat' dir='ltr'><strong><em>suam.</em></strong></span> <span class='ocrx_word' id='word_1_378' title='bbox 1030 4790 1147 4861; x_wconf 89' lang='lat' dir='ltr'><strong><em>Ipsa</em></strong></span> <span class='ocrx_word' id='word_1_379' title='bbox 1180 4788 1321 4841; x_wconf 85' lang='lat' dir='ltr'><strong><em>enim</em></strong></span> <span class='ocrx_word' id='word_1_380' title='bbox 1350 4800 1477 4840; x_wconf 89' lang='lat' dir='ltr'><strong><em>caro</em></strong></span> <span class='ocrx_word' id='word_1_381' title='bbox 1505 4784 1553 4838; x_wconf 91' lang='lat' dir='ltr'><strong><em>ei</em></strong></span> <span class='ocrx_word' id='word_1_382' title='bbox 1579 4783 1746 4853; x_wconf 87' lang='lat' dir='ltr'><strong><em>prima</em></strong></span> <span class='ocrx_word' id='word_1_383' title='bbox 1768 4781 1913 4837; x_wconf 89' lang='lat' dir='ltr'><strong><em>illam</em></strong></span> <span class='ocrx_word' id='word_1_384' title='bbox 1935 4780 2073 4835; x_wconf 84' lang='lat' dir='ltr'><strong><em>viam</em></strong></span> <span class='ocrx_word' id='word_1_385' title='bbox 2101 4794 2183 4835; x_wconf 87' lang='lat' dir='ltr'><strong><em>se-</em></strong></span> 
     </span>
    </p>
   </div>
   <div class='ocr_carea' id='block_1_49' title="bbox 606 4871 2182 4954">
    <p class='ocr_par' dir='ltr' id='par_1_49' title="bbox 606 4871 2182 4954">
     <span class='ocr_line' id='line_1_49' title="bbox 606 4871 2182 4954; baseline -0.013 -11"><span class='ocrx_word' id='word_1_386' title='bbox 606 4891 735 4951; x_wconf 88' lang='lat' dir='ltr'><strong><em>cuit,</em></strong></span> <span class='ocrx_word' id='word_1_387' title='bbox 765 4900 921 4954; x_wconf 90' lang='lat' dir='ltr'><strong><em>quam</em></strong></span> <span class='ocrx_word' id='word_1_388' title='bbox 958 4884 1117 4942; x_wconf 85' lang='lat' dir='ltr'><strong><em>etiam</em></strong></span> <span class='ocrx_word' id='word_1_389' title='bbox 1149 4880 1387 4934; x_wconf 86' lang='lat' dir='ltr'><strong><em>initiasse</em></strong></span> <span class='ocrx_word' id='word_1_390' title='bbox 1413 4877 1578 4939; x_wconf 91' lang='lat' dir='ltr'><strong><em>dicit,</em></strong></span> <span class='ocrx_word' id='word_1_391' title='bbox 1606 4872 1749 4945; x_wconf 89' lang='lat' dir='ltr'><strong><em>quod</em></strong></span> <span class='ocrx_word' id='word_1_392' title='bbox 1774 4883 1827 4928; x_wconf 90' lang='lat' dir='ltr'><strong><em>et</em></strong></span> <span class='ocrx_word' id='word_1_393' title='bbox 1857 4873 1969 4942; x_wconf 89' lang='lat' dir='ltr'><strong><em>ipse</em></strong></span> <span class='ocrx_word' id='word_1_394' title='bbox 1994 4871 2182 4942; x_wconf 79' lang='lat' dir='ltr'><strong><em>digna-</em></strong></span> 
     </span>
    </p>
   </div>
   <div class='ocr_carea' id='block_1_50' title="bbox 610 4964 2183 5044">
    <p class='ocr_par' dir='ltr' id='par_1_50' title="bbox 610 4964 2183 5044">
     <span class='ocr_line' id='line_1_50' title="bbox 610 4964 2183 5044; baseline -0.01 -12"><span class='ocrx_word' id='word_1_395' title='bbox 610 4988 757 5033; x_wconf 82' lang='lat' dir='ltr'><strong><em>retur</em></strong></span> <span class='ocrx_word' id='word_1_396' title='bbox 789 4991 881 5044; x_wconf 87' lang='lat' dir='ltr'><strong><em>per</em></strong></span> <span class='ocrx_word' id='word_1_397' title='bbox 910 4974 1054 5027; x_wconf 91' lang='lat' dir='ltr'><strong><em>illam</em></strong></span> <span class='ocrx_word' id='word_1_398' title='bbox 1083 4971 1306 5041; x_wconf 85' lang='lat' dir='ltr'><strong><em>ingredi.</em></strong></span> <span class='ocrx_word' id='word_1_399' title='bbox 1353 4968 1606 5022; x_wconf 76' lang='lat' dir='ltr'><strong><em>Velznnen</em></strong></span> <span class='ocrx_word' id='word_1_400' title='bbox 1637 4975 1813 5020; x_wconf 90' lang='lat' dir='ltr'><strong><em>autem</em></strong></span> <span class='ocrx_word' id='word_1_401' title='bbox 1847 4964 2037 5019; x_wconf 88' lang='lat' dir='ltr'><strong><em>merito</em></strong></span> <span class='ocrx_word' id='word_1_402' title='bbox 2061 4977 2183 5017; x_wconf 89' lang='lat' dir='ltr'><strong><em>car-</em></strong></span> 
     </span>
    </p>
   </div>
   <div class='ocr_carea' id='block_1_51' title="bbox 601 5060 2178 5143">
    <p class='ocr_par' dir='ltr' id='par_1_51' title="bbox 601 5060 2178 5143">
     <span class='ocr_line' id='line_1_51' title="bbox 601 5060 2178 5143; baseline -0.005 -23"><span class='ocrx_word' id='word_1_403' title='bbox 601 5086 723 5123; x_wconf 78' lang='lat' dir='ltr'><strong><em>nem</em></strong></span> <span class='ocrx_word' id='word_1_404' title='bbox 767 5068 975 5123; x_wconf 84' lang='lat' dir='ltr'><strong><em>vocavit</em></strong></span> <span class='ocrx_word' id='word_1_405' title='bbox 1007 5084 1021 5121; x_wconf 88' lang='lat'><strong>:</strong></span> <span class='ocrx_word' id='word_1_406' title='bbox 1059 5068 1271 5143; x_wconf 87' lang='lat' dir='ltr'><strong><em>quando</em></strong></span> <span class='ocrx_word' id='word_1_407' title='bbox 1312 5066 1454 5120; x_wconf 87' lang='lat' dir='ltr'><strong><em>enim</em></strong></span> <span class='ocrx_word' id='word_1_408' title='bbox 1498 5064 1741 5118; x_wconf 88' lang='lat' dir='ltr'><strong><em>sublatus</em></strong></span> <span class='ocrx_word' id='word_1_409' title='bbox 1770 5061 1869 5116; x_wconf 82' lang='lat' dir='ltr'><strong><em>fuit</em></strong></span> <span class='ocrx_word' id='word_1_410' title='bbox 1894 5061 1947 5114; x_wconf 91' lang='lat' dir='ltr'><strong><em>in</em></strong></span> <span class='ocrx_word' id='word_1_411' title='bbox 1977 5060 2178 5124; x_wconf 91' lang='lat' dir='ltr'><strong><em>altum,</em></strong></span> 
     </span>
    </p>
   </div>
   <div class='ocr_carea' id='block_1_52' title="bbox 599 5152 2179 5228">
    <p class='ocr_par' dir='ltr' id='par_1_52' title="bbox 599 5152 2179 5228">
     <span class='ocr_line' id='line_1_52' title="bbox 599 5152 2179 5228; baseline -0.001 -20"><span class='ocrx_word' id='word_1_412' title='bbox 599 5170 731 5212; x_wconf 87' lang='lat' dir='ltr'><strong><em>tunc</em></strong></span> <span class='ocrx_word' id='word_1_413' title='bbox 755 5168 1119 5228; x_wconf 85' lang='lat' dir='ltr'><strong><em>apparuerunt</em></strong></span> <span class='ocrx_word' id='word_1_414' title='bbox 1156 5173 1217 5213; x_wconf 89' lang='lat' dir='ltr'><strong><em>ea</em></strong></span> <span class='ocrx_word' id='word_1_415' title='bbox 1246 5174 1362 5227; x_wconf 68' lang='lat' dir='ltr'><strong><em>quae</em></strong></span> <span class='ocrx_word' id='word_1_416' title='bbox 1400 5165 1523 5210; x_wconf 84' lang='lat' dir='ltr'><strong><em>sunt</em></strong></span> <span class='ocrx_word' id='word_1_417' title='bbox 1553 5156 1603 5209; x_wconf 91' lang='lat' dir='ltr'><strong><em>in</em></strong></span> <span class='ocrx_word' id='word_1_418' title='bbox 1632 5154 1799 5209; x_wconf 86' lang='lat' dir='ltr'><strong><em>caelis.</em></strong></span> <span class='ocrx_word' id='word_1_419' title='bbox 1848 5152 2179 5217; x_wconf 73' lang='lat' dir='ltr'><strong><em>.iccedamus,</em></strong></span> 
     </span>
    </p>
   </div>
   <div class='ocr_carea' id='block_1_53' title="bbox 606 5244 2184 5321">
    <p class='ocr_par' dir='ltr' id='par_1_53' title="bbox 606 5244 2184 5321">
     <span class='ocr_line' id='line_1_53' title="bbox 606 5244 2184 5321; baseline -0.007 -13"><span class='ocrx_word' id='word_1_420' title='bbox 606 5253 797 5321; x_wconf 89' lang='lat' dir='ltr'><strong><em>inquit,</em></strong></span> <span class='ocrx_word' id='word_1_421' title='bbox 827 5267 942 5303; x_wconf 90' lang='lat' dir='ltr'><strong><em>cum</em></strong></span> <span class='ocrx_word' id='word_1_422' title='bbox 970 5267 1087 5306; x_wconf 86' lang='lat' dir='ltr'><strong><em>vero</em></strong></span> <span class='ocrx_word' id='word_1_423' title='bbox 1114 5250 1283 5303; x_wconf 90' lang='lat' dir='ltr'><strong><em>corde.</em></strong></span> <span class='ocrx_word' id='word_1_424' title='bbox 1313 5249 1537 5314; x_wconf 83' lang='lat' dir='ltr'><strong><em>Quinam</em></strong></span> <span class='ocrx_word' id='word_1_425' title='bbox 1568 5246 1886 5301; x_wconf 86' lang='lat' dir='ltr'><strong><em>accedamus</em></strong></span> <span class='ocrx_word' id='word_1_426' title='bbox 1920 5245 1944 5298; x_wconf 84' lang='lat'><strong>?</strong></span> <span class='ocrx_word' id='word_1_427' title='bbox 1982 5244 2036 5301; x_wconf 88' lang='lat' dir='ltr'><strong><em>Si</em></strong></span> <span class='ocrx_word' id='word_1_428' title='bbox 2064 5245 2184 5313; x_wconf 84' lang='lat' dir='ltr'><strong><em>quis</em></strong></span> 
     </span>
    </p>
   </div>
   <div class='ocr_carea' id='block_1_54' title="bbox 606 5337 2181 5412">
    <p class='ocr_par' dir='ltr' id='par_1_54' title="bbox 606 5337 2181 5412">
     <span class='ocr_line' id='line_1_54' title="bbox 606 5337 2181 5412; baseline -0.004 -14"><span class='ocrx_word' id='word_1_429' title='bbox 606 5352 820 5398; x_wconf 88' lang='lat' dir='ltr'><strong><em>sanctus</em></strong></span> <span class='ocrx_word' id='word_1_430' title='bbox 844 5342 953 5397; x_wconf 81' lang='lat' dir='ltr'><strong><em>ﬁde</em></strong></span> <span class='ocrx_word' id='word_1_431' title='bbox 975 5352 1031 5398; x_wconf 89' lang='lat' dir='ltr'><strong><em>et</em></strong></span> <span class='ocrx_word' id='word_1_432' title='bbox 1058 5342 1319 5412; x_wconf 86' lang='lat' dir='ltr'><strong><em>spirituali</em></strong></span> <span class='ocrx_word' id='word_1_433' title='bbox 1349 5341 1679 5394; x_wconf 86' lang='lat' dir='ltr'><strong><em>adoratione.</em></strong></span> <span class='ocrx_word' id='word_1_434' title='bbox 1714 5338 1841 5394; x_wconf 88' lang='lat' dir='ltr'><strong><em>Cum</em></strong></span> <span class='ocrx_word' id='word_1_435' title='bbox 1866 5355 1980 5393; x_wconf 87' lang='lat' dir='ltr'><strong><em>vero</em></strong></span> <span class='ocrx_word' id='word_1_436' title='bbox 2010 5337 2181 5404; x_wconf 90' lang='lat' dir='ltr'><strong><em>corde,</em></strong></span> 
     </span>
    </p>
   </div>
   <div class='ocr_carea' id='block_1_55' title="bbox 607 5428 2187 5502">
    <p class='ocr_par' dir='ltr' id='par_1_55' title="bbox 607 5428 2187 5502">
     <span class='ocr_line' id='line_1_55' title="bbox 607 5428 2187 5502; baseline -0.004 -15"><span class='ocrx_word' id='word_1_437' title='bbox 607 5437 661 5488; x_wconf 88' lang='lat' dir='ltr'><strong><em>in</em></strong></span> <span class='ocrx_word' id='word_1_438' title='bbox 691 5434 1006 5502; x_wconf 87' lang='lat' dir='ltr'><strong><em>plenitudine</em></strong></span> <span class='ocrx_word' id='word_1_439' title='bbox 1034 5433 1197 5502; x_wconf 84' lang='lat' dir='ltr'><strong><em>ﬁdei;</em></strong></span> <span class='ocrx_word' id='word_1_440' title='bbox 1227 5432 1277 5485; x_wconf 91' lang='lat' dir='ltr'><strong><em>id</em></strong></span> <span class='ocrx_word' id='word_1_441' title='bbox 1304 5440 1405 5497; x_wconf 89' lang='lat' dir='ltr'><strong><em>est,</em></strong></span> <span class='ocrx_word' id='word_1_442' title='bbox 1439 5430 1691 5501; x_wconf 88' lang='lat' dir='ltr'><strong><em>quoniam</em></strong></span> <span class='ocrx_word' id='word_1_443' title='bbox 1721 5430 1853 5483; x_wconf 88' lang='lat' dir='ltr'><strong><em>nihil</em></strong></span> <span class='ocrx_word' id='word_1_444' title='bbox 1878 5438 1962 5484; x_wconf 90' lang='lat' dir='ltr'><strong><em>est</em></strong></span> <span class='ocrx_word' id='word_1_445' title='bbox 1992 5428 2187 5497; x_wconf 85' lang='lat' dir='ltr'><strong><em>adspe-</em></strong></span> 
     </span>
    </p>
   </div>
   <div class='ocr_carea' id='block_1_56' title="bbox 608 5519 2186 5595">
    <p class='ocr_par' dir='ltr' id='par_1_56' title="bbox 608 5519 2186 5595">
     <span class='ocr_line' id='line_1_56' title="bbox 608 5519 2186 5595; baseline -0.004 -15"><span class='ocrx_word' id='word_1_446' title='bbox 608 5526 801 5582; x_wconf 71' lang='lat' dir='ltr'><strong><em>ctabiie</em></strong></span> <span class='ocrx_word' id='word_1_447' title='bbox 824 5567 839 5593; x_wconf 91' lang='lat'><strong><em>,</em></strong></span> <span class='ocrx_word' id='word_1_448' title='bbox 872 5539 1044 5595; x_wconf 88' lang='lat' dir='ltr'><strong><em>neque</em></strong></span> <span class='ocrx_word' id='word_1_449' title='bbox 1084 5523 1337 5579; x_wconf 80' lang='lat' dir='ltr'><strong><em>sacerdos</em></strong></span> <span class='ocrx_word' id='word_1_450' title='bbox 1361 5564 1377 5589; x_wconf 95' lang='lat'><strong><em>,</em></strong></span> <span class='ocrx_word' id='word_1_451' title='bbox 1417 5537 1589 5592; x_wconf 88' lang='lat' dir='ltr'><strong><em>neque</em></strong></span> <span class='ocrx_word' id='word_1_452' title='bbox 1627 5519 1980 5588; x_wconf 88' lang='lat' dir='ltr'><strong><em>sacriﬁcium,</em></strong></span> <span class='ocrx_word' id='word_1_453' title='bbox 2012 5535 2186 5589; x_wconf 90' lang='lat' dir='ltr'><strong><em>nequc</em></strong></span> 
     </span>
    </p>
   </div>
   <div class='ocr_carea' id='block_1_57' title="bbox 673 5673 2182 5743">
    <p class='ocr_par' dir='ltr' id='par_1_57' title="bbox 673 5673 2182 5743">
     <span class='ocr_line' id='line_1_57' title="bbox 673 5673 2182 5743; baseline -0.001 -16"><span class='ocrx_word' id='word_1_454' title='bbox 673 5682 745 5743; x_wconf 75' lang='grc' dir='ltr'><strong><em>(ιι)</em></strong></span> <span class='ocrx_word' id='word_1_455' title='bbox 771 5680 946 5729; x_wconf 87' lang='lat' dir='ltr'><strong><em>Totum</em></strong></span> <span class='ocrx_word' id='word_1_456' title='bbox 971 5675 1159 5743; x_wconf 72' lang='lat' dir='ltr'><strong><em>initium</em></strong></span> <span class='ocrx_word' id='word_1_457' title='bbox 1183 5687 1503 5743; x_wconf 71' lang='lat' dir='ltr'><strong><em>magnamque</em></strong></span> <span class='ocrx_word' id='word_1_458' title='bbox 1529 5680 1716 5737; x_wconf 81' lang='lat' dir='ltr'><strong><em>partem</em></strong></span> <span class='ocrx_word' id='word_1_459' title='bbox 1747 5673 1954 5725; x_wconf 67' lang='lat' dir='ltr'><strong><em>bomilite</em></strong></span> <span class='ocrx_word' id='word_1_460' title='bbox 1977 5675 2182 5727; x_wconf 78' lang='lat' dir='ltr'><strong><em>decimae</em></strong></span> 
     </span>
    </p>
   </div>
   <div class='ocr_carea' id='block_1_58' title="bbox 605 5736 1247 5803">
    <p class='ocr_par' dir='ltr' id='par_1_58' title="bbox 605 5736 1247 5803">
     <span class='ocr_line' id='line_1_58' title="bbox 605 5736 1247 5803; baseline -0.012 -9"><span class='ocrx_word' id='word_1_461' title='bbox 605 5736 741 5799; x_wconf 67' lang='lat' dir='ltr'><strong><em>nolite</em></strong></span> <span class='ocrx_word' id='word_1_462' title='bbox 767 5739 1090 5803; x_wconf 61' lang='lat' dir='ltr'><strong><em>prietermittit</em></strong></span> <span class='ocrx_word' id='word_1_463' title='bbox 1113 5736 1247 5789; x_wconf 84' lang='lat' dir='ltr'><strong><em>Colb.</em></strong></span> 
     </span>
    </p>
   </div>
   <div class='ocr_carea' id='block_1_59' title="bbox 1292 334 3090 395">
    <p class='ocr_par' dir='ltr' id='par_1_59' title="bbox 1292 334 3090 395">
     <span class='ocr_line' id='line_1_59' title="bbox 1292 334 3090 395; baseline 0.002 -5"><span class='ocrx_word' id='word_1_464' title='bbox 1292 340 1347 390; x_wconf 86' lang='lat' dir='ltr'><strong><em>S.</em></strong></span> <span class='ocrx_word' id='word_1_465' title='bbox 1389 339 1663 395; x_wconf 75' lang='lat' dir='ltr'><strong><em>.IOANNIS</em></strong></span> <span class='ocrx_word' id='word_1_466' title='bbox 1699 334 2167 395; x_wconf 76' lang='lat' dir='ltr'><strong><em>CIIRYSOSTOMI</em></strong></span> <span class='ocrx_word' id='word_1_467' title='bbox 2207 334 2522 393; x_wconf 74' lang='lat' dir='ltr'><strong><em>ARCHIEP.</em></strong></span> <span class='ocrx_word' id='word_1_468' title='bbox 2562 336 3090 393; x_wconf 74' lang='lat' dir='ltr'><strong><em>CONSTANTINOP.</em></strong></span> 
     </span>
    </p>
   </div>
   <div class='ocr_carea' id='block_1_60' title="bbox 1949 527 2511 593">
    <p class='ocr_par' dir='ltr' id='par_1_60' title="bbox 1949 527 2511 593">
     <span class='ocr_line' id='line_1_60' title="bbox 1949 527 2511 593; baseline 0.007 -4"><span class='ocrx_word' id='word_1_469' title='bbox 1949 527 2286 591; x_wconf 82' lang='lat' dir='ltr'><strong><em>HOMILIA</em></strong></span> <span class='ocrx_word' id='word_1_470' title='bbox 2330 530 2511 593; x_wconf 79' lang='lat' dir='ltr'><strong><em>XIX.</em></strong></span> 
     </span>
    </p>
   </div>
   <div class='ocr_carea' id='block_1_61' title="bbox 3691 352 3788 410">
    <p class='ocr_par' dir='ltr' id='par_1_61' title="bbox 3691 352 3788 410">
     <span class='ocr_line' id='line_1_61' title="bbox 3691 352 3788 410; baseline 0.041 -4"><span class='ocrx_word' id='word_1_471' title='bbox 3691 352 3788 410; x_wconf 75' lang='lat' dir='ltr'><strong><em>H0</em></strong></span> 
     </span>
    </p>
   </div>
   <div class='ocr_carea' id='block_1_62' title="bbox 2244 677 3824 749">
    <p class='ocr_par' dir='ltr' id='par_1_62' title="bbox 2244 677 3824 749">
     <span class='ocr_line' id='line_1_62' title="bbox 2244 677 3824 749; baseline -0.001 -18"><span class='ocrx_word' id='word_1_472' title='bbox 2244 680 2433 734; x_wconf 84' lang='lat' dir='ltr'><strong><em>altare.</em></strong></span> <span class='ocrx_word' id='word_1_473' title='bbox 2465 680 2795 749; x_wconf 81' lang='lat' dir='ltr'><strong><em>Quamquam</em></strong></span> <span class='ocrx_word' id='word_1_474' title='bbox 2825 694 2925 734; x_wconf 91' lang='lat' dir='ltr'><strong><em>nec</em></strong></span> <span class='ocrx_word' id='word_1_475' title='bbox 2952 678 3040 734; x_wconf 91' lang='lat' dir='ltr'><strong><em>ille</em></strong></span> <span class='ocrx_word' id='word_1_476' title='bbox 3067 678 3284 748; x_wconf 89' lang='lat' dir='ltr'><strong><em>quidem</em></strong></span> <span class='ocrx_word' id='word_1_477' title='bbox 3308 677 3564 733; x_wconf 89' lang='lat' dir='ltr'><strong><em>sacerdos</em></strong></span> <span class='ocrx_word' id='word_1_478' title='bbox 3584 686 3699 731; x_wconf 84' lang='lat' dir='ltr'><strong><em>erat</em></strong></span> <span class='ocrx_word' id='word_1_479' title='bbox 3723 680 3824 730; x_wconf 85' lang='lat' dir='ltr'><strong><em>ad-</em></strong></span> 
     </span>
    </p>
   </div>
   <div class='ocr_carea' id='block_1_63' title="bbox 2243 768 3824 855">
    <p class='ocr_par' dir='ltr' id='par_1_63' title="bbox 2243 768 3824 855">
     <span class='ocr_line' id='line_1_63' title="bbox 2243 768 3824 855; baseline -0.003 -30"><span class='ocrx_word' id='word_1_480' title='bbox 2243 770 2582 855; x_wconf 46' lang='lat' dir='ltr'><strong><em>speetabillis,</em></strong></span> <span class='ocrx_word' id='word_1_481' title='bbox 2621 770 2715 825; x_wconf 88' lang='lat' dir='ltr'><strong><em>sed</em></strong></span> <span class='ocrx_word' id='word_1_482' title='bbox 2754 769 2870 840; x_wconf 88' lang='lat' dir='ltr'><strong><em>ipse</em></strong></span> <span class='ocrx_word' id='word_1_483' title='bbox 2898 769 3077 824; x_wconf 86' lang='lat' dir='ltr'><strong><em>stabat</em></strong></span> <span class='ocrx_word' id='word_1_484' title='bbox 3120 769 3299 832; x_wconf 89' lang='lat' dir='ltr'><strong><em>intus,</em></strong></span> <span class='ocrx_word' id='word_1_485' title='bbox 3342 768 3418 821; x_wconf 92' lang='lat' dir='ltr'><strong><em>illi</em></strong></span> <span class='ocrx_word' id='word_1_486' title='bbox 3467 777 3646 821; x_wconf 87' lang='lat' dir='ltr'><strong><em>autem</em></strong></span> <span class='ocrx_word' id='word_1_487' title='bbox 3674 777 3824 821; x_wconf 81' lang='lat' dir='ltr'><strong><em>extra</em></strong></span> 
     </span>
    </p>
   </div>
   <div class='ocr_carea' id='block_1_64' title="bbox 2243 858 3822 931">
    <p class='ocr_par' dir='ltr' id='par_1_64' title="bbox 2243 858 3822 931">
     <span class='ocr_line' id='line_1_64' title="bbox 2243 858 3822 931; baseline -0.003 -17"><span class='ocrx_word' id='word_1_488' title='bbox 2243 875 2463 927; x_wconf 89' lang='lat' dir='ltr'><strong><em>omnes,</em></strong></span> <span class='ocrx_word' id='word_1_489' title='bbox 2498 876 2691 931; x_wconf 89' lang='lat' dir='ltr'><strong><em>nempe</em></strong></span> <span class='ocrx_word' id='word_1_490' title='bbox 2722 871 2864 914; x_wconf 90' lang='lat' dir='ltr'><strong><em>totus</em></strong></span> <span class='ocrx_word' id='word_1_491' title='bbox 2893 860 3137 928; x_wconf 90' lang='lat' dir='ltr'><strong><em>populus.</em></strong></span> <span class='ocrx_word' id='word_1_492' title='bbox 3171 859 3268 913; x_wconf 78' lang='lat' dir='ltr'><strong><em>llic</em></strong></span> <span class='ocrx_word' id='word_1_493' title='bbox 3303 867 3485 913; x_wconf 91' lang='lat' dir='ltr'><strong><em>autem</em></strong></span> <span class='ocrx_word' id='word_1_494' title='bbox 3515 873 3620 912; x_wconf 91' lang='lat' dir='ltr'><strong><em>non</em></strong></span> <span class='ocrx_word' id='word_1_495' title='bbox 3648 858 3822 911; x_wconf 89' lang='lat' dir='ltr'><strong><em>solum</em></strong></span> 
     </span>
    </p>
   </div>
   <div class='ocr_carea' id='block_1_65' title="bbox 2247 949 3826 1023">
    <p class='ocr_par' dir='ltr' id='par_1_65' title="bbox 2247 949 3826 1023">
     <span class='ocr_line' id='line_1_65' title="bbox 2247 949 3826 1023; baseline -0.003 -14"><span class='ocrx_word' id='word_1_496' title='bbox 2247 954 2349 1010; x_wconf 90' lang='lat' dir='ltr'><strong><em>hoc</em></strong></span> <span class='ocrx_word' id='word_1_497' title='bbox 2372 956 2627 1019; x_wconf 87' lang='lat' dir='ltr'><strong><em>ostendit,</em></strong></span> <span class='ocrx_word' id='word_1_498' title='bbox 2653 954 2796 1023; x_wconf 85' lang='lat' dir='ltr'><strong><em>quod</em></strong></span> <span class='ocrx_word' id='word_1_499' title='bbox 2821 953 3074 1008; x_wconf 88' lang='lat' dir='ltr'><strong><em>sacerdos</em></strong></span> <span class='ocrx_word' id='word_1_500' title='bbox 3096 953 3377 1007; x_wconf 86' lang='lat' dir='ltr'><strong><em>intraverit</em></strong></span> <span class='ocrx_word' id='word_1_501' title='bbox 3398 952 3451 1005; x_wconf 89' lang='lat' dir='ltr'><strong><em>iu</em></strong></span> <span class='ocrx_word' id='word_1_502' title='bbox 3473 962 3655 1006; x_wconf 87' lang='lat' dir='ltr'><strong><em>sancta</em></strong></span> <span class='ocrx_word' id='word_1_503' title='bbox 3683 968 3698 1013; x_wconf 90' lang='lat'><strong>;</strong></span> <span class='ocrx_word' id='word_1_504' title='bbox 3724 949 3826 1004; x_wconf 82' lang='lat' dir='ltr'><strong><em>hoc</em></strong></span> 
     </span>
    </p>
   </div>
   <div class='ocr_carea' id='block_1_66' title="bbox 2247 1039 3828 1111">
    <p class='ocr_par' dir='ltr' id='par_1_66' title="bbox 2247 1039 3828 1111">
     <span class='ocr_line' id='line_1_66' title="bbox 2247 1039 3828 1111; baseline -0.004 -13"><span class='ocrx_word' id='word_1_505' title='bbox 2247 1043 2391 1098; x_wconf 87' lang='lat' dir='ltr'><strong><em>enim</em></strong></span> <span class='ocrx_word' id='word_1_506' title='bbox 2430 1044 2669 1098; x_wconf 73' lang='lat' dir='ltr'><strong><em>declarat</em></strong></span> <span class='ocrx_word' id='word_1_507' title='bbox 2705 1043 2925 1109; x_wconf 89' lang='lat' dir='ltr'><strong><em>dicens,</em></strong></span> <span class='ocrx_word' id='word_1_508' title='bbox 2970 1039 3038 1095; x_wconf 87' lang='lat' dir='ltr'><strong><em>Et</em></strong></span> <span class='ocrx_word' id='word_1_509' title='bbox 3074 1043 3382 1096; x_wconf 86' lang='lat' dir='ltr'><strong><em>sacerdotem</em></strong></span> <span class='ocrx_word' id='word_1_510' title='bbox 3408 1058 3649 1111; x_wconf 79' lang='lat' dir='ltr'><strong><em>magnum</em></strong></span> <span class='ocrx_word' id='word_1_511' title='bbox 3674 1057 3828 1108; x_wconf 80' lang='lat' dir='ltr'><strong><em>super</em></strong></span> 
     </span>
    </p>
   </div>
   <div class='ocr_carea' id='block_1_67' title="bbox 2247 1131 3829 1206">
    <p class='ocr_par' dir='ltr' id='par_1_67' title="bbox 2247 1131 3829 1206">
     <span class='ocr_line' id='line_1_67' title="bbox 2247 1131 3829 1206; baseline -0.004 -14"><span class='ocrx_word' id='word_1_512' title='bbox 2247 1137 2453 1192; x_wconf 89' lang='lat' dir='ltr'><strong><em>domum</em></strong></span> <span class='ocrx_word' id='word_1_513' title='bbox 2477 1137 2569 1190; x_wconf 85' lang='lat' dir='ltr'><strong><em>Dei</em></strong></span> <span class='ocrx_word' id='word_1_514' title='bbox 2591 1151 2610 1200; x_wconf 89' lang='lat'><strong><em>;</em></strong></span> <span class='ocrx_word' id='word_1_515' title='bbox 2644 1135 2738 1190; x_wconf 88' lang='lat' dir='ltr'><strong><em>sed</em></strong></span> <span class='ocrx_word' id='word_1_516' title='bbox 2762 1135 3009 1206; x_wconf 90' lang='lat' dir='ltr'><strong><em>quoniam</em></strong></span> <span class='ocrx_word' id='word_1_517' title='bbox 3034 1149 3131 1188; x_wconf 90' lang='lat' dir='ltr'><strong><em>nos</em></strong></span> <span class='ocrx_word' id='word_1_518' title='bbox 3154 1148 3367 1203; x_wconf 82' lang='lat' dir='ltr'><strong><em>qquue</em></strong></span> <span class='ocrx_word' id='word_1_519' title='bbox 3395 1133 3677 1187; x_wconf 89' lang='lat' dir='ltr'><strong><em>intramus.</em></strong></span> <span class='ocrx_word' id='word_1_520' title='bbox 3700 1131 3829 1186; x_wconf 86' lang='lat' dir='ltr'><strong><em>Pro-</em></strong></span> 
     </span>
    </p>
   </div>
   <div class='ocr_carea' id='block_1_68' title="bbox 2250 1224 3829 1298">
    <p class='ocr_par' dir='ltr' id='par_1_68' title="bbox 2250 1224 3829 1298">
     <span class='ocr_line' id='line_1_68' title="bbox 2250 1224 3829 1298; baseline -0.003 -15"><span class='ocrx_word' id='word_1_521' title='bbox 2250 1238 2453 1298; x_wconf 90' lang='lat' dir='ltr'><strong><em>pterea,</em></strong></span> <span class='ocrx_word' id='word_1_522' title='bbox 2488 1228 2676 1298; x_wconf 92' lang='lat' dir='ltr'><strong><em>inquit,</em></strong></span> <span class='ocrx_word' id='word_1_523' title='bbox 2706 1225 2773 1280; x_wconf 84' lang='lat' dir='ltr'><strong><em>In</em></strong></span> <span class='ocrx_word' id='word_1_524' title='bbox 2797 1226 3109 1295; x_wconf 87' lang='lat' dir='ltr'><strong><em>plenitudine</em></strong></span> <span class='ocrx_word' id='word_1_525' title='bbox 3129 1226 3269 1294; x_wconf 83' lang='lat' dir='ltr'><strong><em>fidei.</em></strong></span> <span class='ocrx_word' id='word_1_526' title='bbox 3294 1224 3439 1280; x_wconf 80' lang='lat' dir='ltr'><strong><em>Fieri</em></strong></span> <span class='ocrx_word' id='word_1_527' title='bbox 3474 1225 3615 1279; x_wconf 90' lang='lat' dir='ltr'><strong><em>enim</em></strong></span> <span class='ocrx_word' id='word_1_528' title='bbox 3655 1234 3829 1293; x_wconf 82' lang='lat' dir='ltr'><strong><em>potest</em></strong></span> 
     </span>
    </p>
   </div>
   <div class='ocr_carea' id='block_1_69' title="bbox 2248 1315 3828 1388">
    <p class='ocr_par' dir='ltr' id='par_1_69' title="bbox 2248 1315 3828 1388">
     <span class='ocr_line' id='line_1_69' title="bbox 2248 1315 3828 1388; baseline -0.004 -13"><span class='ocrx_word' id='word_1_529' title='bbox 2248 1330 2307 1377; x_wconf 88' lang='lat' dir='ltr'><strong><em>ut</em></strong></span> <span class='ocrx_word' id='word_1_530' title='bbox 2344 1322 2505 1375; x_wconf 90' lang='lat' dir='ltr'><strong><em>etiam</em></strong></span> <span class='ocrx_word' id='word_1_531' title='bbox 2548 1320 2733 1374; x_wconf 83' lang='lat' dir='ltr'><strong><em>credat</em></strong></span> <span class='ocrx_word' id='word_1_532' title='bbox 2761 1318 2951 1388; x_wconf 89' lang='lat' dir='ltr'><strong><em>aliquis</em></strong></span> <span class='ocrx_word' id='word_1_533' title='bbox 2989 1315 3242 1371; x_wconf 89' lang='lat' dir='ltr'><strong><em>dubitans</em></strong></span> <span class='ocrx_word' id='word_1_534' title='bbox 3270 1332 3285 1369; x_wconf 89' lang='lat'><strong>:</strong></span> <span class='ocrx_word' id='word_1_535' title='bbox 3324 1325 3380 1369; x_wconf 90' lang='lat' dir='ltr'><strong><em>ut</em></strong></span> <span class='ocrx_word' id='word_1_536' title='bbox 3408 1315 3559 1370; x_wconf 90' lang='lat' dir='ltr'><strong><em>multi</em></strong></span> <span class='ocrx_word' id='word_1_537' title='bbox 3589 1317 3828 1385; x_wconf 90' lang='lat' dir='ltr'><strong><em>suntqui</em></strong></span> 
     </span>
    </p>
   </div>
   <div class='ocr_carea' id='block_1_70' title="bbox 2248 1408 3825 1473">
    <p class='ocr_par' dir='ltr' id='par_1_70' title="bbox 2248 1408 3825 1473">
     <span class='ocr_line' id='line_1_70' title="bbox 2248 1408 3825 1473; baseline -0.006 -4"><span class='ocrx_word' id='word_1_538' title='bbox 2248 1413 2406 1469; x_wconf 80' lang='lat' dir='ltr'><strong><em>etiam</em></strong></span> <span class='ocrx_word' id='word_1_539' title='bbox 2427 1427 2566 1466; x_wconf 87' lang='lat' dir='ltr'><strong><em>nunc</em></strong></span> <span class='ocrx_word' id='word_1_540' title='bbox 2582 1411 2784 1473; x_wconf 86' lang='lat' dir='ltr'><strong><em>dicunt,</em></strong></span> <span class='ocrx_word' id='word_1_541' title='bbox 2809 1409 3187 1464; x_wconf 82' lang='lat' dir='ltr'><strong><em>nonnullorum</em></strong></span> <span class='ocrx_word' id='word_1_542' title='bbox 3213 1422 3334 1463; x_wconf 82' lang='lat' dir='ltr'><strong><em>esse</em></strong></span> <span class='ocrx_word' id='word_1_543' title='bbox 3356 1408 3825 1473; x_wconf 83' lang='lat' dir='ltr'><strong><em>resurrectionem,</em></strong></span> 
     </span>
    </p>
   </div>
   <div class='ocr_carea' id='block_1_71' title="bbox 2248 1499 3827 1571">
    <p class='ocr_par' dir='ltr' id='par_1_71' title="bbox 2248 1499 3827 1571">
     <span class='ocr_line' id='line_1_71' title="bbox 2248 1499 3827 1571; baseline 0 -16"><span class='ocrx_word' id='word_1_544' title='bbox 2248 1505 2624 1561; x_wconf 76' lang='lat' dir='ltr'><strong><em>nututullurum</em></strong></span> <span class='ocrx_word' id='word_1_545' title='bbox 2653 1515 2833 1561; x_wconf 87' lang='lat' dir='ltr'><strong><em>autem</em></strong></span> <span class='ocrx_word' id='word_1_546' title='bbox 2862 1516 2967 1556; x_wconf 92' lang='lat' dir='ltr'><strong><em>non</em></strong></span> <span class='ocrx_word' id='word_1_547' title='bbox 2999 1516 3136 1555; x_wconf 90' lang='lat' dir='ltr'><strong><em>esse.</em></strong></span> <span class='ocrx_word' id='word_1_548' title='bbox 3168 1500 3277 1554; x_wconf 87' lang='lat' dir='ltr'><strong><em>[loc</em></strong></span> <span class='ocrx_word' id='word_1_549' title='bbox 3306 1510 3410 1554; x_wconf 91' lang='lat' dir='ltr'><strong><em>non</em></strong></span> <span class='ocrx_word' id='word_1_550' title='bbox 3437 1509 3520 1554; x_wconf 89' lang='lat' dir='ltr'><strong><em>est</em></strong></span> <span class='ocrx_word' id='word_1_551' title='bbox 3550 1499 3672 1555; x_wconf 87' lang='lat' dir='ltr'><strong><em>ﬁdei</em></strong></span> <span class='ocrx_word' id='word_1_552' title='bbox 3713 1502 3827 1571; x_wconf 86' lang='lat' dir='ltr'><strong><em>ple-</em></strong></span> 
     </span>
    </p>
   </div>
   <div class='ocr_carea' id='block_1_72' title="bbox 2248 1590 3828 1665">
    <p class='ocr_par' dir='ltr' id='par_1_72' title="bbox 2248 1590 3828 1665">
     <span class='ocr_line' id='line_1_72' title="bbox 2248 1590 3828 1665; baseline -0.002 -15"><span class='ocrx_word' id='word_1_553' title='bbox 2248 1594 2433 1650; x_wconf 85' lang='lat' dir='ltr'><strong><em>nitudo</em></strong></span> <span class='ocrx_word' id='word_1_554' title='bbox 2457 1613 2469 1647; x_wconf 86' lang='lat'><strong>:</strong></span> <span class='ocrx_word' id='word_1_555' title='bbox 2494 1596 2562 1647; x_wconf 90' lang='lat' dir='ltr'><strong><em>ita</em></strong></span> <span class='ocrx_word' id='word_1_556' title='bbox 2589 1593 2732 1648; x_wconf 85' lang='lat' dir='ltr'><strong><em>enim</em></strong></span> <span class='ocrx_word' id='word_1_557' title='bbox 2755 1601 2966 1665; x_wconf 84' lang='lat' dir='ltr'><strong><em>oportet</em></strong></span> <span class='ocrx_word' id='word_1_558' title='bbox 2986 1592 3229 1655; x_wconf 87' lang='lat' dir='ltr'><strong><em>credere,</em></strong></span> <span class='ocrx_word' id='word_1_559' title='bbox 3261 1600 3317 1645; x_wconf 90' lang='lat' dir='ltr'><strong><em>ut</em></strong></span> <span class='ocrx_word' id='word_1_560' title='bbox 3340 1590 3407 1646; x_wconf 91' lang='lat' dir='ltr'><strong><em>de</em></strong></span> <span class='ocrx_word' id='word_1_561' title='bbox 3433 1592 3754 1659; x_wconf 81' lang='lat' dir='ltr'><strong><em>visibilibus,</em></strong></span> <span class='ocrx_word' id='word_1_562' title='bbox 3776 1604 3828 1647; x_wconf 85' lang='lat' dir='ltr'><strong><em>et</em></strong></span> 
     </span>
    </p>
   </div>
   <div class='ocr_carea' id='block_1_73' title="bbox 2251 1682 3830 1753">
    <p class='ocr_par' dir='ltr' id='par_1_73' title="bbox 2251 1682 3830 1753">
     <span class='ocr_line' id='line_1_73' title="bbox 2251 1682 3830 1753; baseline -0.001 -13"><span class='ocrx_word' id='word_1_563' title='bbox 2251 1687 2420 1741; x_wconf 90' lang='lat' dir='ltr'><strong><em>multo</em></strong></span> <span class='ocrx_word' id='word_1_564' title='bbox 2455 1685 2705 1753; x_wconf 89' lang='lat' dir='ltr'><strong><em>amplius.</em></strong></span> <span class='ocrx_word' id='word_1_565' title='bbox 2733 1683 2867 1738; x_wconf 88' lang='lat' dir='ltr'><strong><em>Nam</em></strong></span> <span class='ocrx_word' id='word_1_566' title='bbox 2904 1683 2991 1738; x_wconf 91' lang='lat' dir='ltr'><strong><em>hic</em></strong></span> <span class='ocrx_word' id='word_1_567' title='bbox 3017 1682 3236 1753; x_wconf 87' lang='lat' dir='ltr'><strong><em>quidem</em></strong></span> <span class='ocrx_word' id='word_1_568' title='bbox 3277 1682 3445 1737; x_wconf 87' lang='lat' dir='ltr'><strong><em>errari</em></strong></span> <span class='ocrx_word' id='word_1_569' title='bbox 3479 1692 3657 1752; x_wconf 89' lang='lat' dir='ltr'><strong><em>potest</em></strong></span> <span class='ocrx_word' id='word_1_570' title='bbox 3684 1685 3733 1737; x_wconf 91' lang='lat' dir='ltr'><strong><em>iu</em></strong></span> <span class='ocrx_word' id='word_1_571' title='bbox 3768 1685 3830 1739; x_wconf 83' lang='lat' dir='ltr'><strong><em>iis</em></strong></span> 
     </span>
    </p>
   </div>
   <div class='ocr_carea' id='block_1_74' title="bbox 2248 1775 3827 1852">
    <p class='ocr_par' dir='ltr' id='par_1_74' title="bbox 2248 1775 3827 1852">
     <span class='ocr_line' id='line_1_74' title="bbox 2248 1775 3827 1852; baseline -0.002 -18"><span class='ocrx_word' id='word_1_572' title='bbox 2248 1796 2367 1852; x_wconf 83' lang='lat' dir='ltr'><strong><em>qua:</em></strong></span> <span class='ocrx_word' id='word_1_573' title='bbox 2412 1778 2679 1844; x_wconf 86' lang='lat' dir='ltr'><strong><em>videntur,</em></strong></span> <span class='ocrx_word' id='word_1_574' title='bbox 2724 1777 2834 1832; x_wconf 89' lang='lat' dir='ltr'><strong><em>illic</em></strong></span> <span class='ocrx_word' id='word_1_575' title='bbox 2872 1787 3048 1831; x_wconf 85' lang='lat' dir='ltr'><strong><em>autem</em></strong></span> <span class='ocrx_word' id='word_1_576' title='bbox 3090 1789 3427 1844; x_wconf 77' lang='lat' dir='ltr'><strong><em>nequaquam</em></strong></span> <span class='ocrx_word' id='word_1_577' title='bbox 3458 1792 3471 1829; x_wconf 93' lang='lat'>:</span> <span class='ocrx_word' id='word_1_578' title='bbox 3503 1775 3589 1831; x_wconf 88' lang='lat' dir='ltr'><strong><em>hic</em></strong></span> <span class='ocrx_word' id='word_1_579' title='bbox 3617 1777 3827 1846; x_wconf 84' lang='lat' dir='ltr'><strong><em>quidem</em></strong></span> 
     </span>
    </p>
   </div>
   <div class='ocr_carea' id='block_1_75' title="bbox 2248 1866 3830 1942">
    <p class='ocr_par' dir='ltr' id='par_1_75' title="bbox 2248 1866 3830 1942">
     <span class='ocr_line' id='line_1_75' title="bbox 2248 1866 3830 1942; baseline -0.004 -14"><span class='ocrx_word' id='word_1_580' title='bbox 2248 1872 2432 1928; x_wconf 82' lang='lat' dir='ltr'><strong><em>sensui</em></strong></span> <span class='ocrx_word' id='word_1_581' title='bbox 2462 1871 2848 1942; x_wconf 89' lang='lat' dir='ltr'><strong><em>permittimus,</em></strong></span> <span class='ocrx_word' id='word_1_582' title='bbox 2880 1868 2989 1923; x_wconf 90' lang='lat' dir='ltr'><strong><em>illic</em></strong></span> <span class='ocrx_word' id='word_1_583' title='bbox 3017 1883 3148 1922; x_wconf 82' lang='lat' dir='ltr'><strong><em>vero</em></strong></span> <span class='ocrx_word' id='word_1_584' title='bbox 3174 1866 3409 1936; x_wconf 85' lang='lat' dir='ltr'><strong><em>spiritui.</em></strong></span> <span class='ocrx_word' id='word_1_585' title='bbox 3440 1867 3650 1934; x_wconf 73' lang='grc' dir='ltr'><strong><em>Δερετεί</em></strong></span> <span class='ocrx_word' id='word_1_586' title='bbox 3678 1869 3830 1921; x_wconf 79' lang='lat' dir='ltr'><strong><em>corde</em></strong></span> 
     </span>
    </p>
   </div>
   <div class='ocr_carea' id='block_1_76' title="bbox 2248 1956 3828 2028">
    <p class='ocr_par' dir='ltr' id='par_1_76' title="bbox 2248 1956 3828 2028">
     <span class='ocr_line' id='line_1_76' title="bbox 2248 1956 3828 2028; baseline -0.004 -10"><span class='ocrx_word' id='word_1_587' title='bbox 2248 1981 2280 2017; x_wconf 92' lang='lat' dir='ltr'><strong><em>a</em></strong></span> <span class='ocrx_word' id='word_1_588' title='bbox 2314 1962 2619 2018; x_wconf 88' lang='lat' dir='ltr'><strong><em>conscientia</em></strong></span> <span class='ocrx_word' id='word_1_589' title='bbox 2658 1960 2815 2015; x_wconf 88' lang='lat' dir='ltr'><strong><em>mala.</em></strong></span> <span class='ocrx_word' id='word_1_590' title='bbox 2844 1958 3090 2016; x_wconf 88' lang='lat' dir='ltr'><strong><em>Ostendit</em></strong></span> <span class='ocrx_word' id='word_1_591' title='bbox 3118 1957 3226 2021; x_wconf 91' lang='lat' dir='ltr'><strong><em>hic,</em></strong></span> <span class='ocrx_word' id='word_1_592' title='bbox 3259 1956 3401 2028; x_wconf 87' lang='lat' dir='ltr'><strong><em>quod</em></strong></span> <span class='ocrx_word' id='word_1_593' title='bbox 3428 1973 3537 2010; x_wconf 89' lang='lat' dir='ltr'><strong><em>non</em></strong></span> <span class='ocrx_word' id='word_1_594' title='bbox 3569 1957 3743 2011; x_wconf 89' lang='lat' dir='ltr'><strong><em>solum</em></strong></span> <span class='ocrx_word' id='word_1_595' title='bbox 3772 1961 3828 2011; x_wconf 86' lang='lat' dir='ltr'><strong><em>li-</em></strong></span> 
     </span>
    </p>
   </div>
   <div class='ocr_carea' id='block_1_77' title="bbox 2249 2050 3827 2122">
    <p class='ocr_par' dir='ltr' id='par_1_77' title="bbox 2249 2050 3827 2122">
     <span class='ocr_line' id='line_1_77' title="bbox 2249 2050 3827 2122; baseline -0.004 -13"><span class='ocrx_word' id='word_1_596' title='bbox 2249 2053 2363 2119; x_wconf 87' lang='lat' dir='ltr'><strong><em>des,</em></strong></span> <span class='ocrx_word' id='word_1_597' title='bbox 2398 2053 2495 2109; x_wconf 89' lang='lat' dir='ltr'><strong><em>sed</em></strong></span> <span class='ocrx_word' id='word_1_598' title='bbox 2540 2053 2646 2108; x_wconf 85' lang='lat' dir='ltr'><strong><em>vita</em></strong></span> <span class='ocrx_word' id='word_1_599' title='bbox 2683 2067 2897 2122; x_wconf 90' lang='lat' dir='ltr'><strong><em>quoque</em></strong></span> <span class='ocrx_word' id='word_1_600' title='bbox 2924 2065 3045 2105; x_wconf 90' lang='lat' dir='ltr'><strong><em>cum</em></strong></span> <span class='ocrx_word' id='word_1_601' title='bbox 3089 2050 3286 2103; x_wconf 89' lang='lat' dir='ltr'><strong><em>virtute</em></strong></span> <span class='ocrx_word' id='word_1_602' title='bbox 3327 2051 3607 2119; x_wconf 75' lang='lat' dir='ltr'><strong><em>quan-itur,</em></strong></span> <span class='ocrx_word' id='word_1_603' title='bbox 3651 2060 3705 2103; x_wconf 89' lang='lat' dir='ltr'><strong><em>et</em></strong></span> <span class='ocrx_word' id='word_1_604' title='bbox 3732 2050 3827 2103; x_wconf 76' lang='lat' dir='ltr'><strong><em>sibi</em></strong></span> 
     </span>
    </p>
   </div>
   <div class='ocr_carea' id='block_1_78' title="bbox 2252 2140 3828 2203">
    <p class='ocr_par' dir='ltr' id='par_1_78' title="bbox 2252 2140 3828 2203">
     <span class='ocr_line' id='line_1_78' title="bbox 2252 2140 3828 2203; baseline -0.003 -2"><span class='ocrx_word' id='word_1_605' title='bbox 2252 2146 2451 2203; x_wconf 77' lang='lat' dir='ltr'><strong><em>nullius</em></strong></span> <span class='ocrx_word' id='word_1_606' title='bbox 2493 2144 2569 2200; x_wconf 88' lang='lat' dir='ltr'><strong><em>rei</em></strong></span> <span class='ocrx_word' id='word_1_607' title='bbox 2618 2144 2772 2198; x_wconf 68' lang='lat' dir='ltr'><strong><em>mala}</em></strong></span> <span class='ocrx_word' id='word_1_608' title='bbox 2807 2157 2927 2198; x_wconf 90' lang='lat' dir='ltr'><strong><em>esse</em></strong></span> <span class='ocrx_word' id='word_1_609' title='bbox 2970 2142 3262 2196; x_wconf 74' lang='lat' dir='ltr'><strong><em>conscium.</em></strong></span> <span class='ocrx_word' id='word_1_610' title='bbox 3308 2140 3425 2194; x_wconf 87' lang='lat' dir='ltr'><strong><em>Non</em></strong></span> <span class='ocrx_word' id='word_1_611' title='bbox 3467 2141 3611 2195; x_wconf 85' lang='lat' dir='ltr'><strong><em>enim</em></strong></span> <span class='ocrx_word' id='word_1_612' title='bbox 3652 2153 3828 2196; x_wconf 79' lang='lat' dir='ltr'><strong><em>sancta</em></strong></span> 
     </span>
    </p>
   </div>
   <div class='ocr_carea' id='block_1_79' title="bbox 2248 2231 3825 2306">
    <p class='ocr_par' dir='ltr' id='par_1_79' title="bbox 2248 2231 3825 2306">
     <span class='ocr_line' id='line_1_79' title="bbox 2248 2231 3825 2306; baseline -0.005 -14"><span class='ocrx_word' id='word_1_613' title='bbox 2248 2239 2543 2306; x_wconf 87' lang='lat' dir='ltr'><strong><em>suscipiunt</em></strong></span> <span class='ocrx_word' id='word_1_614' title='bbox 2578 2251 2671 2291; x_wconf 89' lang='lat' dir='ltr'><strong><em>eos</em></strong></span> <span class='ocrx_word' id='word_1_615' title='bbox 2700 2234 2790 2305; x_wconf 88' lang='lat' dir='ltr'><strong><em>qui</em></strong></span> <span class='ocrx_word' id='word_1_616' title='bbox 2828 2249 2935 2287; x_wconf 92' lang='lat' dir='ltr'><strong><em>non</em></strong></span> <span class='ocrx_word' id='word_1_617' title='bbox 2967 2242 3088 2286; x_wconf 91' lang='lat' dir='ltr'><strong><em>sunt</em></strong></span> <span class='ocrx_word' id='word_1_618' title='bbox 3126 2232 3204 2287; x_wconf 90' lang='lat' dir='ltr'><strong><em>sic</em></strong></span> <span class='ocrx_word' id='word_1_619' title='bbox 3230 2231 3402 2286; x_wconf 80' lang='lat' dir='ltr'><strong><em>ali‘ecti</em></strong></span> <span class='ocrx_word' id='word_1_620' title='bbox 3434 2248 3558 2285; x_wconf 87' lang='lat' dir='ltr'><strong><em>cum</em></strong></span> <span class='ocrx_word' id='word_1_621' title='bbox 3601 2232 3825 2301; x_wconf 78' lang='lat' dir='ltr'><strong><em>plenitu-</em></strong></span> 
     </span>
    </p>
   </div>
   <div class='ocr_carea' id='block_1_80' title="bbox 2248 2324 3827 2385">
    <p class='ocr_par' dir='ltr' id='par_1_80' title="bbox 2248 2324 3827 2385">
     <span class='ocr_line' id='line_1_80' title="bbox 2248 2324 3827 2385; baseline -0.003 -1"><span class='ocrx_word' id='word_1_622' title='bbox 2248 2330 2415 2385; x_wconf 89' lang='lat' dir='ltr'><strong><em>dine:</em></strong></span> <span class='ocrx_word' id='word_1_623' title='bbox 2458 2338 2580 2381; x_wconf 86' lang='lat' dir='ltr'><strong><em>sunt</em></strong></span> <span class='ocrx_word' id='word_1_624' title='bbox 2615 2328 2758 2383; x_wconf 88' lang='lat' dir='ltr'><strong><em>enim</em></strong></span> <span class='ocrx_word' id='word_1_625' title='bbox 2808 2333 2991 2379; x_wconf 90' lang='lat' dir='ltr'><strong><em>sancla</em></strong></span> <span class='ocrx_word' id='word_1_626' title='bbox 3034 2334 3087 2379; x_wconf 93' lang='lat' dir='ltr'><strong><em>et</em></strong></span> <span class='ocrx_word' id='word_1_627' title='bbox 3132 2333 3314 2377; x_wconf 90' lang='lat' dir='ltr'><strong><em>sancta</em></strong></span> <span class='ocrx_word' id='word_1_628' title='bbox 3359 2331 3696 2377; x_wconf 88' lang='lat' dir='ltr'><strong><em>sanctorum.</em></strong></span> <span class='ocrx_word' id='word_1_629' title='bbox 3738 2324 3827 2379; x_wconf 87' lang='lat' dir='ltr'><strong><em>Hic</em></strong></span> 
     </span>
    </p>
   </div>
   <div class='ocr_carea' id='block_1_81' title="bbox 2253 2413 3828 2492">
    <p class='ocr_par' dir='ltr' id='par_1_81' title="bbox 2253 2413 3828 2492">
     <span class='ocr_line' id='line_1_81' title="bbox 2253 2413 3828 2492; baseline -0.007 -15"><span class='ocrx_word' id='word_1_630' title='bbox 2253 2436 2382 2492; x_wconf 81' lang='lat' dir='ltr'><strong><em>ergo</em></strong></span> <span class='ocrx_word' id='word_1_631' title='bbox 2428 2420 2587 2474; x_wconf 90' lang='lat' dir='ltr'><strong><em>homo</em></strong></span> <span class='ocrx_word' id='word_1_632' title='bbox 2633 2417 2809 2472; x_wconf 91' lang='lat' dir='ltr'><strong><em>nullus</em></strong></span> <span class='ocrx_word' id='word_1_633' title='bbox 2856 2414 3019 2473; x_wconf 84' lang='lat' dir='ltr'><strong><em>intrat</em></strong></span> <span class='ocrx_word' id='word_1_634' title='bbox 3061 2413 3334 2483; x_wconf 81' lang='lat' dir='ltr'><strong><em>profanus.</em></strong></span> <span class='ocrx_word' id='word_1_635' title='bbox 3382 2413 3463 2466; x_wconf 89' lang='lat' dir='ltr'><strong><em>Illi</em></strong></span> <span class='ocrx_word' id='word_1_636' title='bbox 3506 2413 3559 2467; x_wconf 92' lang='lat' dir='ltr'><strong><em>in</em></strong></span> <span class='ocrx_word' id='word_1_637' title='bbox 3610 2429 3828 2483; x_wconf 58' lang='lat' dir='ltr'><strong><em>Carpam</em></strong></span> 
     </span>
    </p>
   </div>
   <div class='ocr_carea' id='block_1_82' title="bbox 2250 2505 3825 2583">
    <p class='ocr_par' dir='ltr' id='par_1_82' title="bbox 2250 2505 3825 2583">
     <span class='ocr_line' id='line_1_82' title="bbox 2250 2505 3825 2583; baseline -0.005 -16"><span class='ocrx_word' id='word_1_638' title='bbox 2250 2511 2691 2583; x_wconf 81' lang='lat' dir='ltr'><strong><em>aspergebantur,</em></strong></span> <span class='ocrx_word' id='word_1_639' title='bbox 2724 2522 2823 2563; x_wconf 90' lang='lat' dir='ltr'><strong><em>nos</em></strong></span> <span class='ocrx_word' id='word_1_640' title='bbox 2849 2508 2901 2561; x_wconf 91' lang='lat' dir='ltr'><strong><em>in</em></strong></span> <span class='ocrx_word' id='word_1_641' title='bbox 2932 2508 3043 2577; x_wconf 90' lang='lat' dir='ltr'><strong><em>ipsa</em></strong></span> <span class='ocrx_word' id='word_1_642' title='bbox 3069 2505 3398 2560; x_wconf 88' lang='lat' dir='ltr'><strong><em>conscientia</em></strong></span> <span class='ocrx_word' id='word_1_643' title='bbox 3435 2523 3447 2557; x_wconf 89' lang='lat'>:</span> <span class='ocrx_word' id='word_1_644' title='bbox 3482 2506 3825 2576; x_wconf 84' lang='lat' dir='ltr'><strong><em>quamobrem</em></strong></span> 
     </span>
    </p>
   </div>
   <div class='ocr_carea' id='block_1_83' title="bbox 2252 2595 3829 2672">
    <p class='ocr_par' dir='ltr' id='par_1_83' title="bbox 2252 2595 3829 2672">
     <span class='ocr_line' id='line_1_83' title="bbox 2252 2595 3829 2672; baseline -0.007 -12"><span class='ocrx_word' id='word_1_645' title='bbox 2252 2618 2394 2661; x_wconf 87' lang='lat' dir='ltr'><strong><em>nunc</em></strong></span> <span class='ocrx_word' id='word_1_646' title='bbox 2443 2616 2656 2672; x_wconf 88' lang='lat' dir='ltr'><strong><em>quoque</em></strong></span> <span class='ocrx_word' id='word_1_647' title='bbox 2705 2600 2828 2653; x_wconf 90' lang='lat' dir='ltr'><strong><em>licet</em></strong></span> <span class='ocrx_word' id='word_1_648' title='bbox 2880 2598 2992 2668; x_wconf 85' lang='lat' dir='ltr'><strong><em>ipsa</em></strong></span> <span class='ocrx_word' id='word_1_649' title='bbox 3048 2596 3260 2666; x_wconf 80' lang='lat' dir='ltr'><strong><em>aSpergi</em></strong></span> <span class='ocrx_word' id='word_1_650' title='bbox 3317 2597 3537 2650; x_wconf 84' lang='lat' dir='ltr'><strong><em>virtute.</em></strong></span> <span class='ocrx_word' id='word_1_651' title='bbox 3574 2595 3640 2649; x_wconf 83' lang='lat' dir='ltr'><strong><em>Et</em></strong></span> <span class='ocrx_word' id='word_1_652' title='bbox 3677 2597 3829 2649; x_wconf 72' lang='lat' dir='ltr'><strong><em>abluti</em></strong></span> 
     </span>
    </p>
   </div>
   <div class='ocr_carea' id='block_1_84' title="bbox 2251 2688 3829 2765">
    <p class='ocr_par' dir='ltr' id='par_1_84' title="bbox 2251 2688 3829 2765">
     <span class='ocr_line' id='line_1_84' title="bbox 2251 2688 3829 2765; baseline -0.005 -15"><span class='ocrx_word' id='word_1_653' title='bbox 2251 2712 2435 2765; x_wconf 86' lang='lat' dir='ltr'><strong><em>corpus</em></strong></span> <span class='ocrx_word' id='word_1_654' title='bbox 2459 2710 2591 2764; x_wconf 88' lang='lat' dir='ltr'><strong><em>aqua</em></strong></span> <span class='ocrx_word' id='word_1_655' title='bbox 2612 2690 2819 2746; x_wconf 90' lang='lat' dir='ltr'><strong><em>munda.</em></strong></span> <span class='ocrx_word' id='word_1_656' title='bbox 2843 2689 3136 2745; x_wconf 88' lang='lat' dir='ltr'><strong><em>Lavacrum</em></strong></span> <span class='ocrx_word' id='word_1_657' title='bbox 3158 2689 3285 2742; x_wconf 90' lang='lat' dir='ltr'><strong><em>dicit</em></strong></span> <span class='ocrx_word' id='word_1_658' title='bbox 3306 2704 3410 2743; x_wconf 91' lang='lat' dir='ltr'><strong><em>non</em></strong></span> <span class='ocrx_word' id='word_1_659' title='bbox 3443 2688 3585 2758; x_wconf 89' lang='lat' dir='ltr'><strong><em>quod</em></strong></span> <span class='ocrx_word' id='word_1_660' title='bbox 3617 2688 3829 2742; x_wconf 79' lang='lat' dir='ltr'><strong><em>niundat</em></strong></span> 
     </span>
    </p>
   </div>
   <div class='ocr_carea' id='block_1_85' title="bbox 2251 2778 3821 2856">
    <p class='ocr_par' dir='ltr' id='par_1_85' title="bbox 2251 2778 3821 2856">
     <span class='ocr_line' id='line_1_85' title="bbox 2251 2778 3821 2856; baseline -0.009 -14"><span class='ocrx_word' id='word_1_661' title='bbox 2251 2801 2499 2856; x_wconf 86' lang='lat' dir='ltr'><strong><em>corpora,</em></strong></span> <span class='ocrx_word' id='word_1_662' title='bbox 2535 2783 2629 2838; x_wconf 85' lang='lat' dir='ltr'><strong><em>sed</em></strong></span> <span class='ocrx_word' id='word_1_663' title='bbox 2673 2781 2925 2835; x_wconf 85' lang='lat' dir='ltr'><strong><em>animam.</em></strong></span> <span class='ocrx_word' id='word_1_664' title='bbox 2957 2778 3150 2833; x_wconf 84' lang='lat' dir='ltr'><strong><em>Fidelis</em></strong></span> <span class='ocrx_word' id='word_1_665' title='bbox 3187 2779 3318 2832; x_wconf 91' lang='lat' dir='ltr'><strong><em>enim</em></strong></span> <span class='ocrx_word' id='word_1_666' title='bbox 3351 2789 3423 2831; x_wconf 89' lang='lat' dir='ltr'><strong><em>est</em></strong></span> <span class='ocrx_word' id='word_1_667' title='bbox 3460 2779 3547 2847; x_wconf 90' lang='lat' dir='ltr'><strong><em>qui</em></strong></span> <span class='ocrx_word' id='word_1_668' title='bbox 3584 2780 3821 2849; x_wconf 81' lang='lat' dir='ltr'><strong><em>promisit.</em></strong></span> 
     </span>
    </p>
   </div>
   <div class='ocr_carea' id='block_1_86' title="bbox 2254 2868 3820 2948">
    <p class='ocr_par' dir='ltr' id='par_1_86' title="bbox 2254 2868 3820 2948">
     <span class='ocr_line' id='line_1_86' title="bbox 2254 2868 3820 2948; baseline -0.008 -13"><span class='ocrx_word' id='word_1_669' title='bbox 2254 2878 2517 2948; x_wconf 88' lang='lat' dir='ltr'><strong><em>Quidnam</em></strong></span> <span class='ocrx_word' id='word_1_670' title='bbox 2570 2890 2698 2929; x_wconf 85' lang='lat' dir='ltr'><strong><em>vero</em></strong></span> <span class='ocrx_word' id='word_1_671' title='bbox 2753 2870 3075 2943; x_wconf 87' lang='lat' dir='ltr'><strong><em>promittens</em></strong></span> <span class='ocrx_word' id='word_1_672' title='bbox 3122 2879 3205 2923; x_wconf 90' lang='lat' dir='ltr'><strong><em>est</em></strong></span> <span class='ocrx_word' id='word_1_673' title='bbox 3250 2869 3476 2924; x_wconf 80' lang='lat' dir='ltr'><strong><em>ﬁdelis?</em></strong></span> <span class='ocrx_word' id='word_1_674' title='bbox 3524 2869 3678 2937; x_wconf 87' lang='lat' dir='ltr'><strong><em>Quod</em></strong></span> <span class='ocrx_word' id='word_1_675' title='bbox 3723 2868 3820 2923; x_wconf 90' lang='lat' dir='ltr'><strong><em>illic</em></strong></span> 
     </span>
    </p>
   </div>
   <div class='ocr_carea' id='block_1_87' title="bbox 2251 2964 3824 3043">
    <p class='ocr_par' dir='ltr' id='par_1_87' title="bbox 2251 2964 3824 3043">
     <span class='ocr_line' id='line_1_87' title="bbox 2251 2964 3824 3043; baseline -0.006 -16"><span class='ocrx_word' id='word_1_676' title='bbox 2251 2982 2462 3043; x_wconf 89' lang='lat' dir='ltr'><strong><em>oportet</em></strong></span> <span class='ocrx_word' id='word_1_677' title='bbox 2480 2970 2762 3035; x_wconf 89' lang='lat' dir='ltr'><strong><em>decedere,</em></strong></span> <span class='ocrx_word' id='word_1_678' title='bbox 2781 2978 2837 3025; x_wconf 91' lang='lat' dir='ltr'><strong><em>et</em></strong></span> <span class='ocrx_word' id='word_1_679' title='bbox 2852 2984 3071 3039; x_wconf 79' lang='lat' dir='ltr'><strong><em>regnum</em></strong></span> <span class='ocrx_word' id='word_1_680' title='bbox 3089 2967 3306 3021; x_wconf 88' lang='lat' dir='ltr'><strong><em>intrare.</em></strong></span> <span class='ocrx_word' id='word_1_681' title='bbox 3324 2964 3469 3019; x_wconf 88' lang='lat' dir='ltr'><strong><em>Nihil</em></strong></span> <span class='ocrx_word' id='word_1_682' title='bbox 3489 2979 3617 3034; x_wconf 81' lang='lat' dir='ltr'><strong><em>ergo</em></strong></span> <span class='ocrx_word' id='word_1_683' title='bbox 3630 2964 3824 3017; x_wconf 79' lang='lat' dir='ltr'><strong><em>curiose</em></strong></span> 
     </span>
    </p>
   </div>
   <div class='ocr_carea' id='block_1_88' title="bbox 2257 3055 3821 3133">
    <p class='ocr_par' dir='ltr' id='par_1_88' title="bbox 2257 3055 3821 3133">
     <span class='ocr_line' id='line_1_88' title="bbox 2257 3055 3821 3133; baseline -0.009 -13"><span class='ocrx_word' id='word_1_684' title='bbox 2257 3074 2520 3128; x_wconf 87' lang='lat' dir='ltr'><strong><em>scrutare,</em></strong></span> <span class='ocrx_word' id='word_1_685' title='bbox 2541 3078 2715 3133; x_wconf 89' lang='lat' dir='ltr'><strong><em>neque</em></strong></span> <span class='ocrx_word' id='word_1_686' title='bbox 2735 3062 2968 3116; x_wconf 89' lang='lat' dir='ltr'><strong><em>rationes</em></strong></span> <span class='ocrx_word' id='word_1_687' title='bbox 2989 3059 3140 3128; x_wconf 79' lang='lat' dir='ltr'><strong><em>exige</em></strong></span> <span class='ocrx_word' id='word_1_688' title='bbox 3165 3075 3179 3112; x_wconf 76' lang='grc' dir='ltr'>ε</span> <span class='ocrx_word' id='word_1_689' title='bbox 3210 3072 3294 3112; x_wconf 89' lang='lat' dir='ltr'><strong><em>res</em></strong></span> <span class='ocrx_word' id='word_1_690' title='bbox 3320 3068 3520 3110; x_wconf 76' lang='lat' dir='ltr'><strong><em>nostra:</em></strong></span> <span class='ocrx_word' id='word_1_691' title='bbox 3541 3066 3696 3122; x_wconf 81' lang='lat' dir='ltr'><strong><em>egent</em></strong></span> <span class='ocrx_word' id='word_1_692' title='bbox 3714 3055 3821 3106; x_wconf 80' lang='lat' dir='ltr'><strong><em>lidc.</em></strong></span> 
     </span>
    </p>
   </div>
   <div class='ocr_carea' id='block_1_89' title="bbox 2257 3146 3824 3222">
    <p class='ocr_par' dir='ltr' id='par_1_89' title="bbox 2257 3146 3824 3222">
     <span class='ocr_line' id='line_1_89' title="bbox 2257 3146 3824 3222; baseline -0.01 -11"><span class='ocrx_word' id='word_1_693' title='bbox 2257 3157 2347 3211; x_wconf 76' lang='grc'><strong><em>24.</em></strong></span> <span class='ocrx_word' id='word_1_694' title='bbox 2376 3156 2442 3209; x_wconf 85' lang='lat' dir='ltr'><strong><em>Et</em></strong></span> <span class='ocrx_word' id='word_1_695' title='bbox 2469 3156 2859 3217; x_wconf 84' lang='lat' dir='ltr'><strong><em>consideremus,</em></strong></span> <span class='ocrx_word' id='word_1_696' title='bbox 2893 3151 3082 3222; x_wconf 90' lang='lat' dir='ltr'><strong><em>inquit,</em></strong></span> <span class='ocrx_word' id='word_1_697' title='bbox 3114 3150 3325 3202; x_wconf 87' lang='lat' dir='ltr'><strong><em>invicem</em></strong></span> <span class='ocrx_word' id='word_1_698' title='bbox 3354 3149 3406 3201; x_wconf 91' lang='lat' dir='ltr'><strong><em>in</em></strong></span> <span class='ocrx_word' id='word_1_699' title='bbox 3434 3146 3824 3215; x_wconf 58' lang='lat' dir='ltr'><strong><em>provocationem</em></strong></span> 
     </span>
    </p>
   </div>
   <div class='ocr_carea' id='block_1_90' title="bbox 2260 3234 3825 3311">
    <p class='ocr_par' dir='ltr' id='par_1_90' title="bbox 2260 3234 3825 3311">
     <span class='ocr_line' id='line_1_90' title="bbox 2260 3234 3825 3311; baseline -0.01 -10"><span class='ocrx_word' id='word_1_700' title='bbox 2260 3248 2488 3301; x_wconf 89' lang='lat' dir='ltr'><strong><em>caritatis</em></strong></span> <span class='ocrx_word' id='word_1_701' title='bbox 2515 3257 2562 3300; x_wconf 89' lang='lat' dir='ltr'><strong><em>et</em></strong></span> <span class='ocrx_word' id='word_1_702' title='bbox 2591 3246 2835 3299; x_wconf 89' lang='lat' dir='ltr'><strong><em>bonorum</em></strong></span> <span class='ocrx_word' id='word_1_703' title='bbox 2861 3257 3103 3311; x_wconf 90' lang='lat' dir='ltr'><strong><em>operum,</em></strong></span> <span class='ocrx_word' id='word_1_704' title='bbox 3129 3238 3222 3293; x_wconf 77' lang='grc'><strong><em>25.</em></strong></span> <span class='ocrx_word' id='word_1_705' title='bbox 3253 3254 3355 3291; x_wconf 88' lang='lat' dir='ltr'><strong><em>non</em></strong></span> <span class='ocrx_word' id='word_1_706' title='bbox 3382 3238 3665 3292; x_wconf 84' lang='lat' dir='ltr'><strong><em>deserentes</em></strong></span> <span class='ocrx_word' id='word_1_707' title='bbox 3689 3234 3825 3288; x_wconf 78' lang='lat' dir='ltr'><strong><em>colle-</em></strong></span> 
     </span>
    </p>
   </div>
   <div class='ocr_carea' id='block_1_91' title="bbox 2261 3327 3823 3398">
    <p class='ocr_par' dir='ltr' id='par_1_91' title="bbox 2261 3327 3823 3398">
     <span class='ocr_line' id='line_1_91' title="bbox 2261 3327 3823 3398; baseline -0.011 -6"><span class='ocrx_word' id='word_1_708' title='bbox 2261 3339 2473 3393; x_wconf 89' lang='lat' dir='ltr'><strong><em>ctionem</em></strong></span> <span class='ocrx_word' id='word_1_709' title='bbox 2513 3345 2770 3398; x_wconf 90' lang='lat' dir='ltr'><strong><em>nostram,</em></strong></span> <span class='ocrx_word' id='word_1_710' title='bbox 2814 3333 2940 3387; x_wconf 88' lang='lat' dir='ltr'><strong><em>sicut</em></strong></span> <span class='ocrx_word' id='word_1_711' title='bbox 2982 3329 3358 3384; x_wconf 81' lang='lat' dir='ltr'><strong><em>consuetudinis</em></strong></span> <span class='ocrx_word' id='word_1_712' title='bbox 3402 3338 3476 3382; x_wconf 83' lang='lat' dir='ltr'><strong><em>est</em></strong></span> <span class='ocrx_word' id='word_1_713' title='bbox 3518 3327 3823 3397; x_wconf 72' lang='lat' dir='ltr'><strong><em>quibusdsu,</em></strong></span> 
     </span>
    </p>
   </div>
   <div class='ocr_carea' id='block_1_92' title="bbox 2262 3418 3825 3493">
    <p class='ocr_par' dir='ltr' id='par_1_92' title="bbox 2262 3418 3825 3493">
     <span class='ocr_line' id='line_1_92' title="bbox 2262 3418 3825 3493; baseline -0.01 -9"><span class='ocrx_word' id='word_1_714' title='bbox 2262 3430 2350 3484; x_wconf 87' lang='lat' dir='ltr'><strong><em>sed</em></strong></span> <span class='ocrx_word' id='word_1_715' title='bbox 2379 3430 2713 3493; x_wconf 88' lang='lat' dir='ltr'><strong><em>consolantes,</em></strong></span> <span class='ocrx_word' id='word_1_716' title='bbox 2746 3435 2792 3480; x_wconf 92' lang='lat' dir='ltr'><strong><em>et</em></strong></span> <span class='ocrx_word' id='word_1_717' title='bbox 2818 3433 2957 3478; x_wconf 91' lang='lat' dir='ltr'><strong><em>tanto</em></strong></span> <span class='ocrx_word' id='word_1_718' title='bbox 2988 3421 3169 3492; x_wconf 80' lang='lat' dir='ltr'><strong><em>magis,</em></strong></span> <span class='ocrx_word' id='word_1_719' title='bbox 3196 3429 3381 3490; x_wconf 90' lang='lat' dir='ltr'><strong><em>quanto</em></strong></span> <span class='ocrx_word' id='word_1_720' title='bbox 3405 3418 3630 3472; x_wconf 75' lang='lat' dir='ltr'><strong><em>videritis</em></strong></span> <span class='ocrx_word' id='word_1_721' title='bbox 3658 3433 3825 3487; x_wconf 76' lang='lat' dir='ltr'><strong><em>appro-</em></strong></span> 
     </span>
    </p>
   </div>
   <div class='ocr_carea' id='block_1_93' title="bbox 2265 3506 3830 3591">
    <p class='ocr_par' dir='ltr' id='par_1_93' title="bbox 2265 3506 3830 3591">
     <span class='ocr_line' id='line_1_93' title="bbox 2265 3506 3830 3591; baseline -0.006 -19"><span class='ocrx_word' id='word_1_722' title='bbox 2265 3522 2592 3591; x_wconf 85' lang='lat' dir='ltr'><strong><em>pinquantem</em></strong></span> <span class='ocrx_word' id='word_1_723' title='bbox 2633 3517 2785 3569; x_wconf 88' lang='lat' dir='ltr'><strong><em>diem.</em></strong></span> <span class='ocrx_word' id='word_1_724' title='bbox 2836 3513 2906 3568; x_wconf 86' lang='lat' dir='ltr'><strong><em>Et</em></strong></span> <span class='ocrx_word' id='word_1_725' title='bbox 2951 3525 3137 3567; x_wconf 85' lang='lat' dir='ltr'><strong><em>rursus</em></strong></span> <span class='ocrx_word' id='word_1_726' title='bbox 3181 3509 3309 3563; x_wconf 87' lang='lat' dir='ltr'><strong><em>alibi</em></strong></span> <span class='ocrx_word' id='word_1_727' title='bbox 3359 3509 3488 3563; x_wconf 88' lang='lat' dir='ltr'><strong><em>dicit</em></strong></span> <span class='ocrx_word' id='word_1_728' title='bbox 3533 3526 3549 3562; x_wconf 89' lang='lat'><strong>:</strong></span> <span class='ocrx_word' id='word_1_729' title='bbox 3596 3506 3830 3563; x_wconf 70' lang='lat' dir='ltr'><strong><em>Dominus</em></strong></span> 
     </span>
    </p>
   </div>
   <div class='ocr_carea' id='block_1_94' title="bbox 2266 3596 3827 3681">
    <p class='ocr_par' dir='ltr' id='par_1_94' title="bbox 2266 3596 3827 3681">
     <span class='ocr_line' id='line_1_94' title="bbox 2266 3596 3827 3681; baseline -0.01 -17"><span class='ocrx_word' id='word_1_730' title='bbox 2266 3626 2423 3681; x_wconf 86' lang='lat' dir='ltr'><strong><em>prope</em></strong></span> <span class='ocrx_word' id='word_1_731' title='bbox 2443 3620 2512 3664; x_wconf 85' lang='lat' dir='ltr'><strong><em>est</em></strong></span> <span class='ocrx_word' id='word_1_732' title='bbox 2534 3624 2551 3662; x_wconf 92' lang='lat'><em>:</em></span> <span class='ocrx_word' id='word_1_733' title='bbox 2574 3608 2703 3667; x_wconf 83' lang='lat' dir='ltr'><strong><em>nihil</em></strong></span> <span class='ocrx_word' id='word_1_734' title='bbox 2730 3604 2934 3663; x_wconf 86' lang='lat' dir='ltr'><strong><em>solliciti</em></strong></span> <span class='ocrx_word' id='word_1_735' title='bbox 2961 3603 3073 3657; x_wconf 85' lang='lat' dir='ltr'><strong><em>sitis</em></strong></span> <span class='ocrx_word' id='word_1_736' title='bbox 3103 3600 3370 3673; x_wconf 86' lang='lat' dir='ltr'><strong><em>(Philipp.</em></strong></span> <span class='ocrx_word' id='word_1_737' title='bbox 3403 3600 3456 3653; x_wconf 73' lang='grc'><strong>4.</strong></span> <span class='ocrx_word' id='word_1_738' title='bbox 3491 3600 3546 3654; x_wconf 89' lang='grc'><strong>5.</strong></span> <span class='ocrx_word' id='word_1_739' title='bbox 3575 3598 3663 3669; x_wconf 89' lang='grc'><strong><em>6).</em></strong></span> <span class='ocrx_word' id='word_1_740' title='bbox 3694 3596 3827 3651; x_wconf 77' lang='lat' dir='ltr'><strong><em>Nunc</em></strong></span> 
     </span>
    </p>
   </div>
   <div class='ocr_carea' id='block_1_95' title="bbox 2265 3688 3827 3772">
    <p class='ocr_par' dir='ltr' id='par_1_95' title="bbox 2265 3688 3827 3772">
     <span class='ocr_line' id='line_1_95' title="bbox 2265 3688 3827 3772; baseline -0.006 -19"><span class='ocrx_word' id='word_1_741' title='bbox 2265 3700 2398 3754; x_wconf 91' lang='lat' dir='ltr'><strong><em>enim</em></strong></span> <span class='ocrx_word' id='word_1_742' title='bbox 2437 3688 2767 3772; x_wconf 81' lang='lat' dir='ltr'><strong><em>prapinquior</em></strong></span> <span class='ocrx_word' id='word_1_743' title='bbox 2799 3705 2873 3750; x_wconf 89' lang='lat' dir='ltr'><strong><em>est</em></strong></span> <span class='ocrx_word' id='word_1_744' title='bbox 2912 3703 3084 3750; x_wconf 88' lang='lat' dir='ltr'><strong><em>nostra</em></strong></span> <span class='ocrx_word' id='word_1_745' title='bbox 3108 3692 3246 3746; x_wconf 88' lang='lat' dir='ltr'><strong><em>salus</em></strong></span> <span class='ocrx_word' id='word_1_746' title='bbox 3264 3709 3285 3757; x_wconf 92' lang='lat'><strong><em>;</em></strong></span> <span class='ocrx_word' id='word_1_747' title='bbox 3312 3700 3365 3746; x_wconf 90' lang='lat' dir='ltr'><strong><em>et</em></strong></span> <span class='ocrx_word' id='word_1_748' title='bbox 3388 3704 3598 3757; x_wconf 88' lang='lat' dir='ltr'><strong><em>rursus,</em></strong></span> <span class='ocrx_word' id='word_1_749' title='bbox 3628 3688 3827 3759; x_wconf 70' lang='lat' dir='ltr'><strong><em>Tempus</em></strong></span> 
     </span>
    </p>
   </div>
   <div class='ocr_carea' id='block_1_96' title="bbox 2268 3781 3828 3860">
    <p class='ocr_par' dir='ltr' id='par_1_96' title="bbox 2268 3781 3828 3860">
     <span class='ocr_line' id='line_1_96' title="bbox 2268 3781 3828 3860; baseline -0.008 -16"><span class='ocrx_word' id='word_1_750' title='bbox 2268 3790 2410 3845; x_wconf 88' lang='lat' dir='ltr'><strong><em>breve</em></strong></span> <span class='ocrx_word' id='word_1_751' title='bbox 2437 3800 2508 3844; x_wconf 81' lang='lat' dir='ltr'><strong><em>est</em></strong></span> <span class='ocrx_word' id='word_1_752' title='bbox 2533 3790 2579 3860; x_wconf 90' lang='grc'><strong>(1</strong></span> <span class='ocrx_word' id='word_1_753' title='bbox 2594 3829 2611 3851; x_wconf 76' lang='lat'><strong><em>._</em></strong></span> <span class='ocrx_word' id='word_1_754' title='bbox 2632 3787 2755 3842; x_wconf 83' lang='lat' dir='ltr'><strong><em>Cor.</em></strong></span> <span class='ocrx_word' id='word_1_755' title='bbox 2778 3787 2832 3840; x_wconf 86' lang='lat'><strong><em>7.</em></strong></span> <span class='ocrx_word' id='word_1_756' title='bbox 2854 3785 2970 3854; x_wconf 89' lang='grc'><strong>29).</strong></span> <span class='ocrx_word' id='word_1_757' title='bbox 3003 3783 3139 3850; x_wconf 84' lang='lat' dir='ltr'><strong><em>Quid</em></strong></span> <span class='ocrx_word' id='word_1_758' title='bbox 3160 3793 3267 3847; x_wconf 85' lang='lat' dir='ltr'><strong><em>est,</em></strong></span> <span class='ocrx_word' id='word_1_759' title='bbox 3290 3781 3411 3836; x_wconf 79' lang='lat' dir='ltr'><strong><em>Non</em></strong></span> <span class='ocrx_word' id='word_1_760' title='bbox 3432 3782 3710 3836; x_wconf 84' lang='lat' dir='ltr'><strong><em>deserentes</em></strong></span> <span class='ocrx_word' id='word_1_761' title='bbox 3727 3797 3828 3833; x_wconf 81' lang='lat' dir='ltr'><strong><em>con-</em></strong></span> 
     </span>
    </p>
   </div>
   <div class='ocr_carea' id='block_1_97' title="bbox 2268 3874 3828 3958">
    <p class='ocr_par' dir='ltr' id='par_1_97' title="bbox 2268 3874 3828 3958">
     <span class='ocr_line' id='line_1_97' title="bbox 2268 3874 3828 3958; baseline -0.008 -21"><span class='ocrx_word' id='word_1_762' title='bbox 2268 3882 2608 3958; x_wconf 84' lang='lat' dir='ltr'><strong><em>gregationem</em></strong></span> <span class='ocrx_word' id='word_1_763' title='bbox 2645 3875 2917 3931; x_wconf 89' lang='lat' dir='ltr'><strong><em>nostram?</em></strong></span> <span class='ocrx_word' id='word_1_764' title='bbox 2953 3874 3110 3930; x_wconf 81' lang='lat' dir='ltr'><strong><em>Novit</em></strong></span> <span class='ocrx_word' id='word_1_765' title='bbox 3135 3888 3199 3929; x_wconf 83' lang='lat' dir='ltr'><strong><em>ex</em></strong></span> <span class='ocrx_word' id='word_1_766' title='bbox 3232 3885 3507 3928; x_wconf 86' lang='lat' dir='ltr'><strong><em>conventu</em></strong></span> <span class='ocrx_word' id='word_1_767' title='bbox 3536 3882 3591 3927; x_wconf 86' lang='lat' dir='ltr'><strong><em>et</em></strong></span> <span class='ocrx_word' id='word_1_768' title='bbox 3621 3887 3686 3927; x_wconf 79' lang='lat' dir='ltr'><strong><em>ex</em></strong></span> <span class='ocrx_word' id='word_1_769' title='bbox 3714 3886 3828 3926; x_wconf 86' lang='lat' dir='ltr'><strong><em>con-</em></strong></span> 
     </span>
    </p>
   </div>
   <div class='ocr_carea' id='block_1_98' title="bbox 2269 3962 3825 4045">
    <p class='ocr_par' dir='ltr' id='par_1_98' title="bbox 2269 3962 3825 4045">
     <span class='ocr_line' id='line_1_98' title="bbox 2269 3962 3825 4045; baseline -0.009 -18"><span class='ocrx_word' id='word_1_770' title='bbox 2269 3970 2582 4045; x_wconf 81' lang='lat' dir='ltr'><strong><em>gregatione</em></strong></span> <span class='ocrx_word' id='word_1_771' title='bbox 2608 3969 2832 4023; x_wconf 87' lang='lat' dir='ltr'><strong><em>multam</em></strong></span> <span class='ocrx_word' id='word_1_772' title='bbox 2860 3980 2980 4021; x_wconf 87' lang='lat' dir='ltr'><strong><em>esse</em></strong></span> <span class='ocrx_word' id='word_1_773' title='bbox 3006 3964 3136 4018; x_wconf 82' lang='lat' dir='ltr'><strong><em>vim.</em></strong></span> <span class='ocrx_word' id='word_1_774' title='bbox 3172 3962 3269 4018; x_wconf 86' lang='lat' dir='ltr'><strong><em>Ubi</em></strong></span> <span class='ocrx_word' id='word_1_775' title='bbox 3298 3962 3431 4017; x_wconf 87' lang='lat' dir='ltr'><strong><em>enim</em></strong></span> <span class='ocrx_word' id='word_1_776' title='bbox 3455 3972 3573 4016; x_wconf 88' lang='lat' dir='ltr'><strong><em>sunt</em></strong></span> <span class='ocrx_word' id='word_1_777' title='bbox 3596 4004 3611 4029; x_wconf 84' lang='lat'><strong><em>,</em></strong></span> <span class='ocrx_word' id='word_1_778' title='bbox 3642 3962 3825 4031; x_wconf 90' lang='lat' dir='ltr'><strong><em>inquit,</em></strong></span> 
     </span>
    </p>
   </div>
   <div class='ocr_carea' id='block_1_99' title="bbox 2271 4052 3828 4130">
    <p class='ocr_par' dir='ltr' id='par_1_99' title="bbox 2271 4052 3828 4130">
     <span class='ocr_line' id='line_1_99' title="bbox 2271 4052 3828 4130; baseline -0.011 -11"><span class='ocrx_word' id='word_1_779' title='bbox 2271 4064 2372 4121; x_wconf 89' lang='lat' dir='ltr'><strong><em>duo</em></strong></span> <span class='ocrx_word' id='word_1_780' title='bbox 2402 4071 2491 4116; x_wconf 90' lang='lat' dir='ltr'><strong><em>aut</em></strong></span> <span class='ocrx_word' id='word_1_781' title='bbox 2542 4072 2642 4115; x_wconf 90' lang='lat' dir='ltr'><strong><em>tres</em></strong></span> <span class='ocrx_word' id='word_1_782' title='bbox 2679 4057 2965 4130; x_wconf 88' lang='lat' dir='ltr'><strong><em>congregati</em></strong></span> <span class='ocrx_word' id='word_1_783' title='bbox 3008 4057 3062 4109; x_wconf 93' lang='lat' dir='ltr'><strong><em>in</em></strong></span> <span class='ocrx_word' id='word_1_784' title='bbox 3092 4054 3296 4108; x_wconf 88' lang='lat' dir='ltr'><strong><em>nomine</em></strong></span> <span class='ocrx_word' id='word_1_785' title='bbox 3334 4070 3479 4117; x_wconf 88' lang='lat' dir='ltr'><strong><em>meo,</em></strong></span> <span class='ocrx_word' id='word_1_786' title='bbox 3520 4054 3627 4106; x_wconf 90' lang='lat' dir='ltr'><strong><em>illic</em></strong></span> <span class='ocrx_word' id='word_1_787' title='bbox 3662 4069 3765 4106; x_wconf 81' lang='lat' dir='ltr'><strong><em>sunt</em></strong></span> <span class='ocrx_word' id='word_1_788' title='bbox 3788 4052 3828 4102; x_wconf 80' lang='lat' dir='ltr'><strong><em>in</em></strong></span> 
     </span>
    </p>
   </div>
   <div class='ocr_carea' id='block_1_100' title="bbox 2273 4143 3827 4224">
    <p class='ocr_par' dir='ltr' id='par_1_100' title="bbox 2273 4143 3827 4224">
     <span class='ocr_line' id='line_1_100' title="bbox 2273 4143 3827 4224; baseline -0.014 -12"><span class='ocrx_word' id='word_1_789' title='bbox 2273 4157 2437 4212; x_wconf 89' lang='lat' dir='ltr'><strong><em>medio</em></strong></span> <span class='ocrx_word' id='word_1_790' title='bbox 2463 4169 2634 4210; x_wconf 90' lang='lat' dir='ltr'><strong><em>eorum</em></strong></span> <span class='ocrx_word' id='word_1_791' title='bbox 2661 4150 2872 4224; x_wconf 77' lang='lat' dir='ltr'><strong><em>(Matth.</em></strong></span> <span class='ocrx_word' id='word_1_792' title='bbox 2894 4148 2982 4203; x_wconf 90' lang='grc'><strong>18.</strong></span> <span class='ocrx_word' id='word_1_793' title='bbox 3003 4146 3095 4217; x_wconf 91' lang='grc'><strong>20)</strong></span> <span class='ocrx_word' id='word_1_794' title='bbox 3120 4162 3135 4213; x_wconf 87' lang='lat'><strong>;</strong></span> <span class='ocrx_word' id='word_1_795' title='bbox 3160 4156 3213 4200; x_wconf 87' lang='lat' dir='ltr'><strong><em>et</em></strong></span> <span class='ocrx_word' id='word_1_796' title='bbox 3244 4160 3447 4209; x_wconf 88' lang='lat' dir='ltr'><strong><em>rursus,</em></strong></span> <span class='ocrx_word' id='word_1_797' title='bbox 3470 4143 3537 4199; x_wconf 87' lang='lat' dir='ltr'><strong><em>Ut</em></strong></span> <span class='ocrx_word' id='word_1_798' title='bbox 3558 4146 3658 4197; x_wconf 88' lang='lat' dir='ltr'><strong><em>sint</em></strong></span> <span class='ocrx_word' id='word_1_799' title='bbox 3677 4158 3827 4201; x_wconf 72' lang='lat' dir='ltr'><strong><em>unum,</em></strong></span> 
     </span>
    </p>
   </div>
   <div class='ocr_carea' id='block_1_101' title="bbox 2274 4234 3828 4312">
    <p class='ocr_par' dir='ltr' id='par_1_101' title="bbox 2274 4234 3828 4312">
     <span class='ocr_line' id='line_1_101' title="bbox 2274 4234 3828 4312; baseline -0.014 -7"><span class='ocrx_word' id='word_1_800' title='bbox 2274 4261 2329 4306; x_wconf 89' lang='lat' dir='ltr'><strong><em>ut</em></strong></span> <span class='ocrx_word' id='word_1_801' title='bbox 2357 4258 2403 4303; x_wconf 92' lang='lat' dir='ltr'><strong><em>et</em></strong></span> <span class='ocrx_word' id='word_1_802' title='bbox 2429 4264 2519 4302; x_wconf 91' lang='lat' dir='ltr'><strong><em>nos</em></strong></span> <span class='ocrx_word' id='word_1_803' title='bbox 2544 4261 2701 4299; x_wconf 86' lang='lat' dir='ltr'><strong><em>unum</em></strong></span> <span class='ocrx_word' id='word_1_804' title='bbox 2728 4258 2903 4297; x_wconf 88' lang='lat' dir='ltr'><strong><em>sumus</em></strong></span> <span class='ocrx_word' id='word_1_805' title='bbox 2927 4239 3104 4312; x_wconf 85' lang='lat' dir='ltr'><strong><em>(Joan.</em></strong></span> <span class='ocrx_word' id='word_1_806' title='bbox 3131 4240 3221 4293; x_wconf 79' lang='grc' dir='ltr'><strong>Π.</strong></span> <span class='ocrx_word' id='word_1_807' title='bbox 3254 4238 3341 4307; x_wconf 89' lang='grc'><strong><em>11)</em></strong></span> <span class='ocrx_word' id='word_1_808' title='bbox 3367 4254 3381 4301; x_wconf 88' lang='lat'><strong>;</strong></span> <span class='ocrx_word' id='word_1_809' title='bbox 3409 4246 3465 4291; x_wconf 87' lang='lat' dir='ltr'><strong><em>et</em></strong></span> <span class='ocrx_word' id='word_1_810' title='bbox 3496 4239 3706 4300; x_wconf 82' lang='lat' dir='ltr'><strong><em>iterum,</em></strong></span> <span class='ocrx_word' id='word_1_811' title='bbox 3731 4234 3828 4288; x_wconf 85' lang='lat' dir='ltr'><strong><em>0m-</em></strong></span> 
     </span>
    </p>
   </div>
   <div class='ocr_carea' id='block_1_102' title="bbox 2276 4326 3831 4399">
    <p class='ocr_par' dir='ltr' id='par_1_102' title="bbox 2276 4326 3831 4399">
     <span class='ocr_line' id='line_1_102' title="bbox 2276 4326 3831 4399; baseline -0.01 -4"><span class='ocrx_word' id='word_1_812' title='bbox 2276 4342 2413 4395; x_wconf 88' lang='lat' dir='ltr'><strong><em>nium</em></strong></span> <span class='ocrx_word' id='word_1_813' title='bbox 2454 4347 2563 4392; x_wconf 87' lang='lat' dir='ltr'><strong><em>erat</em></strong></span> <span class='ocrx_word' id='word_1_814' title='bbox 2596 4336 2768 4395; x_wconf 86' lang='lat' dir='ltr'><strong><em>anima</em></strong></span> <span class='ocrx_word' id='word_1_815' title='bbox 2800 4349 2901 4387; x_wconf 81' lang='lat' dir='ltr'><strong><em>una</em></strong></span> <span class='ocrx_word' id='word_1_816' title='bbox 2925 4375 2939 4399; x_wconf 94' lang='lat'><strong><em>,</em></strong></span> <span class='ocrx_word' id='word_1_817' title='bbox 2973 4341 3017 4385; x_wconf 90' lang='lat' dir='ltr'><strong><em>et</em></strong></span> <span class='ocrx_word' id='word_1_818' title='bbox 3044 4346 3131 4384; x_wconf 89' lang='lat' dir='ltr'><strong><em>cor</em></strong></span> <span class='ocrx_word' id='word_1_819' title='bbox 3158 4345 3315 4382; x_wconf 86' lang='lat' dir='ltr'><strong><em>unum</em></strong></span> <span class='ocrx_word' id='word_1_820' title='bbox 3345 4329 3483 4398; x_wconf 82' lang='lat' dir='ltr'><strong><em>(Act.</em></strong></span> <span class='ocrx_word' id='word_1_821' title='bbox 3517 4329 3574 4382; x_wconf 75' lang='grc'><strong>4.</strong></span> <span class='ocrx_word' id='word_1_822' title='bbox 3604 4328 3715 4399; x_wconf 80' lang='grc'><strong>52).</strong></span> <span class='ocrx_word' id='word_1_823' title='bbox 3738 4326 3831 4380; x_wconf 75' lang='lat' dir='ltr'><strong><em>Non</em></strong></span> 
     </span>
    </p>
   </div>
   <div class='ocr_carea' id='block_1_103' title="bbox 2277 4420 3835 4492">
    <p class='ocr_par' dir='ltr' id='par_1_103' title="bbox 2277 4420 3835 4492">
     <span class='ocr_line' id='line_1_103' title="bbox 2277 4420 3835 4492; baseline -0.012 -3"><span class='ocrx_word' id='word_1_824' title='bbox 2277 4437 2377 4490; x_wconf 84' lang='lat' dir='ltr'><strong><em>lioc</em></strong></span> <span class='ocrx_word' id='word_1_825' title='bbox 2404 4442 2581 4487; x_wconf 89' lang='lat' dir='ltr'><strong><em>autem</em></strong></span> <span class='ocrx_word' id='word_1_826' title='bbox 2610 4430 2785 4485; x_wconf 89' lang='lat' dir='ltr'><strong><em>solum</em></strong></span> <span class='ocrx_word' id='word_1_827' title='bbox 2806 4468 2821 4492; x_wconf 92' lang='lat'><strong><em>,</em></strong></span> <span class='ocrx_word' id='word_1_828' title='bbox 2855 4424 2951 4482; x_wconf 88' lang='lat' dir='ltr'><strong><em>sed</em></strong></span> <span class='ocrx_word' id='word_1_829' title='bbox 2991 4423 3152 4479; x_wconf 84' lang='lat' dir='ltr'><strong><em>etiam</em></strong></span> <span class='ocrx_word' id='word_1_830' title='bbox 3191 4420 3332 4492; x_wconf 92' lang='lat' dir='ltr'><strong><em>quod</em></strong></span> <span class='ocrx_word' id='word_1_831' title='bbox 3374 4430 3632 4492; x_wconf 76' lang='lat' dir='ltr'><strong><em>augeatur</em></strong></span> <span class='ocrx_word' id='word_1_832' title='bbox 3668 4421 3835 4475; x_wconf 71' lang='lat' dir='ltr'><strong><em>carius</em></strong></span> 
     </span>
    </p>
   </div>
   <div class='ocr_carea' id='block_1_104' title="bbox 2276 4513 3837 4596">
    <p class='ocr_par' dir='ltr' id='par_1_104' title="bbox 2276 4513 3837 4596">
     <span class='ocr_line' id='line_1_104' title="bbox 2276 4513 3837 4596; baseline -0.012 -15"><span class='ocrx_word' id='word_1_833' title='bbox 2276 4542 2372 4596; x_wconf 90' lang='lat' dir='ltr'><strong><em>per</em></strong></span> <span class='ocrx_word' id='word_1_834' title='bbox 2399 4520 2872 4594; x_wconf 79' lang='lat' dir='ltr'><strong><em>congregationem</em></strong></span> <span class='ocrx_word' id='word_1_835' title='bbox 2905 4533 2919 4569; x_wconf 90' lang='lat'><strong>:</strong></span> <span class='ocrx_word' id='word_1_836' title='bbox 2951 4515 2996 4569; x_wconf 92' lang='lat' dir='ltr'><strong><em>si</em></strong></span> <span class='ocrx_word' id='word_1_837' title='bbox 3027 4524 3287 4583; x_wconf 83' lang='lat' dir='ltr'><strong><em>augeatur</em></strong></span> <span class='ocrx_word' id='word_1_838' title='bbox 3310 4522 3491 4568; x_wconf 89' lang='lat' dir='ltr'><strong><em>autem</em></strong></span> <span class='ocrx_word' id='word_1_839' title='bbox 3520 4513 3736 4576; x_wconf 87' lang='lat' dir='ltr'><strong><em>caritas,</em></strong></span> <span class='ocrx_word' id='word_1_840' title='bbox 3763 4527 3837 4563; x_wconf 85' lang='lat' dir='ltr'><strong><em>ue-</em></strong></span> 
     </span>
    </p>
   </div>
   <div class='ocr_carea' id='block_1_105' title="bbox 2276 4603 3837 4677">
    <p class='ocr_par' dir='ltr' id='par_1_105' title="bbox 2276 4603 3837 4677">
     <span class='ocr_line' id='line_1_105' title="bbox 2276 4603 3837 4677; baseline -0.015 -2"><span class='ocrx_word' id='word_1_841' title='bbox 2276 4634 2427 4677; x_wconf 82' lang='lat' dir='ltr'><strong><em>ccsse</em></strong></span> <span class='ocrx_word' id='word_1_842' title='bbox 2455 4626 2537 4672; x_wconf 89' lang='lat' dir='ltr'><strong><em>est</em></strong></span> <span class='ocrx_word' id='word_1_843' title='bbox 2577 4623 2633 4669; x_wconf 91' lang='lat' dir='ltr'><strong><em>ut</em></strong></span> <span class='ocrx_word' id='word_1_844' title='bbox 2671 4612 2834 4668; x_wconf 90' lang='lat' dir='ltr'><strong><em>etiam</em></strong></span> <span class='ocrx_word' id='word_1_845' title='bbox 2870 4615 3165 4677; x_wconf 79' lang='lat' dir='ltr'><strong><em>augeantur</em></strong></span> <span class='ocrx_word' id='word_1_846' title='bbox 3193 4621 3311 4675; x_wconf 75' lang='lat' dir='ltr'><strong><em>qua:</em></strong></span> <span class='ocrx_word' id='word_1_847' title='bbox 3337 4615 3461 4658; x_wconf 89' lang='lat' dir='ltr'><strong><em>sunt</em></strong></span> <span class='ocrx_word' id='word_1_848' title='bbox 3506 4605 3627 4661; x_wconf 87' lang='lat' dir='ltr'><strong><em>Dei.</em></strong></span> <span class='ocrx_word' id='word_1_849' title='bbox 3662 4603 3837 4665; x_wconf 82' lang='lat' dir='ltr'><strong><em>Oratio,</em></strong></span> 
     </span>
    </p>
   </div>
   <div class='ocr_carea' id='block_1_106' title="bbox 2277 4692 3839 4780">
    <p class='ocr_par' dir='ltr' id='par_1_106' title="bbox 2277 4692 3839 4780">
     <span class='ocr_line' id='line_1_106' title="bbox 2277 4692 3839 4780; baseline -0.014 -15"><span class='ocrx_word' id='word_1_850' title='bbox 2277 4709 2467 4780; x_wconf 88' lang='lat' dir='ltr'><strong><em>inquit,</em></strong></span> <span class='ocrx_word' id='word_1_851' title='bbox 2497 4706 2647 4776; x_wconf 74' lang='lat' dir='ltr'><strong><em>ﬁebat</em></strong></span> <span class='ocrx_word' id='word_1_852' title='bbox 2677 4702 2783 4757; x_wconf 87' lang='lat' dir='ltr'><strong><em>sine</em></strong></span> <span class='ocrx_word' id='word_1_853' title='bbox 2810 4696 3176 4753; x_wconf 86' lang='lat' dir='ltr'><strong><em>intermissione</em></strong></span> <span class='ocrx_word' id='word_1_854' title='bbox 3203 4712 3234 4748; x_wconf 91' lang='lat' dir='ltr'><strong><em>a</em></strong></span> <span class='ocrx_word' id='word_1_855' title='bbox 3260 4694 3451 4764; x_wconf 86' lang='lat' dir='ltr'><strong><em>papula</em></strong></span> <span class='ocrx_word' id='word_1_856' title='bbox 3479 4695 3622 4764; x_wconf 73' lang='lat' dir='ltr'><strong><em>(Act.</em></strong></span> <span class='ocrx_word' id='word_1_857' title='bbox 3664 4693 3747 4748; x_wconf 88' lang='grc'><strong><em>12.</em></strong></span> <span class='ocrx_word' id='word_1_858' title='bbox 3774 4692 3839 4760; x_wconf 87' lang='grc'><strong>5).</strong></span> 
     </span>
    </p>
   </div>
   <div class='ocr_carea' id='block_1_107' title="bbox 2286 4787 3845 4860">
    <p class='ocr_par' dir='ltr' id='par_1_107' title="bbox 2286 4787 3845 4860">
     <span class='ocr_line' id='line_1_107' title="bbox 2286 4787 3845 4860; baseline -0.012 -3"><span class='ocrx_word' id='word_1_859' title='bbox 2286 4804 2433 4859; x_wconf 85' lang='lat' dir='ltr'><strong><em>Sicut</em></strong></span> <span class='ocrx_word' id='word_1_860' title='bbox 2470 4794 2846 4853; x_wconf 88' lang='lat' dir='ltr'><strong><em>consuetudinis</em></strong></span> <span class='ocrx_word' id='word_1_861' title='bbox 2875 4800 2946 4845; x_wconf 85' lang='lat' dir='ltr'><strong><em>est</em></strong></span> <span class='ocrx_word' id='word_1_862' title='bbox 2970 4787 3293 4860; x_wconf 84' lang='lat' dir='ltr'><strong><em>quibusdam.</em></strong></span> <span class='ocrx_word' id='word_1_863' title='bbox 3323 4787 3419 4840; x_wconf 89' lang='lat' dir='ltr'><strong><em>llic</em></strong></span> <span class='ocrx_word' id='word_1_864' title='bbox 3446 4803 3553 4842; x_wconf 88' lang='lat' dir='ltr'><strong><em>non</em></strong></span> <span class='ocrx_word' id='word_1_865' title='bbox 3585 4787 3755 4841; x_wconf 89' lang='lat' dir='ltr'><strong><em>solum</em></strong></span> <span class='ocrx_word' id='word_1_866' title='bbox 3778 4795 3845 4839; x_wconf 82' lang='lat' dir='ltr'><strong><em>est</em></strong></span> 
     </span>
    </p>
   </div>
   <div class='ocr_carea' id='block_1_108' title="bbox 2282 4878 3843 4958">
    <p class='ocr_par' dir='ltr' id='par_1_108' title="bbox 2282 4878 3843 4958">
     <span class='ocr_line' id='line_1_108' title="bbox 2282 4878 3843 4958; baseline -0.012 -7"><span class='ocrx_word' id='word_1_867' title='bbox 2282 4897 2559 4958; x_wconf 86' lang='lat' dir='ltr'><strong><em>hortatus,</em></strong></span> <span class='ocrx_word' id='word_1_868' title='bbox 2609 4889 2703 4943; x_wconf 90' lang='lat' dir='ltr'><strong><em>sed</em></strong></span> <span class='ocrx_word' id='word_1_869' title='bbox 2748 4886 2909 4941; x_wconf 87' lang='lat' dir='ltr'><strong><em>etiam</em></strong></span> <span class='ocrx_word' id='word_1_870' title='bbox 2963 4879 3326 4957; x_wconf 90' lang='lat' dir='ltr'><strong><em>reprehendit.</em></strong></span> <span class='ocrx_word' id='word_1_871' title='bbox 3380 4878 3446 4936; x_wconf 79' lang='lat' dir='ltr'><strong><em>Et</em></strong></span> <span class='ocrx_word' id='word_1_872' title='bbox 3488 4880 3843 4935; x_wconf 71' lang='lat' dir='ltr'><strong><em>considerem</em></strong></span> 
     </span>
    </p>
   </div>
   <div class='ocr_carea' id='block_1_109' title="bbox 2280 4971 3845 5053">
    <p class='ocr_par' dir='ltr' id='par_1_109' title="bbox 2280 4971 3845 5053">
     <span class='ocr_line' id='line_1_109' title="bbox 2280 4971 3845 5053; baseline -0.012 -10"><span class='ocrx_word' id='word_1_873' title='bbox 2280 4991 2489 5043; x_wconf 89' lang='lat' dir='ltr'><strong><em>invicem</em></strong></span> <span class='ocrx_word' id='word_1_874' title='bbox 2519 4986 2572 5038; x_wconf 85' lang='lat' dir='ltr'><strong><em>in</em></strong></span> <span class='ocrx_word' id='word_1_875' title='bbox 2606 4978 3011 5053; x_wconf 86' lang='lat' dir='ltr'><strong><em>provocationem</em></strong></span> <span class='ocrx_word' id='word_1_876' title='bbox 3036 4973 3263 5030; x_wconf 87' lang='lat' dir='ltr'><strong><em>caritatis</em></strong></span> <span class='ocrx_word' id='word_1_877' title='bbox 3288 4981 3335 5025; x_wconf 90' lang='lat' dir='ltr'><strong><em>et</em></strong></span> <span class='ocrx_word' id='word_1_878' title='bbox 3362 4971 3611 5025; x_wconf 81' lang='lat' dir='ltr'><strong><em>bonorum</em></strong></span> <span class='ocrx_word' id='word_1_879' title='bbox 3639 4988 3845 5041; x_wconf 73' lang='lat' dir='ltr'><strong><em>operum.</em></strong></span> 
     </span>
    </p>
   </div>
   <div class='ocr_carea' id='block_1_110' title="bbox 2282 5062 3849 5144">
    <p class='ocr_par' dir='ltr' id='par_1_110' title="bbox 2282 5062 3849 5144">
     <span class='ocr_line' id='line_1_110' title="bbox 2282 5062 3849 5144; baseline -0.013 -10"><span class='ocrx_word' id='word_1_880' title='bbox 2282 5079 2438 5134; x_wconf 86' lang='lat' dir='ltr'><strong><em>Novit</em></strong></span> <span class='ocrx_word' id='word_1_881' title='bbox 2457 5075 2557 5129; x_wconf 92' lang='lat' dir='ltr'><strong><em>hoc</em></strong></span> <span class='ocrx_word' id='word_1_882' title='bbox 2579 5084 2791 5144; x_wconf 89' lang='lat' dir='ltr'><strong><em>quoque</em></strong></span> <span class='ocrx_word' id='word_1_883' title='bbox 2816 5066 2928 5122; x_wconf 85' lang='lat' dir='ltr'><strong><em>ﬁeri</em></strong></span> <span class='ocrx_word' id='word_1_884' title='bbox 2960 5066 3027 5119; x_wconf 91' lang='lat' dir='ltr'><strong><em>ab</em></strong></span> <span class='ocrx_word' id='word_1_885' title='bbox 3052 5078 3235 5119; x_wconf 91' lang='lat' dir='ltr'><strong><em>eorum</em></strong></span> <span class='ocrx_word' id='word_1_886' title='bbox 3262 5063 3697 5131; x_wconf 87' lang='lat' dir='ltr'><strong><em>congregatione.</em></strong></span> <span class='ocrx_word' id='word_1_887' title='bbox 3721 5062 3849 5116; x_wconf 85' lang='lat' dir='ltr'><strong><em>Sicut</em></strong></span> 
     </span>
    </p>
   </div>
   <div class='ocr_carea' id='block_1_111' title="bbox 2283 5154 3849 5227">
    <p class='ocr_par' dir='ltr' id='par_1_111' title="bbox 2283 5154 3849 5227">
     <span class='ocr_line' id='line_1_111' title="bbox 2283 5154 3849 5227; baseline -0.014 -1"><span class='ocrx_word' id='word_1_888' title='bbox 2283 5171 2425 5227; x_wconf 86' lang='lat' dir='ltr'><strong><em>enim</em></strong></span> <span class='ocrx_word' id='word_1_889' title='bbox 2455 5167 2655 5222; x_wconf 82' lang='lat' dir='ltr'><strong><em>ferrum</em></strong></span> <span class='ocrx_word' id='word_1_890' title='bbox 2688 5161 2888 5216; x_wconf 80' lang='lat' dir='ltr'><strong><em>ferrum</em></strong></span> <span class='ocrx_word' id='word_1_891' title='bbox 2913 5158 3077 5222; x_wconf 88' lang='lat' dir='ltr'><strong><em>acuit,</em></strong></span> <span class='ocrx_word' id='word_1_892' title='bbox 3104 5154 3175 5209; x_wconf 84' lang='lat' dir='ltr'><strong><em>ita</em></strong></span> <span class='ocrx_word' id='word_1_893' title='bbox 3206 5154 3365 5209; x_wconf 89' lang='lat' dir='ltr'><strong><em>etiam</em></strong></span> <span class='ocrx_word' id='word_1_894' title='bbox 3394 5164 3691 5208; x_wconf 85' lang='lat' dir='ltr'><strong><em>conventus</em></strong></span> <span class='ocrx_word' id='word_1_895' title='bbox 3715 5164 3849 5223; x_wconf 80' lang='lat' dir='ltr'><strong><em>auget</em></strong></span> 
     </span>
    </p>
   </div>
   <div class='ocr_carea' id='block_1_112' title="bbox 2284 5246 3845 5321">
    <p class='ocr_par' dir='ltr' id='par_1_112' title="bbox 2284 5246 3845 5321">
     <span class='ocr_line' id='line_1_112' title="bbox 2284 5246 3845 5321; baseline -0.015 0"><span class='ocrx_word' id='word_1_896' title='bbox 2284 5266 2589 5321; x_wconf 87' lang='lat' dir='ltr'><strong><em>caritatem.</em></strong></span> <span class='ocrx_word' id='word_1_897' title='bbox 2622 5257 2754 5312; x_wconf 84' lang='lat' dir='ltr'><strong><em>Nam</em></strong></span> <span class='ocrx_word' id='word_1_898' title='bbox 2788 5254 2833 5309; x_wconf 89' lang='lat' dir='ltr'><strong><em>si</em></strong></span> <span class='ocrx_word' id='word_1_899' title='bbox 2861 5252 2997 5321; x_wconf 84' lang='lat' dir='ltr'><strong><em>lapis</em></strong></span> <span class='ocrx_word' id='word_1_900' title='bbox 3022 5250 3182 5321; x_wconf 88' lang='lat' dir='ltr'><strong><em>lapidi</em></strong></span> <span class='ocrx_word' id='word_1_901' title='bbox 3212 5248 3426 5302; x_wconf 88' lang='lat' dir='ltr'><strong><em>attritus</em></strong></span> <span class='ocrx_word' id='word_1_902' title='bbox 3459 5249 3634 5315; x_wconf 74' lang='lat' dir='ltr'><strong><em>ignem</em></strong></span> <span class='ocrx_word' id='word_1_903' title='bbox 3655 5246 3845 5308; x_wconf 84' lang='lat' dir='ltr'><strong><em>emittit,</em></strong></span> 
     </span>
    </p>
   </div>
   <div class='ocr_carea' id='block_1_113' title="bbox 2292 5336 3843 5426">
    <p class='ocr_par' dir='ltr' id='par_1_113' title="bbox 2292 5336 3843 5426">
     <span class='ocr_line' id='line_1_113' title="bbox 2292 5336 3843 5426; baseline -0.015 -15"><span class='ocrx_word' id='word_1_904' title='bbox 2292 5363 2493 5426; x_wconf 88' lang='lat' dir='ltr'><strong><em>quanto</em></strong></span> <span class='ocrx_word' id='word_1_905' title='bbox 2521 5349 2691 5420; x_wconf 84' lang='lat' dir='ltr'><strong><em>magis</em></strong></span> <span class='ocrx_word' id='word_1_906' title='bbox 2713 5346 2887 5401; x_wconf 83' lang='lat' dir='ltr'><strong><em>anima</em></strong></span> <span class='ocrx_word' id='word_1_907' title='bbox 2910 5343 3103 5397; x_wconf 72' lang='lat' dir='ltr'><strong><em>anima:</em></strong></span> <span class='ocrx_word' id='word_1_908' title='bbox 3124 5340 3391 5393; x_wconf 74' lang='lat' dir='ltr'><strong><em>admixta?</em></strong></span> <span class='ocrx_word' id='word_1_909' title='bbox 3412 5338 3564 5403; x_wconf 73' lang='lat' dir='ltr'><strong><em>Vide,</em></strong></span> <span class='ocrx_word' id='word_1_910' title='bbox 3590 5353 3691 5393; x_wconf 88' lang='lat' dir='ltr'><strong><em>non</em></strong></span> <span class='ocrx_word' id='word_1_911' title='bbox 3718 5336 3843 5400; x_wconf 90' lang='lat' dir='ltr'><strong><em>dicit,</em></strong></span> 
     </span>
    </p>
   </div>
   <div class='ocr_carea' id='block_1_114' title="bbox 2287 5426 3840 5506">
    <p class='ocr_par' dir='ltr' id='par_1_114' title="bbox 2287 5426 3840 5506">
     <span class='ocr_line' id='line_1_114' title="bbox 2287 5426 3840 5506; baseline -0.018 0"><span class='ocrx_word' id='word_1_912' title='bbox 2287 5450 2368 5506; x_wconf 85' lang='lat' dir='ltr'><strong><em>Ad</em></strong></span> <span class='ocrx_word' id='word_1_913' title='bbox 2382 5447 2807 5506; x_wconf 67' lang='lat' dir='ltr'><strong><em>aemulationem,</em></strong></span> <span class='ocrx_word' id='word_1_914' title='bbox 2822 5437 2937 5504; x_wconf 88' lang='lat' dir='ltr'><strong><em>sed,</em></strong></span> <span class='ocrx_word' id='word_1_915' title='bbox 2954 5435 3033 5489; x_wconf 82' lang='lat' dir='ltr'><strong><em>Ad</em></strong></span> <span class='ocrx_word' id='word_1_916' title='bbox 3050 5432 3450 5504; x_wconf 84' lang='lat' dir='ltr'><strong><em>provocationem</em></strong></span> <span class='ocrx_word' id='word_1_917' title='bbox 3467 5431 3710 5484; x_wconf 86' lang='lat' dir='ltr'><strong><em>caritatis.</em></strong></span> <span class='ocrx_word' id='word_1_918' title='bbox 3728 5426 3840 5495; x_wconf 88' lang='lat' dir='ltr'><strong><em>Quid</em></strong></span> 
     </span>
    </p>
   </div>
   <div class='ocr_carea' id='block_1_115' title="bbox 2288 5522 3840 5607">
    <p class='ocr_par' dir='ltr' id='par_1_115' title="bbox 2288 5522 3840 5607">
     <span class='ocr_line' id='line_1_115' title="bbox 2288 5522 3840 5607; baseline -0.015 -12"><span class='ocrx_word' id='word_1_919' title='bbox 2288 5549 2390 5604; x_wconf 89' lang='lat' dir='ltr'><strong><em>est,</em></strong></span> <span class='ocrx_word' id='word_1_920' title='bbox 2422 5538 2504 5593; x_wconf 85' lang='lat' dir='ltr'><strong><em>Ad</em></strong></span> <span class='ocrx_word' id='word_1_921' title='bbox 2532 5533 2937 5607; x_wconf 86' lang='lat' dir='ltr'><strong><em>provocationem</em></strong></span> <span class='ocrx_word' id='word_1_922' title='bbox 2962 5526 3194 5582; x_wconf 86' lang='lat' dir='ltr'><strong><em>caritatis</em></strong></span> <span class='ocrx_word' id='word_1_923' title='bbox 3217 5524 3243 5576; x_wconf 88' lang='lat'><strong><em>?</em></strong></span> <span class='ocrx_word' id='word_1_924' title='bbox 3272 5522 3342 5579; x_wconf 90' lang='lat' dir='ltr'><strong><em>Ut</em></strong></span> <span class='ocrx_word' id='word_1_925' title='bbox 3372 5522 3541 5593; x_wconf 87' lang='lat' dir='ltr'><strong><em>magis</em></strong></span> <span class='ocrx_word' id='word_1_926' title='bbox 3578 5522 3840 5592; x_wconf 79' lang='lat' dir='ltr'><strong><em>diligantet</em></strong></span> 
     </span>
    </p>
   </div>
   <div class='ocr_carea' id='block_1_116' title="bbox 2290 5612 3835 5700">
    <p class='ocr_par' dir='ltr' id='par_1_116' title="bbox 2290 5612 3835 5700">
     <span class='ocr_line' id='line_1_116' title="bbox 2290 5612 3835 5700; baseline -0.015 -14"><span class='ocrx_word' id='word_1_927' title='bbox 2290 5633 2599 5700; x_wconf 78' lang='lat' dir='ltr'><strong><em>diligantur.</em></strong></span> <span class='ocrx_word' id='word_1_928' title='bbox 2648 5625 2838 5689; x_wconf 84' lang='lat' dir='ltr'><strong><em>Addit,</em></strong></span> <span class='ocrx_word' id='word_1_929' title='bbox 2878 5621 2942 5675; x_wconf 81' lang='lat' dir='ltr'><strong><em>Et</em></strong></span> <span class='ocrx_word' id='word_1_930' title='bbox 2988 5620 3234 5673; x_wconf 89' lang='lat' dir='ltr'><strong><em>bonorum</em></strong></span> <span class='ocrx_word' id='word_1_931' title='bbox 3282 5632 3523 5686; x_wconf 88' lang='lat' dir='ltr'><strong><em>operum,</em></strong></span> <span class='ocrx_word' id='word_1_932' title='bbox 3567 5627 3621 5671; x_wconf 90' lang='lat' dir='ltr'><strong><em>ut</em></strong></span> <span class='ocrx_word' id='word_1_933' title='bbox 3658 5612 3835 5685; x_wconf 81' lang='lat' dir='ltr'><strong><em>capiant</em></strong></span> 
     </span>
    </p>
   </div>
   <div class='ocr_carea' id='block_1_117' title="bbox 2293 5709 3828 5783">
    <p class='ocr_par' dir='ltr' id='par_1_117' title="bbox 2293 5709 3828 5783">
     <span class='ocr_line' id='line_1_117' title="bbox 2293 5709 3828 5783; baseline -0.016 -2"><span class='ocrx_word' id='word_1_934' title='bbox 2293 5722 2689 5780; x_wconf 58' lang='lat' dir='ltr'><strong><em>inmolationem</em></strong></span> <span class='ocrx_word' id='word_1_935' title='bbox 2718 5732 2732 5783; x_wconf 89' lang='lat'>;</span> <span class='ocrx_word' id='word_1_936' title='bbox 2776 5715 2987 5772; x_wconf 87' lang='lat' dir='ltr'><strong><em>merito.</em></strong></span> <span class='ocrx_word' id='word_1_937' title='bbox 3021 5712 3075 5768; x_wconf 74' lang='lat' dir='ltr'><strong><em>Si</em></strong></span> <span class='ocrx_word' id='word_1_938' title='bbox 3103 5711 3244 5765; x_wconf 85' lang='lat' dir='ltr'><strong><em>enim</em></strong></span> <span class='ocrx_word' id='word_1_939' title='bbox 3277 5709 3453 5765; x_wconf 85' lang='lat' dir='ltr'><strong><em>lacere</em></strong></span> <span class='ocrx_word' id='word_1_940' title='bbox 3483 5710 3723 5779; x_wconf 84' lang='lat' dir='ltr'><strong><em>majorem</em></strong></span> <span class='ocrx_word' id='word_1_941' title='bbox 3748 5719 3828 5757; x_wconf 73' lang='lat' dir='ltr'><strong><em>vnn</em></strong></span> 
     </span>
    </p>
   </div>
  </div>
