3988 6584
485 361 584 416 ιιι

479 493 536 529 τε
573 472 733 541 ζῆλον
791 470 1009 525 λαϐεῖν’
1062 469 1305 530 εἰκότως.
1340 467 1402 518 EE
1429 465 1536 536 γὰρ
1563 463 1624 516 τὸ
1652 467 1848 524 ποιεῖν,
1899 460 2055 530 φησὶ,

478 556 572 610 τοῦ
605 555 784 622 λέγειν
817 553 1035 623 μείζονα
1062 551 1160 620 τὴν
1188 549 1338 618 ἰσχὺν
1370 547 1482 616 ἔχει
1511 545 1642 615 πρὸς
1666 543 2021 597 διδασκαλίαν
2043 555 2056 569 °

478 640 706 701 πολλοὺς
741 637 891 706 ἔχετε
930 637 1023 688 καὶ
1072 635 1230 702 ὑμεῖς
1281 630 1637 692 διδασκάλους
1669 631 1726 680 ὲν
1759 627 1836 695 τῷ
1865 624 2060 695 πλήθει

479 724 564 776 διά
590 722 700 775 τῶν
729 719 908 788 ἔργων
943 717 1100 769 τοῦτο
1126 713 1438 776 ποιοῦντας.
1460 712 1524 763 Τί
1552 714 1692 773 ἐστι,
1710 706 2058 777 Προσερχώ-

477 811 628 875 gustia
667 801 818 870 μετὰ
866 795 1160 865 ἀληθινῆς
1199 795 1491 863 καρδίας;
1546 794 1826 875 Τουτέστι,
1891 790 2060 875 χωρὶς

482 872 822 955 ὑποκρίσεως
847 899 862 914 ο
891 881 1034 934 Οὐαὶ
1075 881 1184 949 γὰρ
1242 876 1461 946 καρδίᾳ
1487 875 1680 943 δειλῇ,
1737 874 1832 928 καὶ
1890 872 2062 955 χερσί

477 953 880 1034 παρειμέναις.
909 963 1116 1031 Μηδεὶς
1139 964 1300 1024 ἔστω,
1326 961 1483 1029 φησὶ,
1507 958 1706 1027 ψεῦδος
1736 959 1792 1010 ἐν
1817 957 1964 1025 ύμῖν·
1988 953 2062 1023 μὴ

477 1049 638 1117 ἐτερα
669 1047 768 1116 μὲν
799 1045 1071 1114 λέγωμεν,
1110 1043 1272 1112 ἔτερα
1301 1042 1357 1093 δὲ
1381 1041 1670 1111 φρονῶμεν
1697 1054 1712 1068 ο
1741 1038 1900 1090 τοῦτο
1955 1038 2062 1107 γάρ

476 1127 670 1201 ψεῦδος
691 1147 704 1160 ·
737 1129 873 1199 μηδὲ
905 1126 1322 1196 ὀλιγοψυχῶμεν
1349 1141 1363 1155 ’
1387 1124 1548 1177 τοῦτο
1577 1124 1686 1192 γὰρ
1714 1125 1813 1175 οῦκ
1867 1121 2061 1191 ἀληθι-

478 1218 574 1284 νῆς
607 1212 864 1280 καρδίας*
923 1211 1035 1264 ἀπὸ
1082 1211 1192 1280 γάρ
1249 1207 1343 1261 τοῦ
1379 1207 1455 1278 μὴ
1491 1209 1767 1260 πιστεύειν
1791 1205 1851 1257 τὸ
1878 1205 2055 1270 ὀλιγο-

477 1303 670 1368 ψυχεῖν
701 1300 933 1364 γίνεται.
969 1292 1093 1355 Πῶς
1120 1291 1347 1346 δὲέσται
1372 1291 1529 1343 τοῦτο
1559 1308 1572 1354 ;
1605 1289 1734 1342 Ἐάν
1783 1288 2062 1356 πληροφο-

482 1385 738 1453 ρήσωμεν
798 1379 1027 1441 ἑαυτοὺς
1053 1375 1142 1428 δια
1170 1377 1269 1445 τῆς
1306 1375 1562 1434 πίστεως.
1583 1369 2089 1440 Ἐῤῥαντισμένοι·

479 1465 586 1527 τὰς
612 1461 884 1529 καρδίας.
923 1460 1021 1512 Δια
1050 1458 1102 1509 τί
1139 1458 1212 1527 μὴ
1241 1457 1386 1520 εἶπε,
1414 1455 1832 1526 Κεκαθαρμένοι
1854 1496 1867 1518 ,
1901 1455 2060 1517 ἀλλά,

492 1541 978 1614 Ἐρῤαντισμένοι
1010 1557 1030 1604 ;
1065 1540 1175 1610 Τὴν
1206 1541 1474 1610 διαφορὰν
1526 1541 1633 1592 τῶν
1692 1540 2066 1610 περιρραντη-

483 1645 614 1700 ριων
647 1625 822 1692 δεῖξαι
851 1623 1194 1694 βουλόμενος,
1221 1625 1314 1676 κα¹ι
1345 1625 1428 1677 ὅτι
1459 1624 1519 1676 τὸ
1550 1623 1650 1692 μὲν
1679 1621 1773 1675 τοῦ
1821 1620 1979 1684 Θεοῦ,
2004 1620 2066 1672 τὸ

480 1713 536 1766 δὲ
559 1709 847 1781 ἡμέτερον.
881 1707 953 1758 Τὸ
989 1705 1088 1775 μὲν
1119 1706 1227 1776 γὰρ
1264 1703 1414 1776 [185]
1447 1705 1637 1758 λοῦσαι
1670 1707 1765 1758 καὶ
1796 1703 2065 1775 περιρρᾶ-
2111 1743 2114 1746 .

482 1813 570 1848 ναι
600 1793 698 1864 τὴν
732 1789 1056 1860 συνείδησιν,
1087 1789 1183 1841 τοῦ
1223 1789 1358 1842 Θεοῦ
1393 1806 1406 1818 ·
1443 1791 1505 1841 τὸ
1527 1789 1582 1842 δὲ
1618 1789 1758 1859 μετά
1794 1787 2061 1857 ἀληθείας

482 1875 803 1949 προσελθεῖν
831 1875 924 1928 καὶ
961 1875 1018 1925 ἐν
1043 1871 1394 1944 πληροφορίᾳ
1452 1872 1712 1936 πίστεως,
1767 1871 2062 1941 ἡμέτερον.

486 1961 620 2015 Εἶτα
642 1960 736 2012 καὶ
763 1960 827 2028 τῇ
864 1956 1048 2009 πίστει
1077 1955 1297 2010 δίδωσιν
1327 1956 1482 2025 ίσχὺν
1514 1956 1625 2008 ἀπὸ
1676 1954 1776 2023 τῆς
1807 1953 2065 2024 ἀληθείας

483 2045 576 2099 τοῦ
625 2039 1124 2110 ἐπαγγειλαμένου.
1163 2041 1228 2092 Τί
1256 2041 1394 2106 ἐστι,
1451 2040 1560 2094 Kal
1608 2037 1970 2108 λελουμένοι
1999 2038 2066 2090 τὸ

483 2127 655 2197 σῶμα
686 2127 858 2179 ὕδατι
890 2122 1169 2188 καθαρῷ;
1211 2124 1368 2176 Ἤτοι
1399 2123 1476 2196 τῷ
1503 2123 1780 2193 καθαροὺς
1824 2121 2066 2174 ποιοῦντι

481 2211 670 2279 λέγει,
706 2209 740 2279 ἢ
772 2208 850 2278 τῷ
901 2208 976 2278 μὴ
1015 2208 1190 2277 ἔχοντι
1233 2201 1395 2275 αἷμα.
1450 2203 1583 2259 Εἶτα
1649 2204 1973 2275 προστίθησι
2007 2204 2069 2256 τὸ

481 2297 687 2352 τέλειον
716 2333 731 2358 ,
785 2292 882 2362 τὴν
925 2291 1166 2359 ἀγάπην.
1221 2291 1318 2358 Μὴ
1367 2291 1910 2358 ἐγκαταλείποντες
1951 2287 2068 2353 τὴν

482 2375 972 2444 ἐπισυναγωγὴν,
1006 2376 1194 2444 φησιν,
1226 2374 1489 2428 ἑαυτῶν·
1525 2374 1664 2445 ὅπερ
1707 2373 1873 2436 τινὲς,
1910 2372 2066 2443 φησι,

483 2458 721 2522 ποιοῦσι,
753 2457 970 2519 καὶτὰς
993 2457 1246 2519 συνόδους
1281 2456 1652 2526 διατέμνουσι,
1691 2454 1847 2507 τοῦτο
1887 2455 2070 2516 αὐτοῖς

483 2541 842 2611 ἀπαγορεύει.
863 2539 1142 2610 Ἀδελφός
1168 2542 1276 2610 γὰρ
1299 2540 1414 2594 ὐπὸ
1435 2539 1704 2608 ἀδελφοῦ
1724 2540 2064 2606 βοηθούμε-

484 2646 612 2694 νος,
640 2627 714 2689 ῶς
736 2626 914 2688 πόλις
965 2622 1175 2691 ὀχυρά.
1223 2623 1410 2678 Ἀλλὰ
1449 2621 1838 2690 κατανοῶμεν
1879 2621 2070 2687 ἀλλή-

483 2711 742 2774 λουςείς
776 2705 1176 2774 παροξυσμὸν
1221 2703 1477 2774 ἀγάπης.
1504 2706 1568 2757 Τί
1590 2707 1726 2770 ἐστι,
1751 2704 2062 2758 Κατανοῶ-

485 2812 595 2864 μεν
639 2789 998 2857 ἀνιλήλουω
1045 2787 1207 2853 Οἷον,
1263 2791 1314 2843 εί
1369 2807 1455 2853 τις
1520 2791 1824 2862 ἐνάρετος,
1879 2789 2070 2842 τοῦτον

490 2874 808 2948 μιμώμεθα.
840 2873 1130 2943 βλέπωμεν
1159 2875 1239 2934 είς
1269 2872 1452 2937 αὑτὸν,
1507 2872 1649 2926 ὥστε
1701 2873 1922 2942 ἀγαπᾷν
1977 2873 2074 2923 καὶ

488 2957 806 3027 ἀγαπᾶσθαι
832 2973 846 2986 -
875 2956 987 3011 ἀπὸ
1008 2955 1118 3026 γάρ
1144 2956 1243 3027 τῆς
1273 2955 1497 3027 ἀγάπης
1525 2955 1594 3009 τά
1624 2955 1765 3009 καλά
1816 2953 1955 3025 ἔργα
1983 2955 2070 3022 γε.

487 3059 688 3098 νονται.

561 3213 627 3284 β’.
644 3212 803 3280 Μέγα
823 3209 1028 3278 ἀγαθὸν
1057 3211 1091 3280 ἡ
1115 3208 1352 3272 σύνοδος·
1377 3207 1514 3277 αῦτη
1533 3207 1643 3280 γάρ
1671 3207 1841 3278 αὐτὴν
1871 3207 2074 3278 θερμο-

488 3300 662 3371 τέραν
701 3295 1021 3366 ἐργάζεται,
1072 3293 1169 3346 καὶ
1195 3291 1255 3356 ἐξ
1297 3292 1470 3362 αὐτῆς
1521 3291 1698 3345 πάντα
1731 3291 2076 3344 τίκτεταιτά

490 3380 674 3451 ἀγαθά
692 3396 706 3410 ·
738 3377 890 3432 οὐδὲν
913 3377 1024 3447 γάρ
1049 3378 1199 3429 ἐστιν
1231 3376 1460 3443 ἀγαθὸν,
1493 3375 1520 3428 ὃ
1550 3375 1625 3445 μὴ
1649 3374 1716 3428 δι’
1744 3375 1967 3444 ἀγάπης
1986 3374 2074 3441 γί-

489 3454 662 3520 νετάι.
693 3461 910 3532 Ταύτην
932 3455 1025 3513 οὖν
1078 3457 1422 3529 κυρώσωμεν
1449 3461 1529 3521 είς
1566 3458 1833 3528 ἀλλήλους
1865 3474 1880 3488 ο
1910 3457 2077 3524 Πλή-

485 3564 653 3617 ρωμα
698 3545 809 3614 γὰρ
850 3544 1040 3610 νόμου
1105 3541 1280 3595 ἐστίν
1320 3543 1358 3609 ἢ
1399 3539 1624 3609 ἀγάπη.
1657 3540 1730 3592 Οὐ
1762 3542 1842 3592 δεῖ
1896 3541 2078 3592 πόνων

490 3635 648 3702 ἡμῖν,
680 3628 804 3682 οὐδὲ
837 3626 1098 3696 ἱδρώτων,
1129 3627 1226 3678 ἐὰν
1276 3624 1584 3694 ἀγαπῶμεν
1632 3623 1898 3692 ἀλλήλους
1930 3639 1943 3654 ο
1981 3623 2078 3674 αὐ-

491 3712 729 3783 τόματός
760 3709 844 3773 τίς
873 3712 1020 3762 ἐστιν
1049 3708 1165 3772 ὁδὸς
1223 3708 1464 3779 φέρουσα
1522 3706 1658 3777 πρὸς
1706 3706 1804 3776 τὴν
1851 3705 2074 3776 ἀρετήν.

496 3797 766 3866 Καθάπερ
796 3794 905 3865 γάρ
935 3794 1028 3846 ἐπί
1050 3791 1153 3861 τῆς
1184 3791 1488 3862 λεωφόρου,
1520 3792 1616 3844 ἐάν
1644 3807 1730 3852 τις
1792 3787 1930 3860 εὕρῃ
1978 3788 2078 3858 τὴν

493 3879 690 3952 ἀρχὴν,
716 3879 994 3952 ὁδηγεῖται
1023 3875 1119 3927 ὑπ’
1148 3874 1339 3943 αὐτῆς,
1367 3874 1460 3926 καὶ
1489 3873 1548 3924 ού
1572 3873 1748 3926 δεῖται
1801 3889 2078 3942 χειραγω·

498 3964 597 4033 γοῦ
628 3981 641 3993 ·
667 3963 811 4018 οῦτω
836 3963 930 4016 καὶ
956 3959 1047 4013 ἐπὶ
1070 3958 1169 4027 τῆς
1197 3957 1442 4026 ἀγάπης,
1480 3956 1644 4026 μόνον
1685 3957 1950 4010 ἐπιλαϐοῦ
1981 3958 2080 4028 τῆς

502 4050 701 4120 ἀρχῆς.
725 4049 819 4102 καὶ
839 4044 1041 4104 εὐθέως
1069 4045 1382 4113 χειραγωγῇ
1408 4040 1498 4094 ὑπ’
1529 4041 1701 4112 αὐτῆς
1729 4041 1826 4094 καὶ
1854 4041 2077 4116 εὐθύνῃ.

515 4135 574 4187 ’11
619 4129 842 4200 ἀγάπη,
896 4125 1052 4196 φησὶ,
1102 4124 1491 4194 μακροθυμεῖ,
1549 4127 1967 4195 χρηστεύεται,
2006 4129 2078 4180 οὺ

497 4212 789 4284 λογίζεται
856 4207 923 4261 τὸ
997 4206 1206 4258 κακόν.
1280 4207 1403 4261 Ἐάν
1471 4210 1702 4280 ἐννοήσῃ
1762 4226 1847 4273 τις
1914 4209 2081 4273 αὐτὸς

495 4297 689 4351 ἑαυτὸν
719 4335 735 4360 ,
795 4291 912 4354 πῶς
954 4288 1230 4342 διάκειται
1287 4290 1426 4360 πρὸς
1479 4292 1720 4356 ἑαυτὸν,
1773 4293 1870 4346 καὶ
1934 4292 2081 4348 οὕτω

496 4379 634 4451 πρὸς
685 4376 777 4432 τὸν
833 4371 1062 4443 πλησίον
1109 4370 1420 4428 διακείσθω.
1466 4376 1656 4439 Οὐδεὶς
1711 4375 1899 4444 φθονεῖ
1954 4377 2083 4429 ἐαυο

495 4463 614 4534 τῷ,
685 4460 864 4518 πάντα
929 4453 1110 4526 ἐαυτῷ
1171 4454 1391 4527 εὔχεται
1447 4459 1517 4514 τά
1579 4460 1802 4530 ἀγαθὰ,
1861 4461 2082 4516 πάντων

497 4544 694 4600 ἑαυτὸν
752 4541 1042 4613 προτιμᾷ,
1103 4540 1284 4594 πάντα
1339 4541 1482 4612 ὑπὲρ
1552 4543 1749 4596 ἐαυτοῦ
1826 4543 2081 4614 βούλεται

499 4630 695 4683 ποιεῖν.
738 4625 864 4678 Ἐὰν
911 4624 1092 4679 τοίνυν
1132 4624 1382 4696 καὶπρὸς
1408 4626 1532 4689 τοὺς
1557 4625 1750 4690 ἄλλους
1797 4627 1940 4681 οὕτω
1960 4629 2080 4682 δια-

498 4711 776 4781 κεώμεθα,
802 4709 981 4766 πάντα
1003 4707 1222 4763 λέλυται
1251 4710 1319 4763 τὰ
1340 4709 1508 4772 δεινά,
1562 4711 1664 4764 οὐκ
1693 4711 1833 4764 εἰσὶν
1864 4713 2079 4783 ἔχθραι,

499 4799 602 4850 οὐκ
627 4795 745 4849 ἔστι
774 4792 1062 4858 πλεονεξία
1093 4809 1108 4824 ο
1133 4793 1220 4856 τίς
1245 4792 1354 4866 γάρ
1387 4793 1453 4847 ἂν
1483 4793 1658 4847 ἕλοιτο
1687 4795 2082 4869 πλεονεκτῆσαι

500 4880 719 4947 ἐαυτόν;
745 4879 963 4942 Οὐδείς·
997 4877 1136 4934 ἀλλὰ
1165 4877 1366 4947 μᾶλλον
1391 4881 1500 4932 πᾶν
1531 4879 1862 4937 τούναντίον.

573 5015 781 5071 Οὐκοῦν
802 5013 956 5070 κοινά
968 5013 1145 5068 πάντα
1161 5014 1514 5086 κτησώμεθα,
1539 5017 1726 5088 καὶμὴ
1745 5019 2084 5090 παυσώμεθα

505 5101 830 5168 συνάγοντες
849 5098 1094 5161 ἑαυτούς·
1123 5098 1226 5156 κᾶν
1260 5099 1420 5155 τοῦτο
1454 5101 1720 5172 ποιῶμεν,
1748 5107 2085 5176 μνησικακία

504 5183 689 5257 χώραν
729 5182 830 5239 οὐκ
845 5182 1036 5252 ἀνέχοι
1055 5198 1070 5212 ·
1088 5183 1171 5246 τίς
1185 5186 1295 5254 γὰρ
1327 5184 1500 5238 ἕλοιτο
1515 5185 1581 5238 ἂν
1594 5186 1772 5257 ἐαυτῷ
1813 5205 1919 5258 μνη
1929 5205 2085 5243 σικα-

505 5271 642 5335 κεῖνς
678 5268 761 5330 τίς
792 5267 856 5320 ἂν
874 5265 1049 5318 ἕλοιτο
1095 5265 1274 5336 ἐαυτῷ
1325 5266 1640 5336 ὀργίζεσθαι
1663 5287 1678 5336 ;
1703 5271 1826 5341 οὐχὶ
1848 5272 2087 5342 μάλιστα

509 5352 726 5406 πάντων
755 5351 968 5413 ἑαυτοῖς
992 5349 1335 5418 συγγινώσκο
1345 5367 1476 5420 μεν;
1520 5351 1647 5406 Ἐάν
1669 5354 1812 5410 οὕτω
1833 5357 1926 5410 καὶ
1950 5357 2087 5429 πρὸς

505 5437 632 5500 τοὺς
648 5434 876 5505 πλησίον
896 5433 1266 5504 διακεώμεθα,
1284 5435 1535 5489 οὐδέποτε
1547 5437 1700 5495 ἔσται
1723 5442 2084 5512 μνησικακία,

509 5517 663 5595 [184]
692 5520 804 5574 Καὶ
830 5517 948 5583 πῶς
983 5519 1232 5585 δυνατὸν,
1259 5532 1285 5560 α
1309 5520 1464 5591 φησι,
1504 5521 1596 5575 τδν
1646 5523 1880 5596 πλησίον
1911 5525 2088 5590 οὕτως

573 5747 599 5812 ‘_
622 5745 772 5812 Col_b._
793 5747 970 5812 Πιστὸς
1001 5748 1088 5810 γὰρ
1109 5749 1134 5795 6
1157 5749 1562 5812 ἐπαγγειλάμενος·
1607 5751 1683 5798 καὶ
1713 5752 1812 5807 πῶς
1859 5750 2082 5812 δυνατὸν,

513 5817 565 5860 οι
583 5808 672 5860 hoc
698 5807 847 5858 habet
870 5807 1086 5860 homiliaé
1108 5807 1421 5874 principium;

1198 353 1255 406 S.
1296 350 1580 405 JOANMb
1617 345 2102 401 ClileUb'lUMl
2142 343 2459 398 ARCIIZEI’.
2501 341 2712 397 CONS'I
2729 341 3044 397 AN'HNUP.

3626 338 3740 398 H9.

2157 460 2461 530 ἀγαπῆσαι,
2492 461 2567 522 ώς
2611 459 2771 522 αὐτὸς
2808 460 3035 523 ἐαυτὸν;
3070 459 3130 512 Εἰ
3165 461 3240 531 μὴ
3267 463 3533 532 ἐποίησαν
3581 460 3740 513 τοῦτο

2157 543 2358 612 ἕτεροι,
2394 543 2573 606 καλῶς
2608 542 2868 596 ἀδύνατον
2910 538 3047 595 εἶναι
3091 543 3251 596 τοῦτο
3311 545 3552 614 νομίζεις
3575 562 3588 575 °
3616 543 3739 596 εἰδὲ

2157 626 2444 696 ἐποίησαν,
2469 626 2629 696 δῆλον
2647 627 2729 678 ὅτι
2750 624 2838 678 διά
2865 625 3140 696 ῥαθυμίαν
3199 629 3330 699 παρ’
3389 627 3548 697 ἡμῶν
3563 629 3626 680 οὐ
3657 627 3742 694 γί-

2158 729 2328 764 νεται.
2357 711 2569 773 ’Λλλως
2596 710 2652 762 δὲ
2678 749 2694 772 ,
2718 710 2870 762 οὐδὲν
2920 711 3183 763 ἀδύνατον
3235 712 3514 766 ἐπιτάττει
3550 714 3578 764 6
3611 712 3744 780 Χρι-

2160 797 2324 858 στὸς,
2368 797 2502 848 ὅπου
2558 811 2622 862 γε
2678 793 2866 846 πολλοὶ
2914 795 3007 846 καὶ
3060 795 3405 867 ὑπερέϐησαν
3457 794 3624 848 αὐτοῦ
3675 795 3743 847 τὰ

2159 879 2580 949 προστάγματα.
2629 878 2725 940 Τίς
2775 873 2868 932 οῦν
2927 878 3149 946 ἐποίησε
3181 887 3381 945 τοῦτο;
3421 879 3481 930 Ὀ
3511 877 3743 941 Παῦλος,

2160 964 2187 1013 6
2216 963 2421 1031 Πέτρος
2444 1005 2459 1025 ,
2515 963 2625 1024 πᾶς
2653 963 2680 1012 6
2704 961 2812 1012 τῶν
2869 961 3037 1027 ἁγίων
3090 963 3270 1031 χορός.
3318 962 3455 1014 Ἀλλ’
3485 962 3582 1015 ἐὰν
3644 961 3745 1029 μὲν

2161 1045 2302 1099 εἴπω
2320 1047 2407 1101 ,ὅτι
2427 1049 2553 1105 τοὺς
2585 1043 2816 1111 πλησίον
2841 1043 3162 1112 ἠγάπησαν,
3219 1044 3371 1095 οὐδὲν
3424 1044 3566 1112 μέγα
3596 1044 3708 1113 ἐρῶ
3730 1057 3741 1067 ·

2159 1133 2286 1193 τοὺς
2315 1131 2546 1199 ἐχθροὺς
2574 1128 2748 1190 οὕτως
2771 1129 3084 1196 ἠγάπησαν,
3124 1127 3197 1188 ὡς
3258 1130 3355 1178 οὐκ
3383 1127 3548 1189 ἄν’τις
3607 1129 3747 1193 ἁγα-

2162 1216 2355 1284 πήσειε
2377 1215 2502 1276 τοὺς
2529 1212 2859 1282 ὁμοψύχους.
2877 1211 2969 1271 Τίς
2997 1210 3106 1278 γὰρ
3136 1209 3198 1260 ἂν
3225 1210 3402 1262 ’ἐλοιτο
3431 1210 3588 1279 ἡμῶν
3606 1210 3749 1278 ὑπὲρ

2161 1299 2270 1352 τῶν
2303 1297 2598 1368 ὁμοῲύχων
2634 1299 2714 1359 εἰς
2741 1296 2968 1364 γέενναν
2993 1293 3276 1354 ἀπελθεῖν,
3313 1293 3520 1361 μέλλων
3540 1295 3620 1356 είς
3652 1294 3750 1361 βσ-

2164 1383 2367 1438 σιλείαν
2405 1383 2629 1436 ἀπιέναι
2665 1397 2680 1442 ;
2732 1379 2922 1438 υύδείς
2944 1396 2957 1408 ·
2988 1377 3124 1430 ἀλλὰ
3149 1379 3177 1429 6
3214 1375 3424 1439 Παῦλος
3460 1377 3600 1444 ὑπὲρ
3638 1377 3752 1428 τῶ·-⁸

2161 1465 2373 1535 ὲχθρῶν
2405 1463 2564 1516 τοῦτο
2621 1463 2815 1523 ε’ίλετο,
2861 1460 2971 1512 τῶν
3022 1459 3360 1513 λ’,θασάντων
3414 1459 3600 1519 αὑτὸν,
3639 1459 3751 1511 τῶν

2165 1549 2565 1619 μαστιξάντων.
2619 1546 2754 1598 Ποία
2787 1540 2880 1596 οὖν
2936 1545 3070 1614 ἡμῖν
3109 1543 3262 1596 ἔσται
3316 1541 3637 1612 συγγνώμη,
3665 1542 3752 1604 τίς

2162 1632 2517 1702 παραίτησις,
2548 1631 2594 1682 εἰ
2624 1628 2760 1699 μηδὲ
2775 1628 2836 1680 τὸ
2861 1626 3155 1680 πολλοστὸν
3190 1626 3353 1696 μέρος
3378 1625 3478 1694 τῆς
3503 1625 3749 1692 ἀγάπης,

2160 1712 2229 1788 ἧς
2270 1716 2587 1782 ἐπεδείξατο
2619 1715 2750 1776 περὶ
2806 1712 2932 1772 τοὺς
2982 1710 3210 1779 ἐχθροὺς
3239 1711 3266 1760 6
3297 1708 3528 1773 Παῦλος,
3585 1711 3754 1778 ἡμεῖς

2162 1801 2290 1869 περὶ
2318 1801 2442 1862 τοὺς
2473 1799 2662 1866 φίλους
2694 1793 3105 1863 ἐπιδειξαίμεοα
3131 1793 3157 1832 b
3181 1810 3195 1857 ς
3223 1793 3379 1845 καὶὸ
3406 1793 3676 1862 “vitam;
3697 1792 3753 1842 δὲ

2163 1882 2403 1950 Μωῦσῆς
2437 1881 2543 1950 πρὸ
2573 1880 2765 1932 τούτου
2807 1879 2946 1945 ὑπὲρ
2976 1877 3083 1928 τῶν
3131 1875 3341 1946 ἐχθρῶν
3376 1874 3608 1944 ἠθέλησε
3640 1873 3754 1926 τῶν

2162 1964 2505 2020 λιθασάντων
2530 1963 2692 2014 αὑτὸν
2724 1958 3218 2028 ἐξαλειφθῆναιτῆς
3248 1957 3431 2027 βίϐλου
3456 1956 3552 2010 τοῦ
3576 1956 3716 2009 Θεοῦ
3737 1973 3750 1985 ’

2163 2050 2258 2102 καὶ
2279 2051 2308 2101 6
2330 2047 2495 2101 Δαυῒδ
2522 2049 2651 2110 τοὺς
2679 2045 3036 2104 ἀντιστάντας
3094 2041 3243 2112 αὐτῷ
3291 2042 3434 2112 ὁρῶν
3490 2042 3755 2111 ἀναιρου-

2166 2132 2387 2202 μένους,
2416 2131 2578 2200 φησίν
2601 2149 2613 2162 ·
2651 2129 2803 2198 Ἐγὼ
2831 2131 2864 2181 ό
2891 2126 3117 2194 ποιμὴν
3141 2125 3425 2194 ἥμαρτον,
3455 2125 3551 2178 καί
3585 2120 3755 2178 οὗτοι

2163 2217 2220 2268 τί
2245 2215 2582 2281 ἐποίησαν;
2615 2212 2711 2265 καὶ
2732 2212 2824 2264 τὸν
2853 2209 3027 2262 Σαοὺλ
3060 2210 3141 2271 εἰς
3186 2212 3377 2278 χεῖρας
3416 2208 3614 2271 λαϐὼν,
3660 2208 3757 2259 ἁν-

2165 2297 2304 2351 ελεῖν
2327 2297 2428 2350 οὐκ
2460 2294 2760 2365 ἠϐουλήθη,
2787 2293 2929 2347 ἀλλά
2946 2291 3193 2356 διέσωζε,
3220 2293 3316 2345 καὶ
3341 2291 3516 2344 ταῦτα
3543 2291 3758 2361 μέλλων

2165 2382 2328 2444 αὐτὸς
2357 2380 2712 2438 κινδυνεύειν.
2753 2379 2892 2432 Είδέ
2921 2379 2979 2430 ἐν
3024 2379 3089 2446 τῇ
3123 2376 3340 2446 Παλαιᾷ
3398 2376 3594 2441 ταῦτα,
3631 2375 3758 2428 τίνα

2167 2464 2500 2535 συγγνώμην
2521 2465 2718 2534 ἕξομεν
2740 2465 2902 2533 ἡμεῖς
2926 2463 2974 2515 oi
3003 2463 3060 2512 ἐν
3090 2463 3154 2530 τῇ
3189 2461 3365 2530 Καινῇ
3397 2459 3760 2528 πολιτευόμε-

2165 2569 2269 2614 νοι,
2308 2549 2406 2602 καὶ
2444 2548 2580 2619 μηδέ
2613 2547 2750 2618 πρὸς
2781 2545 2843 2598 τὸ
2877 2544 3010 2598 αὐτὸ
3034 2543 3266 2606 ἐκείνοις
3325 2543 3614 2611 φθάνοντες
3653 2543 3756 2610 μέο

2166 2635 2417 2704 τρον;Εὶ
2467 2632 2597 2700 γὰρ,
2640 2631 2748 2683 ἐὰν
2785 2630 2871 2698 μὴ
2913 2628 3290 2695 περισσεύσῃ
3328 2629 3363 2695 ἡ
3395 2627 3757 2693 δικαιοσύνη

2168 2715 2550 2785 ἡμῶνπλέον
2575 2713 2689 2767 τῶν
2714 2713 3056 2780 Φαρισαίων
3076 2710 3171 2763 καὶ
3198 2713 3468 2779 Γρτιμμιιτ
3479 2709 3611 2772 ἐων,
3641 2710 3757 2761 οὐκ

2167 2800 2641 2866 είσελευσόμεθα
2665 2798 2752 2861 είς
2774 2796 2888 2863 τὴν
2929 2794 3258 2858 ,βασιλείαν
3300 2793 3420 2845 τῶν
3449 2791 3757 2860 οὐρανῶν·

2168 2885 2296 2936 ὅταν
2318 2884 2410 2935 καὶ
2431 2881 2651 2933 ἔλαττον
2668 2879 2891 2932 ἐκείνων
2914 2879 3148 2947 ἔχωμεν,
3169 2877 3284 2940 πῶς
3299 2875 3720 2945 είσελευσὸμεθα
3741 2894 3756 2939 ;

2181 2961 2488 3034 Ἀγαπᾶτε,
2521 2963 2676 3032 φησὶ,
2713 2960 2858 3025 τοὺς
2890 2959 3146 3030 ἐχθροὺς
3181 2959 3365 3028 ὑμῶν.
3403 2958 3503 3012 καὶ
3536 2958 3761 3011 ἔσεσθε

2170 3049 2360 3119 ὅμοιοι
2377 3045 2908 3116 τοῦΠατρὸςὺμῶν
2922 3046 3027 3098 τοῦ
3043 3045 3110 3097 ἐν
3126 3043 3426 3111 οὐρανοῖς.
3446 3044 3761 3112 Ἀγάπησον

2169 3132 2349 3186 τοίνυν
2367 3131 2584 3202 ἐχθρόν’
2609 3130 2671 3182 ού
2689 3129 2797 3200 γὰρ
2816 3131 3018 3182 ἐκεῖνον
3036 3129 3362 3196 εὐεργετεῖς,
3382 3125 3515 3180 ἀλλὰ
3537 3127 3758 3180 σαυτόν.

2173 3217 2298 3280 Πῶς
2318 3233 2333 3281 ;
2355 3216 2504 3277 Ἰσος
2533 3213 2659 3285 γίνῃ
2690 3213 2850 3267 τοῦτο
2897 3211 3068 3264 ποιῶν
3106 3209 3184 3280 τῷ
3214 3208 3353 3278 Θεῷ.
3386 3209 3622 3270 Ἐκεῖνος
3659 3207 3760 3260 ἐὰν

2173 3300 2437 3370 ἀγαπηθῇ
2467 3299 2620 3370 παρά
2638 3297 2756 3365 σοῦ,
2783 3296 2935 3350 οῦδὲν
2969 3295 3119 3364 μέγα
3149 3293 3404 3364 ἐκέρδανε
3431 3309 3444 3322 ·
3469 3289 3619 3360 παρά
3644 3291 3760 3362 γάρ

2173 3384 2464 3455 ὁμοδούλου
2482 3381 2746 3452 ⁴Ιγγαπὴθη
2773 3398 2786 3410 ·
2815 3380 2880 3432 σὺ
2901 3379 2956 3432 δὲ
2982 3379 3076 3430 ἐὰν
3099 3378 3391 3447 ἀγαπήσῃς
3415 3378 3506 3427 τὸν
3529 3375 3762 3444 ὁμόδου-

2173 3467 2286 3531 λον,
2322 3466 2465 3534 μέγα
2478 3465 2778 3534 ἐκέρδανας
2799 3481 2813 3494 '
2833 3462 2961 3532 γίνῃ
2999 3461 3108 3531 γάρ
3127 3462 3312 3530 ὅμοιος
3339 3459 3416 3530 τῷ
3437 3459 3576 3529 Θεῷ.
3593 3459 3760 3529 Ὁρᾷς

2173 3552 2257 3604 ὅτι
2277 3551 2377 3603 οὐκ
2403 3547 2596 3616 ἐκείνῳ
2623 3547 2846 3617 χαρίζῃ,
2881 3545 3018 3598 ἀλλὰ
3047 3544 3230 3614 σαυτῷ
3254 3561 3269 3610 ;
3305 3544 3365 3596 τὸ
3382 3546 3489 3614 γὰρ
3523 3543 3760 3596 ἔπαθλον

2175 3635 2278 3687 οὐκ
2307 3632 2503 3701 ἐκείνῳ
2522 3630 2762 3700 τίθησιν,
2791 3629 2931 3682 ἀλλά
2951 3628 3056 3681 σοί.
3083 3627 3147 3680 Τί
3169 3623 3282 3694 οὖν,
3309 3627 3404 3680 ἐὰν
3497 3625 3759 3696 πονηρὸς,

2177 3715 2327 3788 [185]
2356 3715 2524 3784 φησί;
2548 3711 2805 3782 Τοσούτῳ
2833 3712 3078 3782 μείξιοινὸ
3102 3710 3296 3781 μισθός
3319 3727 3335 3743 ·
3361 3712 3456 3763 καὶ
3484 3710 3581 3778 τῆς
3601 3727 3765 3778 πονη-

2177 3799 2302 3870 ρίας
2323 3797 2564 3866 ὀφείλεις
2582 3795 2732 3864 αὐτῷ
2764 3795 2927 3866 χάριν
2940 3795 3166 3856 εἰδέναι,
3193 3793 3298 3846 κᾶν
3317 3793 3486 3864 μυρία
3533 3794 3762 3860 εὐεργε-

2175 3881 2270 3936 τού
2279 3899 2436 3950 μενος
2458 3877 2695 3952 κακὺςῇ.
2724 3879 2786 3932 Εἰ
2807 3878 2882 3949 μὴ
2912 3879 3022 3947 γὰρ
3043 3877 3248 3947 σφόδρα
3271 3877 3436 3938 κακὸς
3461 3871 3548 3945 ἦν,
3568 3875 3667 3927 οὐκ
3694 3875 3764 3929 ἄν

2179 3982 2262 4020 σοι
2284 3963 2491 4036 σφόδρα
2519 3964 2548 4015 6
2581 3963 2771 4033 μισθὸς
2821 3961 3055 4034 ηὐξήθη.
3091 3961 3309 4029 ’Ὡστεή
3342 3959 3490 4012 αίτία
3549 3957 3643 4011 τοῦ
3683 3958 3764 4029 μὴ

2177 4051 2423 4120 ἀγαπᾷν,
2457 4047 2520 4100 τὸ
2538 4046 2719 4114 λέγειν
2769 4047 2852 4100 ὅτι
2896 4045 3130 4116 πονηρός
3189 4047 3358 4109 ἐστιν,
3405 4042 3544 4114 αὕτη
3606 4044 3764 4096 αίτία

2179 4135 2298 4188 ἐστὶ
2319 4131 2413 4186 τοῦ
2443 4132 2688 4203 ἀγαπᾷν.
2719 4125 2892 4201 ’Λρον
2917 4130 3011 4183 τὸν
3029 4127 3458 4200 ἀνταγωνιστὴν,
3483 4129 3575 4181 καὶ
3601 4129 3763 4181 άναι-

2180 4221 2294 4292 ρεῖς
2341 4215 2454 4269 τῶν
2502 4219 2782 4283 στεφάνων
2811 4213 2909 4284 τὴν
2967 4213 3246 4282 ἀφορμήν.
3306 4212 3419 4282 Οὐχ
3463 4214 3593 4282 ὁρᾷς
3629 4213 3766 4276 τοὺς

2177 4301 2418 4373 ἀθλητάς
2450 4313 2498 4364 ε,
2531 4299 2649 4361 πῶς
2679 4297 2948 4360 θυλάκους
2969 4299 3156 4366 ἄμμου
3191 4295 3766 4366 πληρώσαντες,οῦτω

2178 4383 2591 4458 γυμνάζονταις
2628 4383 2720 4436 Σοὶ
2761 4381 2819 4434 δέ
2859 4380 2921 4433 οὐ
2969 4380 3131 4450 χρεία
3171 4378 3519 4450 ἐπιτηδεῦσαι
3562 4378 3764 4432 τοῦτο·

2177 4471 2341 4540 γέμει
2367 4471 2395 4522 6
2425 4468 2540 4540 βίος
2597 4465 2706 4520 τῶν
2745 4462 3136 4534 γυμναζόντων
3159 4480 3216 4516 σε
3237 4501 3252 4526 ,
3307 4465 3402 4516 καὶ
3461 4462 3764 4517 ποιούντων

2181 4554 2427 4626 ἰσχυρόν.
2475 4552 2588 4622 Οὐχ
2637 4550 2772 4620 ὁρᾷς
2823 4549 2907 4603 ὅτι
2953 4547 3048 4600 καὶ
3086 4546 3155 4599 τὰ
3180 4546 3373 4617 δένδρα
3415 4546 3523 4618 ὅσῳ
3548 4548 3610 4602 ἂν
3650 4547 3766 4603 ὑπὸ

2177 4640 2400 4710 ἀνέμων
2432 4635 2735 4707 ῥιπίζηται,
2765 4630 3005 4701 τοσούτῳ
3027 4630 3229 4700 μᾶλλον
3265 4631 3585 4703 ἰσχυρότερα
3610 4632 3764 4699 γίνε-

2177 4741 2268 4778 ται
2287 4721 2383 4776 καὶ
2402 4719 2713 4788 πυκνότερα
2738 4735 2753 4783 ;
2772 4717 2885 4770 Καὶ
2911 4717 3074 4786 ἡμεῖς
3094 4714 3277 4768 τοίνυν
3295 4715 3362 4769 ἂν
3379 4710 3528 4786 ὦμεν
3551 4716 3764 4787 μακρό-

2180 4807 2244 4860 θυ
2255 4823 2365 4877 μοι,
2389 4805 2485 4856 καὶ
2510 4799 2722 4870 ἰσχυροὶ
2743 4799 3000 4869 ἐσόμεθαο
3019 4797 3200 4867 Ἀνὴρ
3215 4799 3344 4870 γὰρ,
3361 4799 3517 4868 φησι,
3530 4801 3764 4868 μακρά-

2180 4895 2387 4960 θυμος,
2406 4885 2601 4952 πολὺς
2619 4883 2988 4954 ἑτι-φρονήσει
3009 4899 3024 4916 ο
3036 4885 3069 4937 ό
3083 4881 3152 4936 δὲ
3171 4883 3560 4952 όλιτόψυχος,
3586 4887 3766 4953 ἰσχυο

2172 4973 2298 5044 ρῶς
2341 4971 2568 5041 ἄφρων.
2593 4969 2760 5041 Ὁρᾷς
2804 4970 2932 5022 ὅσον
2961 4967 3153 5020 τούτου
3185 4967 3247 5020 τδ
3277 4967 3587 5037 ἐγκώμιονς
3623 4971 3764 5040 ὁρᾷς

2179 5059 2305 5112 ὅσον
2328 5055 2541 5110 ἐκείνου
2561 5053 2622 5106 τὸ
2639 5052 3006 5122 κατηγόρημα
3030 5047 3341 5120 ;’1σχυρῶς
3357 5050 3577 5119 ἄφρων,
3596 5069 3761 5105 τουτ-

2181 5143 2332 5205 ἐστι,
2375 5140 2538 5194 πάνυ.
2573 5138 2666 5209 Μὴ
2709 5139 2893 5191 τοίνυν
2929 5133 3358 5205 μικροψυχῶμεν
3409 5135 3544 5205 πρὸς
3576 5136 3768 5206 ἀλλή-

2181 5226 2337 5288 λους·
2361 5224 2422 5278 ού
2452 5223 2564 5293 γὰρ
2591 5221 2702 5277 ἀπὸ
2749 5220 2850 5290 τῆς
2897 5217 3100 5289 ἔχθρας
3162 5216 3371 5286 γίνεται
3419 5217 3600 5283 τοῦτο,
3639 5220 3765 5274 ἀλλ’

2182 5309 2292 5364 ἀπὸ
2321 5307 2416 5362 τοῦ
2443 5306 2624 5376 ψυχὴν
2639 5303 2842 5375 μικρὰν
2874 5302 3019 5373 ἔχειν
3040 5316 3054 5331 ⁶
3078 5300 3154 5364 ώς
3165 5298 3312 5373 ἐάνῇ
3340 5301 3552 5373 ίσχυρά,
3576 5303 3768 5360 πάντα

2183 5392 2321 5448 οῐσει
2348 5391 2568 5462 ῥαδίως,
2601 5389 2699 5444 καὶ
2722 5387 2878 5444 οὐδὲν
2906 5385 3078 5459 αὐτὴν
3109 5385 3507 5442 καταποντίσαι
3527 5386 3763 5459 δυνήσε-

2253 5685 2280 5723 ι)
2314 5685 2395 5735 Sic
2417 5680 2551 5736 Coll).
2585 5681 2719 5733 Edili
2751 5682 3087 5744 ἐπιδειξόμεθα.

2253 5757 2275 5783 ε
2301 5746 2438 5798 Colb.
2463 5753 2515 5796 et
2547 5759 2698 5809 marg.
2746 5743 2920 5808 διήλ,
2946 5743 3053 5800 τοὺς
3098 5743 3294 5800 πύκτας.
3328 5743 3592 5811 lauimus,
3630 5758 3769 5800 ora-

2190 5821 2346 5861 tones.
