4002 6426
155 302 255 355 HI

144 419 307 476 habet
346 422 412 476 ad
439 421 760 488 docendum,
790 439 948 493 quam
975 421 1153 481 dicere
1194 439 1207 476 :
1241 422 1434 476 multos
1471 437 1567 474 vos
1599 438 1724 491 quo-

138 527 250 578 que
297 514 505 570 habetis
539 514 788 570 doctores
837 516 887 568 in
935 514 1277 569 multitudine
1323 515 1424 570 hoc
1463 514 1721 571 facientes

139 617 237 667 per
263 618 450 673 opera.
478 605 614 670 Quid
637 615 738 671 est,
769 605 1078 658 decedamus
1106 623 1220 658 cum
1249 621 1364 659 vero
1383 608 1533 659 corde
1560 605 1584 657 Ρ
1608 605 1718 662 Hoc

133 700 241 758 est,
281 693 482 763 absque
520 695 792 764 hypocrisi
823 705 878 749 et
903 695 1269 750 simulatione.
1325 693 1411 750 Va:
1435 696 1598 760 enim,
1631 697 1716 750 in-

126 782 271 850 quit,
321 786 467 837 cordi
513 785 710 849 timido,
742 797 787 840 et
815 787 1046 840 manibus
1093 786 1349 842 dissolutis
1392 803 1452 840 ac
1493 789 1715 842 remissis

123 871 406 939 (Eccli.2.
437 877 545 947 11).
572 877 806 943 Nullum,
851 877 1042 948 inquit,
1087 878 1159 933 sit
1200 878 1252 932 in
1301 878 1454 933 nobis
1491 877 1714 933 menda-

114 966 272 1020 cium
300 985 312 1020 :
343 984 412 1022 ne
431 968 534 1022 alia
552 968 767 1038 quidem
796 969 1060 1036 dicamus,
1092 971 1191 1024 alia
1213 985 1345 1024 vero
1373 971 1668 1024 sentiamus
1692 987 1706 1034 ;

110 1052 224 1108 hoc
259 1068 347 1113 est
376 1060 519 1115 enim
557 1059 889 1114 mendacium
925 1078 938 1112 :
969 1076 1142 1130 neque
1173 1062 1340 1114 simus
1379 1061 1551 1131 pusilli
1593 1062 1708 1114 ani-

112 1148 184 1201 mi
212 1166 229 1210 ;
277 1152 382 1206 hoc
408 1152 550 1206 enim
594 1167 699 1205 non
728 1160 811 1207 cst
839 1151 948 1205 veri
993 1152 1170 1206 cordis
1197 1192 1212 1216 ,
1244 1167 1308 1205 ex
1339 1166 1404 1205 eo
1431 1151 1571 1221 quod
1601 1167 1706 1205 non

105 1241 412 1296 credamus
441 1243 670 1297 efficitur
714 1252 773 1298 ut
813 1248 981 1298 simus
1010 1243 1187 1312 pusilli
1215 1243 1396 1298 animi.
1429 1243 1706 1309 Quomodo

100 1342 300 1387 autem
332 1335 436 1390 hoc
481 1336 583 1390 erit
610 1337 634 1388 ?
663 1334 719 1390 Si
754 1336 908 1389 nobis
952 1345 1099 1390 certo
1149 1334 1561 1406 persuadeamus
1605 1350 1706 1404 per

95 1423 300 1478 fidem.
365 1428 575 1496 Aspersi
616 1429 791 1481 corda.
817 1426 928 1481 Cur
969 1443 1074 1480 non
1102 1427 1255 1491 dixit,
1280 1427 1536 1492 Mundati,
1583 1427 1700 1493 sed,

90 1515 326 1584 Δερενεὶ
347 1519 376 1572 Ρ
408 1518 600 1573 Valens
629 1517 915 1572 ostendere
963 1516 1316 1574 differentiam
1352 1531 1539 1572 eorum
1583 1532 1702 1585 qua:

83 1619 444 1678 aspergunt,
477 1610 701 1664 alterum
731 1607 944 1678 quidem
983 1608 1110 1663 dicit
1135 1623 1255 1663 esse
1288 1608 1380 1662 Dei
1406 1648 1422 1674 ,
1472 1608 1698 1663 alterum

80 1713 222 1751 vero
259 1713 539 1754 nosrrum.
574 1700 806 1755 Abluere
832 1700 976 1754 enim
1016 1701 1399 1755 conscientiam
1429 1710 1482 1755 et
1509 1715 1696 1771 asper-

74 1803 236 1855 gere,
295 1800 389 1845 est
433 1791 565 1856 Dei;
608 1792 658 1844 in
701 1791 924 1844 veritate
965 1801 1143 1846 autem
1189 1791 1444 1847 accedere
1485 1801 1537 1846 et
1573 1808 1696 1848 cum

71 1889 232 1933 certa
271 1897 343 1936 ac
383 1884 538 1952 plena
571 1898 665 1951 per
695 1881 851 1936 fidem
887 1883 1233 1951 persuasione
1256 1924 1270 1949 ,
1302 1892 1386 1937 est
1427 1892 1690 1938 nostrum.

71 1973 302 2027 Deinde
343 1975 512 2028 etiam
547 1973 669 2027 fidei
695 1973 783 2027 dat
815 1971 1064 2026 virtutem
1095 1988 1160 2026 ex
1190 1974 1414 2027 veritate
1451 1973 1567 2042 ejus
1605 1974 1694 2043 qui

67 2064 371 2130 promisit.
403 2063 539 2132 Quid
587 2073 700 2128 est,
736 2063 801 2116 Et
845 2063 1006 2115 abluti
1047 2079 1232 2133 corpus
1279 2080 1412 2134 aqua
1457 2065 1694 2117 munda?

66 2156 208 2220 Qua:
249 2156 501 2210 mundos
537 2155 718 2220 efficit,
749 2156 906 2222 dicit,
950 2165 1041 2210 aut
1065 2171 1184 2225 qua:
1221 2171 1326 2210 non
1359 2157 1519 2212 habet
1564 2171 1691 2211 san-

67 2247 334 2316 guinem.
367 2247 573 2302 Deinde
603 2246 745 2300 addit
784 2247 836 2300 id
865 2246 1008 2317 quod
1039 2255 1123 2302 est
1152 2247 1468 2317 perfectum,
1499 2264 1692 2319 nempe

67 2342 404 2392 raritatem.
439 2338 557 2392 Non
591 2341 869 2393 deserentes
896 2340 1238 2392 collectionem
1269 2350 1512 2394 nostram.
1536 2342 1689 2408 Quod

31 2471 35 2474 .
71 2433 308 2500 quidam
343 2432 570 2496 faciunt,
606 2432 800 2500 inquit,
840 2440 895 2486 et
931 2431 1182 2485 scindunt
1217 2441 1514 2486 conventus
1543 2451 1557 2486 :
1589 2433 1688 2489 hoc

73 2525 176 2578 illis
215 2534 405 2578 vetat.
443 2524 624 2577 Frater
653 2525 786 2577 enim
815 2541 846 2576 a
877 2525 1037 2592 fratre
1065 2525 1291 2594 adjutus,
1325 2534 1394 2579 est
1419 2528 1545 2579 sicut
1569 2527 1688 2582 urbs

74 2618 286 2669 murtita
320 2617 343 2688 (
368 2615 524 2669 Prov.
561 2617 648 2670 18.
682 2616 801 2686 19).
835 2616 941 2670 Sed
971 2617 1346 2672 consideremus
1385 2619 1597 2673 invicem
1634 2621 1686 2674 in

78 2709 510 2774 provocationem
539 2709 787 2761 caritatis.
818 2707 970 2776 Quid”
1000 2719 1102 2774 est,
1149 2711 1530 2765 Consideremus
1559 2713 1687 2765 invi-

77 2815 187 2850 cem
220 2799 248 2851 ?
298 2797 357 2852 Si
384 2798 504 2868 quis
532 2797 602 2851 sit
638 2798 833 2852 virtute
871 2799 1160 2867 praeditus,
1209 2816 1328 2854 cum
1369 2801 1681 2868 imitemur;

78 2905 202 2941 eum
255 2890 609 2958 aspiciamus,
643 2898 699 2941 ut
738 2888 1019 2959 diligamus
1047 2900 1100 2944 et
1143 2889 1426 2961 diligamur
1453 2909 1467 2946 :
1500 2908 1623 2946 nam
1651 2910 1682 2948 a

77 2979 319 3033 caritate
355 2981 493 3032 fiunt
524 2980 658 3032 bona
690 2994 872 3045 opera.

155 3067 215 3122 2.
240 3068 493 3138 Magnum
517 3068 712 3122 bonum
741 3077 823 3122 est
860 3078 1152 3125 conventus
1194 3085 1257 3125 ac
1285 3073 1631 3142 congregatio
1662 3089 1680 3127 :

82 3156 208 3224 ipsa
232 3158 376 3210 enim
396 3158 670 3213 caritatem
691 3162 1253 3229 rcdtlitardentiorem,
1270 3176 1325 3218 et
1340 3181 1403 3218 cx
1422 3181 1484 3220 ea
1506 3167 1684 3220 omnia

79 3261 394 3305 nascuntur
436 3251 573 3306 bona
599 3269 613 3306 :
646 3255 846 3308 nullum
876 3265 958 3311 est
985 3258 1127 3311 enim
1154 3258 1372 3324 bonum,
1402 3258 1542 3327 quod
1572 3273 1682 3314 non

77 3357 192 3410 per
211 3344 492 3406 caritatem
517 3345 627 3400 fiat.
654 3347 783 3402 Eam
807 3348 1121 3412 igiturinter
1136 3365 1236 3404 nos
1261 3350 1676 3406 confirmemus:

75 3433 370 3490 Plenitudo
416 3439 558 3493 enim
597 3440 722 3509 legis
761 3451 831 3495 est
861 3442 1062 3497 dilectio
1089 3442 1262 3512 (Rom.
1296 3444 1381 3498 15.
1413 3442 1528 3516 10).
1559 3443 1675 3499 Non

73 3533 174 3576 est
205 3525 358 3580 nobis
404 3543 537 3598 opus
581 3529 868 3596 laboribus,
912 3547 1085 3602 neque
1126 3532 1430 3602 sudoribus,
1487 3535 1532 3589 si
1575 3549 1678 3591 nos

65 3613 226 3667 alter
250 3617 480 3671 alterum
510 3619 796 3690 diligamus
827 3641 840 3676 :
871 3623 949 3676 via
977 3633 1062 3677 est
1085 3639 1203 3693 quae
1229 3639 1325 3678 sua
1356 3635 1547 3695 sponte
1574 3625 1673 3680 du-

63 3704 154 3756 cit.
182 3706 246 3758 ad
279 3708 551 3763 virtutem.
583 3709 730 3765 Sicut
763 3713 906 3766 enim
949 3713 1002 3767 in
1047 3715 1128 3768 via
1176 3714 1412 3785 publica,
1459 3715 1502 3770 si
1549 3715 1669 3785 quis

61 3793 352 3850 invenerit
395 3798 627 3866 initium,
669 3801 737 3854 ab
781 3802 898 3871 ipso
935 3802 1169 3869 ducitur,
1216 3819 1318 3859 nec
1355 3803 1490 3860 duce
1526 3820 1665 3874 opus

56 3895 158 3939 est
185 3904 200 3940 :
227 3887 302 3941 ita
325 3890 488 3944 etiam
517 3891 568 3945 in
595 3893 840 3956 caritate,
867 3894 1038 3948 solum
1065 3894 1407 3964 apprehende
1430 3895 1666 3963 initium,

54 3987 117 4030 et
144 3978 438 4034 confestim
466 3983 532 4036 ab
560 3983 676 4052 ipso
699 3984 912 4038 duceris
937 3994 990 4039 et
1019 3984 1284 4054 dirigeris.
1314 3985 1536 4050 Caritas,
1581 3987 1667 4040 in-

53 4070 205 4139 quit,
238 4073 444 4141 patiens
475 4083 568 4141 est,
594 4075 809 4146 benigna
837 4085 931 4142 est,
971 4085 1072 4129 non
1111 4077 1298 4146 cogitat
1342 4077 1533 4130 malum
1578 4077 1660 4147 (1.

56 4161 185 4215 Cor.
220 4165 315 4219 15.
345 4165 424 4236 4).
452 4165 508 4220 Si
549 4167 746 4237 cogitet
773 4167 1036 4236 quispiam
1071 4167 1186 4236 ipse
1222 4167 1360 4236 apud
1399 4182 1479 4235 se,
1529 4182 1664 4238 quo-

59 4254 231 4308 modo
275 4269 406 4325 erga
448 4271 527 4323 se,
570 4258 650 4312 sic
687 4267 742 4311 et
787 4273 909 4328 erga
957 4258 1257 4327 proximum
1299 4259 1370 4313 sit
1415 4259 1658 4314 affectus.

57 4342 238 4399 Nemo
286 4346 393 4400 sibi
440 4348 541 4418 ipsi
590 4338 813 4413 invidet,
854 4348 1033 4402 omnia
1082 4349 1220 4403 bona
1251 4349 1350 4403 sibi
1383 4361 1656 4420 precatur,

59 4437 322 4492 omnibus
346 4453 411 4493 se
437 4440 717 4508 praeponit,
751 4455 848 4510 pro
890 4454 950 4495 se
992 4439 1107 4495 vult
1134 4441 1311 4495 omnia
1355 4441 1552 4498 facere.
1600 4443 1657 4499 Si

59 4542 188 4597 ergo
212 4530 272 4583 in
302 4530 440 4583 alios
465 4545 677 4600 quoque
698 4532 775 4586 sic
804 4531 1119 4600 afficiamur,
1138 4534 1314 4588 omnia
1340 4534 1511 4589 soluta
1533 4547 1657 4593 sunt

58 4621 197 4672 mala
233 4639 248 4675 :
301 4637 410 4674 non
452 4631 578 4676 sunt
625 4622 933 4687 inimicitiae,
971 4637 1078 4676 non
1121 4631 1203 4676 est
1229 4625 1492 4681 avaritia:
1535 4629 1658 4697 quis

59 4715 200 4768 enim
232 4713 471 4783 cupidus
498 4729 618 4770 esse
639 4715 904 4769 voluerit?
921 4729 1099 4781 nemo,
1116 4715 1210 4770 sed
1242 4718 1415 4785 potius
1439 4730 1651 4776 contra.

124 4803 463 4876 lnjuriarum
489 4806 669 4860 oblivio
701 4807 1101 4860 commendatur.
1120 4836 1195 4868 —,
1209 4807 1524 4865 Communia
1557 4811 1654 4882 igi-

59 4903 140 4948 tur
164 4897 357 4951 omnia
389 4897 780 4966 possideamus,
807 4912 907 4952 nec
931 4913 1205 4954 cessemus
1228 4915 1329 4954 nos
1355 4901 1500 4969 ipsos
1522 4918 1653 4959 con-

56 4999 325 5057 gregare:
359 4999 417 5042 et
443 4988 490 5042 si
518 4987 622 5042 hoc
646 4986 925 5056 faciamus,
947 4989 1124 5043 locum
1151 5005 1256 5044 non
1297 4990 1519 5047 habebit
1563 4994 1649 5049 in-

59 5076 205 5144 iuriae
259 5087 504 5149 acceptae
545 5079 888 5134 recordatio:
931 5081 1050 5149 quis
1098 5081 1239 5136 enim
1301 5083 1353 5138 in
1411 5084 1650 5141 animum

60 5168 342 5224 induxerit
385 5185 416 5222 a
459 5184 519 5225 se
564 5170 663 5224 sibi
708 5171 871 5225 illatae
901 5171 1110 5241 injuriae
1153 5175 1498 5230 meminisse?
1528 5178 1651 5248 quis

59 5261 289 5317 voluerit
315 5262 523 5333 sibiipsi
553 5263 751 5318 irasci?
777 5279 953 5318 annon
985 5266 1222 5321 omnium
1263 5269 1500 5324 maxime
1547 5287 1648 5327 no-

58 5351 130 5406 bis
153 5355 299 5425 ipsis
329 5356 696 5425 ignoscimus?
720 5355 776 5410 Si
808 5357 886 5413 sic
911 5356 1088 5413 affecti
1117 5357 1374 5416 fuerimus
1403 5363 1566 5418 etiam
1596 5365 1647 5420 in

53 5449 360 5514 proximos,
391 5462 681 5518 numquam
699 5449 800 5502 erit
814 5449 1022 5518 injurize
1037 5459 1270 5521 accepta:
1285 5454 1589 5511 recordatio
1605 5457 1644 5512 ⁸.

45 5535 109 5586 Et
138 5539 452 5610 quomodo,
477 5541 672 5610 inquit,
704 5541 820 5597 fieri
848 5552 1025 5612 potest
1068 5552 1126 5598 ut
1160 5545 1420 5617 quispiam
1452 5553 1638 5620 proxi-

35 5641 191 5688 mum
222 5647 392 5704 atque
420 5631 607 5702 diligat
629 5642 788 5704 atque
826 5635 1102 5706 seipsum?
1143 5635 1199 5694 Si
1241 5637 1341 5696 hoc
1387 5643 1478 5698 alii
1537 5661 1642 5704 non

81 5745 106 5777 ί
143 5751 247 5800 Hic
275 5749 450 5812 incipit
471 5748 716 5812 homiliiam
738 5749 973 5799 decimam
1011 5764 1183 5802 nonam
1207 5752 1336 5805 Colb.
1363 5757 1438 5809 his
1463 5761 1642 5811 verbis.

6 5803 159 5865 n’qc
185 5803 394 5878 mgnus
404 5817 473 5862 est
489 5810 571 5874 qui
593 5810 719 5862 dixit
747 5812 1036 5876 :Quomodo,
1061 5822 1150 5866 etc.

957 309 1022 366 IN
1063 309 1271 366 EPiST.
1316 309 1406 363 AD
1445 307 1808 366 HEBREOS.
1847 308 2005 362 CAP.
2048 307 2114 361 Χ.
2157 307 2388 364 1101111..
2433 309 2573 366 XIX.

3301 328 3402 383 112

1825 419 2083 484 fecerunt,
2116 431 2260 477 recte
2295 426 2570 481 existimas
2610 429 2714 486 hoc
2761 430 2873 488 fieri
2917 452 3021 491 non
3069 453 3266 508 posse:
3315 447 3398 497 sin

1824 521 2001 568 autem
2026 514 2284 582 fecerunt,
2311 521 2645 590 perspicuum
2665 527 2909 596 estquod
2931 528 3032 583 hoc
3060 545 3089 583 a
3118 532 3274 588 nobis
3294 550 3399 589 non

1827 602 1915 657 fiat
1943 614 2157 675 propter
2183 618 2417 664 nostram
2450 612 2709 682 ignaviam
2733 625 2787 671 et
2807 620 3129 676 socordiam.
3149 624 3400 694 Alioquin

1822 708 2000 751 autem
2034 697 2163 753 nihil
2195 702 2435 772 praecipit
2459 704 2704 762 Christus
2733 710 2873 777 quod
2907 728 3012 767 non
3044 716 3214 783 possit
3242 717 3354 772 fieri
3383 760 3397 784 ,

1822 803 1942 842 cum
1961 791 2118 844 etiam
2139 793 2288 846 multi
2311 794 2426 862 ejus
2446 807 2712 868 praecepta
2731 806 3047 871 superarint.
3067 807 3199 875 Quis
3219 821 3398 866 autem

1823 877 1924 932 hoc
1981 878 2146 936 fecit?
2173 882 2387 948 Paulus,
2425 885 2637 952 Petrus,
2672 896 2812 946 totus
2843 903 3149 951 sanctorum
3179 901 3396 956 chorus.

1817 968 1924 1022 Sed
1947 969 1989 1022 si
2011 968 2204 1026 dixero
2225 973 2437 1041 quidem
2461 976 2604 1044 quod
2627 977 2928 1036 dilexerunt
2949 985 3240 1054 proximos,
3267 991 3397 1047 nihil

1818 1058 1992 1114 dicam
2034 1075 2283 1132 magnum
2311 1083 2325 1119 :
2355 1066 2600 1122 inimicos
2641 1069 2712 1123 ita
2751 1070 3070 1142 dilexerunt,
3101 1088 3159 1132 ut
3187 1097 3280 1136 eos
3306 1086 3394 1152 qui

1816 1160 1941 1204 sunt
1971 1155 2252 1209 unanimes
2283 1172 2442 1212 nemo
2472 1163 2639 1232 magis
2664 1162 2927 1220 dilexerit.
2959 1168 3089 1235 Quis
3111 1173 3252 1228 enim
3281 1175 3394 1230 cle-

1814 1241 1950 1308 gcrit
1978 1243 2056 1299 ire
2087 1245 2138 1298 in
2163 1247 2464 1316 gehennam
2495 1267 2590 1320 pro
2618 1257 2909 1321 unanimis,
2935 1274 3055 1313 cum
3087 1262 3140 1316 in
3172 1279 3391 1332 regnum

1812 1330 2057 1389 abiturus
2107 1337 2236 1390 est?
2276 1338 2505 1396 Nullus:
2563 1345 2656 1399 sed
2702 1347 2896 1403 Paulus
2941 1350 3043 1406 hoc
3085 1330 3255 1425 elegit
3297 1374 3393 1424 pro

1812 1421 2066 1490 inimicis,
2101 1442 2199 1495 pro
2227 1428 2297 1481 iis
2325 1431 2416 1499 qui
2449 1447 2571 1486 eum
2611 1435 2878 1504 lapidibus
2905 1444 3258 1511 appetierant,
3294 1465 3391 1517 pro

1811 1512 1876 1567 iis
1918 1517 2007 1584 qui
2053 1517 2234 1588 ﬂagris
2273 1536 2393 1576 cum
2435 1525 2761 1588 ceciderant.
2791 1529 3046 1596 Qnmnam
3079 1551 3206 1606 ergo
3237 1541 3390 1595 nobis

1811 1605 2024 1662 dabitur
2059 1613 2238 1675 venia,
2289 1629 2535 1682 quamam
2576 1622 2871 1688 excusatio,
2920 1625 2964 1678 si
3005 1642 3072 1680 ne
3113 1630 3387 1687 minimam

1809 1699 2024 1768 quidem
2061 1712 2267 1770 partem
2315 1706 2638 1774 dilectionis,
2680 1728 2837 1781 quam
2882 1716 2933 1770 in
2976 1717 3216 1775 inimicos
3261 1739 3388 1778 suos

1809 1793 2042 1847 ostendit
2069 1795 2284 1860 Paulus,
2321 1813 2417 1853 nos
2445 1799 2495 1853 in
2531 1811 2744 1857 nostros
2775 1805 2977 1863 amicos
3002 1814 3388 1870 ostendamus?

1806 1880 2004 1936 Beatus
2033 1900 2244 1956 quoque
2282 1888 2491 1960 Moyses
2534 1901 2659 1947 ante
2708 1910 2826 1949 eum
2870 1914 2968 1965 pro
3004 1900 3252 1970 inimicis,
3293 1909 3383 1976 qui

1806 1971 1978 2042 ipsum
2033 1977 2301 2046 lapidibus
2349 1985 2707 2051 appetierant,
2755 1990 2923 2045 voluit
2952 1992 3116 2048 deleri
3149 1997 3215 2052 de
3247 1971 3382 2055 libro

1807 2065 1901 2122 Dei
1925 2065 2120 2140 (Exod.
2167 2071 2254 2126 52.
2287 2073 2380 2142 32)
2413 2093 2426 2129 :
2462 2076 2626 2131 David
2664 2095 2879 2151 quoque
2927 2085 3113 2141 videns
3154 2104 3247 2144 eos
3291 2093 3380 2160 qui

1763 2191 1766 2194 .
1804 2156 1901 2224 ipsi
1945 2160 2251 2215 restiterant
2294 2164 2548 2230 interimi,
2584 2168 2713 2223 dicit
2747 2191 2759 2224 :
2794 2170 2906 2243 Ego
2937 2186 3112 2245 pastor
3141 2156 3380 2249 peccavi;

1801 2245 1885 2298 isti
1921 2258 2088 2302 autem
2127 2253 2250 2319 quid
2297 2258 2520 2323 fecerunt
2556 2257 2634 2328 (2.
2687 2259 2813 2331 Reg.
2861 2266 2951 2319 24.
2991 2269 3117 2338 17).
3162 2245 3376 2327 Saftlem

1800 2351 2014 2406 quoque
2041 2355 2160 2393 cum
2197 2343 2419 2398 haberet
2459 2346 2511 2399 in
2558 2351 2828 2414 manibus,
2873 2357 3044 2411 noluit
3085 2359 3154 2415 de
3198 2363 3376 2418 medio

1799 2427 2008 2492 tollere,
2051 2433 2146 2484 sed
2178 2437 2429 2499 servavit,
2462 2437 2620 2508 idque
2650 2455 2770 2497 cum
2803 2443 2922 2515 ipse.
2953 2463 3204 2506 venturus
3230 2465 3375 2510 esSet

1800 2515 1854 2569 in
1881 2518 2197 2584 periculum.
2246 2521 2303 2579 Si
2343 2537 2520 2582 autem
2567 2530 2680 2586 haec
2726 2533 2860 2589 facta
2899 2550 3033 2594 sunt
3069 2538 3126 2596 in
3173 2542 3372 2610 Veteri,

1795 2622 2079 2678 quamnam
2135 2628 2490 2686 assequemur
2545 2636 2642 2674 nos
2695 2625 2940 2685 veniam,
2983 2626 3079 2692 qui
3122 2631 3176 2686 in
3225 2633 3375 2688 Novo

1797 2700 1960 2756 vitam
1989 2705 2217 2773 agimus,
2249 2717 2302 2760 et
2338 2725 2435 2764 nec
2462 2711 2527 2764 ad
2558 2728 2674 2765 eam
2717 2716 2929 2784 quidem
2976 2720 3043 2774 ad
3089 2740 3246 2792 quam
3298 2728 3371 2780 illi

1793 2795 2164 2859 perveniamus
2196 2804 2544 2855 mensuram?
2581 2804 2711 2858 Nam
2744 2807 2806 2860 Si
2825 2809 3028 2877 justitia
3058 2824 3231 2868 nostra
3272 2835 3372 2872 non

1791 2882 2121 2940 abundaverit
2145 2889 2259 2954 plus
2288 2908 2440 2960 quant
2470 2892 2851 2951 Pharisaeorum
2881 2911 2928 2953 et
2953 2904 3250 2970 scribarum,
3270 2926 3370 2964 non

1789 2974 2089 3030 intrabimus
2137 2981 2190 3033 in
2229 2999 2438 3052 regnum
2488 2987 2729 3042 caelorum
2758 2991 2971 3056 (Matth.
3005 2996 3057 3050 5.
3088 2998 3214 3068 20):
3249 3017 3367 3054 cum

1787 3077 1965 3122 autem
1995 3071 2154 3124 etiam
2198 3074 2373 3128 minus
2415 3075 2708 3132 habeamus
2749 3099 2906 3151 quam
2957 3087 3053 3151 illi,
3099 3094 3370 3158 quomodo

1788 3155 2139 3215 intrabimus?
2164 3162 2388 3234 Diligite,
2422 3166 2612 3236 inquit,
2651 3171 2881 3226 inimicos
2901 3187 3106 3243 vestros,
3156 3191 3202 3233 et
3229 3184 3367 3236 eritis

1785 3248 1975 3303 similes
2004 3249 2152 3304 Patri
2177 3265 2356 3319 vestro,
2391 3259 2477 3326 qui
2507 3268 2578 3312 est
2616 3260 2668 3312 in
2692 3264 2827 3315 cas/is
2849 3264 3011 3333 (Ibid.
3047 3283 3094 3320 v.
3127 3271 3213 3324 44.
3247 3274 3362 3341 15).

1784 3337 1998 3411 Diligite
2045 3357 2172 3412 ergo
2221 3345 2534 3401 inimicum:
2576 3366 2679 3404 non
2727 3355 2868 3407 enim
2915 3357 3059 3411 illum
3104 3360 3366 3417 beneficio

1780 3434 1975 3501 aflicis,
2000 3439 2092 3494 sed
2125 3443 2374 3511 teipsum.
2395 3445 2706 3512 Quomodo?
2733 3450 2835 3504 Par
2861 3451 2968 3508 Deo
2990 3452 3239 3510 efficeris.
3272 3459 3361 3513 Ille

1778 3525 1826 3579 si
1858 3540 1888 3580 a
1935 3537 1988 3583 te
2029 3527 2189 3586 fuerit
2216 3531 2462 3603 dilectus,
2495 3554 2601 3593 non
2630 3542 2852 3596 multum
2882 3543 3014 3598 lucri
3049 3545 3172 3601 fecit
3203 3565 3217 3612 ;
3266 3548 3360 3603 fuit

1771 3617 1918 3671 'enim
1938 3617 2163 3677 dilectus
2179 3639 2206 3676 a
2229 3639 2524 3685 conservo:
2545 3641 2792 3686 Inautem
2820 3636 2863 3689 si
2881 3651 3196 3692 conservum
3224 3640 3358 3694 dile-

1777 3707 1940 3770 xeris,
1974 3725 2221 3782 magnum
2254 3715 2421 3772 fecisti
2453 3720 2693 3786 lucrum;
2723 3724 2950 3781 efficeris
2974 3731 3112 3782 enim
3149 3732 3256 3785 Deo
3285 3735 3357 3787 si-

1777 3799 1938 3854 milis.
1958 3801 2121 3859 Vides
2137 3807 2276 3876 quod
2309 3809 2399 3864 tibi
2427 3814 2764 3880 gratificaris,
2796 3831 2901 3871 non
2935 3819 3052 3874 illi?
3074 3837 3193 3876 nam
3215 3839 3350 3892 prae-

1777 3891 1942 3946 mium
1969 3895 2084 3962 tibi,
2109 3913 2212 3952 non
2240 3900 2316 3954 illi
2345 3905 2613 3972 proponit.
2638 3907 2773 3974 Quid
2806 3923 2955 3974 vero,
2986 3913 3175 3982 inquit,
3209 3891 3251 3970 si
3287 3920 3355 3972 sit

1775 3985 1989 4039 malus?
2015 3987 2185 4044 Tanto
2215 3992 2386 4060 major
2407 4003 2492 4049 est
2521 4005 2607 4050 tua
2639 4013 2868 4064 merces,
2897 4010 2951 4056 et
2995 4002 3063 4058 de
3097 4005 3352 4074 improbi-

1777 4079 1881 4127 tate
1896 4074 1971 4128 illi
1988 4075 2152 4131 debes
2169 4079 2364 4136 habere
2380 4085 2621 4152 gratiam,
2644 4088 2854 4142 etiamsi
2878 4090 3352 4153 innumerabilibus

1772 4161 1841 4215 sit
1864 4163 2086 4221 affectus
2115 4169 2409 4227 beneficiis.
2439 4173 2569 4229 Nam
2601 4177 2701 4231 nisi
2727 4179 2882 4234 valde
2919 4181 3107 4239 fuisset
3157 4189 3348 4254 malus,

1773 4267 1878 4307 non
1901 4255 1991 4310 tibi
2009 4258 2163 4314 valde
2186 4262 2444 4318 crevisset
2470 4281 2699 4322 merces.
2717 4269 2886 4326 Causa
2911 4272 3089 4344 itaque
3107 4291 3210 4332 non
3237 4280 3354 4336 dili-

1771 4347 1948 4415 gendi,
1977 4365 2169 4421 nempe
2199 4353 2377 4410 dicere
2393 4357 2533 4427 quod
2567 4361 2635 4413 sit
2655 4361 3049 4430 malus,eadcm
3077 4377 3159 4422 est
3185 4387 3349 4428 causa

1770 4438 2042 4510 diligendi.
2065 4443 2215 4500 Tolle
2255 4447 2640 4518 adversarium,
2693 4470 2884 4526 nempe
2913 4463 3304 4532 antagonistam
3333 4509 3348 4532 ,

1770 4541 1823 4587 et
1849 4548 2167 4592 coronarum
2200 4540 2343 4595 tollis
2369 4546 2728 4602 occasionem.
2756 4547 2872 4604 Non
2904 4553 3055 4608 vides
3083 4560 3350 4623 quomodo

1768 4628 1984 4684 athleta:
2012 4632 2288 4690 decertant
2317 4640 2544 4694 sacculis
2571 4656 2731 4695 arena
2771 4645 3002 4713 impletis
3027 4648 3051 4701 ?
3079 4648 3195 4702 Tibi
3246 4667 3344 4706 au-

1771 4727 1875 4773 tem
1906 4737 2009 4776 non
2041 4739 2176 4794 opus
2205 4735 2288 4781 est
2331 4729 2384 4781 in
2427 4729 2528 4784 hoc
2555 4731 2788 4785 studium
2832 4749 3065 4802 ponere:
3122 4739 3227 4792 vita
3268 4752 3350 4796 est

1769 4813 1924 4881 plena
1953 4815 2016 4869 iis
2044 4832 2162 4885 qua:
2194 4827 2244 4873 te
2273 4830 2528 4875 exercent
2572 4821 2870 4893 fortemque
2914 4825 3144 4882 reddunt
3172 4845 3235 4884 ac
3262 4848 3348 4885 ro-

1767 4905 2004 4959 bustum.
2033 4905 2147 4960 Non
2181 4909 2329 4963 vides
2369 4911 2508 4980 quod
2557 4912 2720 4966 etiam
2768 4914 2988 4972 arbores
3030 4933 3135 4985 quo
3179 4923 3347 4991 magis

1766 4997 2090 5050 ventilantnr
2115 5007 2168 5050 et
2197 5001 2466 5068 agitantur
2489 5017 2518 5055 a
2548 5004 2742 5067 ventis,
2773 5019 2839 5059 eo
2866 5006 2999 5061 fiunt
3021 5007 3270 5066 fortiores
3293 5025 3347 5068 et

1764 5085 2082 5142 densiores?
2115 5089 2178 5143 Et
2200 5105 2295 5143 nos
2316 5106 2526 5161 quoque
2545 5094 2589 5148 si
2612 5094 2780 5150 simus
2801 5095 2946 5153 lenes
2973 5108 3028 5153 et
3055 5103 3341 5170 patientes,

1763 5177 1966 5233 erimus
2010 5179 2170 5233 etiam
2230 5181 2395 5235 fortes
2439 5193 2494 5237 et
2532 5184 2690 5239 validi
2725 5204 2738 5239 :
2774 5201 2896 5241 nam
2957 5187 3046 5242 Vir
3073 5231 3088 5256 ,
3146 5192 3341 5263 inquit,

1763 5269 1959 5340 patiens
1983 5279 2031 5323 et
2055 5270 2360 5342 longanimis
2391 5273 2578 5328 multus
2615 5285 2687 5330 est
2712 5277 2763 5330 in
2796 5280 3068 5349 prudentia
3101 5298 3121 5337 :
3157 5285 3242 5351 qui
3269 5298 3344 5340 est

1761 5370 1929 5414 autem
1955 5362 2130 5429 pusilli
2157 5363 2336 5429 animi,
2370 5375 2440 5419 est
2461 5366 2608 5421 valde
2631 5368 2877 5438 insipiens
2901 5371 3082 5444 (Prov.
3110 5375 3194 5429 14.
3225 5378 3338 5448 29').

1761 5451 1922 5509 Vides
1953 5452 2108 5525 hujus
2134 5465 2331 5526 quanta
2353 5456 2424 5513 sit
2453 5457 2590 5524 laus,
2621 5459 2762 5517 illius
2788 5473 2983 5534 quanta
3014 5469 3286 5523 accusatio
3314 5471 3339 5524 ?

1769 5542 1932 5601 Valde
1975 5535 2237 5614 insipiens,
2268 5547 2370 5603 hoc
2399 5560 2503 5618 est,
2534 5551 2843 5609 admodum.
2872 5555 2988 5611 Non
3021 5559 3187 5614 simus
3211 5576 3342 5631 ergo

1759 5637 1938 5708 pusilli
1990 5639 2129 5694 inter
2168 5655 2267 5695 nos
2305 5642 2467 5696 animi
2496 5660 2508 5696 :
2539 5658 2643 5698 non
2685 5645 2742 5699 lit
2768 5647 2912 5702 enim
2944 5647 3044 5703 hoc
3073 5665 3138 5704 ex
3167 5651 3342 5706 inimi-

1758 5729 1917 5792 citiis,
1947 5730 2040 5784 scd
2068 5746 2131 5785 ex
2163 5747 2226 5786 eo
2254 5731 2395 5804 quod
2435 5735 2630 5802 pusillo
2673 5736 2840 5792 simus
2884 5738 3082 5793 animo.
3115 5740 3264 5807 Quod
3293 5742 3338 5797 si

1760 5819 1917 5876 fuerit
1948 5820 2117 5886 fortis,
2149 5824 2326 5880 omnia
2360 5823 2514 5880 facile
2543 5825 2696 5894 feret,
2725 5841 2897 5898 neque
2926 5828 3212 5900 quidquam
3243 5846 3336 5901 po-
