4002 6426
699 337 720 391 1
737 339 801 394 43

700 467 823 520 terit
842 481 962 520 eum
992 464 1320 535 demergere,
1345 467 1438 521 sed
1462 468 1527 522 ad
1557 470 1875 539 tranquillos
1894 469 2122 527 deducet
2150 487 2274 542 por-

697 566 780 611 tus
811 574 823 610 :
854 572 988 626 quos
1015 556 1169 609 detur
1202 558 1357 611 nobis
1384 561 1634 615 omnibus
1676 566 1956 633 consequi,
2001 566 2166 634 gratia
2221 577 2274 619 et

693 648 1016 716 benignitate
1066 649 1273 703 Domini
1328 652 1496 705 nostri
1544 652 1673 729 Jcsn
1728 654 1947 720 Christi,
1997 672 2119 711 cum
2166 674 2274 727 quo

694 804 2683 829 Μή

1396 331 1452 388 s.
1482 326 1758 386 JOANNIS
1785 323 2260 382 cunvsosrosu
2325 324 2642 382 ARCtllEP.
2684 327 3217 386 CONS’t‘AN'l‘lNOP.
3774 354 3840 409 ,μ

2371 468 2514 523 Patri
2564 483 2664 519 una
2720 480 2839 519 cum
2892 473 3080 519 sancto
3131 462 3335 533 Spiritu
3392 462 3572 532 gloria,
3621 466 3847 535 imperim,

2374 560 2564 622 honor,
2607 573 2748 611 nunc
2796 566 2850 610 et
2899 571 3134 626 semper.
3180 563 3236 609 et
3283 554 3333 608 in
3373 554 3560 607 sa-cula
3591 558 3849 616 seculorum.

2374 654 2566 706 Amen.

2692 810 3863 846 __—________

2030 847 2369 907 HOMILIA
2423 850 2571 911 XX.

688 958 817 1014 Car.
862 955 927 1011 10
989 970 1042 1008 v.
1083 953 1176 1008 ‘26.
1246 952 1541 1005 Voluntarie
1586 950 1718 1004 enim
1768 948 2087 1018 peccantibus
2133 949 2276 1002 nobis

760 1038 873 1117 post
904 1056 1158 1114 acceptam
1184 1044 1415 1096 notitiam
1440 1041 1682 1106 veritatis,
1702 1040 1816 1105 jam
1843 1056 1945 1093 non
1973 1039 2277 1108 relinquitur

762 1156 855 1211 pro
883 1137 1097 1207 peccatis
1130 1134 1313 1195 hostia,
1345 1132 1437 1186 27.
1462 1131 1696 1185 terribilis
1710 1126 1889 1184 autem
1914 1132 2146 1200 qucedam
2182 1146 2270 1183 ea:-

763 1234 1004 1305 spectatio
1016 1229 1219 1302 jutlicii,
1243 1237 1288 1281 et
1316 1226 1446 1297 ignis
1473 1224 1751 1290 wmulatio,
1775 1239 1889 1295 quae
1911 1234 2275 1295 consumptum

764 1340 837 1385 est
863 1326 1199 1381 adversarios.

764 1424 815 1476 l.
844 1421 1204 1487 Quaecumque
1243 1413 1465 1467 arbores
1498 1411 1753 1482 plantatae
1774 1450 1788 1472 ,
1829 1418 1885 1464 et
1918 1409 2020 1463 alia
2058 1422 2273 1478 quoque

692 1512 930 1567 adhibita
952 1505 1225 1577 diligentia
1256 1503 1615 1574 agricolarum
1643 1502 1887 1556 manibus
1916 1510 1971 1555 et
1998 1500 2273 1555 laboribus

692 1604 938 1663 excultae.
966 1599 1165 1654 nullum
1198 1595 1377 1650 ferunt
1409 1594 1664 1658 fructum,
1693 1593 1944 1647 radicitus
1966 1591 2165 1646 avulsae
2180 1591 2270 1661 ja-

690 1698 902 1752 cinntur
919 1694 970 1747 in
995 1692 1190 1762 ignem.
1209 1690 1337 1743 Tale
1357 1687 1484 1757 quid
1503 1687 1597 1740 fuit
1618 1687 1777 1740 etiam
1803 1687 1854 1740 in
1882 1685 2272 1741 illuminatione

690 1800 882 1855 nempe
913 1784 1252 1854 baptismate.
1271 1778 1403 1834 Nam
1430 1786 1707 1849 postquam
1732 1791 1830 1830 nos
1857 1775 2100 1831 Christus
2115 1776 2270 1846 plan-

691 1879 854 1942 tavit,
883 1884 937 1929 et
964 1872 1295 1944 spiritualem
1328 1868 1662 1940 percepimus
1690 1867 2075 1938 irrigationem,
2104 1868 2148 1921 si
2173 1868 2270 1923 de-

688 1968 813 2022 inde
838 1966 1041 2020 nullum
1075 1963 1302 2017 fructum
1330 1959 1681 2022 ostendimus,
1709 1966 1985 2027 exspectat
2010 1973 2107 2012 nos
2133 1958 2270 2028 ignis

686 2061 967 2130 gehennae,
986 2066 1039 2110 et
1055 2056 1267 2109 llamma
1288 2066 1408 2121 qua:
1433 2065 1537 2105 non
1567 2058 1739 2119 potest
1767 2048 2056 2117 exstingui.
2073 2048 2268 2104 Paulus

685 2167 835 2221 ergo,
849 2165 970 2205 eum
992 2147 1304 2202 adhortatus
1320 2151 1464 2199 esset
1479 2142 1546 2197 ad
1563 2141 1837 2197 caritatem
1856 2152 1910 2196 et
1930 2141 1997 2195 ad
2020 2142 2268 2198 ferendos

685 2246 889 2302 fructus
916 2242 1175 2295 bonorum
1198 2249 1442 2305 operum,
1458 2233 1705 2287 incitatos
1721 2247 1751 2285 a
1774 2232 2086 2287 melioribus
2107 2240 2160 2286 et
2180 2232 2270 2287 be-

687 2334 1017 2406 uignioribus
1032 2331 1297 2399 (quamam
1317 2342 1377 2381 ea
1392 2326 1548 2381 sunt?
1560 2324 1701 2395 quod
1720 2326 1992 2379 introitum
2008 2324 2270 2381 habemus

687 2427 741 2481 in
772 2433 978 2487 sancta,
1010 2435 1167 2489 quam
1193 2418 1418 2471 initiavit
1445 2415 1600 2470 nobis
1637 2416 1774 2469 viam
1798 2415 2134 2485 recentem),
2164 2414 2269 2471 hoc

686 2517 860 2585 ipsum
891 2525 1075 2566 rursus
1115 2509 1239 2563 facit
1280 2508 1441 2562 etiam
1474 2522 1503 2559 a
1529 2506 1885 2569 tristioribus,
1922 2505 1993 2559 ita
2020 2506 2266 2575 loquens.

685 2607 819 2663 Nam
848 2621 969 2660 cum
999 2586 1225 2657 dixisset
1254 2617 1269 2655 :
1307 2598 1429 2653 Non
1470 2599 1753 2652 deserentes
1796 2598 2141 2652 collectionem
2174 2615 2269 2652 no-

684 2707 861 2757 stram,
885 2696 1011 2749 sicut
1032 2690 1410 2747 consuetudinis
1438 2698 1508 2743 est
1535 2688 1854 2757 quibusdam,
1886 2688 1976 2743 sed
2000 2688 2269 2743 consolan-

684 2797 842 2854 tes,ct
882 2795 1019 2839 tanto
1055 2785 1247 2853 magis,
1288 2790 1474 2851 quanto
1511 2780 1734 2833 videritis
1773 2779 2266 2851 appmpinquantem

685 2882 819 2933 diem
843 2882 919 2949 (et
949 2878 1063 2930 lure
1083 2876 1279 2943 quippe
1303 2882 1387 2927 est
1408 2872 1679 2926 sul'liciens
1702 2871 1767 2924 ad
1792 2870 2263 2941 consolationem),

683 2968 961 3037 subiunxit
1004 2984 1017 3019 :
1079 2963 1373 3017 Voluntaria
1412 2962 1544 3015 enim
1593 2960 1914 3030 peccantibus
1956 2960 2099 3014 nobis
2153 2970 2266 3030 post

684 3072 941 3121 acceptant
994 3056 1223 3109 notitiam
1266 3053 1510 3106 veritatis.
1559 3051 1704 3119 Opus
1730 3062 1845 3116 est,
1878 3052 2080 3121 inquit,
2111 3053 2266 3107 bonis

680 3151 955 3220 operibus,
985 3156 1039 3203 et
1068 3146 1220 3200 valde
1247 3160 1380 3214 opus
1410 3154 1511 3199 est.
1572 3143 1862 3197 Voluntarie
1890 3145 2021 3198 enim
2049 3162 2266 3215 peccan-

683 3239 813 3292 tibus
840 3240 981 3292 nobis
1010 3246 1121 3308 post
1146 3247 1406 3305 acceptam
1450 3235 1680 3288 notitiam
1710 3235 1962 3301 veritatis,
2002 3236 2115 3306 jam
2162 3254 2264 3291 non

679 3331 978 3400 relinquitur
1013 3344 1105 3399 pro
1135 3328 1348 3397 peccatis
1375 3326 1561 3379 hostia.
1594 3324 1650 3378 ld
1696 3335 1775 3380 est
1797 3366 1813 3390 ,
1856 3325 2145 3381 mundatus
2180 3342 2263 3393 es,

683 3423 939 3477 liberatus
983 3435 1043 3476 es
1080 3436 1109 3474 a
1158 3420 1510 3483 criminibus,
1565 3417 1734 3472 lactus
1759 3434 1819 3472 es
1848 3418 2009 3472 filius.
2047 3419 2103 3473 Si
2136 3433 2264 3488 ergo

682 3511 970 3565 revertaris
998 3511 1063 3565 ad
1092 3511 1323 3581 priorem
1369 3513 1628 3566 vomitum
1647 3549 1661 3573 ,
1693 3523 1878 3563 rursus
1903 3517 2083 3563 manet
2107 3509 2265 3564 abdi-

678 3601 820 3654 «alio
864 3610 917 3655 et
942 3602 1100 3670 ignis,
1151 3610 1203 3656 et
1227 3617 1581 3671 qumcumque
1620 3610 1745 3655 sunt
1774 3599 2075 3670 huiusmodi
2106 3616 2120 3652 :
2150 3614 2263 3655 non

677 3701 762 3745 est
791 3693 934 3746 enim
963 3692 1195 3748 secunda
1234 3693 1428 3747 hostia.
1487 3693 1584 3748 llic
1610 3708 1798 3747 rursus
1825 3708 1923 3747 nos
1944 3691 2262 3747 adoriuntur

678 3783 767 3851 qui
817 3783 1011 3837 tollunt
1064 3785 1460 3852 paenitentiam,
1501 3794 1558 3838 et
1596 3784 1920 3854 quicumque
1945 3791 2264 3837 cunctantur

678 3875 862 3928 venire
886 3873 952 3928 ad
986 3875 1247 3943 baptisma
1280 3891 1295 3928 :
1326 3873 1379 3928 hi
1406 3875 1625 3943 quidem
1652 3874 1838 3929 dicunt
1867 3889 1974 3927 non
2021 3887 2145 3927 esse
2184 3873 2264 3928 eis

680 3977 851 4020 tntum
879 3968 1066 4021 venire
1093 3967 1157 4021 ad
1182 3965 1471 4035 baptisma,
1496 3965 1759 4036 siquidem
1789 3980 1893 4019 non
1921 3975 2004 4020 est
2029 3963 2263 4019 secunda

682 4058 929 4111 remissio
954 4075 968 4111 :
1002 4058 1077 4111 illi
1108 4071 1235 4111 vero
1258 4055 1442 4111 dicunt
1468 4072 1572 4110 non
1596 4072 1717 4112 esse
1742 4066 1910 4110 tutum
1936 4056 2000 4108 iis
2023 4055 2112 4125 qui
2136 4068 2255 4123 pec-

680 4160 871 4204 carunt
894 4149 1150 4219 impertiri
1179 4150 1453 4219 mysteria,
1485 4150 1528 4205 si
1560 4164 1666 4203 non
1696 4158 1779 4203 est
1807 4147 2040 4203 secunda
2072 4147 2263 4201 remis-

681 4242 785 4295 sio.
827 4240 962 4308 Qnid
989 4255 1118 4308 ergo
1146 4239 1387 4294 dicemus
1413 4240 1690 4309 utrisque?
1735 4238 1887 4306 Quod
1910 4238 1997 4292 hic
2026 4253 2132 4292 non
2165 4235 2257 4289 tali

684 4342 861 4386 tuente
906 4332 1007 4387 hoc
1049 4331 1277 4397 dixerit,
1311 4346 1483 4400 neque
1532 4331 1669 4385 tollit
1711 4327 2117 4400 penitentiam,
2163 4340 2264 4381 nec

681 4439 798 4477 ram
841 4440 960 4493 qua:
1003 4438 1099 4492 per
1133 4422 1499 4493 ptenitentiam
1544 4421 1604 4475 ﬁt
1645 4420 2032 4490 placationem,
2089 4431 2265 4486 neque

680 4515 895 4584 expellit
926 4524 979 4570 et
1002 4515 1181 4585 dejicit
1221 4530 1317 4584 per
1358 4514 1789 4584 desperationem
1811 4528 1932 4567 eum
1960 4511 2050 4582 qui
2080 4520 2161 4566 est
2188 4509 2265 4564 la-

682 4624 810 4679 psus
843 4629 856 4664 :
891 4623 996 4662 non
1026 4618 1109 4662 est
1145 4621 1313 4676 uSque
1353 4604 1489 4661 adeo
1525 4605 1774 4659 inimicus
1801 4612 2001 4658 nostrae
2030 4600 2255 4664 salutis;

679 4702 773 4757 sed
802 4700 1096 4757 secundum
1124 4698 1298 4753 aufert
1320 4698 1611 4762 lavacrum,
1639 4712 1746 4750 non
1769 4696 1912 4750 enim
1943 4693 2076 4750 dixit
2107 4711 2120 4746 :
2154 4692 2265 4747 Non

678 4805 762 4852 est
790 4796 1019 4865 amplius
1046 4793 1391 4864 ptenitentia,
1424 4801 1536 4859 aut,
1570 4791 1685 4846 Non
1713 4800 1797 4845 est
1825 4790 2054 4858 amplius
2080 4788 2268 4842 remis-

681 4888 801 4952 sio;
850 4885 977 4951 sed,
1006 4900 1111 4939 non
1152 4892 1237 4939 est
1260 4884 1489 4952 amplius
1517 4882 1691 4936 hostia
1722 4898 1736 4946 ;
1770 4881 1871 4936 hoc
1899 4891 2005 4945 est,
2034 4895 2139 4933 non
2187 4888 2269 4933 est

684 4977 911 5044 amplius
935 4991 1065 5029 crux
1094 4975 1326 5029 secunda
1355 4993 1370 5029 :
1399 4973 1501 5029 hoc
1527 4974 1670 5028 enim
1693 4982 1847 5027 vocat
1877 4972 2124 5025 hostiam.
2154 4969 2267 5023 Una

685 5066 835 5124 enim,
865 5064 1055 5131 inquit,
1088 5064 1251 5117 hostia
1280 5064 1643 5117 consummavit
1670 5064 1722 5115 in
1750 5072 2045 5132 perpetuum
2068 5077 2151 5113 eos
2180 5060 2267 5128 qui

686 5157 1068 5225 sanctiﬁcanlttr
1096 5172 1113 5209 :
1140 5172 1247 5209 non
1271 5157 1409 5209 sicut
1435 5154 1653 5210 Iudaica
1676 5195 1691 5219 ,
1720 5169 1893 5233 ncqpe
1920 5168 2085 5222 sape.
2130 5153 2262 5205 Pro-

689 5260 869 5319 pterea
891 5248 1032 5301 enim
1057 5256 1163 5301 tam
1193 5246 1358 5299 inulta
1390 5261 1587 5315 susque
1610 5246 1779 5315 deque
1802 5244 2054 5299 disseruit
2078 5243 2143 5297 de
2176 5242 2269 5297 ho-

688 5341 821 5406 stia,
870 5339 1011 5409 quod
1056 5339 1124 5392 sit
1170 5353 1270 5391 una
1303 5347 1357 5390 et
1388 5351 1492 5389 una
1537 5352 1687 5389 :non
1732 5335 1830 5389 hoc
1875 5335 2048 5389 solum
2081 5334 2269 5388 volens

689 5430 989 5494 ostendere,
1018 5429 1158 5499 quod
1188 5428 1240 5483 in
1267 5427 1369 5482 hoc
1392 5426 1601 5482 dilferat
1628 5442 1657 5481 a
1679 5426 1931 5487 Judaicis.
1955 5426 2080 5496 quin
2108 5426 2268 5479 etiam

691 5536 745 5579 ut
770 5522 960 5579 reddat
983 5520 1310 5587 securiores,
1341 5529 1399 5574 ut
1429 5528 1792 5586 congruenter
1821 5520 1927 5586 legi
1955 5518 2266 5574 Iudaeorum

767 5705 840 5766 (a)
864 5703 1011 5753 Multa
1032 5703 1133 5752 loca
1155 5716 1216 5766 es
1242 5701 1331 5766 hac
1350 5697 1574 5766 homilia,_
1582 5700 1803 5766 itemque
1823 5712 1886 5766 εξ
1902 5698 2092 5766 decima
2111 5710 2280 5766 quarta

706 5776 752 5815 et
775 5759 963 5827 decima
1000 5766 1167 5828 quinta
1200 5762 1522 5828 habentur-in
1539 5759 1822 5828 __l"lorile_gio
1844 5759 2027 5828 δρψ-εξ,
2053 5759 2205 5811 Toino
2229 5764 2278 5823 5,

702 5831 876 5892 pagina
898 5822 1158 5879 ωπνωυ
1181 5830 1317 5875 notas
1339 5822 1521 5883 Suvilii,
1538 5823 1688 5875 '.l.‘omo
1713 5825 1760 5881 8,
1788 5834 1895 5883 pag,
1922 5822 2029 5871 7:50.

2382 973 2487 1010 non
2528 956 2755 1027 amplius
2803 956 2959 1009 aliam
3002 965 3316 1026 exspectent
3354 956 3600 1012 hostiam.
3661 957 3879 1020 γοιωιιιτξε*

2381 1047 2512 1100 enim
2558 1046 2875 1115 peccantibus
2922 1047 3098 1112 nobis,
3154 1048 3343 1116 inquit.
3378 1046 3538 1101 Vides
3559 1063 3699 1117 quam
3718 1051 3771 1103 sit
3790 1070 3867 1119 pro-

2385 1150 2579 1205 pensus
2604 1135 2667 1187 ad
2701 1135 3120 1204 ignoscendum?
3163 1135 3453 1190 Voluntarie
3471 1179 3487 1203 ,
3517 1139 3698 1207 inquit,
3723 1157 3867 1207 peccati-

2377 1228 2508 1281 tibus
2529 1225 2693 1282 nobis.
2752 1226 3049 1296 Ignoscitur
3076 1228 3255 1297 itaque
3284 1228 3667 1283 involuntariis.
3694 1229 3791 1285 Pas:
3810 1251 3867 1285 ac.

2378 1329 2572 1387 ceptum
2637 1318 2867 1370 notitiam
2925 1318 3169 1371 veritatis.
3220 1318 3328 1371 Aut
3378 1317 3575 1372 Christi
3623 1318 3760 1385 dicit,
3809 1336 3870 1377 aut

2376 1411 2614 1464 omnium
2642 1409 2971 1479 dogmatnm.
3006 1408 3127 1462 Jam
3153 1426 3253 1462 non
3282 1410 3581 1479 relinquitur
3609 1427 3689 1477 pro
3712 1417 3865 1479 peccatis

2374 1503 2557 1556 hostia.
2583 1499 2687 1554 Sed
2712 1499 2838 1569 quid
2864 1500 2887 1552 ἲ
2932 1498 3191 1553 Terribilis
3216 1508 3381 1554 autent
3423 1499 3649 1569 quaedam
3679 1515 3869 1569 mpetu.

2374 1593 2443 1646 tio
2477 1590 2698 1663 judicii,
2742 1597 2792 1644 et
2816 1589 2947 1659 ignis
2992 1591 3282 1655 aemulatio,
3312 1606 3429 1659 qua:
3476 1603 3792 1661 consumptus
3821 1607 3866 1649 est

2376 1691 2711 1746 adversarios.
2759 1687 3116 1742 Adversarios
3152 1701 3257 1739 non
3294 1687 3469 1740 solum
3500 1686 3624 1738 dicit
3660 1685 3868 1745 inﬁdeles.

2378 1780 2471 1835 sed
2500 1794 2594 1834 eos
2618 1779 2780 1838 etiam
2806 1777 2900 1848 qui
2926 1776 3125 1831 l‘aciunt
3151 1778 3422 1830 contraria
3454 1776 3630 1829 virtuti
3654 1792 3666 1839 ;
3694 1776 3761 1829 vel
3781 1777 3870 1844 quod

2379 1872 2521 1927 ideut
2547 1870 2685 1941 ignis
2710 1868 3081 1938 apprehendet
3104 1870 3265 1923 etiam
3295 1866 3633 1932 domesticos,
3656 1869 3731 1934 qui
3745 1869 3871 1922 adrer-

2379 1962 2570 2016 sarios.
2607 1961 2809 2016 Deinde
2839 1961 3147 2030 signiﬁcans
3175 1974 3335 2029 quam
3361 1959 3432 2012 sit
3464 1958 3619 2023 edax,
3646 1974 3747 2012 eum
3766 1961 3871 2013 veluti

2378 2053 2666 2117 animavit,
2704 2052 2889 2106 dicens
2918 2068 2931 2105 ε
2966 2050 3113 2120 Ignis
3141 2050 3422 2115 (sinulatio,
3456 2066 3570 2118 qua
3596 2064 3871 2119 cominuptm

2385 2155 2458 2200 cst
2501 2143 2842 2198 adversarios.
2888 2141 3038 2197 Sicut
3063 2141 3204 2196 enim
3234 2140 3348 2196 l‘era
3380 2141 3586 2195 irritata
3617 2150 3665 2195 et
3689 2140 3872 2199 silenta,

2381 2251 2487 2290 non
2508 2235 2801 2291 cessaverit
2826 2233 2998 2288 donec
3019 2233 3253 2302 aliquem
3280 2231 3734 2301 comprehenderit
3752 2241 3791 2285 et
3810 2248 3872 2284 ei-

2378 2328 2550 2382 ederit
2583 2344 2596 2380 :
2628 2328 2697 2393 ita
2727 2327 2885 2381 etiam
2918 2326 3009 2380 ille
3040 2326 3195 2396 ignis,
3226 2335 3502 2395 tamquam
3533 2326 3766 2394 quispiam
3786 2343 3874 2395 pun-

2378 2427 2497 2473 etns
2527 2417 2903 2477 temulatione.
2951 2432 3087 2486 quos
3132 2415 3555 2485 apprehenderit
3584 2432 3679 2494 non
3699 2416 3874 2473 dimittit.

2377 2511 2472 2565 sed
2503 2510 2643 2564 rodit
2675 2519 2730 2564 et
2758 2509 3033 2565 dilacerat.
3064 2509 3265 2563 Deinde
3304 2510 3470 2563 etiam
3498 2508 3747 2577 sulijungit
3769 2509 3876 2560 ratio.

2380 2618 2503 2657 nem
2531 2602 2821 2669 minarum,
2842 2602 2984 2672 quod
3011 2600 3061 2656 id
3087 2603 3279 2657 merito
3304 2610 3358 2655 et
3382 2601 3509 2670 jure
3538 2601 3623 2655 liat
3648 2619 3660 2653 :
3682 2600 3790 2668 quod
3806 2601 3877 2669 qui-

2379 2694 2502 2749 dem
2546 2694 2756 2750 confert
2800 2695 2865 2759 ad
2909 2693 3105 2749 (idem.
3148 2693 3362 2764 quando
3399 2692 3770 2747 ostenderimus
3788 2694 3877 2759 quod

2371 2785 2494 2856 jure
2529 2785 2641 2839 ﬁat.
2684 2785 2773 2839 38.
2796 2783 3009 2839 Irritam
3037 2787 3149 2857 quis
3178 2785 3370 2853 faciens
3400 2785 3565 2854 legem
3591 2783 3785 2852 Moysis,
3814 2786 3881 2835 sit:

2377 2879 2484 2933 ulla
2530 2878 2882 2943 miseratione,
2925 2878 3120 2932 duobus
3168 2878 3243 2931 vel
3288 2876 3453 2930 tribus
3487 2876 3684 2930 testibus
3718 2876 3878 2927 moritvr.

2380 2969 2507 3025 Sine
2536 2970 2644 3023 ulla
2670 2970 3006 3033 miseratione,
3036 2968 3222 3037 inquit.
3254 2968 3431 3042 Quare
3458 2968 3600 3022 nulla
3623 2969 3772 3029 venia,
3790 2967 3879 3017 uth

2380 3069 2461 3116 est
2512 3060 2619 3115 illic
2661 3059 3032 3115 misericordia
3064 3076 3079 3113 :
3110 3073 3431 3129 quamquam
3483 3059 3570 3112 lex
3604 3065 3682 3111 est
3719 3056 3879 3125 Marsis:

2380 3151 2495 3220 ipse
2519 3154 2660 3207 enim
2690 3150 2853 3204 multa
2881 3150 3176 3204 constituit.
3209 3148 3345 3215 Quid
3377 3158 3461 3201 est
3483 3190 3499 3213 ,
3539 3147 3727 3199 Duobus
3749 3148 3804 3197 art
3828 3158 3881 3196 tn-

2380 3242 2518 3297 bus?
2544 3242 2597 3296 Si
2646 3242 2775 3303 duo,
2817 3240 3029 3310 inquit,
3062 3240 3142 3293 vel
3175 3248 3280 3292 tres
3312 3238 3675 3292 testimonium
3701 3235 3880 3296 tulerint,

2379 3333 2561 3387 Statim
2588 3331 2717 3386 dant
2743 3346 2947 3399 ptenas.
2992 3330 3046 3385 Si
3077 3345 3204 3400 ergo
3231 3330 3281 3383 in
3305 3328 3518 3396 Veteri,
3552 3332 3637 3383 ubi
3659 3329 3729 3382 lex
3752 3327 3882 3395 lloysis

2380 3424 2441 3478 lit
2471 3424 2640 3489 irrita,
2676 3433 2880 3478 tantum
2908 3432 2990 3477 est
3018 3422 3338 3491 supplicium
3372 3439 3384 3473 :
3413 3430 3623 3490 quanto
3648 3419 3786 3487 magis
3800 3416 3883 3473 hic?

2380 3516 2505 3571 Ideo
2535 3516 2605 3569 ita
2635 3515 2765 3569 dicit
2790 3532 2802 3567 :
2827 3514 2918 3569 29.
2951 3514 3154 3579 Quanto
3179 3514 3338 3583 magis
3370 3514 3567 3581 putatis
3592 3513 3803 3565 deteriora
3822 3526 3883 3559 πιέ-

2377 3608 2478 3661 reri
2504 3605 2774 3677 supplicia,
2802 3606 2887 3676 qui
2918 3594 3113 3657 Filium
3139 3602 3234 3657 Dei
3268 3603 3657 3663 conculcarerit.
3681 3610 3720 3655 et
3742 3600 3883 3668 sangvi-

2378 3714 2491 3752 nent
2518 3698 2799 3752 testamenti
2824 3697 3071 3767 pollutum
3092 3696 3313 3761 duxerit,
3338 3707 3384 3749 et
3406 3696 3631 3765 Spiritui
3648 3696 3798 3765 gratia:
3815 3709 3885 3743 ros

2375 3790 2631 3844 tumeliam
2655 3790 2865 3859 fecerit?

2444 3880 2500 3934 2.
2544 3882 2610 3935 Et
2643 3879 2913 3949 quomodo
2954 3880 3234 3934 conculeat
3274 3879 3547 3947 quiSpiam
3602 3877 3769 3931 Filium
3802 3876 3885 3927 Dei?

2374 3971 2597 4037 Quando
2616 3971 2706 4040 qui
2736 3981 2818 4025 est
2841 3970 2957 4039 ejus
2982 3970 3248 4041 particeps
3278 3970 3330 4023 in
3362 3969 3658 4040 mysteriis,
3685 3975 3884 4035 peratum

2375 4061 2581 4127 fecerit,
2602 4061 2686 4115 dic
2710 4060 2862 4125 mihi,
2887 4076 2993 4114 non
3017 4060 3348 4115 conculcavit
3372 4074 3501 4115 eum
3520 4061 3544 4113 ?
3561 4076 3662 4113 non
3688 4055 3885 4125 despexit?

2388 4160 2455 4216 Ut
2483 4159 2624 4214 enim
2662 4158 2857 4213 nullam
2884 4157 3139 4212 habemus
3168 4157 3430 4212 rationem
3461 4171 3649 4211 eorum
3676 4170 3774 4223 qua:
3800 4166 3885 4203 cui.

2382 4255 2659 4311 culcantur
2685 4272 2699 4308 :
2731 4254 2998 4308 ita‘etiam
3029 4252 3121 4321 qui
3142 4260 3384 4320 peccant,
3418 4251 3627 4303 nullam
3651 4247 3811 4303 Christi
3827 4244 3885 4293 ba.

2385 4348 2512 4403 bent
2541 4349 2824 4409 rationem,
2857 4354 2912 4400 et
2936 4346 3016 4400 sic
3035 4354 3275 4415 peccant.
3297 4342 3496 4397 Factus
3516 4357 3574 4397 es
3604 4355 3773 4407 corpus
3786 4334 3857 4386 Clu
3875 4359 3889 4368 -

2382 4440 2490 4503 sti,
2523 4446 2578 4493 et
2599 4437 2699 4491 das
2728 4446 2782 4491 te
2810 4435 3027 4491 diabolo
3053 4433 3481 4489 conculcandum
3504 4434 3529 4485 ξ’
3558 4431 3621 4486 Et
3639 4429 3888 4498 sanguinem.

2385 4532 2588 4603 inquit,
2614 4530 2864 4599 pollutum
2892 4528 3112 4582 duxerit.
3138 4526 3274 4596 Quid
3302 4535 3383 4580 est
3408 4538 3695 4579 commune
3717 4534 3794 4573 seu
3815 4514 3887 4582 pd-

2385 4622 2587 4677 lutum?
2606 4621 2716 4675 lloc
2738 4628 2821 4674 est
2848 4617 3205 4681 immundum,
3233 4626 3325 4670 aut
3352 4615 3490 4669 nihil
3519 4613 3735 4681 amplius
3752 4606 3890 4662 habens

2384 4729 2542 4784 quam
2587 4720 2798 4767 caetera.
2848 4709 2913 4763 Et
2951 4708 3151 4778 spiritui
3176 4707 3355 4777 gratia:
3383 4703 3739 4758 contumeliam
3760 4694 3887 4768 (attrit.

2386 4807 2515 4860 Nam
2545 4806 2631 4873 qui
2664 4802 2982 4858 benelicium
3021 4816 3125 4854 non
3153 4799 3384 4865 accipit,
3436 4813 3566 4852 eum
3593 4796 3681 4865 qui
3708 4786 3891 4846 beneletil

2386 4897 2551 4952 afficit
2576 4893 2922 4949 contumelia.
2954 4891 3101 4945 Fecit
3139 4900 3190 4943 te
3217 4889 3420 4949 lilium;
3457 4897 3516 4941 tu
3558 4895 3722 4939 autem
3744 4882 3804 4933 vis
3820 4874 3888 4927 ﬁeri

2387 4987 2613 5043 servus?
2641 4985 2818 5047 venit,
2852 4982 2989 5052 apud
3028 4992 3077 5037 te
3104 4981 3396 5041 habitavit;
3431 4989 3489 5033 tu
3528 4988 3698 5033 autem
3718 4975 3770 5027 ad
3793 4982 3829 5023 te
3845 4969 3889 5017 in.

2390 5078 2673 5133 traduxisti
2702 5076 2870 5131 malas
2896 5074 3287 5144 cogitationes?
3327 5072 3580 5127 Christus
3624 5067 3767 5121 voluit
3800 5056 3888 5127 apud

2390 5180 2444 5224 te
2484 5179 2628 5223 stare
2663 5177 2719 5223 et
2754 5167 3048 5229 collocari;
3083 5174 3135 5218 tu
3166 5172 3344 5217 autem
3368 5164 3544 5233 ipsum
3571 5158 3889 5218 conculcath

2389 5262 2684 5332 crapulam,
2733 5276 2830 5330 per
2875 5257 3241 5314 ebrietatem?
3285 5255 3582 5309 Audiamus
3624 5251 3707 5321 qui
3744 5244 3889 5309 indi?nc

2391 5370 2574 5411 sumus
2600 5351 2892 5421 participes
2920 5349 3300 5419 mysteriorum
3348 5362 3362 5399 :
3394 5343 3670 5398 audiamus
3706 5337 3777 5408 qui
3799 5332 3888 5385 imii-

2391 5461 2494 5517 gne
2522 5444 2587 5498 ad
2615 5457 2854 5498 mensam
2884 5441 3026 5494 illam
3052 5438 3353 5494 accedimus
3379 5454 3391 5487 :
3427 5433 3623 5496 Nolite,
3648 5422 3889 5517 inquietum

2392 5545 2567 5592 sancta
2611 5534 2819 5586 canibus
2837 5574 2852 5598 ,
2895 5546 2957 5584 ne
2996 5528 3200 5599 quando
3224 5545 3282 5581 ea
3310 5525 3604 5580 conculcent
3628 5521 3722 5575 suis
3746 5510 3889 5585 pediti!

2397 5628 2609 5700 (Matth.
2642 5626 2694 5678 7.
2728 5624 2824 5689 6);
2856 5622 2955 5675 hoc
2980 5629 3089 5683 est,
3127 5634 3191 5671 ne
3219 5616 3504 5687 aliquando
3536 5610 3821 5700 despiciant...
3849 5610 3891 5651 ιιε

2395 5694 2667 5790 respuant.
2700 5714 2803 5769 Sed
2829 5713 2942 5765 ha'c
2973 5727 3077 5764 non
3107 5709 3257 5772 dixit,
3288 5718 3342 5760 at
3368 5706 3506 5777 quod
3543 5714 3621 5758 est
3647 5694 3888 5754 terribilius.

2396 5788 2516 5869 nam
2558 5827 2625 5868 ex
2664 5824 2729 5865 eo
2770 5804 2913 5877 quod
2943 5812 3024 5861 est
3051 5800 3288 5859 terribile
3314 5840 3329 5867 ,
3369 5793 3679 5865 constringit
3702 5788 3886 5845 animas:
