3988 6576
145 404 241 461 1ιῦ

143 537 242 577 ται,
270 513 378 568 ἀλλ’
403 514 483 576 είς
516 514 646 578 τοὺς
671 514 963 578 εὐδιεινούς
985 515 1185 581 ἀπάξει
1216 513 1441 583 λιμένας
1458 529 1470 542 ·
1503 507 1576 566 ῶν
1604 514 1698 582 γέ-

145 616 272 652 νοιτο
296 600 500 660 πάντας
534 599 688 667 ἡμᾶς
714 599 1016 667 ἐπιτυχεῖν,
1047 600 1233 668 χάριτι
1267 598 1362 649 καὶ
1389 596 1696 665 φιλανθρω-

149 684 234 750 πία
261 679 345 734 τοῦ
374 680 585 750 Κυρίου
642 679 802 750 ἡμῶν
845 678 1020 750 Ἰησοῦ
1063 679 1321 749 Χριστοῦ,
1383 678 1503 748 μεθ’
1524 673 1585 731 οὐ
1618 677 1697 748 τῷ

911 398 979 456 IN
1013 395 1234 456 EPIST.
1275 396 1367 452 AD
1397 394 1761 454 ﬂEBRIEOS.
1797 399 1952 453 CAP.
1996 397 2062 454 X.
2105 398 2336 454 HOMIL.
2379 397 2497 452 XX.

3265 393 3370 448 ιιι

1797 513 1971 583 Ila-:91
1995 513 2111 583 ἅμα
2143 512 2222 583 τῷ
2256 513 2397 584 ἁγίῳ
2445 513 2720 582 Πνεύματι
2757 510 2904 574 δόξα,
2934 512 3154 580 κράτος,
3211 507 3368 578 τιμὴ,

1797 594 1893 646 νῦν
1946 595 2042 649 καὶ⁵
2093 596 2212 662 ἀεὶ,
2268 595 2363 648 καὶ
2415 597 2495 658 είς
2541 596 2667 658 τούς
2722 595 2925 655 αἰῶνας
2977 592 3086 644 τῶν
3139 590 3369 644 αἰώνων.

1810 678 1866 731 ’Δ
1875 679 2001 749 μήν.

1609 905 1728 957 OMI
1739 905 1854 957 AIA
1893 907 1980 962 K'.

156 1020 455 1084 Ἑκουσίως
484 1019 596 1087 γὰρ
626 1019 1092 1087 ἁμαρτανόντων
1111 1019 1282 1086 ἡμῶν
1310 1017 1462 1088 μετά
1498 1019 1567 1072 τὸ
1591 1022 1698 1072 λα-

206 1090 320 1170 ξεῑν
341 1088 455 1166 τὴν
483 1091 816 1174 ἐπίγνωσιν
847 1088 956 1156 τῆς
987 1089 1302 1174 ἀληθείας,
1321 1088 1540 1174 Δοὺκέτξ
1557 1088 1694 1174 περὶ

201 1157 486 1240 αμαρτιῶν
533 1159 926 1212 ἀπολείπεται
979 1159 1184 1237 θυσίει,
1233 1158 1453 1226 φοϐερὰ
1503 1157 1571 1210 δέ
1611 1175 1698 1222 τις

199 1228 411 1295 εκδοχὴ
443 1228 719 1297 κρίσεως,
739 1227 836 1280 καί
858 1229 1049 1296 πυρὸς
1078 1227 1280 1295 ζῆλος,
1303 1229 1533 1281 ἐσθίειν
1551 1226 1698 1297 μέλε

198 1304 404 1363 λοντυς
430 1296 575 1362 τοὺς
601 1298 1026 1364 ὑπεναντίους.

197 1422 261 1467 α’.
279 1415 397 1466 Τῶν
415 1411 654 1482 δένδρων
669 1414 881 1482 ὅσαπερ
910 1413 978 1466 ἀν
998 1411 1363 1483 φυτευθέντα,
1383 1413 1476 1466 καὶ
1496 1410 1699 1482 χειρῶν

141 1497 442 1568 γεωργικῶν
471 1497 568 1550 καὶ
598 1497 700 1567 τῆς
737 1497 906 1566 ἄλλης
935 1495 1255 1566 ἐπιμελείας
1287 1494 1697 1558 ἀπολαύσαντα,

141 1580 391 1650 μηδεμίαν
421 1578 736 1649 παρέχηται
778 1577 888 1631 τῶν
928 1579 1110 1632 πόνων
1135 1575 1394 1647 ἀμοιϐὴν,
1428 1575 1701 1647 πρόρριζα

138 1661 542 1716 ἀνασπασθέντα
570 1660 650 1730 τῷ
675 1662 813 1731 πυρὶ
851 1659 1228 1732 παραδίδοται.
1261 1659 1518 1713 Τοιοῦτον
1546 1659 1610 1726 δή
1644 1677 1699 1713 τι

141 1743 269 1817 [186]
294 1746 384 1796 καὶ
423 1743 521 1796 ἐπὶ
548 1742 644 1796 τοῦ
671 1743 1022 1814 φωτίσματος
1047 1741 1277 1811 γίνεται.
1316 1742 1568 1796 Ἐπειδὰν
1591 1743 1700 1814 γάρ

140 1832 272 1899 ἡμᾶς
310 1830 338 1880 δ
366 1825 603 1897 Χριστὸς
633 1825 899 1896 φυτεύσῃ,
933 1826 1030 1880 καὶ
1065 1825 1164 1894 τῆς
1213 1825 1436 1896 ἀρδείας
1464 1825 1703 1879 ἀπολαύ-

141 1927 302 1978 σωμεν
329 1909 434 1979 τῆς
469 1909 875 1978 πνευματικῆς,
926 1903 1046 1961 εἶτα
1077 1906 1192 1976 βίον
1223 1907 1474 1978 ἀκαρπον
1503 1908 1706 1961 ἐπιδει-

141 1992 358 2062 ξὼμεθα,
392 1991 504 2060 πῦρ
528 1991 676 2060 ἡμᾶς
694 1989 954 2060 ἀναμένει
972 1989 1146 2060 τὸτῆς
1169 1989 1417 2058 γεέννης,
1448 1991 1544 2043 καὶ
1569 1990 1704 2059 φλὸξ

141 2074 403 2137 ἄσϐεστος.
447 2074 506 2128 '0
526 2074 707 2126 τοίνυν
734 2072 946 2134 Παῦλος
973 2071 1363 2142 παρακαλέσας
1378 2075 1458 2138 είς
1485 2075 1706 2146 ἀγάπην

141 2162 216 2211 καὶ
239 2158 624 2228 καρποφορίαν
651 2157 830 2227 ἔργων
858 2155 1102 2225 ἀγαθῶν,
1151 2155 1469 2226 προτρέψας
1508 2174 1568 2209 τε
1595 2156 1704 2210 ἀπὸ

141 2241 230 2293 τῶν
261 2242 648 2310 χρηστοτέρων
703 2241 895 2312 (ποίων
946 2239 1010 2302 δὴ
1062 2238 1311 2304 τούτων;
1363 2241 1447 2293 ὄτι
1495 2239 1705 2293 εἴσοδον

142 2325 312 2394 ἔχομεν
335 2326 417 2386 εἰς
447 2323 516 2376 τά
542 2325 697 2391 ἀγια,
733 2323 800 2394 ἣν
825 2322 1166 2376 ἐνεκαίνισεν
1199 2324 1333 2392 ἡμῖν
1363 2322 1482 2376 ὁδὸν
1535 2322 1706 2392 πρόσ-

142 2406 330 2479 φατον),
353 2409 451 2462 καὶ
473 2408 585 2461 ἀπὸ
608 2409 718 2460 τῶν
751 2407 1220 2478 σκυθρωποτέρων
1260 2407 1426 2460 πάλιν
1474 2407 1535 2460 τὸ
1572 2406 1708 2460 αὐτὸ

141 2493 278 2545 τοῦτο
309 2493 480 2558 ποιεῖ,
511 2489 657 2546 οὕτω
695 2492 893 2559 λέγων.
923 2488 1110 2544 Εἰπὼν
1138 2490 1248 2560 γάρ
1270 2507 1284 2522 ·
1326 2491 1424 2558 Μὴ
1458 2490 1706 2560 ἐγκατα-

143 2577 439 2642 λείποντες
485 2574 605 2642 τὴν
663 2573 1131 2643 ἐπισυναγωγὴν
1183 2573 1417 2628 ἑαυτῶν
1443 2614 1460 2640 ,
1513 2574 1708 2641 καθὼς

144 2662 254 2725 Heg
285 2660 472 2722 τισὶν,
505 2658 670 2712 ἀλλὰ
719 2655 1250 2725 παρακαλοῦντες,
1295 2659 1392 2712 καί
1443 2660 1709 2723 τοσούτῳ

138 2744 376 2812 μᾶλλον,
400 2744 531 2807 ὅσῳ
548 2742 810 2807 βλέπετε
825 2740 1181 2812 ἐγγίζουσαν
1205 2741 1320 2808 τὴν
1340 2743 1567 2812 ἡμέραν
1592 2745 1709 2815 (καὶ⁸

144 2829 254 2898 αὕτη
278 2830 386 2899 γάρ
421 2831 503 2891 εὶς
535 2827 885 2897 παράκλησιν
917 2827 1126 2898 ίκανή)’
1161 2827 1463 2897 ἐπήγαγενο
1503 2829 1707 2883 Ἑκου-

143 2914 262 2979 σίως
281 2913 393 2980 γὰρ
428 2911 894 2980 ἁμαρτανόντων
915 2909 1086 2979 ’ἡμῶν
1099 2911 1250 2979 μετὰ
1272 2910 1336 2964 τὸ
1361 2912 1569 2965 λαϐεῖν
1596 2913 1710 2981 τὴν

142 2997 451 3064 ἐπίγνωσιν
470 2993 580 3060 τῆς
600 2994 910 3060 ἀλ-ηθείας.
927 2995 1038 3054 Δεῖ,
1056 2994 1244 3062 φησὶν,
1261 2993 1440 3064 ἔργων
1466 2995 1706 3063 ἀγαθῶν,

142 3079 216 3131 καὶ
247 3079 458 3148 σφόδρα
483 3078 568 3130 δεῖ
592 3093 606 3106 ·
650 3077 982 3142 Ἑκουσίως
1001 3077 1113 3145 τὰρ
1137 3075 1309 3143 ἡμῶν
1336 3077 1709 3145 ἁμαρτανόν-

142 3178 237 3212 των
257 3162 404 3226 μετὰ
429 3161 496 3214 τὸ
525 3159 738 3214 λαϐεῖν
767 3159 884 3226 τὴν
901 3159 1232 3228 ἐπίγνωσιν
1257 3158 1368 3226 τῆς
1397 3161 1705 3226 ἀληθείας,

141 3245 309 3297 οὸιέτι
338 3244 482 3312 περὶ
512 3240 818 3311 ἁμαρτιῶν
862 3241 1256 3295 ἀπολείπεται
1306 3243 1512 3296 θυσία.
1551 3245 1616 3294 ὐ
1651 3243 1708 3296 δὲ

141 3327 282 3392 ἓγει,
297 3327 560 3380 τοιοῦτόν
581 3329 753 3379 ἐστιν·
781 3323 1148 3396 Ἐκαθάρθης,
1170 3325 1494 3394 ἀπηλλάγης
1512 3325 1710 3395 ἐγκληο

143 3413 319 3476 μάτων,
349 3411 596 3479 γέγονας
635 3410 772 3473 υἱός.
823 3411 921 3462 Ἀν
959 3409 1142 3462 τοίνυν
1172 3409 1266 3462 ἐπὶ
1303 3406 1396 3462 τδν
1432 3409 1706 3477 πρότερον

143 3493 302 3560 ἔμετον
321 3493 701 3564 ἐπιστρέψῃς,
729 3491 890 3546 πάλιν
911 3490 1252 3562 ἀποκήρυξις
1277 3490 1428 3559 μένει
1449 3491 1544 3544 καὶ
1572 3491 1705 3562 πῦρν

143 3577 213 3627 καὶ
236 3576 326 3628 ὅσα
361 3575 604 3629 τοιαῦτα
625 3590 642 3606 '
677 3575 736 3628 οὐ
764 3573 872 3646 γάρ
896 3575 1012 3628 ἐστι
1057 3574 1222 3627 θυσία
1255 3575 1503 3644 δευτέρα.
1537 3573 1706 3629 Πάλιν

144 3659 341 3713 ἐνταῦθα
363 3661 510 3728 ἡμῖν
546 3657 870 3725 ἐπιφύονται
895 3658 943 3709 οί
967 3657 1066 3726 τὴν
1097 3657 1394 3728 μετάνοιαν
1419 3657 1709 3728 ἀναιροῦνο

144 3756 231 3804 τες,
274 3744 366 3796 καὶ
406 3743 528 3794 ὅσοι
581 3741 722 3810 πρὸς
769 3739 831 3793 τδ
880 3739 1165 3810 βάπτισμα
1199 3740 1455 3793 ὀκνοῦσιν
1485 3741 1702 3793 ἐλθεῖνο

147 3826 307 3879 ἐκεῖνοι
339 3825 452 3896 μὲν
505 3824 781 3891 λέγοντες,
841 3823 924 3876 ὅτι
981 3823 1082 3875 οὐκ
1130 3822 1374 3892 ἀσφαλὲς
1419 3823 1602 3886 αὐτοῖς
1630 3821 1709 3894 τῷ

148 3907 466 3979 βαπτίσματι
507 3906 852 3976 προσελθεῖν,
887 3904 1024 3974 εῐγε
1048 3905 1149 3958 οὐκ
1184 3905 1331 3958 ἔστιν
1359 3906 1554 3975 ἀερεσις
1583 3905 1710 3960 δευ-

145 3994 253 4057 τέρα
279 4009 290 4021 ·
321 3986 484 4045 οὗτοι
514 3990 575 4043 δὲ
606 3989 930 4058 τάσκοντες,
965 3988 1067 4042 οὐκ
1087 3988 1333 4056 ἀσραλὲς
1359 3986 1499 4042 εἶναι
1536 4007 1709 4059 μετα-

146 4073 296 4128 δοῦναι
328 4073 664 4145 μυστηρίων
694 4075 809 4136 τοῖς
847 4072 1255 4143 ἡμαρτηκόσιν,
1286 4074 1339 4124 εἴ
1367 4089 1432 4139 γε
1460 4073 1535 4142 μὴ
1561 4072 1708 4126 ἐστιν

147 4157 309 4222 iam;
336 4159 396 4210 δε
409 4156 614 4226 υτέρα.
668 4155 735 4208 Τί
765 4150 858 4209 οῦν
889 4154 1028 4225 πρὸς
1055 4155 1401 4224 ἀμφοτέρους
1440 4156 1707 4226 ἐροῦμεν;

153 4241 251 4294 ὀτι
289 4243 346 4296 οὐ
374 4255 400 4282 ⁸
443 4239 643 4308 σκοπῷ
666 4239 894 4309 τοιούτῳ
930 4237 1164 4291 ἐνταῦθα
1197 4238 1358 4292 τοῦτό
1393 4256 1548 4309 φησι,
1587 4239 1712 4293 οὐδέ

151 4327 228 4391 τὴν
255 4326 554 4395 μετάνοιαν
585 4324 821 4392 ἀναιρεῖ,
853 4323 886 4394 ἤ
915 4321 1135 4398 τὸνδιά
1180 4321 1477 4391 μετανοίας
1523 4322 1712 4388 ἐξιλα-

157 4410 282 4475 ςμδν,
323 4410 444 4463 οὐδὲ
475 4407 616 4460 ὠθεῖ
663 4407 758 4460 καὶ
804 4404 1136 4460 καταϐάλλει
1189 4405 1277 4460 διά
1309 4406 1408 4476 τῆς
1457 4404 1713 4474 ἀπογνώ-

157 4506 264 4554 suo;
288 4493 376 4544 τὸν
407 4489 721 4545 ἐπταικότα
743 4505 756 4518 ·
785 4490 886 4558 οὐχ
913 4487 1086 4551 οὕτως
1110 4488 1305 4559 ἐχθρός
1332 4490 1448 4541 ἐστι
1476 4488 1578 4558 τῆς
1605 4505 1714 4542 σωο

156 4575 314 4642 τηρξας
343 4574 444 4642 τῆς
474 4573 758 4644 ἡμετέρας
781 4589 794 4604 ο
831 4570 970 4624 ἀλλά
997 4570 1051 4623 τί
1075 4586 1090 4635 ;
1120 4571 1183 4623 τὸ
1219 4570 1472 4642 δεύτερον
1494 4571 1714 4642 ἀναιρεῖ

161 4653 370 4726 λουτρόν.
401 4659 479 4710 Οὐ
505 4656 618 4726 γάρ
642 4651 818 4708 εἶπεν*
856 4653 1056 4708 Οὐκέτι
1094 4655 1212 4706 ἐστὶ
1254 4654 1538 4723 μετάνοια,
1569 4653 1712 4719 οὐδὲ,

161 4740 323 4794 Οὐκέτι
347 4743 502 4796 ἐστὶν
539 4741 757 4809 ἄφεσις,
781 4738 937 4801 ἀλλά,
971 4737 1143 4791 Θυσία
1172 4737 1357 4791 οὐκέτι
1384 4739 1520 4802 ἐστὶ,
1557 4755 1716 4791 τουτ-

163 4824 268 4886 im,
314 4824 552 4895 σταυρὸς
611 4823 866 4894 δεύτερος
913 4823 1098 4875 οὐκέτι
1146 4823 1311 4875 ἐστι’
1373 4821 1568 4875 θυσίαν
1605 4822 1716 4892 γάρ

164 4904 288 4958 τοῦτο
323 4910 500 4963 καλεῖ.
551 4905 671 4974 Μιᾷ
706 4905 817 4975 γὰρ
862 4906 1064 4973 θυσίᾳ,
1112 4906 1275 4974 φησὶ,
1335 4905 1717 4959 τετελείωκεν

164 4992 230 5052 εἰς
252 4991 305 5041 τὸ
334 4989 618 5059 διηνεκὲς
646 4989 790 5052 τοὺς
811 4987 1233 5057 ἁγιαζομένους
1253 5005 1268 5022 ο
1303 4989 1402 5058 οὐχ
1431 4987 1622 5060 ῶσπερ
1647 4987 1716 5041 τά.

175 5070 433 5138 ἰωδαῐκά,
496 5072 620 5125 οὐδέ
670 5072 950 5134 πολλάκις.
989 5073 1088 5125 Διά
1119 5072 1230 5142 γὰρ
1275 5071 1434 5126 τοῦτο
1475 5071 1717 5126 τοσαῦτα

171 5154 258 5207 iam
286 5159 372 5211 καὶ
406 5159 566 5211 κάτω
601 5156 852 5227 διελέχθη
887 5157 1015 5227 περὶ
1057 5157 1158 5227 τῆς
1206 5157 1397 5218 θυσίας
1424 5195 1438 5218 ,
1480 5157 1562 5210 ὅτι
1616 5158 1717 5227 μία

172 5241 244 5290 καὶ
289 5242 400 5310 μία,
430 5245 494 5297 οὐ
525 5241 688 5295 τοῦτο
738 5241 900 5310 μόνον
947 5240 1270 5312 βουλόμενος
1322 5240 1586 5312 δηλῶσαι,
1633 5243 1714 5295 ὅτι

172 5320 407 5395 διενήνοχε
439 5326 594 5398 [I87]
639 5325 948 5380 Ἰουδαϊκῶν
1000 5325 1194 5396 τούτῳ,
1229 5325 1366 5380 ἀλλά
1408 5326 1505 5379 καὶ
1537 5325 1716 5395 ἀσφα-

176 5403 429 5478 ὶεατέφυς
487 5410 743 5479 ποιῆσαι,
787 5409 926 5462 ὥστε
979 5411 1176 5481 μηκέτι
1218 5411 1529 5481 προσδοκᾷν
1577 5409 1718 5464 κατά

179 5487 248 5538 τὶν
282 5491 562 5546 Ἰουδαϊκὸν
589 5492 755 5561 νόμον
790 5492 956 5563 ἄλλην
983 5493 1194 5548 θυσίαν.
1231 5494 1559 5559 Ἑκουσίως
1585 5492 1716 5562 γὰρ,

181 5573 337 5639 φησιν,
370 5576 832 5643 ἁμαρτανόντων
854 5576 1044 5645 ἡμῶν.
1103 5577 1264 5648 Ὁρᾷς
1303 5576 1420 5640 πῶς
1474 5593 1720 5644 συγγνωο

188 5657 372 5720 μονικός
405 5660 584 5726 ἐστιν;
627 5659 972 5726 Ἑκουσίως,
1028 5661 1214 5731 φησὶν,
1259 5660 1720 5728 ἁμαρτανόντων

233 5769 255 5797 ⁸
279 5770 450 5838 Bened.
465 5773 906 5840 οῳίιιεὴριιι-σύ...
922 5774 1055 5840 φησί,
1073 5779 1276 5840 auclore
1299 5774 1433 5827 Colb.
1451 5783 1503 5824 et
1517 5776 1719 5838 juvanle

189 5826 393 5883 Humano.
418 5834 604 5896 Quibus
625 5835 738 5888 add.
765 5826 1004 5900 Roggfét
1023 5826 1259 5887 Commel.

1796 1019 1990 1088 ήμῶν.
2021 1019 2186 1072 ’Ὥστε
2219 1021 2335 1081 τοῖς
2385 1017 2659 1080 ἀκουσίως
2702 1015 2997 1087 συγγνώμη
3038 1017 3176 1070 ἐστί.
3215 1020 3374 1072 Μετὰ

1796 1102 1912 1170 τὴν
1944 1104 2278 1171 ἐπίγνωσιν
2308 1101 2418 1169 τῆς
2481 1101 2788 1168 ἀληθείας.
2826 1101 2982 1154 Ἤτοι
3009 1101 3101 1154 τοῦ
3135 1103 3372 1172 Χριστοῦ

1797 1203 1986 1255 φησιν,
2041 1187 2074 1254 ἢ
2124 1185 2233 1236 τῶν
2289 1183 2578 1252 δογμάτων
2644 1184 2919 1237 ἁπάντων.
2977 1182 3188 1237 Οὐκέτι
3239 1185 3371 1250 περὶ

1796 1267 2095 1336 ἁμαρτιῶν
2145 1267 2533 1322 ἀπολείπεται
2570 1267 2772 1319 θυσία.
2841 1265 3002 1318 Ἀλλά
3034 1265 3121 1330 τίς
3152 1266 3376 1332 Φοόερὰ

1797 1350 1864 1404 δέ
1893 1368 1984 1417 τις
2011 1350 2236 1418 ἐκδοχὴ
2265 1350 2540 1417 κρίσεως,
2572 1349 2668 1401 καὶ
2702 1349 2890 1416 πυρὸς
2928 1345 3109 1416 ζῆλος
3151 1349 3377 1401 ἐσθίειν

1793 1432 2130 1502 μέλλοντος
2178 1431 2322 1498 τοὺς
2384 1432 2807 1495 ὑπεναντίους.
2876 1430 3259 1493 ’Υπεναντίους
3314 1431 3374 1482 οὐ

1796 1517 1922 1579 τσύς
1954 1513 2219 1577 ἀπίστους
2258 1515 2418 1584 μόνον
2456 1515 2642 1584 φησὶν,
2679 1512 2816 1566 ἀλλά
2853 1512 2948 1565 καὶ
2987 1514 3114 1575 τούς
3157 1512 3377 1564 ἐναντία

1799 1598 2137 1669 πράττοντας
2165 1600 2230 1668 τῇ
2265 1599 2435 1668 ἀρετῇ
2463 1613 2479 1628 ·
2534 1599 2567 1668 ἢ
2621 1599 2704 1651 ὅτι
2749 1597 3000 1660 καὶτοὺς
3036 1596 3272 1657 οἰκείους
3315 1595 3378 1646 τὸ

1800 1683 1930 1738 αὐτὸ
1967 1682 2197 1752 λήψεται
2224 1681 2356 1750 πῦρ,
2392 1681 2528 1758 ὅπερ
2551 1681 2648 1735 καὶ
2673 1682 2799 1744 τούς
2834 1681 3213 1742 ὑπεναντίους.
3244 1674 3377 1732 Εἶτα

1799 1767 1861 1819 τὸ
1890 1764 2248 1834 διαϐρωτικδν
2277 1764 2442 1818 αὐτοῦ
2476 1763 2676 1832 δηλῶν,
2709 1763 2900 1833 ὥσπερ
2923 1763 3204 1833 ἐψύχωσεν
3223 1761 3375 1822 αὐτὸ,

1801 1847 1997 1916 Πιφὸς
2019 1847 2216 1915 ζῆλος,
2257 1848 2447 1910 εἰπὼν,
2470 1848 2699 1901 ἐσθίειν
2715 1847 3052 1914 μέλλοντος
3078 1845 3218 1910 τοὺς
3262 1846 3377 1898 ὐπ-

1801 1933 2134 1998 εναντίους.
2170 1932 2439 2003 Καθάπερ
2471 1933 2579 2002 γὰρ
2609 1931 2797 2002 θηρίον
2826 1929 3263 2000 παροξυνόμενον
3282 1927 3378 1980 καὶ

1805 2015 2006 2086 σφόδρα
2039 2015 2361 2084 χαλεπαῖνον
2413 2015 2506 2069 καὶ
2541 2014 2952 2085 ἐξηγριωμένον
3002 2013 3101 2065 οὐκ
3141 2011 3206 2065 ἂν
3238 2008 3380 2063 παύ-

1805 2117 1980 2164 σαιτο,
2017 2100 2124 2163 ἓως
2157 2099 2222 2154 ἂν
2252 2099 2408 2154 λάϐοι
2433 2099 2556 2152 τινά
2588 2101 2682 2153 καὶ
2723 2096 3038 2166 καταφάγοι
3066 2112 3079 2126 °
3112 2094 3254 2149 οὕτω
3285 2093 3380 2146 καὶ⁵

1803 2183 1865 2236 τὸ
1894 2181 2006 2252 πῦρ
2031 2183 2228 2243 ἐκεῖνο,
2271 2183 2526 2252 καθάπερ
2545 2199 2629 2245 τις
2662 2181 2770 2235 ὐπὸ
2802 2180 2969 2253 ζήλου
2999 2176 3376 2246 κεντούμενος,

1807 2260 1883 2319 ὦν
1931 2267 1996 2320 ἂν
2045 2265 2393 2335 ἐπιλάϐηται,
2428 2266 2528 2318 οὐκ
2566 2265 2813 2334 ἀφίησιν,
2861 2262 2996 2317 ἀλλά
3044 2260 3246 2333 τρώγει
3284 2259 3379 2312 καὶ

1805 2351 2023 2421 διασπᾷ.
2062 2345 2194 2402 Εἶτα
2227 2349 2320 2403 καὶ
2346 2351 2437 2402 τὸν
2472 2349 2632 2416 λόγον
2658 2349 2855 2415 ἐπάγει
2880 2347 2979 2417 τῆς
3011 2345 3262 2414 ἀπειλῆς,
3297 2345 3379 2396 δτι

1808 2433 2056 2497 εἰκότως,
2089 2435 2173 2487 ὃτι
2209 2435 2436 2496 δικαίως
2456 2453 2469 2465 ·
2493 2435 2631 2504 ὅπερ
2659 2435 2740 2496 είς
2770 2433 2953 2486 πίστιν
2989 2433 3105 2483 ἐστὶ
3131 2427 3379 2499 συμϐαλ-

1807 2517 2057 2588 λόμενον,
2084 2519 2213 2571 ὅταν
2256 2517 2519 2586 δείξωμεν
2552 2518 2633 2570 δτι
2677 2515 2902 2577 δικαίως
2948 2514 3180 2581 γίνεται.
3231 2511 3382 2565 Ἀθε-

1807 2603 1994 2666 τήσας
2011 2601 2141 2671 γὰρ,
2161 2602 2316 2670 φησὶ,
2335 2600 2423 2665 τὶς
2443 2601 2629 2667 νόμον
2647 2597 2961 2663 Μωῦσέως,
2978 2595 3155 2665 χωρίς
3171 2596 3358 2661 οὶκτιρ
3372 2623 3384 2635 ο

1802 2682 1933 2752 μῶν
1959 2685 2057 2738 ἐπὶ
2099 2684 2284 2738 δυσίν
2316 2684 2353 2751 ἢ
2380 2683 2536 2752 τρισί
2564 2681 2869 2751 μάρτυσιν
2894 2678 3288 2744 ἀποθνήσκει.
3313 2707 3382 2716 -

1808 2767 1993 2833 Χωρὶς
2021 2766 2354 2836 οἰκτιρμῶν,
2389 2765 2572 2837 φησίν.
2607 2766 2769 2818 Ὥστε
2799 2762 3024 2832 οὐδεμία
3049 2759 3343 2829 συγγνώμη
3365 2800 3380 2821 ,
3453 2828 3464 2837 ι

1807 2852 1982 2913 οὐδεὶς
2019 2850 2166 2913 έλεος
2207 2853 2370 2903 ἐκεῖ·
2441 2849 2614 2903 καίτοι
2675 2865 2739 2916 γε
2806 2846 3088 2908 Μωύσέως
3139 2846 3168 2896 ὁ
3217 2843 3383 2912 νόμος

1808 2935 1957 2988 ἐστί’
2011 2937 2078 2988 τά
2126 2935 2234 3003 γάρ
2280 2935 2446 2986 πολλά
2499 2934 2662 2996 αὐτὸς
2717 2931 3022 2996 διετάξατο.
3094 2927 3382 3004 Τίὶέστιν,

1821 3018 1951 3071 Ἐπὶ
1988 3017 2171 3071 δυσὶν
2210 3016 2243 3084 ἣ
2270 3017 2498 3082 τρισίν;
2534 3017 2630 3067 "Av
2664 3014 2758 3067 δύο
2781 3015 2875 3066 καὶ
2903 3013 3054 3083 τρεῖς
3102 3011 3385 3080 μαρτυρή-

1812 3118 1965 3165 σωσι,
2013 3102 2200 3170 φησὶν,
2239 3099 2444 3161 εὐθέως
2490 3100 2588 3167 τὴν
2622 3098 2780 3165 δίκην
2828 3095 3041 3148 ἔδοσαν.
3098 3093 3159 3146 Εἰ
3204 3093 3383 3145 τοίνυν

1809 3185 1902 3237 ἐπὶ
1931 3184 2032 3252 τῆς
2063 3184 2329 3247 Παλαιάς,
2355 3182 2481 3235 ἔνθα
2501 3183 2529 3233 ὁ
2561 3179 2840 3241 Μωῢσέως
2874 3178 3148 3232 ἀθετεῖται
3195 3177 3382 3246 νόμος,

1808 3267 2044 3339 τοσαύτη
2082 3267 2323 3336 τιμωρία
2363 3285 2376 3298 ο
2409 3267 2561 3334 πόσῳ
2597 3263 2798 3334 μᾶλλον
2843 3260 3108 3326 ἐνταῦθα;
3157 3259 3247 3311 Διό
3290 3261 3385 3311 καὶ

1809 3349 1952 3403 οὕτω
1985 3350 2119 3418 φησί
2153 3365 2166 3378 ο
2204 3350 2380 3412 Πόσῳ
2411 3346 2639 3400 δοκεῖτε
2677 3345 2954 3413 χείρονος
2993 3341 3385 3406 ἀξιωθήσεται

1810 3432 2086 3501 τιμωρίας
2114 3435 2146 3485 ό
2169 3432 2277 3485 τὸν
2297 3430 2432 3483 Υίὸν
2459 3429 2565 3483 τοῦ
2597 3429 2746 3483 Θεοῦ
2787 3425 3242 3491 καταπατήσας,
3287 3424 3385 3477 καὶ

1811 3517 1874 3569 τὸ
1902 3509 2045 3584 αἷμα
2070 3515 2180 3582 τῆς
2203 3514 2493 3581 διαθήκης
2523 3513 2730 3567 κοινὸν
2751 3510 3156 3582 ἡγησάμενος,
3188 3508 3284 3563 καί
3318 3508 3387 3563 τὸ

1810 3599 2054 3668 Πνεῦμα
2079 3599 2189 3667 τῆς
2226 3595 2467 3667 χάριτος
2491 3597 2848 3665 ἐνυϐρίσας;

1883 3747 1950 3819 β’.
1964 3748 2074 3802 Καὶ
2092 3746 2210 3809 πῶς
2229 3747 2541 3800 καταπατεῖ
2558 3761 2640 3807 τις
2663 3743 2755 3796 τὸν
2774 3742 2904 3795 Υίδν
2925 3739 3018 3794 τοῦ
3035 3738 3201 3806 Θεοῦ;
3218 3739 3388 3791 Ὅταν

1809 3832 1839 3883 ὀ
1865 3833 2107 3901 μετέχων
2127 3827 2292 3882 αὐτοῦ
2323 3831 2380 3882 ἐν
2406 3830 2516 3891 τοῖς
2547 3826 2890 3896 μυστηρίοις,
2919 3823 3192 3893 ἁμαρτίαν
3217 3822 3386 3893 ἐργά-

1811 3913 1995 3985 ζηται,
2025 3912 2144 3966 εἰπέ
2176 3929 2288 3982 μοι,
2321 3912 2444 3981 οὐχὶ
2477 3909 2858 3978 κατεπάτησεν
2881 3907 3078 3970 αὐτόν;
3110 3905 3229 3975 οὐχὶ
3250 3921 3384 3956 κατ-

1811 3997 2112 4068 εφρόνησεν
2171 3995 2369 4059 αὐτοῦ;
2423 3994 2692 4063 Καθάπερ
2724 3993 2835 4062 γὰρ
2875 3991 2985 4044 τῶν
3038 4004 3388 4042 καταπατουο

1815 4081 1992 4150 μένων
2038 4077 2227 4132 οὐδένα
2259 4077 2417 4142 λόγον
2465 4077 2699 4146 ἔχομεν·
2741 4075 2884 4128 οὕτω
2935 4075 3030 4126 καὶ
3059 4073 3108 4124 οἱ
3135 4071 3386 4142 ἀμαρτά-

1812 4179 1997 4226 νοντες
2042 4159 2139 4214 τοῦ
2190 4159 2432 4229 Χριστοῦ
2484 4159 2678 4212 οὐδένα
2710 4157 2870 4225 λόγον
2908 4156 3090 4225 ἔσχον,
3125 4155 3249 4207 ὅθεν
3293 4153 3388 4205 καὶ

1811 4245 1984 4308 οὓτως
2016 4247 2283 4316 ἥμαρτον.
2314 4243 2554 4312 Γέγονας
2602 4242 2762 4312 σῶμα
2798 4239 3058 4311 Χριστοῦ,
3106 4237 3200 4291 καὶ
3231 4235 3388 4298 δίδως

1815 4329 2010 4383 σαυτὸν
2039 4328 2118 4400 τῷ
2164 4327 2420 4397 διαϐόλῳ,
2476 4326 2619 4379 ὥστε
2675 4326 3016 4378 καταπατεῖν
3043 4338 3138 4388 σε;
3175 4321 3280 4374 Kal
3321 4319 3388 4371 τὸ

1812 4411 1975 4481 αἷμα,
2010 4412 2163 4481 φησὶ,
2207 4409 2413 4464 κοινὸν
2456 4409 2860 4478 ἡγησάμενος.
2897 4405 3090 4460 Κοινὸν
3136 4403 3190 4456 τί
3231 4404 3384 4465 ἐστι;

1815 4498 1889 4551 Τὸ
1910 4497 2239 4566 ἀκάθαρτον,
2271 4493 2419 4566 1188]
2447 4494 2484 4565 ἣ
2511 4493 2574 4546 τὸ
2605 4491 2775 4563 μηδὲν
2799 4490 2962 4543 πλέον
2991 4488 3114 4558 ἔχον
3134 4486 3244 4540 τῶν
3275 4485 3388 4566 λοι-

1815 4579 1956 4635 πῶν.
1983 4578 2094 4633 Kal
2143 4579 2210 4632 τὸ
2240 4565 2481 4646 Πνεῦμα
2512 4574 2623 4643 τῆς
2669 4571 2908 4643 χάριτος
2942 4570 3287 4636 ἐνυϐρίσας.
3329 4565 3388 4618 Ὀ

1816 4662 1926 4734 γάρ
1951 4662 2050 4732 τὴν
2094 4660 2416 4732 εὐεργεσίαν
2450 4659 2526 4729 μὴ
2575 4655 3038 4727 παραδεχόμενος,
3076 4651 3265 4734 ὕϐρισε
3296 4648 3389 4701 τὸν

1818 4733 2276 4814 εὐεργετήσαντα.
2317 4741 2576 4810 Ἐποίησέ
2602 4757 2661 4792 σε
2695 4739 2811 4791 υἱόν
2842 4754 2856 4767 ·
2907 4737 2971 4790 σύ
3011 4735 3066 4787 δὲ
3105 4733 3278 4794 θέλεις
3307 4748 3386 4798 γεο

1812 4829 1995 4882 νέσθαι
2025 4827 2208 4890 δοῦλος
2235 4845 2248 4891 ;
2283 4823 2415 4898 ἦλθε
2471 4823 2898 4892 κατασκηνῶσαι
2933 4819 3067 4890 πρὸς
3111 4817 3168 4869 σέ
3195 4833 3209 4847 ·
3241 4817 3305 4868 σύ
3334 4815 3390 4868 δὲ

1810 4914 2124 4981 ἐπεισάγεις
2180 4911 2361 4982 σαυτῷ
2408 4909 2679 4980 πονηροὺς
2729 4902 3128 4975 λογισμούςςὸ
3157 4901 3389 4971 Χριστὸς

1811 4996 2071 5066 ἠθέλησεν
2103 4995 2411 5065 ἱδρυνθῆναι
2439 4993 2575 5062 πρὸς
2607 4991 2667 5044 σέ
2692 5009 2706 5022 ο
2755 4990 2818 5042 σύ
2847 4987 2903 5040 δὲ
2933 4986 3094 5039 αὐτὸν
3141 4997 3388 5036 καταπα-

1810 5083 1922 5142 τεῖς
1957 5079 2045 5131 διὰ
2081 5079 2180 5148 τῆς
2215 5076 2548 5146 κραιπάλης,
2589 5074 2679 5127 διά
2706 5072 2802 5142 τῆς
2845 5069 3020 5141 μέθης
3049 5085 3062 5134 ;
3113 5066 3388 5122 Ἀκούσω-

1815 5181 1914 5234 μεν
1954 5163 2004 5214 οἱ
2051 5161 2286 5226 ἀναξίως
2333 5160 2442 5212 τῶν
2476 5157 2791 5228 μυστηρίων
2847 5154 3193 5225 μετέχοντες,
3229 5149 3391 5204 ἀκούο

1814 5263 1995 5315 σωμεν
2029 5246 2079 5297 οἱ
2112 5243 2345 5308 ἀναξίως
2378 5242 2695 5312 προσιόντες
2731 5240 2797 5309 τῇ
2864 5235 3118 5308 τραπέζῃ
3163 5234 3349 5303 ἐκείνῃ
3375 5247 3388 5263 ⁸

1811 5329 1909 5396 Μὴ
1930 5327 2078 5381 δῶτε
2107 5326 2180 5379 τὰ
2203 5326 2358 5394 ἅγια,
2398 5324 2553 5396 φησὶ,
2576 5322 2702 5389 τοῖς
2740 5320 2907 5384 κυσί,
2941 5319 3180 5389 μήποτε
3211 5332 3391 5369 κατα-

1813 5410 2170 5480 πατήσωσιν
2196 5410 2266 5463 ἐν
2306 5408 2430 5475 τοῖς
2476 5406 2662 5462 ποσὶν
2709 5403 2946 5460 αὐτῶν*
2997 5401 3269 5463 τουτέστι,
3316 5399 3390 5467 μή

1814 5513 1932 5559 πως
1961 5492 2437 5564 καταφρονήσωσι,
2500 5491 2577 5562 μὴ
2633 5487 3028 5543 διαπτύσωσιν.
3101 5481 3242 5534 Ἀλλ’
3293 5481 3394 5532 οὐκ

1823 5577 1944 5633 εἷπε
1976 5576 2156 5632 τοῦτο.
2186 5575 2301 5630 ἀλλ’
2332 5575 2361 5628 ὃ
2395 5576 2586 5628 τούτου
2620 5572 2996 5644 φοϐερώτερον
3018 5565 3089 5639 ἧν
3111 5585 3128 5601 ο
3152 5566 3262 5620 ἀπὸ
3286 5564 3394 5633 γὰρ

1823 5663 1914 5716 τοῦ
1954 5660 2182 5732 φοϐεροῦ
2217 5660 2531 5729 ἐπισφίγγει
2558 5659 2658 5721 τὰς
2682 5655 2861 5728 ψυχάς
2886 5672 2901 5687 ο
2937 5651 3123 5707 ἱκανὸν
3159 5651 3269 5720 γάρ
3297 5648 3394 5732 καί

1824 5746 1981 5799 τοῦτο
2019 5731 2346 5815 ἐπιστρέψαι
2377 5741 2737 5814 παραμυθίας
2761 5741 2860 5810 οὐχ
2891 5733 3078 5811 ἦττον.
3120 5734 3230 5788 Καὶ
3255 5731 3393 5815 ὁμοῦ

1830 5846 1883 5884 τε
1915 5828 2013 5901 τὴν
2041 5811 2304 5899 διαφοράν
2336 5811 2600 5894 δείκνυσι,
2635 5824 2730 5877 καὶ
2774 5823 2874 5894 τὴν
2907 5820 3127 5875 κόλασιν
3165 5815 3261 5870 καὶ
3291 5811 3392 5884 τὴν
