3988 6568
658 363 765 418 MS

657 477 838 546 κρίσιν
861 479 1041 538 αὐτοῖς
1069 475 1352 544 ἐφίστησιν
1377 490 1424 540 ι,
1460 478 1555 530 ἆτε
1593 478 1685 531 τοῦ
1723 482 2046 551 πράγματος
2070 482 2220 542 ὄντος

656 559 913 629 φανεροῦ.
949 561 1128 622 Πόσῳ
1164 557 1412 620 δοκεῖτε,
1448 560 1603 629 φησὶ,
1646 564 1920 629 χείρονος
1968 562 2219 626 ἀξιωθή-

654 655 823 692 σεται
863 640 1166 707 τιμωριάς;
1211 640 1472 692 Ἐνταῦθα
1521 660 1612 710 μοι
1655 644 1805 696 δοκεῖ
1837 647 1927 698 καὶ
1959 647 2085 715 περὶ
2117 645 2224 696 τῶν

658 722 974 791 μυστηρίων
1009 721 1366 776 αἰνίττεσθαι.
1401 719 1533 776 Εἶτα
1565 727 1659 778 καὶ
1686 728 1990 797 μαρτυρίαν
2025 730 2224 794 ἐπάγει

652 804 843 870 λέγων·
879 801 1136 868 Φοϐερόν
1161 803 1227 854 τὸ
1255 804 1543 871 ἐμπεσεῖν
1566 810 1652 872 εἰς
1672 809 1871 876 χεῖρας
1902 811 2048 862 Θεοῦ
2083 808 2222 868 ζῶν-

651 902 769 948 τος.
809 885 1144 953 Γέγραπται
1179 885 1321 952 γάρ·
1368 888 1528 955 Ἐμοί
1557 890 1897 955 ἐκδίκησις,
1934 891 2048 958 ἐγὼ
2083 894 2222 945 ἀντ·

649 966 940 1019 (ιστοδώσω
963 1008 977 1029 ,
1020 967 1183 1035 λέγει
1221 969 1467 1035 Κύριος·
1499 971 1594 1023 καὶ
1620 973 1807 1036 πάλιν,
1840 975 2054 1042 Κύριος
2108 993 2225 1042 κρι-

649 1048 746 1101 νεῖ
794 1050 900 1102 τὸν
947 1050 1103 1103 λαὸν
1145 1051 1353 1104 αὑτοῦ.
1426 1053 1867 1125 Ἐμπεσούμεθα,
1919 1057 2102 1125 φησὶν,
2143 1057 2223 1120 είς

651 1134 839 1201 χεῖρας
894 1132 1131 1201 Κυρίου,
1185 1135 1279 1184 καὶ
1327 1133 1400 1203 μὴ
1445 1135 1469 1172 b
1525 1137 1605 1198 είς
1652 1139 1840 1206 χεῖρας
1893 1137 2218 1207 ἀνθρώπων.

663 1214 800 1264 Ἀλλ’
829 1214 922 1265 ἐὰν
956 1215 1031 1284 μὴ
1074 1218 1467 1286 μετανοήσητε,
1507 1219 1587 1279 είς
1637 1221 1823 1286 χεῖρας
1865 1218 2000 1270 Θεοῦ
2046 1221 2220 1286 ἐμπε-

651 1298 829 1350 σεῖσθε
864 1315 879 1328 ·
920 1299 1096 1350 ἐκεῖνο
1128 1300 1356 1368 φοϐερόν
1385 1317 1398 1330 ·
1450 1300 1608 1352 τοῦτο
1665 1302 1818 1354 οὐδέν
1861 1304 1979 1354 ἐστι
2034 1304 2097 1354 16
2141 1305 2220 1365 είς

649 1381 838 1448 χεῖρας
891 1378 1192 1451 ἀνθρώπων
1236 1383 1515 1451 ἐμπεσεῖν.
1575 1383 1740 1436 Ὅταν
1790 1385 2004 1452 ἴδωμεν,
2065 1387 2218 1454 φησὶ,

646 1464 768 1514 τινὰ
801 1462 1154 1531 κολαζόμενον
1195 1464 1450 1528 ἐνταῦθα,
1491 1465 1564 1536 μὴ
1605 1466 1931 1535 φοϐηθῶμεν
1967 1469 2058 1518 ἐπὶ
2107 1471 2220 1529 τοῖς

648 1543 935 1612 παροῦσιν,
981 1545 1118 1598 ἀλλὰ
1147 1546 1428 1617 φρίξωμεν
1470 1549 1564 1600 ἐπὶ
1601 1551 1710 1611 τοῖς
1753 1549 2030 1617 μέλλουσι.
2061 1551 2220 1603 Κατὰ

649 1627 758 1696 γὰρ
804 1626 869 1678 τὸ
897 1627 1069 1694 ἕλεος
1117 1630 1299 1683 αὑτοῦ
1331 1631 1428 1682 καὶ
1463 1633 1500 1697 ἡ
1541 1630 1687 1699 ὀργὴ
1743 1632 1948 1696 αὐτοῦ,
1998 1633 2093 1684 καὶ
2122 1632 2218 1684 ἐπὶ

646 1709 1030 1776 ἁμαρτωλοὺς
1079 1713 1454 1766 καταπαύσει
1507 1716 1539 1766 o’
1576 1713 1764 1780 θυμός
1813 1714 2016 1767 αὐτοῦ.
2068 1716 2220 1783 ’Ἅμα

648 1791 739 1842 καὶ
775 1792 960 1860 ἕτερόν
1011 1809 1062 1845 τι
1112 1794 1408 1846 αἰνίττεται
1453 1795 1687 1848 ἐνταῦθα
1733 1797 1822 1849 διὰ
1875 1797 1968 1848 τοῦ
2021 1799 2212 1848 εἰπεῖν’

648 1873 809 1941 Ἐμοὶ
825 1873 1152 1940 ἐκδίκησις,
1166 1875 1280 1944 ἐγὼ
1299 1877 1720 1931 ἀνταποδώσω.
1741 1879 1861 1930 Ἐπὶ
1886 1878 1992 1931 τῶν
2010 1878 2218 1949 ἐχθρῶν

645 1954 802 2008 τοῦτο
834 1955 1046 2026 εἴρηται
1085 1957 1192 2009 τῶν
1227 1958 1412 2022 κακῶς
1446 1960 1761 2023 ποιούντων,
1795 1963 1856 2014 οὐ
1883 1961 1989 2014 τῶν
2030 1963 2217 2024 κακῶς

647 2041 982 2107 πασχόντων.
1055 2041 1319 2095 Ἐνταῦθα
1372 2045 1465 2096 καὶ
1521 2045 1932 2115 παραμυθεῖται
1992 2047 2212 2109 αὐτοὺς,

649 2122 930 2192 μονονουχὶ
955 2123 1162 2191 λέγων·
1201 2120 1367 2177 Μένει
1408 2126 1699 2189 διαπαντὸς
1733 2129 1760 2180 6
1789 2128 1918 2191 Θεὸς
1962 2131 2054 2182 καὶ
2099 2131 2165 2200 ζῇ
2198 2147 2213 2161 ·

644 2204 784 2257 ὥστε
809 2205 912 2258 κᾶν
946 2205 1023 2275 μὴ
1046 2205 1138 2260 νῦν
1165 2207 1535 2273 ἀπολάϐωσιν,
1563 2208 1788 2281 ὕστερον
1821 2211 2214 2280 ἀπολήψονται.

657 2285 929 2350 Ἐκείνους
959 2289 1039 2340 δεῖ
1079 2289 1375 2359 στενάζειν,
1423 2293 1522 2362 οὐχ
1553 2293 1701 2362 ἡμᾶς
1723 2310 1735 2322 ·
1771 2295 1931 2363 ἡμεῖς
1983 2296 2079 2363 μὲν
2107 2295 2216 2364 γάρ

644 2368 726 2429 είς
759 2369 854 2431 τὰς
879 2369 1105 2423 ἐκείνων
1136 2373 1526 2443 ἐμπεσούμεθα
1561 2379 1770 2447 χεῖρας,
1802 2378 1999 2429 ἐκεῖνοι
2029 2377 2085 2428 δὲ
2131 2381 2214 2440 εἰς

643 2452 743 2511 τὰς
765 2449 860 2502 τοῦ
892 2451 1050 2505 Θεοῦ.
1085 2453 1157 2504 Οὐ
1189 2454 1296 2525 γὰρ
1330 2457 1359 2507 ὁ
1387 2455 1577 2509 παθὼν
1611 2459 1807 2527 πάσχει
1855 2458 2062 2524 κακῶς,
2101 2459 2214 2512 ἀλλ’

644 2534 672 2584 6
710 2533 880 2586 ποιῶν
911 2549 926 2564 ·
960 2533 1084 2588 οὐτε
1114 2538 1142 2590 6
1185 2537 1646 2609 εὐεργετούμενος
1692 2541 2050 2612 εὐεργετήθη,
2099 2542 2216 2595 ἀλλ’

642 2619 672 2670 6
705 2617 1028 2686 εὐεργετῶν.

714 2699 900 2754 Ταῦτα
924 2696 1015 2756 οὖν
1044 2701 1264 2767 εἰδότες,
1297 2705 1611 2771 άνεξίκακοι
1645 2701 1796 2778 ὦμεν
1832 2713 1960 2780 περὶ
1999 2711 2060 2764 τὸ
2109 2711 2213 2764 πά-

645 2799 797 2851 σχειν
845 2782 1050 2848 κακῶς,
1086 2785 1366 2856 πρόχειροι
1414 2791 1541 2858 περὶ
1582 2790 1643 2842 τὸ
1679 2791 1827 2864 [Ιδ9]
1883 2795 2209 2865 εὐεργετεῖν.

643 2865 816 2919 Τοῦτο
869 2867 926 2919 δὲ
967 2867 1150 2933 ἔσται,
1187 2870 1252 2922 ἂν
1312 2875 1611 2942 χρημάτων
1661 2879 2090 2948 καταφρονῶμεν
2121 2879 2214 2931 καὶ

641 2948 798 3019 δόξης
832 2965 847 2980 ο
892 2951 920 3002 ὁ
955 2952 1131 3006 ταῦτα
1164 2952 1230 3006 τὰ
1274 2955 1419 3026 πάθη
1469 2957 1900 3029 ἀποδυσάμενος,
1953 2963 2211 3016 ἁπάντων

641 3033 950 3105 ἀνθρώπων
981 3035 1128 3089 ἐστὶν
1164 3037 1615 3111 ἐλευθερώτερος,
1653 3045 1748 3096 καὶ
1779 3045 1941 3098 αὐτοῦ
1973 3047 2066 3098 τοῦ
2115 3049 2213 3118 τὴν

639 3118 932 3188 ἁλουργίδα
956 3121 1339 3190 περικειμένου
1375 3125 1771 3196 εὐπορώτερος,
1810 3131 1920 3199 Οὐχ
1953 3132 2084 3200 ὁρᾷς
2114 3131 2213 3182 ὅσα

640 3199 851 3267 γίνεται
881 3199 1028 3254 κακά
1055 3201 1145 3254 διὰ
1172 3204 1240 3256 τά
1265 3206 1516 3274 χρήματα
1541 3225 1555 3272 ;
1585 3209 1645 3259 οὐ
1691 3209 1832 3277 λέγω
1867 3211 1965 3263 ὃσα
1989 3199 2082 3264 διὰ
2114 3211 2212 3282 τὴν

641 3282 974 3350 πλεονεξίαν,
1005 3285 1121 3338 ἀλλ’
1156 3287 1214 3339 ἐν
1245 3290 1309 3356 τῇ
1345 3291 1690 3362 προσπαθείᾳ
1717 3293 1919 3345 τούτων
1946 3312 1958 3324 ·
2009 3291 2121 3348 οἷόν
2159 3313 2210 3348 τι

639 3367 801 3436 λέγω·
828 3368 924 3420 Ἂν
949 3368 1188 3440 ἀπολέσῃ
1212 3389 1295 3433 τις
1322 3373 1604 3442 χρήματα,
1627 3377 1828 3440 παντὸς
1856 3378 2086 3432 θανάτου
2114 3397 2210 3448 χα-

639 3451 945 3522 λεπώτερον
973 3451 1086 3522 βίον
1115 3452 1201 3523 ζῇ.
1237 3455 1301 3506 Τί
1326 3455 1531 3523 ἀλγεῖς,
1554 3458 1832 3527 ἅνθρωπε;
1857 3463 1908 3513 τί
1930 3463 2205 3532 δακρύεις

639 3533 721 3586 ὅτι
752 3551 813 3586 σε
847 3534 947 3603 τῆς
980 3536 1246 3604 περιττῆς
1277 3538 1526 3606 φυλακῆς
1550 3541 1855 3608 ἀπήλλαξεν
1879 3547 1906 3596 ὁ
1942 3546 2094 3611 Θεός;
2126 3547 2207 3599 ὅτι

639 3616 700 3667 οὐ
729 3615 872 3687 κάθῃ
897 3617 1112 3686 τρέμων
1145 3619 1239 3670 καὶ
1277 3620 1562 3684 δεδοικώς;
1606 3618 1735 3675 Εἶτα
1782 3625 1847 3676 ἂν
1878 3625 1976 3694 μέν
2010 3628 2069 3678 σέ
2121 3644 2207 3690 τις

640 3697 924 3771 προσδήσῃ
963 3699 1253 3770 θησαυρῷ,
1294 3702 1538 3755 κελεύων
1578 3703 1869 3768 διαπαντὸς
1909 3709 2029 3759 ἐκεῖ
2073 3707 2206 3762 καθ-

639 3780 824 3850 ῆσθαι,
844 3783 938 3834 καὶ
967 3784 1268 3853 ἀγρυπνεῖν
1297 3785 1436 3854 ὑπὲρ
1460 3785 1774 3856 ἀλλοτρίων,
1796 3790 2004 3857 ἀλγεῖς,
2024 3790 2206 3860 δυσχε-

642 3864 846 3935 ραίνεις
873 3880 888 3895 ο
916 3866 979 3917 σὺ
1000 3867 1057 3918 δὲ
1088 3866 1284 3918 σαυτὸν
1305 3868 1616 3937 προσδήσας
1647 3870 1865 3940 δεσμοῖς
1887 3873 2204 3941 χαλεπωτά-

639 3963 771 4012 τοις,
806 3947 995 4016 ἐπειδὴ
1027 3946 1346 4017 ἀπηλλάγης
1385 3949 1483 4018 τῆς
1526 3951 1787 4016 δουλείας,
1821 3955 2042 4020 άλγεῖς;
2079 3957 2206 4008 Ὀν-

638 4047 747 4093 τως
785 4029 1109 4099 προλήψεώς
1155 4032 1294 4083 εἰσιν
1323 4033 1376 4083 αἱ
1406 4031 1572 4086 λῦπαι
1613 4037 1706 4088 καὶ
1743 4038 1796 4090 αἱ
1830 4038 2156 4107 εὐφροσύναι
2187 4078 2200 4090 .

639 4112 889 4180 καθάπερ
923 4110 1030 4180 γὰρ
1068 4111 1325 4181 ἀλλότρια
1353 4113 1584 4183 ἔχοντες,
1616 4117 1788 4180 οὕτως
1825 4121 1963 4172 αὐτὰ
2009 4120 2205 4192 τηροῦ-

641 4209 762 4264 μεν.
787 4193 903 4245 Νῦν
929 4193 1066 4262 πρὸς
1101 4193 1203 4258 τὰς
1231 4198 1490 4263 γυναῖκάς
1539 4217 1626 4268 μοι
1666 4204 1693 4254 ὁ
1741 4203 1918 4269 λόγος.
1957 4199 2086 4274 Εἷχέ
2119 4222 2200 4268 τις

636 4274 774 4344 γυνὴ
799 4274 1056 4339 πολλάκις
1081 4275 1189 4329 ἀπὸ
1214 4280 1438 4347 χρυσίου
1472 4281 1790 4352 ὑφασμένον
1833 4285 2070 4352 ἱμάτιον,
2109 4287 2203 4340 καὶ

638 4356 797 4410 τοῦτο
821 4358 1098 4421 τινάσσει,
1127 4361 1445 4430 περιϐάλλει
1467 4362 1653 4428 λίνοις,
1680 4371 1835 4438 τηρεῖ
1862 4369 1998 4438 μετὰ
2029 4372 2204 4436 ἀσφα-

637 4440 808 4506 λείας,
829 4439 1019 4510 τρέμει
1043 4443 1185 4512 ὑπὲρ
1219 4445 1406 4512 αὐτοῦ,
1439 4449 1533 4500 καὶ
1561 4449 1664 4502 οὐκ
1693 4451 1958 4504 ἀπολαύει
1990 4452 2156 4506 αὐτοῦ
2183 4470 2198 4486 ο

637 4523 671 4595 ἢ
705 4524 814 4596 γὰρ
830 4523 1182 4594 ἐτελεύτησεν
1210 4527 1242 4596 ἢ
1277 4529 1571 4599 ἐχήρευσεν
1596 4548 1608 4561 ο
1650 4533 1707 4603 ἢ,
1737 4533 1841 4586 κᾶν
1886 4535 2053 4604 μηδὲν
2081 4533 2202 4587 τού-

635 4625 743 4662 των
766 4608 971 4680 συμϐῇ,
1010 4608 1214 4664 δέδοικε
1250 4612 1327 4681 μὴ
1356 4615 1422 4685 τῇ
1471 4619 1684 4686 συνεχεῖ
1723 4619 1918 4688 χρήσει
1953 4619 2199 4687 δαπανή-

637 4709 778 4746 σασα
799 4692 951 4754 αὐτδ,
996 4693 1423 4764 ἀποστερήσειεν
1463 4698 1663 4768 ἑαυτήν
1689 4717 1703 4729 ·
1757 4698 1862 4752 κᾶν
1899 4699 2057 4762 ἄλλος
2103 4700 2202 4752 οὐκ

633 4775 1002 4846 ἀποστερήσῃ,
1034 4776 1331 4846 ἀποστερεῖ
1363 4778 1562 4849 ἑαυτὴν
1598 4783 1664 4850 τῇ
1698 4781 1970 4852 φειδωλία.
2039 4780 2202 4834 Ἀλλὰ

635 4860 956 4927 παραχωρεῖ
981 4858 1182 4928 ἐτέρας
1223 4858 1337 4912 ἀλλ’
1369 4861 1490 4914 οὐδέ
1517 4862 1678 4915 τοῦτο
1711 4864 1870 4933 δῆλον
1901 4881 1912 4892 ·
1944 4863 2070 4916 εἰδὲ
2105 4865 2201 4916 καὶ⁹

634 4940 1076 5010 παραχωρήσειε,
1105 4942 1200 4994 καὶ
1233 4943 1420 5014 ἐκείνη
1447 4944 1608 4997 πάλιν
1644 4947 1847 5015 ὁμοίως
1885 4947 2036 5016 αὐτῴ
2062 4949 2200 5018 χρή-

637 5037 811 5075 σεται.
847 5022 955 5073 Καὶ
981 5025 1132 5086 εἴτις
1158 5025 1448 5096 ἐρευνήσει
1475 5027 1544 5080 τὰ
1567 5029 1624 5080 ἐν
1648 5031 1766 5092 ταῖς
1782 5029 2000 5094 οἰκίαις,
2036 5031 2201 5100 εὑρή-

636 5117 723 5154 σει
758 5101 829 5154 τὰ
868 5103 1100 5171 μάλιστα
1125 5106 1286 5175 τίμια
1313 5107 1422 5162 τῶν
1469 5109 1699 5179 ἱματίων
1729 5113 1826 5164 καὶ
1865 5111 1933 5165 τὰ
1966 5113 2102 5167 ἄλλα
2130 5115 2200 5168 τὰ

637 5184 973 5254 ὑπερέχοντα
990 5188 1048 5238 ἐν
1078 5188 1286 5243 πλείονι
1311 5194 1469 5260 τιμῇ,
1492 5191 1680 5263 ὥσπερ
1703 5194 1983 5265 ἐμψύχους
2005 5195 2200 5250 δεσπό-

635 5283 753 5329 τας,
785 5267 1198 5338 θεραπευόμενα
1218 5287 1231 5299 ’
1260 5273 1320 5323 οὐ
1357 5273 1467 5343 γὰρ
1497 5276 1697 5344 χρῆται
1729 5279 1910 5340 αὐτοῖς
1937 5281 2197 5348 συνεχῶς,

635 5348 772 5402 ἀλλὰ
797 5349 1002 5404 δέδοικε
1038 5355 1134 5406 καὶ
1158 5355 1369 5426 τρέμει,
1405 5359 1572 5425 σῆτας
1614 5365 1711 5413 καὶ
1739 5362 1808 5414 τὰ
1840 5363 1976 5415 ἄλλα
2009 5365 2076 5416 τὰ
2111 5365 2198 5434 βι-

637 5429 906 5500 ϐρώσκειν
935 5433 1164 5490 εἰωθότα
1219 5439 1584 5503 ἁποσοὸοῦσα,
1633 5445 1728 5497 καὶ
1768 5445 1836 5497 τὰ
1876 5429 2198 5500 πλείονα-ἐν

639 5512 867 5585 μύρροις
883 5516 975 5568 καὶ
993 5517 1249 5589 άρὼμασι
1269 5523 1494 5591 τιθεῖσα,
1507 5527 1627 5580 οὐδὲ
1650 5529 1811 5580 πᾶσιν
1832 5529 2198 5600 ἐπιτρέπουσα

699 5630 725 5708 ξ
841 5630 978 5708 Quill}.
1013 5633 1199 5708 Ιςείιψ·
1226 5641 1432 5708 ἀφίησιν.
1460 5646 1671 5708 ἰλιιηεὲιιε
1691 5648 1865 5708 ἐφίησι.

675 5689 727 5766 ,δ
750 5693 901 5754 Mars.
923 5689 1099 5774 βοείη,
1154 5689 1432 5768 ἐμπέσωμεν
1617 5689 1859 5770 ξησίν,ἐἰς
1882 5711 2039 5774 χεῖρας
2063 5710 2194 5761 Θεοῦ

637 5759 824 5820 ζῶντος,
859 5759 938 5807 καὶ
961 5762 1045 5821 μή.

1393 366 1448 420 S.
1487 365 1772 423 JOANNIS
1805 368 2288 426 CIIRYSOSTOMI
2326 373 2642 435 ARCHIEP.
2684 378 3237 438 CONSTANTINOP.
3729 393 3804 451 HO

2328 486 2428 553 τῆς
2457 489 2633 558 ὅψεως
2673 493 3079 562 καταξιωθῆναι
3132 493 3362 561 ἐκείνης,
3410 495 3514 549 ἀλλ’
3557 499 3675 570 αὗτῆ
3708 509 3803 558 πολ-

2327 569 2479 633 λάκις
2515 573 2651 639 μετὰ
2688 575 2780 626 τοῦ
2817 576 3009 641 ἀνδρὸς
3036 574 3206 626 ταῦτα
3244 575 3518 631 διατιθεῖσα
3561 582 3800 652 ἐπιμελῶς.

2397 654 2462 720 γ’.
2484 656 2596 708 Οὐκ
2612 659 2856 720 εἰκότως,
2873 658 2993 710 εἰπέ
3014 674 3122 725 μοι,
3145 656 3557 727 εἰδωλολατρείαν
3571 666 3652 730 τήν
3669 669 3808 722 πλεον.

2325 736 2471 800 εξίαν
2514 739 2772 791 ἐκάλεσεν
2805 740 2834 788 ὁ
2881 739 3127 803 Παῦλος;
3157 741 3324 811 ’Ὀσην
3360 743 3460 811 γὰρ
3485 745 3658 798 ἐκείνοι
3681 753 3808 820 τιμὴν

2327 819 2454 886 περὶ
2497 821 2563 872 τὰ
2607 820 2804 886 εἴδωλα
2838 821 3272 885 ἐπιδείκνυνται,
3304 825 3554 894 τοσαύτην
3583 829 3665 879 καὶ
3698 819 3810 884 οὗτοι

2327 902 2453 970 περὶ
2487 903 2556 954 τὰ
2587 904 2842 972 ίμάτιαο,
2874 903 3004 974 περὶ
3033 904 3100 956 τὰ
3120 905 3335 974 χρυσία.
3377 908 3540 978 Μέχρι
3563 910 3685 972 τίνος
3717 913 3809 982 βάρι

2325 982 2482 1051 60pov
2529 985 2923 1052 ἀνακινοῦμεν;
2974 987 3135 1054 μέχρι
3183 987 3323 1049 τίνος
3367 987 3440 1056 τῷ
3479 990 3619 1059 πηλῷ
3661 996 3735 1045 καὶ
3762 1000 3810 1065 τῇ

2324 1066 2576 1136 πλινθείᾳ
2599 1067 3036 1138 προσηλὼμεθα;
3073 1070 3280 1138 Ὥσπερ
3313 1070 3416 1139 γὰρ
3449 1072 3627 1126 ἐκεῖνοι
3651 1075 3714 1143 τῷ
3734 1078 3812 1129 τῶν

2325 1147 2472 1219 [I90]
2498 1150 2802 1217 Αἰγυπτίων
2829 1151 3038 1219 βασιλεῖ
3062 1151 3314 1220 ἔκαμνον,
3346 1151 3480 1205 οὕτω
3501 1155 3585 1206 καὶ
3605 1159 3737 1224 ἡμεῖς
3757 1161 3812 1227 τῷ

2321 1231 2547 1297 διαϐόλῳ
2591 1233 2900 1301 κάμνομεν,
2929 1235 3024 1285 καὶ
3059 1234 3426 1303 μαστιζόμεθα
3471 1236 3589 1289 πολὺ
3617 1239 3812 1307 χαλεπω-

2321 1314 2488 1382 τέρας
2529 1315 2818 1381 μάστιγας.
2860 1316 2968 1367 Καὶ
3003 1319 3075 1385 μή
3104 1333 3223 1369 τινα
3256 1317 3545 1386 ὑπερϐολὴν
3581 1324 3813 1390 καταγνῷς

2322 1396 2414 1447 τοῦ
2463 1395 2624 1463 λόγου
2647 1415 2662 1428 ο
2706 1398 2816 1465 ὅσῳ
2845 1398 2952 1467 γὰρ
2982 1399 3246 1467 κρείττων
3277 1399 3516 1468 σώματος
3555 1402 3711 1472 ψυχὴ,
3748 1423 3816 1456 τοο

2323 1477 2498 1547 σούτῳ
2522 1480 2742 1550 φροντὶς
2768 1481 3050 1549 μωλώπων
3074 1480 3480 1552 μαστιζόμεοαά
3499 1486 3608 1538 καθ’
3629 1488 3815 1556 ἑκάστην

2322 1561 2554 1630 ἡμέραν,
2587 1561 2907 1630 δεδοίκαμεν
2943 1564 3341 1632 φροντίζοντες,
3397 1567 3673 1636 τρέμοντες.
3711 1570 3816 1621 Ἀλλ’

2321 1646 2414 1696 ἐάν
2445 1645 2762 1716 θελήσωμεν
2793 1647 3081 1711 στενάξαι,
3120 1650 3214 1701 ἐὰν
3244 1649 3547 1718 θελήσωμεν
3576 1651 3815 1714 ἀναϐλέψαι

2322 1728 2458 1796 πρὸς
2491 1728 2582 1780 τὸν
2615 1729 2766 1796 Θεὸν,
2804 1730 3015 1799 πέμπει
3041 1734 3174 1801 ήμῖν
3201 1733 3262 1786 οὐ
3306 1734 3550 1796 Μωῦσέα,
3586 1733 3688 1786 οὐδέ
3721 1734 3817 1784 Ἀα-

2323 1810 2452 1882 ρὼν,
2481 1811 2614 1863 ἀλλὰ
2643 1812 2736 1864 τὸν
2760 1813 2925 1866 αὐτοῦ
2951 1815 3106 1880 λόγον
3133 1817 3222 1868 καὶ
3251 1816 3349 1885 τὴν
3374 1816 3659 1879 κατάνυξιν.
3687 1809 3818 1878 Οὗτος

2319 1895 2497 1947 τοίνυν
2521 1893 2716 1957 ἐλθὼν,
2747 1895 2838 1947 καὶ
2872 1897 3161 1966 κατασχὼν
3187 1897 3343 1967 ήμῶν
3372 1898 3465 1961 τὰς
3494 1898 3681 1966 ψυχάς,
3702 1898 3817 1950 ὲλεν-

2320 1975 2549 2043 θερὼσει
2579 1978 2678 2044 τῆς
2707 1978 2949 2042 δουλείας
2975 1981 3075 2049 τῆς
3102 1983 3304 2050 πικρᾶς
3330 1983 3492 2052 ἡμᾶς,
3525 1982 3682 2045 ἐξάξει
3706 1983 3817 2050 ἡμᾶς

2319 2059 2376 2124 ἐξ
2418 2059 2726 2126 Αἰγύπτου,
2764 2061 2862 2131 τῆς
2893 2063 3149 2132 ἀνονήτου
3184 2064 3278 2116 καὶ
3323 2064 3660 2132 ματαιοπόνου
3695 2081 3816 2114 σπου.

2317 2143 2435 2213 δῆς,
2463 2143 2561 2211 τῆς
2585 2143 2830 2206 δουλείας
2853 2145 2952 2213 τῆς
2979 2146 3130 2198 οὐδὲν
3157 2147 3346 2214 κέρδος
3371 2147 3606 2216 ἐχούσης.
3636 2147 3817 2198 Ἐκεῖνοι

2323 2228 2420 2296 μὲν
2456 2221 2549 2279 οὐν
2585 2225 2688 2281 κᾶν
2730 2227 2930 2298 χρυσία
2971 2227 3226 2291 λαϐόντες
3256 2229 3508 2298 ἐξῆλθον,
3553 2229 3636 2282 τὸν
3671 2229 3820 2298 μισθὸν

2317 2311 2415 2380 τῆς
2445 2311 2737 2380 οίκοδομῆς
2759 2327 2772 2340 ·
2807 2311 2968 2382 ἡμεῖς
3000 2311 3058 2362 δὲ
3082 2312 3238 2365 οὐδέν
3258 2329 3271 2343 ’
3303 2313 3397 2366 καὶ
3424 2313 3530 2365 είθε
3562 2312 3729 2382 μηδὲν·
3748 2312 3820 2364 νῦν

2317 2393 2374 2445 δὲ
2405 2394 2495 2446 καὶ
2519 2394 2680 2464 ἡμεῖς
2715 2394 3065 2464 λαμσάνομεν
3102 2395 3161 2447 οὐ
3194 2396 3410 2465 χρυσία,
3451 2396 3577 2448 ἀλλὰ
3607 2396 3669 2447 τὰ
3691 2394 3820 2462 Δίγύο

2319 2495 2452 2531 πτου
2475 2477 2640 2543 κακὰ,
2660 2478 3034 2548 ἁμαρτήματα
3065 2480 3161 2531 καὶ⁴
3193 2481 3439 2543 κολάσεις
3465 2481 3553 2533 καὶ
3581 2479 3819 2548 τιμωρίας.

2316 2561 2595 2631 Μάθωμεν
2648 2562 2827 2614 τοίνυν
2876 2561 3237 2630 ὠφελεῖσθαι,
3283 2562 3537 2632 μάθωμεν
3579 2562 3823 2630 ἐπηρεάζεο

2319 2643 2473 2698 σθαι’
2513 2644 2671 2697 τοῦτό
2706 2646 2821 2698 ἐστι
2852 2645 3176 2714 Χριστιανοῦ
3199 2663 3212 2676 ο
3243 2647 3717 2716 καταφρονήσωμεν
3740 2644 3823 2695 τῶν

2317 2727 2534 2798 χρυσῶν
2566 2728 2828 2797 ἱματίων,
2858 2730 3367 2799 καταφρονήσωμεν
3407 2729 3512 2782 τῶν
3546 2728 3822 2799 χρημάτων,

2317 2812 2402 2864 ἵνα
2426 2810 2500 2881 μὴ
2523 2812 3024 2883 καταφρονήσωμεν
3038 2815 3136 2882 τῆς
3159 2813 3436 2882 σωτηρίας
3456 2813 3549 2880 τῆς
3573 2811 3823 2880 ἡμετέρας·

2317 2895 2820 2964 καταφρονήσωμεν
2848 2895 3146 2964 χρημάτων
3165 2935 3180 2958 ,
3227 2896 3320 2947 καὶ
3354 2895 3428 2965 μὴ
3459 2894 3826 2963 καταφρονήσωο

2317 2996 2416 3049 μεν
2460 2981 2556 3046 τῆς
2602 2978 2818 3047 ψυχῆς’
2873 2976 3009 3050 αὐτη
3059 2977 3166 3048 γάρ
3219 2979 3369 3031 ἐστιν
3415 2981 3447 3047 ή
3507 2976 3824 3044 κολαζομένη,

2313 3060 2450 3130 αὕτη
2492 3058 2642 3111 ἐστὶν
2671 3060 2704 3129 ή
2737 3060 3123 3129 τιμωρουμένη
3149 3075 3163 3089 ο
3202 3060 3390 3112 ἐκεῖνα
3429 3059 3645 3113 ἐνταῦθα
3675 3059 3824 3127 μένει,

2311 3143 2451 3213 αὐτη
2490 3143 2548 3195 δὲ
2577 3144 2792 3198 ἄπεισιν
2821 3144 2954 3198 ἐκεῖ.
2983 3143 3140 3206 Τίνος
3167 3143 3381 3207 ἕνεκεν,
3420 3146 3577 3207 τίνος.
3609 3142 3714 3195 είπέ
3742 3159 3827 3210 μοι,

2315 3227 2684 3289 κατακόπτεις
2718 3225 2942 3290 σαυτὸν,
2981 3228 3074 3278 καὶ
3104 3227 3203 3279 οὐκ
3232 3228 3498 3298 αίσθάνῃς
3525 3226 3690 3279 Ταῦτα
3725 3224 3830 3291 προς

2309 3312 2436 3374 τοὺς
2455 3310 2781 3373 πλεονέκτας
2809 3308 2970 3377 λέγω.
2998 3309 3176 3361 Καλὸν
3197 3309 3252 3361 δὲ
3276 3313 3370 3364 καὶ
3399 3311 3531 3380 πρὸς
3545 3311 3662 3370 τοὺς
3681 3306 3831 3358 πλεον-

2309 3393 2669 3462 εκτουμένους
2740 3393 2943 3455 εἰπεῖν,
3003 3390 3195 3462 φέρετε
3244 3393 3512 3459 γενναίως
3551 3390 3641 3452 τὰς
3676 3389 3828 3441 πλεονο

2308 3476 2459 3541 εξίας
2484 3492 2497 3506 ο
2534 3474 2758 3535 ἑαυτοὺς
2793 3473 3106 3545 ἀναιροῦσιν
3136 3476 3358 3536 ἐκεῖνοι,
3381 3475 3477 3543 οὐχ
3506 3474 3658 3542 ὑμᾶς.
3694 3469 3831 3537 ’Υμᾶς

2312 3559 2412 3625 μὲν
2453 3555 2816 3624 ἀποστεροῦσι
2862 3557 3190 3627 χρημάτων,
3245 3559 3478 3613 ἑαυτοὺς
3518 3557 3572 3608 δὲ
3607 3551 3829 3624 γυμνοῦσι

2306 3641 2407 3711 τῆς
2431 3640 2642 3704 εὐνοίας
2668 3640 2761 3692 τοῦ
2796 3641 2932 3694 Θεοῦ
2960 3643 3051 3694 καὶ
3073 3643 3172 3712 τῆς
3198 3641 3458 3712 βοηθείας
3475 3658 3489 3672 ο
3521 3644 3548 3693 6
3575 3639 3628 3692 δὲ
3655 3637 3831 3702 ἐκείνης

2306 3723 2644 3792 γυμνωθεὶς,
2666 3721 2768 3775 κᾶν
2799 3722 3012 3776 ἅπαντα
3039 3723 3406 3796 περιϐάληται
3429 3725 3526 3792 τῆς
3555 3719 3833 3789 οἰκουμένης

2305 3805 2398 3857 τὸν
2427 3804 2674 3868 πλοῦτον,
2711 3809 2924 3858 πάντων
2951 3808 3068 3859 ἐστὶ
3093 3807 3417 3878 πενέστερος
3438 3823 3452 3836 ο
3477 3803 3740 3873 ῶσπεροῦν
3761 3805 3831 3852 καὶ

2305 3889 2334 3940 ό
2367 3888 2581 3941 πάντων
2612 3887 2935 3957 πενέστερος
2957 3928 2970 3947 ,
3000 3888 3065 3941 ἂν
3093 3888 3303 3959 ταύτην
3334 3891 3454 3961 ἔχῃ,
3490 3889 3692 3941 πάντων
3716 3883 3835 3936 ἐστὶν

2305 3971 2680 4040 εὐπορώτερος
2698 3987 2710 4000 ·
2745 3973 2958 4037 Κύριος
2987 3973 3112 4043 γὰρ,
3140 3974 3299 4041 φησὶ,
3331 3976 3624 4044 ποιμαίνει
3651 3986 3735 4038 με,
3759 3965 3833 4016 καὶ

2304 4055 2484 4109 οὐδέν
2518 4072 2592 4125 με
2630 4055 2969 4123 ὺστεγνήσει.
3009 4057 3142 4110 Εἰπὲ
3189 4057 3252 4126 δή
3309 4076 3434 4128 μοι,
3475 4057 3529 4109 εἴ
3569 4071 3682 4106 τινα
3721 4046 3834 4118 εἶχες

2304 4141 2474 4209 ἄνδρα
2505 4141 2676 4210 μέγαν
2708 4141 2802 4191 καὶ
2841 4139 3182 4208 θαυμαστὸν,
3215 4142 3366 4195 πάνυ
3400 4159 3458 4194 σε
3489 4138 3726 4206 φιλοῦντα
3764 4132 3835 4185 καὶ

2305 4224 2624 4294 κηδόμενον,
2654 4219 2772 4275 εἶτα
2793 4223 2962 4288 ἔγνως
2986 4224 3067 4276 ὅτι
3096 4224 3396 4288 διαπαντὸς
3424 4224 3659 4294 ζήσεται,
3684 4220 3763 4271 καὶ
3786 4216 3833 4266 οὗ

2306 4306 2759 4376 προτελευτήσεις
2789 4303 2979 4366 αὐτοῦ,
3009 4307 3105 4359 καὶ
3140 4308 3324 4361 πάντα
3364 4324 3447 4360 σοι
3482 4306 3696 4376 παρέξει
3727 4298 3836 4370 μετά

2305 4391 2492 4451 ἁδείας
2521 4389 2588 4442 τὰ
2624 4387 2811 4453 αὐτοῦ,
2858 4389 2998 4441 ὥστε
3043 4405 3100 4442 σε
3140 4390 3216 4452 ὡς
3251 4390 3366 4442 τῶν
3412 4391 3519 4442 σῶν
3550 4385 3831 4441 ἀπολαύειν·

2305 4470 2416 4544 ἆρα
2452 4472 2519 4525 ἂν
2547 4472 2818 4542 ἠθέλησας
2850 4472 3156 4540 κτήσασθαί
3183 4491 3272 4541 τι;
3310 4471 3419 4547 ἆρα
3464 4476 3552 4534 ἂν,
3583 4475 3629 4526 εί
3659 4470 3837 4523 πάντων

2305 4553 2664 4624 ἐγυμνώθης,
2704 4554 2824 4623 οὐχί
2871 4569 2932 4606 σε
2985 4555 3404 4629 πλουσιωτέραν
3447 4556 3686 4627 ἐνόμιζες
3723 4547 3834 4604 εἶναι

2302 4639 2386 4690 διὰ
2424 4638 2616 4701 τοῦτος
2648 4636 2713 4688 Τί
2740 4635 2940 4706 δήποτε
2973 4634 3068 4690 οὖν
3099 4640 3353 4704 πενθεῖς;
3382 4642 3466 4694 ὅτι
3497 4641 3737 4711 χρήματα
3757 4632 3836 4684 οὐκ

2303 4720 2486 4790 ἔχεις;
2520 4718 2636 4772 ἀλλ’
2669 4718 2839 4772 ἐννόει
2866 4719 2948 4773 ὅτι
2982 4721 3266 4791 ἁφῃρέθης
3300 4724 3415 4777 τῶν
3461 4720 3837 4792 ἁμαρτημάτων

2301 4803 2400 4872 τὴν
2443 4802 2718 4856 ὑπόθεσιν.
2761 4801 2899 4854 Ἀλλ’
2945 4803 3028 4855 ὅτι
3075 4804 3260 4869 οὐσίας
3299 4804 3708 4876 ἀπεστερήθης;
3743 4796 3836 4851 ἀλλ’

2301 4886 2520 4955 ἐκτήσω
2551 4883 2645 4936 τοῦ
2673 4884 2808 4936 θεοῦ
2837 4884 2934 4954 τὴν
2963 4883 3197 4940 εὔνοιαν.
3239 4889 3353 4941 Καὶ
3380 4889 3501 4952 πῶς
3534 4885 3835 4957 ἐκτησάμην.

2302 4969 2495 5038 φησίνς
2537 4963 2671 5020 Εἷπε
2691 5009 2705 5032 ,
2735 4967 2838 5021 Διὰ
2873 4968 3023 5040 [1911
3069 4970 3128 5022 τί
3151 4969 3238 5038 μὴ
3261 4970 3511 5039 μᾶλλον
3541 4967 3837 5024 ὰδικεῖσθεξ

2301 5049 2452 5104 εἶπεν
2483 5051 2563 5103 ὅτι
2603 5051 2700 5104 Ἐν
2721 5053 2898 5104 παντί
2926 5053 3330 5121 εὐχαριστεῖτε
3348 5071 3362 5085 ·
3392 5051 3546 5108 εἶπεν
3567 5055 3646 5107 ὅτι
3675 5043 3840 5104 Μακά-

2291 5152 2411 5204 ριοι
2445 5137 2498 5188 οί
2544 5134 2764 5202 πτωχοὶ
2799 5131 2880 5199 τῷ
2927 5138 3236 5205 πνεύματι.
3288 5139 3499 5190 Ἐννόει
3533 5137 3703 5190 τοίνυν
3734 5133 3840 5194 ὅσης

2300 5217 2511 5279 εὐνοίας
2538 5217 2866 5280 ἀπολαύσεις
2886 5255 2901 5279 ,
2927 5219 3098 5272 ταῦτα
3134 5219 3222 5271 διὰ
3251 5219 3364 5272 τῶν
3397 5220 3578 5290 ἔργων
3611 5213 3841 5278 ἐπιδειξα-

2302 5299 2462 5369 μένη.
2513 5300 2608 5351 Ἐν
2652 5299 2762 5367 γὰρ
2798 5301 2958 5370 μόνον
3000 5303 3244 5370 ζητεῖται
3281 5305 3420 5372 παρ’
3462 5303 3649 5374 ἡμῶν,
3685 5300 3740 5352 τὺ
3769 5295 3840 5348 ἐπὶ

2299 5385 2466 5436 πᾶσιν
2496 5383 2837 5452 εὐχαριστεῖν
2869 5384 2946 5453 τῷ
2972 5384 3091 5453 Θεῷ
3112 5425 3126 5447 ,
3161 5387 3256 5438 καὶ
3288 5387 3475 5440 πάντα
3510 5387 3700 5456 ἔχομεν
3730 5378 3839 5450 μετά

2298 5465 2598 5534 δαψιλείας.
2639 5459 2764 5519 Οἷόν
2792 5483 2846 5518 τι
2889 5465 3031 5535 λέγω
3051 5485 3063 5496 ·
3095 5468 3414 5532 Ἀπὼλεσας
3463 5466 3664 5539 χρυσοῦ
3687 5464 3840 5531 λίτρας

2365 5597 2384 5622 ε
2419 5585 2656 5656 Ροςψιοε
2687 5588 2736 5634 in
2758 5586 2895 5637 Colb.
2919 5585 3081 5643 hiatus
3105 5590 3305 5651 grandis
3329 5597 3412 5638 cst.
3447 5589 3560 5651 plus
3578 5599 3712 5650 quam
3742 5581 3838 5628 dua-

2300 5662 2406 5696 rum
2431 5661 2734 5708 paginarum,

2364 5710 2391 5747 d
2436 5707 2599 5756 [deus
2645 5707 2868 5758 vitiosus.
2899 5711 3200 5771 'Cnnjoctum
3257 5720 3355 5768 est,
3403 5712 3623 5764 τοσούτῳ
3671 5710 3838 5761 (ιινηιῐθθ

2304 5772 2583 5835 κρείττονες)
2607 5771 2862 5833 φροντίδων
2886 5774 3114 5832 μώλωπες
3136 5775 3207 5830 αἱς
3228 5776 3567 5834 μαστιζόμεθα.
