4002 6426
186 343 269 398 H5

175 460 257 511 hoc
288 449 410 506 enim
439 457 539 496 non
570 441 745 497 minus
770 456 928 511 quam
958 442 1255 497 consolatio
1291 444 1574 499 convertit.
1631 445 1691 499 Et

169 542 299 603 simul
322 531 537 593 ostendit
574 530 922 586 differentiam
948 573 964 596 ,
994 540 1048 585 et
1087 532 1403 601 supplicium
1425 576 1440 596 ,
1482 533 1694 601 etjudi-

169 640 282 691 cium
308 630 378 685 eis
402 624 567 694 ponit,
595 632 778 693 utpote
803 638 923 677 cum
953 638 1041 677 res
1069 626 1140 677 sit
1163 623 1461 679 manifesta.
1493 626 1693 692 Quanto

169 724 318 793 magis,
345 714 533 785 inquit,
566 715 749 781 putatis
788 714 1037 767 deteriora
1064 715 1243 767 mereri
1285 717 1534 785 supplicia
1552 718 1577 769 .9
1600 718 1693 771 llic

168 815 270 870 mihi
294 808 482 863 videtur
503 804 663 857 etiam
685 804 935 873 mysteria
964 803 1323 859 subindicare.
1349 806 1547 860 Deinde
1578 808 1693 861 sub-

160 902 304 976 jnngit
325 897 473 952 etiam
501 894 881 955 testimonium,
911 892 1096 947 dicens
1121 912 1135 947 :
1159 894 1249 947 5|.
1282 894 1604 950 florrendum
1624 908 1693 951 est

162 991 349 1048 incidere
374 988 423 1038 in
450 999 629 1037 manus
656 982 756 1036 Dei
779 984 1007 1037 viventis.
1039 984 1128 1038 30.
1158 983 1417 1053 Scriptum
1444 996 1517 1040 est
1537 989 1690 1053 enim,

160 1080 263 1135 Mihi
300 1074 545 1135 vindicta,
588 1080 635 1125 et
674 1087 764 1141 ego
805 1073 1114 1135 retribuam,
1166 1073 1287 1127 dicit
1329 1073 1612 1139 Dominus;
1648 1089 1693 1132 et

166 1186 334 1242 iterum,
358 1173 609 1229 Judicalrit
640 1174 882 1228 Dommus
909 1176 1148 1244 populum
1176 1191 1342 1229 suum.
1376 1174 1690 1237 lncidemus,

165 1272 323 1341 inquit,
349 1269 397 1322 in
427 1282 612 1321 manus
638 1266 867 1331 Domini,
896 1277 949 1321 et
975 1282 1080 1321 non
1107 1268 1158 1319 in
1190 1283 1375 1320 manus
1395 1266 1689 1320 hominum.

160 1363 247 1418 Sed
269 1362 308 1415 si
331 1374 431 1414 non
450 1358 622 1435 agatis
651 1357 1043 1425 paenitentiam.
1071 1357 1123 1410 in
1152 1357 1246 1411 Dei
1270 1370 1461 1410 manus
1491 1355 1693 1409 incide.

161 1458 216 1510 tis
238 1472 251 1509 :
273 1451 386 1506 illud
411 1460 495 1504 est
518 1449 755 1503 terribile
786 1464 802 1501 :
834 1448 935 1503 hoc
961 1449 1093 1502 nihil
1113 1458 1213 1507 est.
1243 1448 1294 1501 in
1318 1461 1506 1501 manus
1523 1447 1694 1500 homi-

158 1562 261 1601 num
281 1542 523 1597 incidere.
544 1540 769 1607 Quando
795 1539 1107 1603 viderimus,
1138 1539 1326 1608 inquit,
1350 1539 1578 1607 aliquem
1605 1537 1691 1590 hie

156 1638 303 1710 puniri
325 1677 339 1698 ,
382 1649 447 1688 ne
496 1635 773 1686 timeamus
801 1631 1084 1699 prmsentia
1105 1669 1121 1691 .
1149 1630 1243 1683 sed
1270 1636 1486 1698 prepter
1511 1627 1687 1681 futura

153 1733 448 1783 horreamus.
488 1724 625 1777 Nam
648 1722 926 1777 secundum
956 1721 1352 1775 misericordiam
1377 1722 1505 1791 ejus,
1528 1722 1601 1773 ita
1640 1730 1689 1773 et

151 1826 213 1877 ira
233 1821 349 1890 ejus,
376 1826 421 1870 rt
466 1833 623 1883 super
648 1825 928 1883 peccatores
954 1816 1219 1884 requiescet
1250 1817 1394 1883 furor
1422 1814 1531 1883 ejus
1554 1812 1682 1883 (Ec-

147 1920 214 1969 rh'.
244 1914 290 1968 5.
321 1913 392 1979 7).
442 1907 619 1963 Simul
644 1908 807 1962 etiam
836 1907 979 1961 aliud
1004 1907 1087 1960 hic
1115 1907 1272 1960 tacite
1298 1905 1484 1959 innuit.
1519 1904 1682 1971 Mihi,

149 2005 307 2074 inquit,
320 1999 561 2062 vindicta,
576 2013 667 2068 ego
687 2007 851 2050 autem
867 1996 1158 2051 retribuam.
1180 1995 1290 2049 lloc
1305 1994 1503 2049 dictum
1520 1994 1684 2049 estde

147 2094 341 2150 inimicis
356 2091 441 2160 qui
464 2090 611 2143 male
637 2089 854 2149 faciunt,
873 2102 979 2140 non
1010 2086 1075 2140 de
1100 2086 1165 2139 iis
1189 2087 1277 2154 qui
1306 2086 1443 2139 male
1469 2085 1684 2153 patiun-

144 2199 228 2241 tur.
256 2184 343 2239 llic
380 2181 548 2236 etiam
579 2195 673 2234 eos
712 2178 1020 2233 consolatur
1038 2176 1222 2230 dicens
1251 2176 1629 2244 propemodum
1662 2194 1678 2231 :

142 2281 370 2347 Perpetuo
400 2281 589 2328 manet
616 2272 756 2326 Deus
794 2280 850 2325 et
879 2271 1007 2323 vivit
1038 2287 1051 2323 :
1083 2270 1427 2338 quamobrem
1473 2268 1680 2322 etiamsi

140 2387 224 2424 non
242 2382 370 2423 nunc
390 2365 720 2434 receperint,
754 2371 939 2432 postea
970 2362 1244 2430 recipient.
1277 2361 1420 2423 Illos,
1451 2376 1555 2413 non
1583 2375 1682 2417 nos

140 2468 311 2531 oportet
345 2456 701 2524 ingemiscere
730 2470 743 2507 :
774 2468 896 2506 nam
928 2467 1024 2505 nos
1064 2451 1277 2516 quidem
1306 2452 1598 2506 incidemus
1628 2454 1679 2505 in

138 2565 295 2604 manus
320 2548 560 2610 illorum,
584 2546 658 2598 illi
685 2555 861 2598 autem
893 2544 944 2596 in
973 2558 1160 2596 manus
1189 2543 1301 2596 Dei.
1326 2542 1508 2611 Neque
1535 2544 1679 2597 enim

136 2642 205 2709 qui
232 2653 405 2708 passus
428 2643 521 2690 est
543 2634 701 2697 male,
732 2633 950 2702 patitur,
979 2632 1073 2686 sed
1098 2632 1185 2700 qui
1216 2632 1370 2695 facit;
1396 2647 1567 2700 neque
1588 2634 1677 2702 qui

136 2730 357 2784 beneficio
372 2736 455 2782 est
470 2727 721 2791 affectus,
740 2723 990 2785 afficitur,
1007 2722 1097 2776 sed
1114 2723 1202 2791 qui
1221 2721 1475 2776 beneficio
1490 2722 1674 2778 afﬁcit.

187 2822 354 2873 Contra
377 2834 567 2871 avaros
605 2826 652 2870 et
693 2816 1018 2884 pecuniarum
1044 2814 1272 2881 cupidos.
1298 2842 1369 2851 —
1398 2813 1520 2867 llmc
1550 2828 1678 2884 ergo

129 2927 226 2965 cum
248 2912 472 2966 sciamus
494 2951 515 2970 ,
552 2908 845 2962 tolerantes
868 2906 1035 2959 simus
1067 2904 1133 2959 ad
1174 2904 1309 2959 male
1334 2906 1637 2973 patiendum
1656 2946 1673 2971 ,

130 3002 324 3071 prompti
354 3000 419 3054 ad
459 2996 936 3053 benefaciendum.
967 2995 1091 3049 Haec
1116 3004 1293 3050 autem
1323 3005 1480 3049 erunt
1505 2997 1548 3051 si
1576 3012 1673 3066 pe-

125 3095 281 3146 ciuiias
305 3091 673 3160 despiciamus
707 3096 762 3142 et
799 3086 1060 3156 gloriam:
1092 3086 1180 3153 qui
1212 3086 1305 3139 has
1337 3085 1498 3139 animi
1542 3085 1672 3140 afl'e-

125 3185 297 3237 ctiones
319 3181 559 3240 exuerit.
584 3180 688 3234 erit
710 3178 958 3233 omnibus
976 3175 1281 3232 hominibus
1302 3176 1597 3241 liberalior,
1619 3185 1674 3231 et

122 3290 174 3327 eo
195 3276 296 3343 ipso
319 3272 409 3342 qui
451 3285 751 3341 purpuram
783 3267 999 3322 indutus
1037 3276 1121 3323 est
1160 3267 1343 3321 ditior.
1376 3266 1491 3320 Non
1523 3267 1672 3321 vides

122 3378 226 3433 quot
246 3366 374 3419 mala
399 3364 541 3418 fianl.
563 3370 781 3431 prepter
808 3360 1100 3429 pecunias?
1130 3374 1233 3413 non
1257 3359 1378 3412 dico
1398 3374 1515 3427 qua:
1541 3360 1673 3411 fiunt

120 3465 305 3524 propter
327 3455 621 3509 avaritiam
647 3462 700 3506 et
736 3451 885 3521 plura
910 3450 1153 3505 habendi
1180 3449 1544 3519 cupiditatem,
1576 3448 1670 3503 sed

121 3563 217 3611 qtae
243 3547 289 3599 in
315 3547 427 3614 ipsa
458 3560 584 3614 qua:
627 3560 688 3597 ex
722 3543 786 3595 iis
821 3541 1026 3597 exsistit
1050 3542 1329 3595 affectione
1355 3558 1367 3593 :
1398 3550 1453 3594 ut
1490 3556 1671 3594 exem-

122 3638 177 3705 pli
196 3652 362 3701 causa,
392 3637 437 3691 si
469 3634 740 3705 quispiam
771 3632 1009 3693 amiserit
1037 3631 1286 3700 pecunias
1307 3670 1321 3693 ,
1350 3631 1478 3683 vivit
1504 3630 1663 3681 vitam

120 3730 278 3795 quavis
312 3737 485 3783 morte
523 3725 850 3797 graviorem.
883 3722 1016 3789 Quid
1047 3722 1232 3787 doles,
1265 3735 1299 3775 o
1327 3721 1507 3784 homo,
1542 3720 1667 3788 quid

121 3818 438 3889 lacrymaris?
480 3816 629 3886 quod
660 3826 709 3869 te
745 3815 887 3869 Deus
921 3829 951 3866 a
992 3826 1382 3881 supervacanea
1431 3810 1670 3864 liberarit

118 3911 364 3964 custodia?
383 3910 533 3978 quod
552 3924 661 3962 non
678 3906 867 3960 sedeas
885 3913 1118 3959 tremens
1134 3914 1185 3958 et
1200 3903 1425 3955 timens?
1444 3901 1666 3967 Deinde,

120 4002 155 4053 si
176 4002 282 4070 quis
312 4012 362 4056 te
401 4000 643 4069 alligarit
670 3998 946 4059 thesauro,
970 3995 1164 4063 jubens
1194 3993 1302 4046 illic
1329 3991 1516 4045 sedere
1547 4006 1669 4060 per-

118 4102 257 4160 petuo
276 4104 327 4147 et
349 4094 578 4162 vigilare
619 4105 714 4159 pro
746 4088 967 4149 alienis,
997 4086 1147 4141 doles
1186 4094 1240 4139 et
1265 4099 1407 4153 aegre
1438 4083 1544 4136 fers
1572 4102 1583 4136 :
1620 4094 1673 4136 tn

119 4194 270 4238 autem
312 4199 432 4239 cum
481 4185 719 4253 teipsum
768 4180 1001 4249 alligaris
1040 4176 1374 4247 gravissimis
1417 4176 1672 4239 vinculis,

118 4277 305 4343 quando
330 4292 357 4330 a
385 4277 656 4331 servitute
696 4274 954 4325 liberatus
984 4285 1061 4334 es,
1088 4269 1275 4322 doles?
1303 4268 1506 4322 Revera
1536 4266 1676 4320 anti-

119 4366 281 4432 onata:
314 4366 593 4434 opinionis
638 4371 761 4415 sunt
795 4361 1012 4413 dolores
1050 4369 1104 4413 et
1142 4358 1327 4427 gaudia
1363 4374 1375 4409 :
1411 4365 1676 4424 tamquam

118 4459 238 4511 enim
263 4459 529 4512 habentes
553 4456 749 4518 aliena,
772 4453 851 4507 sic
875 4464 965 4505 eas
987 4450 1332 4503 custodimus.
1351 4446 1499 4501 Nune
1518 4448 1678 4500 verba

119 4546 227 4599 mihi
250 4548 312 4601 ad
341 4548 628 4600 mulieres.
654 4543 806 4611 Sa‘pe
835 4540 991 4594 habet
1015 4539 1206 4592 mulier
1224 4538 1453 4604 aliquam
1477 4545 1677 4589 vestem

119 4654 171 4690 ex
198 4654 321 4693 auro
345 4644 663 4691 contextam
689 4673 705 4697 ,
740 4641 795 4686 et
820 4646 936 4685 eam
977 4632 1245 4690 concutit,
1287 4628 1394 4681 lino
1424 4626 1679 4689 involvit,

122 4731 385 4799 diligenter
423 4725 697 4788 custodit,
731 4723 797 4777 de
825 4737 885 4775 ea
930 4722 1081 4774 timet
1121 4729 1171 4774 et
1215 4735 1274 4773 ea
1306 4734 1411 4771 non
1453 4717 1679 4771 fruitur:

119 4830 194 4873 aut
222 4821 359 4873 enim
403 4818 667 4878 moritur,
713 4820 805 4866 aut
844 4811 900 4864 fit
938 4810 1125 4874 vidua;
1171 4818 1261 4863 aut
1303 4808 1507 4863 etiamsi
1553 4807 1682 4860 nihil

123 4913 291 4965 horum
321 4911 539 4965 accidat
558 4950 574 4972 ,
607 4908 798 4959 timens
830 4919 896 4957 ne
925 4903 1185 4971 frequenti
1215 4918 1311 4954 usu
1340 4915 1455 4953 eam
1493 4913 1679 4953 consu-

122 5021 285 5065 mens.
316 5006 561 5070 seipSam
592 5000 793 5069 privet;
833 5004 887 5049 et
928 4995 971 5047 si
1012 4994 1147 5048 alius
1177 5009 1280 5046 non
1309 4992 1539 5052 auferat.
1583 4991 1685 5044 seio

123 5109 252 5161 psam
276 5095 449 5163 privat
478 5087 831 5161 pareimonia.
860 5087 928 5138 At
956 5099 1075 5139 eam
1100 5084 1249 5137 alteri
1275 5081 1554 5136 concedit?
1581 5080 1683 5136 Sed

122 5200 276 5254 neque
298 5193 377 5239 est
402 5184 511 5237 hoc
537 5179 761 5235 evidens
784 5194 795 5229 :
825 5176 868 5231 si
892 5183 1066 5229 autem
1095 5172 1441 5238 concesserit,
1466 5186 1526 5226 ea
1552 5185 1686 5239 quo-

123 5291 211 5341 que
238 5287 423 5327 rursus
451 5271 706 5325 similiter
739 5277 938 5321 utetur.
962 5266 1029 5319 Et
1054 5265 1097 5318 si
1123 5264 1398 5332 quisquam
1426 5270 1689 5316 scrutetur

122 5381 173 5418 ea
204 5380 317 5433 qua:
342 5371 473 5417 sunt
497 5362 554 5414 in
586 5360 786 5413 uadibus
806 5398 821 5423 ,
850 5357 1083 5411 inveniet
1107 5364 1286 5408 vestes
1312 5354 1541 5407 maxime
1572 5367 1690 5421 pre-

125 5460 274 5509 liosas
297 5464 352 5507 et
377 5454 484 5506 alia
527 5449 798 5519 exquisita
826 5449 1013 5517 majori
1042 5446 1240 5499 honore
1258 5444 1392 5506 eoli,
1423 5454 1689 5512 tamquam

126 5546 356 5600 dominos
396 5544 714 5597 animatos:
750 5553 922 5608 neque
960 5538 1100 5591 enim
1141 5538 1220 5591 eis
1253 5534 1466 5590 assidue
1505 5534 1687 5597 utitur,

126 5637 207 5688 sed
234 5638 382 5688 timet
405 5642 458 5687 et
483 5632 691 5696 tremit,
717 5630 884 5685 tineas
905 5637 960 5682 et
978 5628 1080 5679 alia
1103 5642 1221 5695 qua:
1242 5625 1415 5679 solent
1434 5624 1692 5678 excedere

127 5725 354 5796 abigens,
382 5733 439 5779 ct
466 5723 624 5794 plura
651 5736 856 5792 ponens
879 5720 931 5773 in
961 5716 1242 5786 unguentis
1267 5726 1318 5772 et
1346 5714 1692 5780 aromatibus,

932 336 997 390 IN
1037 339 1252 394 EPIST.
1296 340 1385 393 AD
1427 338 1784 395 "Enn/EOS.
1823 341 1975 397 CAP.
2012 344 2081 399 Χ.
2123 346 2350 401 llOMlL.
2392 348 2507 403 XX.

3255 350 3352 404 116

1788 455 1959 511 neque
1987 446 2301 538 permittens
2340 452 2589 507 omnibus
2619 462 2675 509 ut
2709 470 2771 511 ea
2810 459 3023 515 illorum
3067 466 3235 522 oculis
3264 484 3356 538 pa-

1787 540 1949 595 teant,
1980 533 2072 587 sed
2115 534 2225 603 ipsa
2256 552 2398 607 saepe
2425 555 2548 596 cum
2583 547 2773 602 marito
2798 565 2859 604 ca
2891 550 3174 624 diligenter
3202 533 3354 612 coin-

1782 636 1984 689 ponens
2010 633 2063 677 et
2092 626 2438 683 concinnatis.

1871 727 1923 781 5.
1956 727 2143 780 Annon
2164 724 2302 795 iure,
2323 724 2409 779 die
2436 725 2587 789 mihi,
2616 726 2975 783 idololatriam
3001 732 3206 785 vocavit
3234 734 3340 787 Pan

1801 816 1885 869 lus
1926 814 2248 869 avaritiam?
2274 814 2441 881 Quem
2477 814 2620 868 enim
2653 816 2728 869 illi
2761 818 3015 874 honorem
3055 822 3361 878 exhibentes

1798 905 1987 969 idolis,
2019 920 2141 959 eum
2172 904 2259 959 isti
2283 920 2493 974 quoque
2521 906 2755 961 vestibus
2779 918 2833 962 et
2855 911 3053 966 aureis.
3083 912 3362 985 Quousque

1796 1010 2008 1049 omnum
2079 1006 2358 1049 movemus
2385 996 2408 1048 ?
2478 1011 2755 1066 quousque
2781 998 2892 1053 luto
2919 1010 2972 1055 et
3001 1002 3252 1060 lateribus
3281 1006 3353 1058 af-

1800 1084 1884 1137 fixi
1913 1097 2125 1137 sumus;
2177 1082 2327 1138 Sicut
2359 1082 2502 1138 enim
2537 1085 2614 1139 illi
2645 1086 2959 1142 laborabant
2989 1090 3362 1163 Egyptiorum

1796 1177 1940 1246 regi,
1971 1176 2041 1231 ita
2075 1176 2235 1230 etiam
2265 1190 2365 1230 nos
2391 1176 2694 1232 laboramus
2719 1178 2951 1242 diabolo.
2981 1192 3034 1237 et
3058 1183 3236 1253 ﬂagris
3260 1202 3344 1240 eae-

1792 1267 1969 1321 diniur
2008 1266 2176 1321 multo
2202 1266 2557 1336 gravioribus.
2597 1268 2664 1322 Et
2700 1284 2769 1323 ne
2807 1285 2904 1340 per
2934 1271 3261 1343 hyperbolen
3312 1275 3361 1328 id

1790 1358 1990 1414 dictum
2015 1367 2172 1428 putes
2199 1375 2214 1416 :
2245 1367 2445 1428 quanto
2473 1359 2616 1413 enim
2644 1361 2820 1415 anima
2863 1373 2947 1416 est
2971 1378 3196 1434 corpore
3229 1382 3360 1433 pra;-

1788 1449 2035 1511 stantior,
2070 1457 2218 1503 tanto
2242 1448 2579 1518 gravioribus
2610 1462 2859 1504 curarum
2896 1452 3156 1506 vibicibus
3182 1454 3360 1523 ﬂagel-

1788 1538 1961 1592 lamur
2001 1537 2270 1607 quotidie,
2313 1537 2562 1593 timemus
2590 1538 2802 1597 solliciti
2828 1549 2883 1595 et
2912 1550 3218 1599 trementes.
3251 1544 3359 1599 Sed

1785 1628 1833 1684 si
1851 1628 2075 1683 velimus
2092 1628 2460 1699 ingemiscere,
2479 1629 2521 1683 si
2544 1629 2770 1685 velimus
2791 1631 2856 1685 ad
2883 1631 3046 1686 Deum
3061 1634 3352 1703 suspicere,

1785 1722 1946 1776 mittit
1968 1720 2035 1775 ad
2056 1735 2153 1776 nos
2179 1735 2285 1775 non
2316 1720 2574 1792 Moysem,
2604 1736 2777 1791 neque
2803 1724 3092 1789 Aaronem,
3120 1724 3213 1779 sed
3238 1740 3356 1780 ver-

1783 1816 1907 1871 bum
1935 1829 2087 1869 suum
2113 1823 2167 1869 et
2181 1814 2666 1883 compunctionem.
2693 1814 2811 1883 Ipse
2831 1815 2992 1885 igitur
3011 1832 3131 1871 cum
3150 1818 3355 1872 venerit

1783 1915 1835 1960 et
1852 1906 2057 1959 animos
2078 1914 2291 1959 nostros
2311 1907 2670 1975 occupaverit,
2697 1907 2941 1961 liberabit
2962 1923 3058 1963 nos
3074 1910 3141 1963 ab
3160 1912 3351 1965 acerba

1782 1998 2073 2063 servitute,
2111 1997 2300 2062 educet
2326 2014 2422 2053 nos
2448 2014 2511 2055 ex
2540 1998 2774 2072 Egypto
2794 2041 2808 2064 ,
2840 2014 2870 2053 a
2898 2000 3074 2055 studio
3104 2002 3270 2055 inutili
3298 2013 3353 2057 et

1782 2090 1972 2145 frustra
1998 2091 2288 2159 laborante,
2317 2098 2372 2145 et
2390 2106 2419 2143 a
2440 2092 2695 2146 Servitute
2717 2108 2835 2163 quae
2860 2094 2989 2147 nihil
3014 2094 3169 2149 habet
3193 2096 3347 2150 lucri.

1781 2183 1953 2250 Atque
1986 2182 2061 2235 illi
2101 2182 2313 2251 quidem
2343 2191 2466 2236 sunt
2492 2184 2691 2251 egressi
2732 2185 2907 2237 aureis
2932 2187 3164 2254 acceptis
3209 2203 3351 2240 mcr-

1779 2273 1907 2325 cede
1934 2271 2301 2327 :edificationis
2329 2290 2342 2325 :
2376 2288 2474 2327 nos
2511 2284 2687 2327 autem
2726 2275 2931 2328 nihilo:
2964 2287 3120 2344 atque
3147 2278 3347 2332 utinam

1778 2361 1975 2415 nihilo!
2024 2376 2164 2415 nunc
2204 2376 2329 2415 vero
2372 2364 2662 2431 accipimus
2702 2380 2806 2417 non
2845 2380 2971 2419 vasa
3010 2381 3203 2432 aurea,
3252 2369 3348 2423 sed

1753 2454 1992 2524 .Aigypti
2021 2453 2180 2517 mala,
2214 2463 2427 2521 peccata
2456 2469 2744 2523 pinnasque
2770 2464 2823 2508 et
2852 2456 3125 2525 supplicia.
3162 2458 3345 2511 Disca-

1778 2561 1896 2599 mus
1922 2547 2079 2614 igitur
2119 2544 2399 2599 utilitatem
2428 2546 2701 2613 accipere,
2747 2546 3012 2601 discamus
3040 2546 3228 2617 injuria
3269 2550 3347 2603 af-

1777 2640 1886 2701 fici;
1929 2638 2029 2690 hoc
2058 2646 2140 2690 est
2174 2636 2460 2691 Christiani
2488 2653 2501 2687 :
2536 2636 2892 2706 despiciamus
2922 2647 3096 2693 vestes
3119 2654 3308 2694 aureas
3328 2683 3344 2707 ,

1774 2728 2131 2797 despiciamus
2158 2728 2437 2795 pecunias,
2469 2742 2536 2781 ne
2560 2738 2794 2781 nostram
2824 2727 3180 2797 deSpiciamns
3207 2733 3348 2785 salu—

1773 2829 1879 2874 tem
1906 2836 1919 2871 :
1954 2818 2311 2887 despiciamus
2332 2818 2606 2889 pecunias.
2641 2828 2697 2873 et
2724 2836 2829 2873 non
2851 2819 3208 2891 despiciamus
3233 2826 3347 2878 ani-

1771 2926 1910 2964 mam
1938 2928 1951 2963 :
1972 2924 2033 2965 ea
2055 2918 2137 2963 est
2156 2909 2297 2963 enim
2319 2924 2438 2978 qua:
2461 2909 2696 2977 punitur,
2722 2925 2783 2963 ea
2805 2922 2887 2964 εει
2907 2927 3026 2981 qua:
3043 2916 3344 2971 cruciatur:

1770 3000 1859 3054 illa
1881 3000 2023 3053 enim
2048 2998 2136 3054 hic
2158 3007 2394 3065 manent,
2419 3013 2481 3053 ea
2501 3012 2629 3052 vero
2654 2998 2781 3054 illuc
2806 2999 2936 3055 abit.
2962 3002 3057 3057 Dic
3078 3004 3227 3063 mihi.
3251 3020 3347 3058 cur

1772 3100 1825 3143 te
1852 3089 2079 3152 laceras.
2110 3099 2164 3144 et
2186 3105 2290 3143 non
2315 3088 2521 3143 sentis?
2549 3086 2672 3141 llzec
2696 3088 2817 3144 dico
2841 3091 3016 3161 avaris
3037 3132 3051 3155 ,
3076 3095 3162 3161 qui
3196 3095 3347 3161 plura

1778 3175 2001 3232 habendi
2031 3179 2274 3232 laborant
2316 3180 2589 3238 aviditate.
2631 3181 2835 3235 Bonum
2862 3191 2945 3237 est
2970 3182 3129 3238 etiam
3170 3185 3235 3239 iis
3262 3182 3347 3237 di-

1776 3282 1899 3323 cere
1935 3269 2022 3336 qui
2052 3268 2119 3322 ab
2149 3270 2322 3323 avaris
2362 3268 2675 3324 fraudantur
2712 3281 2767 3325 et
2808 3272 3345 3328 circumveniuntur:

1779 3355 1911 3411 ferte
1950 3358 2156 3413 fortiter
2191 3358 2512 3413 detrimenta
2553 3361 2703 3415 vobis
2740 3362 2807 3416 ab
2843 3364 3018 3417 avaris
3047 3364 3243 3417 allata:
3273 3364 3347 3418 illi

1777 3446 1981 3514 scipsos
2001 3488 2016 3511 ,
2049 3463 2154 3502 non
2182 3464 2278 3503 vos
2315 3452 2581 3517 perimunt
2607 3468 2619 3502 :
2654 3468 2748 3505 vos
2774 3454 2985 3522 quidem
3012 3456 3221 3522 privant
3249 3470 3344 3523 pc-

1775 3538 1968 3604 cuniis,
1996 3553 2054 3591 se
2083 3548 2259 3592 autem
2292 3539 2379 3592 Dei
2406 3538 2773 3595 benevolentia
2801 3552 2850 3596 et
2882 3544 3080 3599 auxilio
3104 3560 3118 3597 :
3151 3544 3237 3612 qui
3265 3554 3347 3598 est

1774 3640 1949 3682 autem
1991 3630 2075 3683 illa
2108 3630 2365 3696 nudatus,
2407 3632 2617 3687 etiamsi
2664 3635 2823 3688 totius
2852 3636 2998 3690 orbis
3026 3636 3098 3689 sit
3134 3637 3347 3690 divitias

1775 3719 2112 3787 complexus,
2144 3728 2228 3775 est
2266 3722 2499 3775 omnium
2536 3726 2903 3794 pauperrimus
2938 3745 2951 3779 :
2999 3726 3345 3795 quemadmo-

1775 3813 1900 3867 dum
1934 3815 2302 3883 pauperrimus
2339 3815 2576 3869 omninm
2608 3818 2652 3871 si
2683 3818 2825 3872 hunc
2869 3819 3090 3886 habeat,
3121 3828 3205 3873 est
3229 3834 3346 3873 om-

1775 3906 1919 3958 nium
1945 3906 2244 3962 ditissimus
2273 3924 2287 3961 :
2321 3906 2573 3963 Dominus
2605 3910 2779 3976 enim,
2814 3911 3019 3980 inquit,
3047 3913 3208 3978 pascit
3236 3928 3344 3977 me,

1774 4008 1819 4052 et
1850 3999 1978 4053 nihil
2004 4000 2127 4053 mihi
2168 4000 2327 4053 deerit
2355 3998 2526 4069 (Psal.
2552 4002 2643 4055 2’2.
2677 4003 2751 4071 l).
2784 4003 2880 4057 Dic
2907 4003 3035 4057 mihi
3057 4043 3072 4065 ,
3104 4005 3147 4057 si
3174 4004 3346 4057 virum

1777 4090 1972 4144 habeas
1991 4089 2219 4158 aliquem
2244 4106 2491 4159 magnmn
2512 4101 2568 4147 et
2590 4092 2979 4156 admirabilem,
3008 4094 3097 4162 qui
3120 4102 3173 4147 te
3194 4094 3348 4147 valde

1773 4190 1935 4243 amet,
1962 4188 2017 4233 et
2046 4180 2121 4233 tui
2148 4194 2332 4233 curam
2355 4191 2535 4251 gerat;
2565 4182 2759 4236 deinde
2780 4184 2920 4238 scias
2944 4199 3062 4237 eum
3090 4193 3348 4252 perpetuo

1775 4272 2058 4336 victurum,
2088 4286 2188 4326 nec
2231 4280 2356 4325 ante
2404 4280 2457 4325 te
2514 4271 2855 4333 moriturum,
2905 4281 2958 4324 et
3017 4290 3137 4329 enm
3170 4277 3347 4328 omnia

1774 4363 1865 4417 tibi
1890 4362 2260 4432 praebiturum,
2291 4372 2348 4418 ut
2374 4368 2452 4419 eis
2482 4379 2671 4419 secure
2698 4374 2963 4434 tamquam
2993 4367 3096 4421 tuis
3119 4367 3308 4420 fruaris
3333 4385 3345 4417 :

1774 4454 2009 4509 vellesne
2036 4454 2236 4524 aliquid
2266 4454 2586 4525 possidere?
2617 4472 2739 4509 nam
2777 4458 2820 4508 si
2863 4458 3111 4511 omnibus
3154 4458 3347 4511 nudata

1774 4561 1940 4611 esses,
1971 4561 2146 4602 annon
2174 4547 2509 4602 existimares
2539 4558 2589 4602 te
2624 4548 2873 4602 ditiorem
2902 4549 3063 4602 esse?
3092 4548 3199 4602 Cur
3221 4564 3348 4618 ergo

1775 4641 1961 4709 luges?
1987 4641 2127 4710 quod
2159 4656 2262 4695 non
2308 4641 2504 4695 habeas
2545 4639 2837 4709 pecunias?
2874 4639 2967 4693 sed
2994 4640 3165 4708 cogita
3206 4640 3348 4709 quod

1775 4732 1869 4785 tibi
1908 4731 1978 4785 sit
2018 4732 2191 4786 ablata
2224 4741 2564 4801 peccatorum
2594 4731 2828 4784 occasio.
2861 4732 2929 4782 At
2968 4730 3108 4799 quod
3140 4731 3213 4783 sis
3242 4732 3349 4798 pri-

1776 4832 1893 4877 vata
1922 4823 2300 4877 facultatibus?
2327 4822 2419 4876 sed
2444 4821 2768 4890 acquisivisti
2795 4820 2884 4873 Dei
2906 4820 3345 4876 benevolentiam.

1776 4914 1842 4967 Et
1868 4913 2156 4984 quomodo.
2192 4913 2392 4982 inquit,
2429 4912 2719 4981 acquisivi?
2750 4911 2928 4975 Dixit,
2955 4911 3057 4965 Cur
3082 4930 3183 4966 non
3211 4914 3346 4983 inju-

1774 5007 1903 5059 riam
1928 5004 2197 5072 patimini?
2224 5004 2377 5065 dixit,
2416 5001 2479 5054 In
2503 5002 2731 5054 omnibus
2756 5002 2948 5069 gratias
2967 5003 3098 5071 agite
3125 5004 3199 5071 (1.
3229 5003 3345 5057 Cor.

1778 5097 1831 5149 6.
1858 5097 1912 5160 7;
1946 5096 1996 5148 l.
2031 5093 2203 5146 Thess.
2237 5094 2289 5147 5.
2325 5092 2415 5157 l8)
2447 5109 2459 5143 :
2491 5091 2653 5155 dixit,
2700 5091 2842 5144 Beati
2882 5108 3127 5162 pauperes
3169 5094 3350 5164 spiritu

1770 5185 2003 5255 (Matth.
2036 5185 2089 5237 5.
2123 5182 2199 5251 '5).
2242 5182 2425 5251 Cogita
2469 5181 2628 5251 igitur
2652 5192 2848 5251 quanta
2891 5182 3083 5238 frueris
3116 5184 3350 5239 benevo-

1780 5274 1940 5331 lenlia
1961 5313 1976 5340 ,
2005 5274 2053 5327 si
2082 5288 2143 5328 ea
2177 5287 2271 5341 per
2300 5272 2437 5326 facta
2466 5271 2785 5327 ostenderis.
2814 5272 2945 5327 Nam
2980 5291 3139 5329 unum
3178 5276 3351 5329 solum

1780 5366 2036 5437 quaeritur
2059 5380 2088 5418 a
2118 5363 2293 5430 nobis,
2322 5373 2380 5418 ut
2408 5365 2458 5418 in
2487 5363 2736 5418 omnibus
2758 5364 2865 5419 Deo
2891 5380 3107 5435 agamus
3133 5368 3349 5434 gratias,

1783 5466 1836 5512 et
1864 5456 2040 5511 omnia
2073 5454 2385 5509 habebimus
2413 5454 2635 5509 affatim.
2668 5455 2908 5524 Exempli
2944 5470 3130 5517 causa,
3166 5456 3352 5510 Perdi-

1783 5549 1905 5602 disti
1930 5546 2107 5601 decies
2135 5546 2279 5600 mille
2308 5545 2471 5599 libras
2497 5545 2653 5599 auri“!
2678 5546 2956 5601 confestim
2988 5546 3096 5600 Deo
3123 5562 3218 5614 age
3237 5562 3356 5613 gra-

1787 5642 1907 5705 tias,
1940 5648 1995 5694 et
2018 5637 2339 5707 acquisivisti
2371 5637 2573 5691 centies
2596 5636 2741 5691 mille
2767 5636 2927 5690 libras
2954 5651 3048 5705 per
3077 5650 3258 5689 vocem
3290 5635 3349 5686 ii-

1788 5732 1891 5785 lam
1919 5737 1972 5785 et
1998 5728 2287 5799 gratiarum
2330 5729 2614 5784 actionem.
2649 5726 2780 5781 Nam
2824 5726 2908 5781 die
2950 5726 3075 5781 mihi
3098 5768 3112 5794 ,
3144 5726 3354 5797 quando
