4002 6426
661 319 763 373 147

636 447 738 502 Job
776 447 984 501 beatum
1024 432 1376 509 pronuntias?
1403 429 1615 502 quando
1636 428 1821 483 habuit
1847 435 1925 480 tot
1950 423 2205 484 camelos.

638 550 718 594 tot
744 550 934 609 greges
978 541 1031 586 et
1068 539 1149 584 tot
1178 535 1457 589 armenta;
1506 539 1573 577 an
1611 519 1823 591 quando
1852 519 1995 572 illam
2038 515 2215 571 emisit

636 604 861 692 vocem,
874 625 1121 678 Dominus
1149 619 1308 683 dedit,
1338 615 1584 669 Dominus
1609 612 1813 666 abstulit
1841 609 1962 676 (Job
2008 608 2059 661 1.
2086 604 2214 674 2|)?

641 721 847 774 Etenim
874 713 1119 769 diabolus
1147 718 1431 780 propterea
1459 720 1556 759 nos
1583 703 1779 758 damno
1804 700 1995 764 afficit,
2024 712 2129 751 non
2159 705 2216 749 ttt

638 812 842 867 auferat
886 806 1177 877 pecunias;
1227 803 1328 856 scit
1372 799 1514 854 enim
1555 812 1648 850 eas
1689 794 1819 849 nihil
1859 807 2010 854 esse;
2041 790 2133 844 sed
2161 797 2218 842 ut

642 916 734 971 per
750 914 811 953 ea
834 911 933 951 nos
952 904 1108 964 cogat
1129 893 1309 947 dicere
1331 886 1528 957 aliquid
1551 881 1940 953 ltlaspitemum.
1964 880 2036 934 lta
2058 880 2216 933 etiam

643 997 693 1047 in
725 993 879 1045 beato
907 988 1009 1043 Job
1037 1002 1143 1040 non
1178 985 1277 1036 hoc
1309 981 1480 1035 solum
1512 977 1762 1031 studebat
1791 983 1845 1026 ttt
1874 987 1994 1026 cum
2023 971 2221 1023 faceret

646 1097 965 1154 pauperem,
1013 1078 1105 1132 sed
1153 1074 1315 1129 etiam
1364 1080 1419 1125 ut
1464 1068 1768 1124 enuntiaret
1812 1062 2216 1131 blasphemiam.

645 1149 867 1243 Qua—udo
890 1171 1032 1225 enim
1055 1164 1302 1220 omnibus
1332 1176 1452 1215 cum
1479 1157 1739 1222 nudavit,
1768 1155 1889 1208 vide
1912 1152 2037 1222 quid
2064 1151 2111 1204 ei
2133 1149 2219 1203 di—

643 1276 729 1321 cat
763 1280 856 1335 per
896 1274 1112 1316 uxorem
1139 1275 1150 1309 :
1181 1255 1275 1308 Dic
1309 1251 1503 1320 aliquid
1531 1250 1769 1303 adversus
1807 1245 1970 1298 Deum
1991 1284 2005 1309 ,
2037 1252 2082 1295 et
2108 1258 2219 1294 mo-

644 1332 778 1410 rere:
801 1352 994 1422 Atqui,
1029 1366 1060 1401 o
1102 1342 1464 1403 exsecrande.
1505 1355 1627 1394 eum
1672 1334 1915 1406 spoliasti
1950 1332 2219 1387 omnibus.

644 1448 749 1503 Sed
778 1462 882 1501 non
912 1444 976 1497 ad
1009 1442 1128 1503 hoc,
1150 1437 1340 1507 inquit,
1363 1434 1621 1504 ponebam
1644 1428 1878 1484 studium
1909 1444 1922 1480 :
1951 1440 2072 1479 nam
2101 1438 2222 1493 pro-

648 1550 763 1610 pter
788 1535 927 1608 quod
955 1532 1131 1589 omnia
1161 1529 1280 1593 feci,
1302 1527 1352 1580 id
1382 1523 1618 1578 nondum
1648 1519 1875 1584 confeci,
1904 1526 1959 1570 ιιι
1979 1530 2099 1570 eum
2130 1512 2224 1567 Dei

648 1606 900 1685 nntlarem
928 1622 1123 1678 auxilio
1153 1636 1165 1671 :
1192 1625 1472 1689 propterea
1499 1627 1620 1668 eum
1646 1611 1806 1665 etiam
1831 1606 2026 1661 nudavi
2058 1619 2223 1674 pecu-

646 1721 767 1775 niis.
785 1718 897 1773 Iloc
922 1724 1002 1770 est
1029 1711 1169 1783 quod
1194 1708 1349 1771 volo;
1383 1703 1510 1759 illud
1536 1711 1715 1755 autem
1743 1699 1875 1754 nihil
1904 1690 2026 1752 est:
2049 1697 2092 1749 si
2124 1694 2224 1751 hoc

647 1828 751 1866 non
780 1808 953 1871 adsit,
979 1819 1084 1859 non
1111 1802 1281 1856 solum
1311 1798 1456 1853 nulla
1484 1794 1701 1849 aﬁ‘ectus
1749 1798 1834 1845 est
1885 1787 2098 1859 injuria,
2130 1785 2223 1841 sed

645 1903 803 1958 etiam
834 1897 885 1952 id
912 1898 959 1951 ei
990 1892 1207 1965 profuit.

715 1995 768 2047 4.
806 1988 967 2045 Vides
991 1985 1133 2058 quod
1159 1985 1294 2038 sciat
1320 1980 1492 2038 malus
1517 1977 1607 2031 ille
1630 1975 1840 2030 dtemon
1868 1978 2125 2045 quantum
2156 1966 2223 2021 sit

642 2085 758 2153 ejus
777 2083 855 2137 rei
876 2076 1167 2135 damnant?
1189 2074 1312 2129 Ideo
1338 2071 1490 2125 vides
1508 2084 1630 2123 eum
1656 2081 1751 2134 per
1772 2077 1991 2117 uxorem
2014 2071 2223 2115 struere

644 2152 883 2229 insidias.
935 2170 1129 2226 Audite
1175 2173 1439 2235 quotquot
1490 2158 1698 2215 habetis
1742 2169 1938 2209 uxores
1981 2152 2223 2221 pecunia:

644 2274 908 2325 amantes,
936 2271 989 2315 et
1011 2272 1107 2311 vos
1128 2263 1380 2325 cogentes
1408 2252 1459 2306 in
1492 2251 1655 2304 Deum
1686 2244 2057 2313 blaspltemare
2088 2259 2101 2295 :
2133 2256 2222 2295 re-

645 2355 940 2410 cordemini
965 2350 1107 2407 Jobi.
1137 2349 1243 2404 Sed
1270 2345 1549 2400 videamus
1573 2341 1688 2410 ejus
1717 2339 1935 2391 multam
1957 2377 1973 2401 ,
2002 2335 2046 2390 si
2071 2334 2221 2388 vide-

647 2457 755 2511 tur,
784 2440 1247 2500 mansuetudinem
1268 2479 1284 2500 ,
1313 2450 1414 2505 qua
1442 2433 1557 2502 ejus
1584 2446 1646 2485 os
1671 2427 1956 2482 obstruxit.
1991 2425 2110 2489 Cur,
2145 2424 2225 2476 itt-

646 2537 760 2601 quit
783 2577 798 2600 ,
841 2534 976 2588 velut
1016 2547 1119 2584 una
1149 2545 1210 2582 ex
1251 2523 1602 2591 insipientibus
1633 2517 1926 2572 mulieribus
1954 2516 2024 2567 ita
2062 2531 2113 2568 es
2143 2514 2222 2567 lo-

644 2635 803 2691 quuta
832 2625 852 2694 (
869 2625 994 2679 .lob.
1037 2620 1091 2673 2.
1121 2617 1252 2687 10)?
1279 2616 1482 2670 Revera
1513 2611 1851 2677 Corrumpunt
1879 2606 2032 2659 bonos
2064 2618 2224 2656 mores

646 2716 899 2787 colloquia
940 2728 1096 2783 prava
1135 2709 1231 2781 (1.
1279 2706 1397 2762 Cor.
1432 2704 1518 2758 15.
1559 2702 1628 2757 55
1652 2700 1669 2769 )
1696 2715 1715 2773 ⁴ε
1761 2712 1971 2765 semper
2010 2694 2221 2764 quidem

646 2785 814 2875 certe,
845 2806 1076 2861 maxime
1100 2811 1275 2856 autem
1304 2800 1353 2852 in
1378 2791 1800 2853 calamitatibus;
1832 2800 1955 2841 tunc
1974 2787 2061 2855 qui
2086 2785 2224 2839 mala

647 2901 908 2965 suadent,
939 2898 1045 2951 vim
1078 2894 1291 2947 habent.
1322 2888 1453 2943 Nam
1484 2887 1527 2939 si
1567 2884 1779 2938 animus
1802 2897 1867 2935 ex
1908 2894 1967 2934 se
1994 2881 2124 2932 satis
2154 2878 2227 2931 sit

649 2999 924 3061 promptus
940 2988 1005 3042 ad
1027 2982 1441 3054 indignationem
1465 2988 1518 3033 et
1538 2974 1827 3037 fastidium,
1845 2980 2042 3041 quanto
2059 2969 2225 3038 magis

648 3060 859 3151 quando
890 3090 973 3137 est
1013 3079 1170 3134 etiam
1199 3076 1287 3145 qui
1310 3069 1581 3127 consulit?
1611 3080 1786 3120 annon
1814 3063 2125 3119 deturbatttr
2150 3060 2218 3113 ad

648 3174 952 3228 barathrum
966 3170 988 3223 τ
1002 3170 1244 3238 Magnum
1264 3165 1462 3218 bonum
1478 3168 1559 3214 est
1575 3156 1789 3220 mulier,
1811 3155 1948 3209 sicut
1962 3160 2045 3207 est
2064 3153 2224 3206 etiam

644 3271 890 3324 magnum
921 3256 1138 3309 malum.
1171 3256 1232 3309 Et
1260 3255 1381 3309 vide
1420 3254 1685 3306 nndenam
1718 3249 1827 3302 vult
1866 3247 2056 3302 fortem
2100 3260 2223 3300 mu-

643 3361 760 3399 rum
790 3344 1086 3413 perfodere.
1115 3344 1229 3397 Non
1258 3359 1379 3397 eum
1417 3350 1684 3411 expugnat
1723 3336 1960 3407 pecunia:
1981 3336 2221 3401 amissio,

645 3437 775 3491 nihil
806 3451 1054 3505 magnttm
1081 3434 1257 3489 effecit
1286 3434 1389 3488 hoc
1414 3433 1691 3494 damnum,
1719 3429 1812 3484 sed
1841 3428 2034 3482 frustra
2063 3426 2223 3481 etiam

646 3527 968 3596 arguebatur
985 3526 1201 3590 dixisse,
1227 3524 1285 3579 Si
1307 3540 1407 3576 non
1429 3523 1477 3575 in
1506 3521 1686 3593 faciem
1714 3518 1963 3573 benedicet
1985 3517 2070 3569 tibi
2101 3514 2223 3585 (Job

650 3620 701 3671 1.
737 3618 865 3685 11):
899 3616 1021 3671 ideo
1060 3630 1281 3669 uxorem
1322 3624 1506 3667 contra
1552 3626 1674 3665 eum
1714 3614 1905 3661 armat.
1940 3605 2095 3659 Vides
2121 3619 2228 3674 quo

648 3710 921 3780 spirabat?
944 3708 1049 3765 Sed
1082 3708 1211 3762 nihil
1243 3707 1314 3761 illi
1345 3706 1460 3760 btec
1491 3703 1735 3758 machina
1767 3698 1983 3769 profuit.
2016 3697 2072 3752 Si
2101 3686 2246 3766 ergo.

650 3818 747 3856 nos
782 3816 991 3872 quoque
1027 3808 1179 3870 grato
1214 3799 1395 3852 animo
1422 3796 1679 3856 feramus,
1719 3808 1781 3846 ea
1811 3792 1970 3846 etiam
2002 3787 2229 3856 recipio-

652 3906 809 3955 mns;
841 3891 962 3945 etsi
991 3905 1096 3944 non
1126 3887 1518 3957 receperimus,
1548 3884 1720 3953 major
1757 3882 1859 3937 erit
1887 3895 2111 3935 merces.
2141 3880 2229 3935 Sic

654 3986 705 4035 ir.
727 3982 1008 4035 adamante
1038 3980 1128 4034 illo
1157 3981 1349 4032 factum
1376 3986 1458 4031 est
1483 3993 1496 4030 :
1525 3974 1738 4045 quando
1770 3974 1911 4029 enim
1940 3971 2148 4026 fortiter
2176 3982 2230 4025 et

652 4084 870 4127 strenue
891 4071 1208 4133 decertavit,
1246 4079 1369 4123 tunc
1389 4069 1547 4123 etiam
1581 4067 1696 4120 btec
1728 4066 1775 4120 ei
1804 4064 1985 4119 dedit:
2018 4063 2230 4126 quando

1399 312 1453 368 S.
1495 306 1772 367 JOANNIS
1805 295 2273 359 CHRYSOSTOMI
2333 297 2649 354 ABCHIEP.
2686 291 3218 354 CONSTANTiNOP.

3755 284 3830 342 με

2320 399 2556 458 ostendit
2584 404 2821 466 diabolo,
2852 404 3025 474 ipsum
3054 418 3161 457 non
3190 402 3314 458 ideo
3339 401 3502 456 Deum
3528 402 3725 468 colere,
3751 415 3845 461 tunc

2320 493 2571 548 reddidit.
2606 494 2701 547 Est
2734 494 2878 547 enim
2919 492 3224 562 hujusmodi
3255 509 3270 544 :
3310 491 3521 560 quando
3561 493 3738 546 viderit
3775 512 3847 549 nos

2322 600 2425 640 non
2449 600 2569 641 esse
2589 584 2780 639 affixos
2799 586 2864 640 iis
2886 601 3005 655 quze
3028 585 3093 638 ad
3119 585 3255 638 hanc
3275 584 3435 637 vitam
3460 584 3730 652 pertinent,
3755 596 3847 640 tunc

2322 677 2475 732 nobis
2512 692 2573 730 ea
2604 676 2694 730 dat
2724 693 2738 730 :
2771 675 2985 745 quando
3016 675 3209 729 viderit
3239 688 3337 727 nos
3366 673 3621 742 prteferre
3646 674 3839 743 spiritus

2323 768 2411 829 lia,
2439 775 2563 820 tunc
2586 767 2744 820 etiam
2777 765 2978 834 prtehet
3003 765 3270 823 carnalia;
3302 779 3405 816 non
3432 774 3607 818 autem
3632 765 3778 832 prius,
3804 784 3849 820 at

2322 858 2704 924 abrumpamur
2732 871 2762 909 a
2801 855 3187 924 spiritualibus.
3233 853 3397 907 Nobis
3442 854 3603 923 igitur
3645 870 3849 921 parcens,

2324 962 2431 1001 non
2461 947 2551 1001 dat
2575 946 2804 1001 carnalia
2826 986 2842 1009 ,
2871 954 2929 998 ut
2954 946 3035 999 vel
3061 945 3257 997 invitos
3287 944 3354 995 ab
3382 944 3447 996 iis
3475 944 3715 998 abducat.
3734 945 3850 1013 Non,

2323 1038 2521 1104 inquit;
2550 1035 2641 1090 sed
2666 1036 2708 1089 si
2732 1050 3011 1103 accepero,
3036 1035 3274 1103 replcor,
3303 1042 3358 1087 et
3377 1034 3545 1100 magis
3563 1047 3659 1102 ago
3678 1038 3849 1103 gratias.

2323 1129 2537 1183 Falsum
2568 1137 2651 1181 est
2669 1168 2683 1190 ,
2728 1142 2761 1179 o
2799 1128 2960 1180 homo
2988 1144 3003 1181 :
3037 1134 3163 1180 tunc
3196 1126 3338 1178 enim
3365 1138 3425 1177 es
3450 1125 3618 1193 magis
3641 1140 3798 1179 socors
3817 1140 3855 1181 et

2324 1219 2564 1288 ignavus.
2595 1216 2730 1283 Quid
2755 1224 2958 1280 autem,
2989 1217 3180 1285 inquit,
3210 1214 3349 1284 quod
3376 1213 3468 1267 dat
3500 1214 3718 1266 multis?
3742 1214 3854 1270 Unde

2322 1317 2532 1363 constat
2556 1306 2697 1376 quod
2731 1306 2845 1374 ipse
2869 1306 3001 1358 dat?
3041 1304 3146 1360 Sed
3176 1305 3330 1373 quis,
3364 1302 3574 1372 inquit,
3603 1301 3690 1356 dat
3713 1305 3847 1358 alios?

2324 1400 2523 1454 Eorum
2568 1398 2789 1451 avaritia
2834 1406 2889 1452 et
2930 1398 3137 1466 rapina.
3183 1395 3464 1464 Quomodo
3508 1410 3637 1465 ergo
3663 1398 3856 1452 concedit

2323 1492 2439 1546 haec
2468 1491 2615 1545 fieri?
2639 1490 2792 1545 Sicut
2819 1489 3019 1544 easdem
3039 1530 3054 1552 ,
3085 1488 3220 1542 furta
3243 1528 3259 1553 ,
3288 1498 3343 1543 et
3382 1488 3489 1541 vim
3516 1502 3634 1556 qua:
3660 1488 3853 1543 infertur.

2323 1584 2462 1652 Quid
2487 1598 2637 1647 vero,
2662 1582 2852 1651 inquit,
2878 1581 2946 1634 de
2972 1581 3036 1633 iis
3058 1580 3193 1634 dicis
3212 1580 3300 1650 qui
3323 1593 3351 1632 a
3380 1579 3623 1649 patribus
3642 1580 3858 1648 accipiunt

2326 1675 2698 1737 hereditatem,
2727 1673 2827 1742 ipsi
2850 1672 3031 1727 referti
3053 1672 3209 1725 malis
3231 1671 3742 1726 innumerabilibus?
3763 1688 3857 1741 quo-

2324 1765 2504 1831 modo,
2534 1763 2727 1833 inquit,
2755 1763 2882 1816 sinit
2901 1777 2994 1816 eos
3023 1762 3161 1816 Deus
3184 1761 3290 1815 illis
3315 1760 3454 1815 frui?
3485 1762 3639 1815 Sicut
3661 1771 3711 1815 et
3733 1761 3857 1823 fures,

2325 1866 2378 1910 et
2404 1870 2497 1910 eos
2525 1855 2611 1924 qui
2641 1853 2815 1907 caules
2842 1852 3081 1918 faciunt,
3112 1860 3168 1906 et
3194 1862 3420 1906 cancros
3450 1851 3719 1905 maleficos
3746 1869 3757 1903 :
3782 1868 3856 1906 non

2324 1956 2407 2004 est
2430 1946 2574 2002 enim
2604 1962 2743 1999 nunc
2773 1954 2983 2013 tempus
3004 1943 3214 2013 judieii,
3246 1944 3339 1999 sed
3370 1944 3594 2011 optima:
3618 1944 3856 1997 vincimu-

2327 2038 2571 2093 tutionis.
2617 2036 2769 2103 Quod
2813 2045 2992 2089 autem
3033 2034 3143 2103 jam
3189 2033 3329 2097 dixi,
3377 2033 3483 2088 hoc
3515 2048 3720 2103 quoque
3758 2050 3858 2089 nunc

2325 2130 2446 2183 dico
2471 2145 2484 2180 :
2517 2127 2593 2180 illi
2620 2126 2851 2196 majores
2873 2124 3075 2178 dabunt
3101 2138 3304 2193 pinnas,
3329 2124 3551 2192 quando
3576 2125 3728 2178 etiam
3746 2125 3858 2179 bouis

2322 2219 2571 2274 omnibus
2601 2217 2885 2287 perceptis,
2920 2230 2986 2270 ne
3014 2217 3091 2270 sic
3132 2215 3344 2285 quidem
3376 2215 3612 2268 evadant
3643 2214 3857 2269 meliores.

2333 2322 2445 2377 Non
2472 2320 2615 2373 enim
2636 2332 2824 2373 omnes
2843 2314 3093 2371 similiter
3117 2312 3431 2382 punientur,
3459 2309 3560 2365 sed
3584 2309 3629 2367 ii.
3646 2308 3727 2379 qui
3748 2309 3863 2361 etiam

2333 2418 2466 2487 post‘
2497 2416 2714 2478 accepta
2752 2406 3009 2461 beneficia
3041 2402 3166 2458 mali
3210 2409 3466 2464 manent,
3501 2400 3671 2468 magis
3708 2398 3864 2450 crucia.

2334 2500 2567 2565 buntur;
2594 2499 2683 2568 qui
2710 2507 2888 2551 autem
2920 2497 2971 2550 in
3001 2500 3315 2564 paupertate
3334 2532 3348 2555 ,
3382 2505 3493 2545 non
3536 2490 3632 2544 ita.
3654 2488 3783 2555 Quod
3803 2502 3867 2539 au-

2337 2599 2443 2645 tem
2477 2590 2548 2643 ita
2576 2590 2679 2653 sit,
2716 2588 2838 2642 audi
2877 2586 3006 2656 quid
3043 2584 3185 2639 dicat
3215 2582 3395 2637 Davidi
3423 2600 3435 2637 :
3471 2580 3664 2635 Nonne
3690 2580 3787 2631 dedi
3807 2580 3865 2629 tibi

2336 2681 2505 2734 omnia
2534 2680 2725 2733 domini
2752 2680 2825 2731 tui
2853 2677 2931 2749 (2.
2962 2676 3089 2747 Reg.
3115 2674 3201 2729 19..
3234 2673 3289 2745 8)
3311 2673 3335 2726 ?
3361 2671 3597 2739 Quando
3621 2686 3738 2740 ergo
3758 2669 3867 2722 vide.

2340 2792 2362 2829 ιλ
2387 2789 2412 2827 s
2433 2774 2680 2843 juvenem
2707 2774 2909 2841 absque
2936 2768 3207 2824 laboribus
3236 2776 3520 2836 paternam
3550 2762 3870 2830 aceepissehe-

2339 2865 2617 2919 reditatem
2640 2906 2656 2929 ,
2688 2872 2742 2918 et
2774 2861 3034 2916 mansisse
3078 2859 3273 2914 malum
3296 2898 3311 2923 ,
3344 2866 3498 2912 certo
3527 2856 3666 2910 scias
3699 2852 3814 2923 quod
3838 2856 3867 2904 ei

2340 2965 2596 3025 augeatur
2623 2969 2798 3024 paena,
2833 2961 2887 3007 et
2915 2951 3221 3005 intendatur
3244 2948 3539 3003 cruciatus.
3573 2945 3651 3000 Ne
3673 2946 3760 2998 hos
3779 2959 3869 3010 ergo

2341 3046 2677 3110 aemulemur,
2710 3044 2802 3099 sed
2848 3044 2891 3097 si
2941 3041 3203 3112 quispiam
3246 3038 3580 3095 successerit
3616 3036 3808 3091 virtuti.
3839 3034 3869 3086 si

2334 3160 2342 3183 ι
2373 3138 2461 3191 uis
2480 3135 2789 3207 acquisierit
2808 3134 3020 3189 divitias
3040 3131 3344 3202 spirituales
3372 3147 3387 3184 :
3434 3129 3525 3183 Va:
3555 3128 3701 3189 enim,
3727 3126 3868 3193 inquit,

2342 3240 2405 3294 iis
2440 3241 2523 3310 qui
2563 3239 2824 3309 conﬁdunt
2854 3240 2909 3291 in
2947 3236 3051 3290 suis
3088 3234 3310 3299 divitiis;
3340 3240 3428 3294 et,
3471 3228 3622 3282 Bentt
3647 3228 3725 3294 qui
3747 3227 3873 3279 timo;

2347 3334 2625 3387 Dominum
2673 3333 2693 3402 (
2719 3330 2864 3384 Psal.
2895 3329 2983 3384 48.
3015 3327 3065 3382 7.
3094 3336 3142 3380 et
3175 3326 3296 3380 127.
3327 3324 3404 3391 1).
3437 3322 3517 3376 Ex
3563 3320 3775 3389 quibus,
3813 3317 3872 3369 dic

2349 3425 2478 3481 mihi
2502 3470 2516 3491 ,
2545 3432 2625 3479 vis
2655 3425 2809 3480 esse?
2839 3423 2913 3476 Es
2957 3421 3022 3475 iis
3051 3428 3198 3473 certe
3227 3416 3317 3487 qui
3346 3414 3491 3471 beati
3522 3413 3775 3468 dicuntur.
3802 3409 3873 3462 Hos

2350 3535 2477 3589 ergo
2516 3518 2788 3578 tumulare,
2824 3532 2927 3569 non
2957 3514 3106 3577 illos,
3138 3524 3195 3565 ιιι
3227 3510 3385 3564 etiam
3419 3505 3757 3575 consequaris
3779 3502 3872 3554 bona

2352 3627 2472 3682 qua:
2516 3620 2641 3664 sunt
2685 3610 2763 3663 eis
2808 3608 3085 3674 reposita:
3134 3620 3253 3674 qua:
3296 3602 3453 3656 detur
3485 3600 3641 3654 nobis
3685 3595 3875 3651 omnibus

2352 3703 2643 3772 consequi,
2674 3701 2843 3772 gratia
2874 3708 2925 3753 et
2964 3696 3289 3767 benignitate
3334 3692 3551 3746 Domini
3599 3689 3754 3745 nostri
3789 3686 3875 3740 .lesu
3938 3700 3939 3727 ξ

2354 3768 2573 3857 Christi,
2600 3768 2721 3849 cum
2746 3807 2852 3861 quo
2876 3789 3020 3845 Patri
3042 3804 3146 3842 una
3172 3801 3291 3841 cum
3314 3792 3504 3838 saneto
3527 3781 3721 3852 Spiritu
3738 3776 3875 3848 gloria,
3938 3768 3939 3771 “

2358 3887 2667 3956 imperium,
2711 3884 2903 3946 honor,
2937 3893 3077 3934 nunc
3106 3888 3160 3933 et
3184 3890 3421 3946 semper,
3450 3882 3508 3928 et
3538 3872 3593 3927 in
3619 3868 3790 3926 szecula
3812 3880 3875 3919 ςε-

2356 3980 2619 4035 culorum.
2651 3978 2841 4030 Amen.

674 4133 3873 4184 ΝΜ

2074 4228 2404 4290 HOMILIA
2445 4225 2624 4287 XXI.

672 4420 798 4474 Car.
833 4416 919 4472 10.
947 4431 1001 4469 v.
1035 4412 1127 4469 52.
1159 4406 1583 4464 Rcmentoramini
1625 4412 1792 4457 autem
1838 4400 2075 4468 pristinos
2104 4395 2209 4449 dies
2234 4435 2249 4459 ,

743 4512 796 4563 in
831 4508 1006 4577 quibus
1041 4502 1334 4565 illuminati,
1366 4512 1606 4567 magnum
1650 4502 1901 4546 certamen
1948 4484 2253 4543 sustinuistis

739 4574 1029 4672 passionum
1049 4611 1067 4649 :
1089 4595 1178 4649 ⁵55.
1205 4601 1253 4645 et
1279 4590 1332 4644 in
1359 4589 1518 4642 altera
1549 4584 1750 4653 quidem
1775 4578 2060 4651 approbriis
2086 4585 2133 4630 et
2163 4574 2254 4628 tri-

744 4665 1083 4748 bulationibus
1112 4670 1457 4755 spectaculum
1484 4677 1609 4747 facti
1634 4715 1649 4739 ,
1680 4676 1733 4728 in
1756 4674 1914 4726 altero
1940 4679 2104 4723 autent
2131 4665 2254 4730 socii

741 4787 907 4840 taliter
926 4776 1324 4836 concertantium
1352 4769 1535 4837 eﬂ‘ccti.
1565 4768 1654 4820 54.
1684 4764 1822 4818 Nam
1851 4773 1896 4816 et
1921 4761 2097 4815 vinctis
2120 4774 2255 4811 com-

748 4877 883 4947 passi
912 4874 1047 4933 estis,
1073 4880 1117 4923 et
1144 4867 1381 4936 rapinam
1410 4862 1657 4915 bonorum
1685 4864 1961 4908 vestrorum
1990 4866 2105 4905 cum
2133 4865 2258 4919 gau-

751 4969 835 5020 dio
863 4962 1152 5031 suscepistis
1174 5000 1189 5023 ,
1218 4964 1571 5028 cognoscentes
1600 4966 1686 5004 vos
1715 4947 1896 5001 habere
1921 4943 2177 4998 meliorem
2203 4941 2257 4996 in

750 5057 885 5111 caelis
913 5063 958 5106 et
989 5058 1270 5103 manentem
1293 5044 1645 5101 substantiam.

750 5151 804 5204 1.
853 5139 1282 5200 Praestantissimi
1312 5136 1501 5191 medici
1528 5148 1650 5188 cum
1683 5127 2003 5200 profundam
2038 5124 2260 5180 fecerint

678 5241 1017 5299 incisionem,
1043 5243 1097 5289 et
1124 5247 1218 5300 per
1244 5230 1450 5299 plagam
1480 5226 1717 5280 dolorem
1743 5220 2089 5281 intenderint,
2114 5216 2262 5271 labo-

680 5341 884 5387 rantem
918 5328 1090 5380 locum
1125 5320 1466 5375 consolantes
1487 5357 1501 5379 ,
1533 5314 1907 5380 turbatamque
1936 5311 2181 5364 foventes
2208 5315 2263 5361 et

682 5428 995 5479 rccreantes
1022 5415 1251 5468 animam
1270 5451 1285 5476 ,
1318 5424 1423 5464 non
1455 5407 1683 5476 amplius
1710 5404 1867 5458 aliam
1897 5402 2151 5457 exhibent
2180 5400 2261 5454 in-

683 5514 962 5574 cisioncm,
982 5506 1077 5562 sed
1099 5515 1153 5561 et
1174 5504 1349 5558 datam
1374 5500 1590 5555 mitibus
1612 5498 1811 5552 leniunt
1836 5495 2259 5559 medicamentis,

684 5612 739 5660 et
764 5616 882 5672 qua:
908 5597 1113 5653 doloris
1138 5595 1360 5648 multum
1389 5590 1593 5660 possint
1659 5582 1883 5649 admire,
1947 5580 2061 5637 lloc
2132 5598 2264 5653 quo-

684 5708 789 5767 que
812 5694 935 5749 fecit
956 5690 1149 5745 Paulus
1175 5706 1187 5742 :
1213 5701 1333 5740 cum
1356 5698 1542 5741 eorum
1565 5678 1927 5736 concussisset
1951 5677 2178 5739 animos,
2210 5683 2264 5729 et

684 5801 818 5850 facta
860 5789 1131 5847 mentione
1174 5782 1436 5855 gehennm
1463 5796 1556 5840 cos
1588 5777 1993 5848 compunxissct
2019 5784 2072 5831 et
2097 5776 2174 5832 eis
2198 5775 2259 5830 li-

2354 4380 2473 4434 dem
2493 4378 2725 4439 fecisset,
2744 4377 3023 4447 quodcum
3043 4377 3261 4431 omnino
3283 4378 3458 4446 perire
3478 4388 3704 4447 oportet,
3722 4377 3794 4444 qui
3813 4373 3872 4426 Dci

2352 4470 2575 4540 gratiam
2614 4467 2787 4523 affecit
2812 4469 3169 4527 contumelia;
3202 4477 3257 4523 et
3282 4484 3348 4523 ex
3380 4469 3579 4540 Moysis
3604 4469 3783 4539 legibus
3806 4466 3873 4517 hoc

2353 4561 2703 4625 ostendisset,
2732 4558 2872 4630 quod
2902 4560 3008 4613 sint
3035 4560 3281 4629 perituri,
3314 4569 3368 4615 et
3410 4562 3582 4631 magis
3621 4561 3762 4616 etiam
3793 4556 3872 4609 aliis

2353 4654 2685 4723 obsignasset
2716 4653 3036 4707 testimoniis
3055 4694 3070 4717 ,
3100 4660 3154 4706 et
3194 4653 3420 4708 dixisset
3449 4653 3761 4709 horrendum
3790 4663 3872 4703 esse

2355 4745 2591 4801 incidere
2630 4746 2681 4798 in
2731 4760 2920 4799 manus
2966 4745 3057 4798 Dei
3096 4745 3331 4799 viventis
3364 4762 3377 4798 :
3412 4761 3480 4801 ne
3508 4747 3674 4799 tnulto
3702 4753 3815 4798 metu
3838 4743 3869 4793 in

2352 4840 2779 4911 desperationem
2810 4840 3038 4893 adducta
3069 4839 3267 4900 anima,
3299 4839 3486 4895 dolore
3516 4838 3868 4893 absorberetur.

2352 4949 2444 4989 eos
2462 4932 2768 4987 consolatur
2790 4946 2882 5000 per
2903 4931 3085 4985 laudes
3111 4940 3165 4985 et
3189 4930 3638 4995 adhortationem,
3660 4940 3709 4986 et
3730 4930 3791 4983 eis
3807 4926 3870 4978 do-

2352 5026 2627 5082 mesticam
2664 5024 2820 5079 offert
2861 5024 3279 5079 aemulationem.
3311 5022 3723 5077 Rememoramini
3749 5019 3866 5073 enim.

2353 5118 2543 5189 inquit,
2564 5117 2803 5184 pristinos
2826 5117 2952 5180 dies,
2970 5116 3023 5169 in
3045 5117 3225 5183 quibus
3242 5116 3530 5178 illuminati,
3552 5116 3748 5167 multum
3760 5120 3868 5164 ιιτωο

2351 5230 2466 5267 men
2487 5210 2795 5267 sustinuistis
2817 5210 3129 5279 passionum.
3150 5208 3333 5277 Magna
3350 5217 3433 5262 est
3448 5224 3562 5277 qua:
3579 5222 3670 5277 per
3687 5220 3815 5272 opera
3830 5200 3867 5251 ﬁt

2350 5301 2647 5360 consolatio
2669 5319 2682 5355 :
2702 5315 2823 5356 eum
2842 5301 2983 5355 enim
3006 5299 3094 5369 qui
3115 5313 3229 5353 rem
3247 5298 3482 5361 inchoat,
3497 5306 3697 5367 oportet
3712 5306 3865 5365 progre-

2351 5395 2587 5451 dientem
2620 5393 2797 5448 facere
2828 5392 3241 5447 incrementum.
3268 5389 3430 5456 Quasi
3458 5389 3672 5455 diceret,
3696 5381 3864 5452 Quando

2353 5486 2727 5549 initiabamini,
2742 5483 2954 5554 quando
2970 5483 3132 5537 eratis
3148 5482 3269 5537 loco
3283 5471 3864 5550 diseipulorum,'nstendi-

2351 5582 2447 5636 stis
2470 5588 2671 5635 tantam
2693 5576 2857 5631 animi
2885 5574 3236 5639 alacritatem,
3262 5581 3460 5627 tantam
3483 5569 3860 5641 generositatem:

2351 5686 2493 5727 nunc
2516 5679 2693 5725 autem
2713 5682 2818 5721 non
2844 5666 3094 5736 amplius.
3114 5665 3181 5718 Et
3202 5664 3292 5733 qui
3317 5663 3555 5717 hortatur
3572 5661 3665 5720 sic,
3686 5655 3861 5710 maxime

2354 5762 2593 5818 hortatur
2612 5774 2641 5814 a
2661 5756 2990 5815 domesticis.
3017 5755 3083 5810 Et
3102 5754 3242 5822 vide,
3266 5767 3370 5809 non
3395 5754 3560 5808 solum
3579 5749 3717 5813 dixit,
3734 5743 3859 5799 Curta.
