3988 6576
130 370 233 424 H7

127 485 352 557 μυρίας,
400 481 799 554 εὐχαρίστησον
848 482 1054 546 εὐθέως
1098 483 1176 553 τῷ
1222 482 1377 552 Θεῷ,
1426 483 1521 536 καλ⁸
1563 481 1695 535 δέκα

126 567 389 641 μυριάδας
433 565 655 633 ἐκτήσω
696 566 784 618 δια
832 566 932 635 τῆς
974 566 1159 635 φωνῆς
1209 566 1428 634 ἐκείνης
1461 565 1557 616 καὶ⁸
1596 564 1695 632 τῆς

124 649 487 720 εὐχαριστίας.
531 649 668 701 Εἰπὲ
713 647 822 717 γάρ
869 665 995 718 μοι,
1050 650 1181 701 πότε
1234 647 1561 718 μακαρίζεις
1602 646 1695 699 τὸν

136 734 290 800 Ἰὠϐς
322 734 408 786 ὅτε
452 728 567 803 εἶχε
608 732 876 794 τοσαύτας
913 732 1198 802 καμήλους
1226 732 1321 784 καὶ
1366 732 1435 783 τὰ
1467 729 1695 799 ποίμνια

126 819 215 871 καὶ
249 819 317 870 τά
366 817 645 884 βουκόλια,
684 816 717 886 ἢ
751 816 839 869 ὅτε
867 815 1085 885 ἐκείνην
1110 815 1209 885 τὴν
1241 814 1426 885 φωνὴν
1458 816 1691 885 ἀφῆκεν,

134 902 184 953 '0
230 902 441 967 Κύριος
480 900 737 963 ἔδωκεν,
773 901 807 952 ὁ
846 901 1058 965 Κύριος
1084 898 1403 966 (ﬁscellam;
1434 899 1544 952 Καὶ
1586 901 1695 971 γάρ

120 990 146 1038 6
178 984 421 1046 διάϐολος
456 983 545 1035 διὰ
570 983 729 1035 τοῦτο
756 983 906 1051 ἡμᾶς
937 982 1155 1051 ζημιοῖ,
1199 981 1296 1050 οὐχ
1336 982 1421 1033 ἵνα
1455 983 1524 1033 τά
1554 984 1695 1053 χρή.

120 1087 258 1138 ματα
285 1068 447 1137 μόνον
474 1067 778 1135 ἀφέληται·
812 1063 919 1119 οἶδε
948 1067 1057 1136 γάρ
1085 1067 1165 1117 ὃτι
1194 1064 1345 1117 οὐδέν
1368 1066 1517 1119 ἐστιν
1537 1081 1551 1095 ’
1580 1066 1695 1119 ἀλλ’

117 1155 197 1205 ἵνα
223 1152 314 1205 διὰ
339 1151 548 1204 τούτων
570 1150 860 1222 ἀναγκάσῃ
890 1152 1066 1201 εἰπεῖν
1094 1168 1147 1202 τι
1174 1150 1515 1219 βλάσφημον.
1540 1151 1694 1205 Οὐτω

115 1237 203 1287 καὶ
244 1234 343 1286 ἐπὶ
381 1232 478 1286 τοῦ
532 1234 809 1303 μακαρίου
851 1231 970 1285 Ἰὼϐ
1012 1232 1171 1285 τοῦτο
1216 1232 1584 1298 ἐσπούδαζεν,
1631 1236 1693 1288 οὐ

112 1320 320 1389 πένητα
348 1318 516 1371 αὐτὸν
546 1318 772 1386 ποιῆσαι
807 1318 966 1387 μόνον
984 1360 999 1382 ,
1036 1316 1173 1370 ἀλλά
1202 1316 1521 1388 βλάσφημον
1558 1320 1697 1371 ἀποο

112 1401 301 1469 φῆναι.
350 1402 481 1454 Ὅτε
514 1400 647 1469 γοῦν
682 1402 900 1455 πάντων
934 1400 1095 1454 αὐτὸν
1128 1401 1479 1470 ἐγύμνωσεν,
1513 1403 1615 1472 ὅρα
1642 1400 1696 1453 τί

108 1505 242 1559 φησι
272 1488 416 1559 πρὸς
445 1488 611 1540 αὐτὸν
644 1487 734 1539 διὰ
774 1487 873 1557 τῆς
904 1488 1164 1554 γυναικός
1189 1504 1202 1518 ⁶
1235 1488 1423 1543 Ειπόν
1450 1506 1506 1541 τι
1532 1486 1697 1557 ῥῆμα

106 1574 257 1641 πρὸς
293 1573 539 1641 Κύριον,
584 1571 681 1625 καὶ
713 1574 981 1626 τελεύτα.
1016 1573 1230 1636 Καίτοι,
1264 1566 1310 1626 ῶ
1346 1574 1532 1643 μιαρὲ,
1562 1573 1698 1625 πάν-

106 1674 214 1709 των
245 1656 412 1709 αὐτὸν
452 1656 801 1722 ἐγύμνωσας.
847 1655 986 1708 Ἀλλ’
1030 1656 1089 1708 οὐ
1127 1656 1286 1709 τοῦτο
1322 1657 1693 1721 ἐσπούδαζον,

110 1741 275 1808 φησί’
322 1738 390 1792 δι’
431 1739 461 1791 ὃ
512 1737 624 1807 γάρ
674 1740 853 1792 πάντα
903 1739 1170 1809 ἐποίησα,
1219 1740 1433 1793 οὐδέπω
1482 1740 1692 1810 ήνυσαο

111 1823 418 1876 ἐσπούδασα
447 1822 559 1891 γάρ
603 1822 772 1874 αὐτὸν
810 1822 1093 1890 γυμνῶσαι
1137 1823 1237 1892 τῆς
1267 1822 1361 1875 τοῦ
1395 1822 1531 1876 Θεοῦ
1569 1822 1694 1892 βοη-

114 1906 256 1971 θείας
272 1923 285 1935 ·
314 1906 403 1957 δια
424 1903 587 1957 τοῦτο
612 1906 709 1957 καὶ
734 1905 844 1955 τῶν
861 1906 1163 1975 χρημάτων
1185 1905 1500 1975 ἐγύμνωσα.
1526 1906 1696 1959 Τοῦτό

115 1992 256 2042 ἐστιν
313 1989 342 2042 6
385 1988 695 2059 βούλομαι·
744 1989 923 2041 ἐκεῖνο
972 1989 1126 2041 οὐδέν
1183 1990 1373 2042 ἐστιν’
1422 1988 1488 2042 ἂν
1535 1988 1697 2042 τοῦτό

122 2094 205 2144 μοι
235 2075 312 2145 μὴ
357 2076 576 2145 προσῇ,
616 2072 680 2126 οὐ
726 2073 889 2145 μόνον
929 2074 1083 2128 οὐδὲν
1122 2074 1390 2145 ἠδικήθη,
1429 2074 1570 2129 ἀλλά
1601 2074 1696 2128 καὶ

120 2160 386 2231 ὠφελήθη.

182 2288 243 2341 δ’.
259 2288 423 2358 Ὁρᾷς
448 2288 532 2341 ὅτι
564 2284 676 2340 οἵδε
694 2287 788 2339 καὶ
806 2287 834 2340 6
856 2286 1095 2357 πονηρὸς
1118 2285 1329 2355 δαίμων
1346 2287 1573 2351 ἐκεῖνος,
1596 2286 1694 2358 ὅση

122 2370 205 2423 τοῦ
244 2370 574 2441 πράγματός
620 2372 831 2441 ἐστινὴ
867 2368 1079 2440 ζημίας
1114 2371 1212 2423 Διά
1244 2370 1405 2423 τοῦτο
1442 2372 1535 2423 καλ.
1572 2371 1695 2439 βλέ-

125 2474 233 2519 πεις
274 2456 439 2509 αὐτὸν
494 2455 587 2507 διὰ
635 2455 738 2523 τῆς
780 2456 1045 2523 γυναικὸς
1093 2454 1193 2525 τὴν
1252 2456 1548 2527 ἐπιϐουλὴν
1602 2457 1697 2529 ρά-

127 2556 333 2592 πτοντα.
368 2538 778 2600 Ἀκούετε,δσοι
797 2541 1061 2605 γυναῖκας
1088 2540 1279 2609 ἄνδρες
1299 2540 1451 2610 ἔχετε
1478 2558 1583 2610 χρη
1595 2542 1695 2609 μά-

126 2639 219 2674 των
241 2620 475 2691 ἐρὼσας,
509 2622 606 2675 καὶ
630 2620 1047 2688 ἀναγκαζούσας
1071 2624 1214 2691 ὑμᾶς
1236 2623 1576 2692 βλασφημεῖν
1606 2623 1697 2675 τὸν

128 2706 274 2758 Θεόν·
331 2705 722 2775 ἀναμνήσθητε
757 2704 851 2758 τοῦ
907 2703 1047 2759 Ἰὼϐ.
1103 2705 1245 2757 Ἀλλ’
1290 2706 1490 2775 ἴδωμεν
1530 2706 1695 2759 αὐτοῦ

128 2790 211 2858 τὴν
242 2789 476 2860 πολλὴν,
526 2791 575 2841 εί
617 2789 789 2852 δοκεῖ,
844 2790 1149 2842 ἐπιείκειαν
1170 2830 1184 2852 ,
1220 2791 1315 2843 καὶ
1348 2791 1495 2853 ὅπως
1526 2791 1696 2859 αὐτὴν

128 2872 495 2941 ἐπεστόμισεν.
529 2872 665 2925 Ἵνα
692 2872 768 2934 τί,
795 2873 979 2941 φησὶν,
1005 2873 1209 2942 ὥσπερ
1234 2875 1342 2943 μία
1368 2871 1487 2926 τῶν
1512 2874 1695 2942 ἀφρό-

127 2974 234 3009 νων
268 2954 575 3026 γυναικῶν
616 2956 805 3020 οὕτως
840 2957 1196 3025 ἐλάλησας;
1253 2958 1491 3027 Ἀληθῶς
1533 2958 1697 3011 Φθεί-

122 3056 330 3107 ρσυσιν
380 3041 497 3109 ἢθη
540 3041 778 3110 χρηστὰ
825 3043 1049 3110 ὁμιλίαι
1082 3044 1262 3095 κακαί
1283 3058 1299 3071 ⁸
1339 3044 1424 3095 ἀεὶ
1467 3042 1566 3111 μὲν
1608 3037 1701 3094 οὖν

130 3126 433 3196 φθείρουσι,
480 3125 718 3195 μάλιστα
747 3126 803 3177 δὲ
844 3126 934 3177 ἐπὶ
968 3126 1079 3177 τῶν
1114 3126 1414 3196 συμφορῶν
1438 3143 1450 3155 ·
1495 3128 1619 3179 τότε
1652 3129 1700 3180 οί

130 3210 188 3261 τὰ
227 3208 406 3277 φαῦλα
448 3208 850 3278 παραινοῦντες
887 3208 1102 3278 ἔχουσιν
1146 3208 1320 3278 ἰσχύν.
1368 3211 1430 3262 EE
1464 3209 1573 3281 γὰρ
1607 3211 1701 3262 καὶ

132 3293 210 3360 ἀφ’
244 3294 445 3363 ἐαυτῆς
475 3293 508 3361 ή
536 3291 685 3361 ψυχὴ
729 3290 867 3361 πρὸς
909 3292 1351 3362 ἀποδυσπέτησίν
1379 3294 1528 3345 ἐστιν
1559 3292 1702 3345 ἐτοι-

135 3393 242 3444 μος,
282 3378 435 3444 πόσῳ
492 3375 737 3444 μᾶλλον,
788 3374 915 3427 ὅταν
965 3376 1060 3427 καὶ
1110 3376 1138 3428 ό
1190 3375 1581 3446 συμϐουλεύων
1625 3371 1698 3448 ﬁ;

132 3462 241 3529 οόιὶ
268 3462 360 3512 καὶ
378 3460 520 3530 πρὸς
551 3458 823 3529 βάραθρον
843 3457 1094 3523 ῶθεῖται;
1125 3459 1286 3528 Μέγα
1310 3459 1513 3527 ἀγαθὸν
1538 3460 1697 3529 γυνὴ,

134 3543 405 3613 ῶσπεροῦν
444 3544 542 3595 καλ¹
591 3543 761 3596 κακὸν
799 3542 961 3611 μέγα.
1010 3544 1118 3596 Καὶ
1163 3545 1264 3613 δρα
1310 3543 1472 3596 πόθεν
1512 3543 1700 3613 ὀρύξαι

140 3628 185 3678 τὸ
211 3631 387 3697 τεῖχος
420 3627 750 3697 ἐπεχείρησε
777 3627 839 3679 τὸ
867 3626 1105 3697 ἰσχυρόν.
1142 3626 1291 3698 [192]
1338 3626 1560 3697 Ἐπειδὴ
1592 3628 1700 3697 γάρ

140 3713 219 3780 οὺχ
251 3707 394 3765 εἷλεν
442 3712 606 3765 αὐτὸν
638 3714 671 3782 ἡ
711 3711 822 3763 τῶν
871 3712 1174 3783 χρημάτων
1218 3712 1539 3785 ἀφαίρεσις,
1577 3714 1700 3766 οὐδέ

144 3795 267 3861 μέγα
304 3813 354 3847 τι
397 3794 699 3863 είργάσατο
745 3795 1011 3863 ήτούτων
1050 3795 1256 3866 ζημία,
1294 3796 1430 3848 ἀλλά
1471 3796 1565 3848 καὶ
1597 3796 1701 3864 μά-

141 3896 224 3948 την
250 3883 487 3952 ἠλέγχθη
510 3882 700 3936 εἰπών’
730 3878 802 3935 Ἦ
820 3882 948 3951 μὴν
968 3885 1056 3949 εις
1083 3884 1410 3950 πρόσωπόν
1433 3902 1505 3938 σε
1526 3886 1699 3937 εὐλο-

143 3964 318 4030 γιὶσει,
345 3968 433 4019 διὰ.
454 3966 615 4019 τοῦτο
646 3966 923 4033 ἐφοπλίζει
953 3967 1216 4036 αὐτῷτὴν
1247 3969 1502 4035 γυναῖκα.
1537 3969 1699 4038 Ὁρᾷς

138 4049 227 4100 ποῦ
259 4050 546 4115 ἕπνευσεν;
596 4049 736 4102 Ἀλλ’·
779 4049 933 4102 οὐδὲν
971 4049 1121 4119 αὐτῷ
1168 4050 1330 4102 πλέον
1363 4050 1571 4122 ὑπῆρξε
1604 4052 1699 4104 καὶ

137 4134 229 4185 ἀπὸ
254 4134 454 4205 ταύτης
491 4135 595 4205 τῆς
628 4135 898 4204 μηχανῆς.
932 4136 1031 4185 Ἂν
1077 4134 1257 4185 τοίνυν
1289 4134 1385 4187 καὶ
1420 4137 1579 4204 ἡμεῖς
1609 4135 1700 4187 εὐ-

138 4217 390 4285 χαρίστως
431 4218 721 4289 φέρωμεν,
762 4218 857 4270 καὶ
906 4216 1082 4269 ταῦτα
1114 4206 1507 4288 ἀποληψόμεθα
1531 4257 1546 4283 ,
1595 4218 1697 4271 κᾶν

926 363 994 419 IN
1030 364 1253 422 EPIST.
1289 365 1381 419 AD
1420 363 1784 421 “BER/EOS.
1818 365 1972 422 CAP.
2014 366 2080 424 X.
2118 367 2349 425 HOMIL.
2390 368 2528 426 XXI.

3265 371 3368 425 “8

1805 482 1880 552 μὴ
1917 482 2311 554 ἀπολάϐωμεν,
2341 486 2543 555 μείζων
2573 484 2729 539 ἔσται
2760 484 2894 554 ἡμῖν
2921 482 2951 535 6
2981 480 3191 552 μισθός.
3217 483 3375 536 οὕτω

1800 568 1897 619 καὶ
1950 567 2044 620 ἐπὶ
2083 568 2179 620 τοῦ
2224 569 2532 639 ἀδάμαντος
2577 570 2790 623 ἐκείνου
2823 568 3079 637 γέγονεν’
3131 568 3219 619 ὅτε
3271 567 3381 637 γὰρ

1798 648 2000 718 ἧθλησε
2034 650 2331 716 γενναίως,
2376 653 2498 706 τότε
2531 653 2680 723 αὐτῷ
2723 653 2818 705 καὶ
2851 651 3024 705 ταῦτα
3057 650 3340 703 ἀπέδωκεν
3362 665 3375 677 θ

1798 731 1887 783 ὅτε
1923 731 2092 797 ἔδειξε
2115 733 2192 803 τῷ
2217 734 2469 805 διαϐόλῳ,
2502 738 2585 789 ὅτι
2608 736 2669 788 οὐ
2704 737 2794 790 διὰ
2825 732 2999 790 ταῦτα
3024 734 3186 788 αὐτὸν
3212 733 3383 801 θερας

1798 814 1993 878 πεύει,
2046 817 2168 869 τότε
2208 818 2305 871 καὶ
2348 818 2490 872 αὐτά
2532 819 2681 889 αὐτῷ
2733 821 2922 874 ἔδωκε.
2971 818 3227 880 Τοιοῦτος
3270 816 3376 886 γάρ

1797 898 1943 951 ἐστιν
1962 900 1990 951 6
2024 899 2184 963 Θεόςο
2208 901 2337 954 ὅταν
2356 900 2449 973 ἴδῃ
2477 902 2627 971 ἡμᾶς
2660 902 2734 971 μὴ
2768 901 3226 972 προσηλωμένους
3263 903 3377 961 τοῖς

1800 978 2106 1048 βιωτικοῖς,
2159 982 2281 1035 τότε
2334 986 2465 1053 ημῖν
2511 985 2650 1037 αὐτά
2694 984 2944 1037 δίδωσιν·
3007 986 3136 1037 ὅταν
3178 984 3261 1053 ῐδῃ
3312 982 3386 1035 τάι

1797 1066 2144 1133 πνευματικά
2165 1067 2573 1136 προτιμῶντας,
2598 1068 2718 1121 τότε
2746 1068 2842 1120 καὶ¹
2875 1066 2944 1120 τὰ
2970 1067 3208 1137 σαρκικὰ
3237 1083 3382 1135 παρ-

1799 1146 2011 1215 έχεται·
2051 1149 2111 1200 οὐ
2154 1150 2420 1221 πρότερον
2444 1151 2501 1203 δὲ
2541 1150 2779 1213 δίδωσιν,
2813 1151 2901 1203 ἴνα
2935 1150 3008 1218 μὴ
3049 1147 3385 1217 ἀπορραγῶσπ

1800 1246 1899 1299 μεν
1930 1230 2041 1283 τῶν
2089 1233 2496 1302 πνευματικῶν.
2538 1235 2859 1303 Φειδόμενος
2890 1229 2982 1285 οῦν
3013 1233 3172 1301 ἡμῶν
3207 1231 3266 1283 οὐ
3301 1230 3383 1282 δί-

1796 1312 1928 1363 δωσι
1956 1316 2025 1364 τὰ
2049 1316 2312 1383 σαρκικὰ,
2341 1316 2427 1368 ἵνα
2458 1316 2553 1368 καὶ
2584 1317 2819 1378 ἄκοντας
2843 1317 3130 1385 ἀποστήσῃ
3153 1312 3378 1365 τούτων.

1797 1392 1871 1446 Οὒ
1893 1436 1908 1458 ,
1941 1396 2106 1465 φησίν
2129 1413 2143 1427 ⁸
2176 1397 2287 1449 ἀλλ’
2320 1397 2417 1451 ἐὰν
2458 1398 2629 1460 λάϐω,
2661 1398 3033 1468 ἐμπίπλαμαι,
3065 1395 3381 1465 καὶμᾶλλον

1797 1478 2128 1546 εὐχαριστῶ.
2165 1481 2373 1553 Ψεύδῃ,
2423 1475 2468 1536 ὦ
2504 1482 2791 1553 ἄνθρωπε·
2837 1484 2960 1535 τότε
3003 1482 3113 1551 γάρ
3148 1480 3382 1551 μάλιστα

1798 1560 1898 1631 ἐσῃ
1934 1562 2200 1633 ῥᾴθυμος.
2231 1565 2296 1617 Τί
2325 1560 2419 1618 οῦν
2455 1566 2558 1631 ὅτι,
2591 1567 2748 1636 φησὶ,
2778 1567 2993 1630 πολλοῖς
3022 1566 3238 1628 δίδωσις
3268 1564 3377 1618 Καὶ

1798 1642 1961 1696 πόθεν
1991 1645 2170 1715 δῆλον,
2212 1647 2294 1699 δτι
2335 1648 2499 1712 αὐτὸς
2541 1649 2789 1713 δίδωσιν;
2850 1648 3017 1702 Ἀλλά
3053 1648 3157 1711 τίς.
3188 1647 3375 1717 φησὶν,

1796 1724 1981 1795 ἕτερος
2025 1727 2276 1795 δίδωσιν;
2337 1729 2400 1782 ἸΙ
2452 1730 2735 1795 πλεονεξία
2780 1730 2996 1792 αὐτῶν,
3050 1732 3083 1799 ἡ
3131 1730 3379 1801 ἁρπαγή.

1799 1809 1927 1872 Πῶς
1958 1805 2051 1862 οὖν
2090 1816 2365 1885 συγχωρεῖ
2395 1814 2644 1882 γίνεσθαι
2668 1814 2879 1881 ταῦτα;
2922 1815 3135 1884 ’Ὠσπερ
3166 1813 3259 1866 καὶ
3287 1813 3382 1880 φό-

1798 1908 1922 1955 νους
1957 1894 2051 1947 καὶ
2079 1895 2289 1959 κλοπὰς
2325 1897 2421 1950 καὶ
2459 1897 2603 1966 βίας.
2636 1899 2701 1951 Τί
2730 1894 2824 1951 οῦν
2860 1900 3026 1969 ἐρεῖς,
3054 1897 3211 1964 φησὶ.
3243 1896 3382 1966 πρὸς

1798 1976 1925 2038 τοὺς
1947 1977 2012 2029 ἐκ
2043 1980 2293 2047 πατέρων
2324 1980 2739 2051 διαδεχομένους
2765 1982 2987 2052 κλῆρον.
3020 1983 3146 2043 τούς
3171 1982 3382 2051 μυρίων

1798 2060 2068 2127 γέμοντας
2089 2062 2309 2128 κακῶν;
2340 2064 2457 2127 πῶς
2484 2064 2684 2128 αὐτοὺς
2706 2066 2790 2134 ἐᾷ,
2822 2065 3010 2135 φησὶν,
3040 2067 3068 2117 6
3094 2064 3225 2127 Θεὸς
3247 2066 3384 2116 ἀπο-

1797 2141 1980 2195 λαύειν
2008 2143 2247 2210 τούτωνς
2291 2145 2502 2217 Ὠσπερ
2524 2142 2615 2201 οῦν
2649 2148 2742 2200 καὶ
2774 2146 3013 2209 κλέπτας
3040 2146 3257 2216 ἀφίησι,
3288 2146 3382 2198 καὶ

1798 2225 2017 2294 φονέας,
2056 2226 2149 2279 καὶ
2179 2228 2306 2290 τοὺς
2332 2228 2554 2292 λοιποὺς
2587 2230 2931 2300 κακούργους
2950 2246 2965 2260 ο
3002 2230 3063 2281 οὐ
3096 2230 3204 2298 γάρ
3233 2230 3383 2280 ἐστιν

1797 2310 1825 2361 6
1856 2310 2049 2381 καιρὸς
2082 2310 2182 2380 τῆς
2227 2310 2463 2381 κρίσεως
2498 2310 2621 2373 νῦν,
2656 2312 2926 2382 ἀλλά-τῆς
2960 2312 3238 2374 πολιτείας
3280 2311 3383 2380 τῆς

1799 2393 2050 2463 ἀρίστης.
2088 2394 2265 2465 Ὅπερ
2305 2392 2361 2446 δέ
2413 2394 2506 2447 καὶ
2554 2394 2655 2465 ἤδη
2706 2391 2896 2459 εἷπον,
2944 2394 3106 2448 τοῦτο
3145 2396 3238 2449 καὶ
3284 2393 3382 2447 νῦν

1798 2477 1941 2545 λέγω
1962 2495 1975 2508 ’
2020 2478 2102 2530 ὃτι
2146 2477 2367 2546 μείζονα
2397 2478 2628 2531 δώσουσι
2659 2478 2835 2547 δίκην,
2867 2480 2993 2532 ὅταν
3024 2479 3119 2532 καὶ
3161 2478 3382 2531 πάντων

1797 2557 2210 2621 ἀπολαύσαντες
2237 2557 2347 2609 τῶν
2375 2558 2599 2625 ἀγαθῶν
2622 2600 2633 2619 ,
2669 2560 2805 2630 μηδὲ
2839 2558 2983 2611 οὕτω
3021 2558 3266 2628 βελτίους
3297 2557 3384 2625 γί-

1798 2658 2016 2695 νωνται.
2053 2641 2127 2693 Οὐ
2164 2640 2273 2709 γὰρ
2308 2642 2509 2703 πάντες
2534 2640 2753 2710 ὁμοίως
2774 2641 3229 2712 κολασθήσονται,
3264 2639 3381 2693 ἀλλ’

1797 2726 1845 2776 oi
1884 2725 1979 2793 μὲν
2024 2723 2119 2775 καὶ
2156 2723 2296 2793 μετὰ
2350 2724 2450 2792 τῆς
2496 2724 2816 2793 εὐεργεσίας
2871 2725 3156 2793 μείναντες
3187 2723 3379 2785 κακοὶ,

1801 2808 2065 2878 μειζόνως
2099 2808 2578 2877 τιμωρηθήσονται
2605 2825 2618 2838 ·
2661 2809 2710 2860 οί
2753 2808 2809 2861 δέ
2846 2808 2985 2877 μετά
3028 2807 3251 2871 πενίας,
3282 2807 3383 2876 οὐχ

1797 2891 1959 2945 οῦτω.
1992 2892 2103 2944 Καὶ
2138 2893 2219 2945 ὅτι
2247 2892 2406 2944 τοῦτό
2444 2893 2591 2944 ἐστιν
2620 2891 2841 2962 ἀληθὲς,
2874 2893 3107 2946 ἄκουσον
3138 2892 3191 2944 τί
3218 2907 3384 2962 φησιν

1799 2974 1877 3045 τῷ
1917 2974 2108 3026 Δαυῖδ’
2149 2974 2293 3042 Οὐχί
2342 2974 2535 3028 ἔδωκά
2564 2989 2663 3028 σοι
2692 2973 2889 3028 πάντα
2926 2974 2997 3027 τὰ
3033 2974 3139 3028 τοῦ
3172 2976 3383 3042 κυρίου

1801 3074 1949 3120 σονς
1989 3056 2160 3111 Ὅταν
2195 3054 2285 3111 οῦν
2330 3058 2446 3129 ἴδῃς
2486 3057 2607 3111 νέον
2631 3060 2799 3130 χωρὶς
2825 3059 3004 3112 πόνων
3048 3060 3248 3129 κλῆρον
3279 3076 3386 3111 πα-

1806 3140 2109 3211 ραλαϐόντα
2141 3140 2417 3209 πατρῷον,
2444 3142 2536 3193 καὶ
2569 3142 2827 3209 μείναντα
2857 3142 3047 3205 κακὸν,
3076 3136 3135 3194 εὖ
3166 3140 3274 3193 ἴσθι
3301 3141 3384 3193 ὅτι

1802 3224 1834 3293 ἡ
1872 3224 2093 3287 κόλασις
2130 3222 2277 3291 αὐτῷ
2314 3221 2558 3287 αὔξεται,
2598 3224 2691 3276 καὶ
2726 3223 2794 3276 τὰ
2822 3224 2925 3292 τῆς
2954 3224 3225 3294 τιμωρίας
3265 3225 3387 3276 ἐπι.

1801 3308 2053 3360 τείνεται.
2088 3308 2179 3375 Μὴ
2208 3307 2271 3376 δὴ
2296 3307 2518 3368 τούτους
2544 3306 2819 3376 ζηλῶμεν,
2846 3307 2961 3361 ἀλλ’
2988 3306 3041 3358 εἴ
3070 3324 3149 3369 τις
3182 3306 3385 3376 ἀρετὴν

1800 3390 2093 3455 διεδέξατο,
2146 3390 2323 3450 εἴτις
2378 3388 2611 3441 πλοῦτον
2666 3388 3039 3457 πνευματικὸν
3090 3388 3381 3457 ἐκτήσατο.

1804 3473 1947 3526 Οὐαὶ
1991 3472 2131 3540 γὰρ.
2170 3472 2363 3541 φησὶν,
2400 3474 2453 3524 oi
2487 3472 2835 3537 πεποιθότες
2883 3472 2981 3523 ἐπὶ
3028 3469 3107 3535 τῷ
3141 3471 3387 3535 πλούτῳ

1800 3554 2036 3608 αὐτῶν·
2086 3554 2181 3607 καὶ
2225 3554 2420 3606 πάλιν·
2468 3553 2757 3621 Μακάριοι
2792 3556 2845 3607 οἱ
2883 3555 3242 3622 φοϐούμενοι
3281 3554 3388 3607 τὸν

1800 3640 2039 3705 Κύριον.
2078 3639 2253 3690 Τίνων
2284 3636 2463 3707 βούλει
2495 3633 2658 3697 εἶναι,
2704 3637 2824 3689 εἰπέ
2862 3654 2988 3706 μοις
3026 3638 3245 3701 Πάντως
3276 3638 3385 3691 τῶν

1801 3721 1947 3794 [193]
1994 3720 2468 3792 μακαριζομένων.
2505 3721 2741 3784 Τούτους
2778 3718 2871 3775 οῦν
2903 3721 3096 3790 ζήλου,
3133 3722 3209 3790 μὴ
3245 3722 3387 3775 ἐκεί-

1798 3824 1921 3869 νους
1941 3845 1955 3867 ,
1988 3806 2077 3858 ἵνα
2110 3806 2207 3857 καὶ
2246 3804 2353 3857 τῶν
2400 3804 2782 3873 ἀποκειμένων
2813 3804 2999 3865 αὐτοῖς
3032 3804 3201 3875 τύχῃς
3236 3805 3379 3872 ἀγα-

1800 3888 1907 3940 θῶν
1930 3905 1943 3919 ·
1970 3880 2044 3940 ὧν
2071 3888 2282 3955 γένοιτο
2317 3886 2527 3949 πάντας
2567 3888 2600 3956 ἡ
2611 3888 2717 3956 μᾶς
2746 3888 3042 3955 ἐπιτυχεῖν,
3072 3887 3256 3955 χάριτι
3289 3887 3384 3939 καὶ

1799 3969 2182 4041 φιλανθρωπίᾳ
2205 3969 2301 4023 τοῦ
2325 3969 2532 4039 Κυρίου
2558 3969 2718 4039 ήμῶν
2750 3967 2924 4037 Ἰησοῦ
2955 3969 3220 4037 Χριστοῦ,
3255 3956 3386 4039 μεθ’

1798 4050 1858 4108 οῦ
1891 4053 1967 4123 τῷ
2003 4054 2179 4123 Πατρὶ
2213 4054 2329 4122 ἅμα
2358 4053 2436 4122 τῷ
2471 4052 2612 4121 ἁγίῳ
2652 4051 2931 4120 Πνεύματι
2972 4050 3119 4115 δόξα,
3154 4051 3382 4121 κράτος,

1796 4136 1955 4207 τιμὴ,
1989 4136 2082 4190 νῦν
2114 4138 2207 4190 καὶ
2241 4136 2350 4203 ἀεὶ,
2382 4135 2476 4189 καὶ⁸
2501 4137 2579 4197 εἰς
2608 4136 2734 4198 τοὺς
2768 4134 2970 4198 αἰῶνας
3006 4134 3115 4187 τῶν
3141 4134 3375 4189 αἰώνων.

1811 4220 2007 4290 Ἀμήν.
2332 4222 2341 4225 '

1545 4421 1790 4474 ΟΜῙΛΙΑ
1843 4420 1974 4474 KA'.

145 4512 681 4583 Ἀναμιμνήσκεσθε
730 4512 801 4565 δὲ
846 4512 953 4577 τὰς
999 4512 1289 4579 πρότερον
1336 4510 1591 4581 ἡμέρας,
1627 4513 1698 4565 ἐν

190 4580 287 4648 οἷς
317 4580 735 4652 φωτισθέντες,
783 4582 1027 4646 πολλὴν
1048 4583 1312 4647 ἄθλησιν
1344 4580 1698 4652 ὑπεμείνατε

190 4655 578 4722 παθημάτων·
630 4653 809 4705 τοῦτο
855 4653 1003 4720 μὲν,
1059 4653 1424 4722 ὀνειδισμοῖς
1472 4670 1536 4706 τε
1600 4652 1698 4722 καὶ

192 4721 435 4791 θλίψεσι
462 4721 897 4790 θεατριζόμενοι
914 4737 926 4751 ’
958 4722 1137 4776 τοῦτο
1163 4723 1249 4783 δὲ,
1283 4721 1555 4775 κοινωνοί
1582 4721 1699 4774 τῶν

193 4794 376 4859 οὕτως
426 4791 974 4860 ἀναστρεφομένων
1022 4792 1393 4861 γενηθέντες.
1439 4793 1545 4845 Καὶ
1589 4791 1698 4860 γὰρ

196 4864 316 4928 τοῖς
358 4864 633 4930 δεσμίοις
679 4861 1175 4925 συνεπαθήσατε,
1219 4862 1319 4914 καὶ
1358 4862 1473 4928 τὴν
1521 4862 1699 4930 ἁρπα-

198 4934 307 5000 γὴν
328 4932 444 4985 τῶν
466 4934 871 4999 ὑπαρχόντων
898 4932 1069 5001 ὑμῶν
1112 4932 1262 5000 μετὰ
1293 4931 1480 5000 χαρᾶς
1512 4946 1699 4999 προσ-

196 5003 496 5066 εδέξασθε,
518 5002 917 5069 γινώσκοντες
955 5002 1118 5070 ἔχειν
1150 5003 1478 5069 κρείσσονα
1515 5002 1700 5069 ῦπαρ-

201 5074 293 5137 ξιν
324 5072 565 5138 ἑαυτοῖς
597 5072 669 5125 ἐν
700 5070 1009 5139 οὐρανοῖς,
1038 5073 1136 5125 καὶ
1160 5071 1492 5141 μένουσαν.

202 5194 265 5245 α’.
294 5195 354 5247 Οί
392 5194 507 5245 τῶν
543 5192 749 5263 ἰατρῶν
782 5192 1017 5261 ἄριστοι,
1057 5191 1277 5245 ἐπειδάν
1313 5191 1533 5262 βαθεῖαν
1565 5192 1698 5246 δῶσι

148 5278 314 5346 τομὴν,
367 5278 461 5329 καὶ
505 5275 609 5338 τάς
638 5274 941 5345 ἀλγηδόνας
974 5275 1282 5347 ἐπιτείνωσι
1315 5274 1403 5327 διὰ
1438 5278 1537 5345 τῆς
1569 5279 1699 5347 πλη-

152 5358 257 5427 γῆς,
282 5358 772 5432 παραμυθούμενοι
800 5358 862 5410 τὸ
889 5346 1106 5422 πονοῦν,
1134 5360 1227 5411 καὶ
1256 5346 1699 5431 τεθορυϐημένην

157 5444 495 5507 ὰναπαύοντες
544 5443 644 5495 καὶ
676 5441 1055 5511 ἀνακτώμενοι
1088 5444 1185 5515 τήν
1231 5443 1408 5515 ψυχὴν
1435 5483 1451 5508 ,
1504 5445 1699 5515 ἑτέραν

162 5526 309 5579 οὐκέτι
357 5526 698 5598 προσάγουσι
747 5523 943 5596 τομὴν,
991 5526 1125 5579 ἀλλά
1164 5528 1257 5580 καὶ
1310 5529 1407 5595 τὴν
1456 5528 1699 5582 δοθεῖσαν

166 5610 439 5678 φαρμάκοις
472 5609 777 5681 προσηνέσι
808 5609 993 5661 καὶτὸ
1031 5609 1165 5662 πολὺ
1209 5609 1306 5678 τῆς
1345 5609 1537 5679 ὀδύνης
1580 5612 1699 5664 ίκα-

172 5694 251 5755 νοίς
274 5693 572 5761 ἀφανίσαι·
600 5690 1075 5763 παραμυθοῦνται.
1106 5692 1277 5746 Τοῦτο
1310 5694 1404 5747 καὶ
1437 5693 1465 5743 6
1487 5694 1695 5758 Παῦλος

175 5786 474 5897 δὶᾨοςὲο
518 5786 727 5836 verbum
782 5790 995 5845 quatuor
1034 5784 1187 5835 ferme
1224 5783 1508 5848 paginarum
1539 5785 1701 5837 hiatus

254 5862 295 5895 ιιι
434 5887 448 5897 .

254 5862 295 5895 ω
321 5862 448 5897 ωιο.

1803 4511 2052 4581 ἐποίησε,
2104 4511 2439 4576 κατασείσας
2488 4511 2670 4565 αὐτῶν
2701 4512 2798 4576 τὰς
2844 4511 3045 4582 ψυχὰς,
3079 4510 3173 4563 καὶ
3217 4527 3387 4563 κατα-

1802 4593 1968 4660 νύξας
2018 4594 2085 4663 τῇ
2143 4595 2333 4666 μνήμῃ
2376 4595 2480 4665 τῆς
2528 4595 2778 4664 γεέννης,
2834 4596 2930 4648 καὶ
2966 4584 3383 4661 πιστωσάμενος

1803 4679 2022 4742 αὐτοὺς,
2069 4678 2153 4730 ὅτι
2184 4677 2403 4740 πάντως
2436 4677 2517 4730 δεῖ
2561 4677 2863 4730 ἀπολέσθαι
2900 4677 2990 4729 τὸν
3022 4674 3379 4744 ἐνυϐρίσαντα

1804 4762 1884 4824 είς
1904 4761 2003 4831 τὴν
2032 4760 2125 4812 τοῦ
2157 4759 2292 4813 Θεοῦ
2322 4760 2503 4831 χάριν,
2535 4758 2805 4813 καὶτοῦτο
2830 4758 2936 4811 ἀπὸ
2968 4758 3075 4809 τῶν
3106 4756 3384 4829 Μωῦσέως

1803 4844 1981 4909 δείξας
2021 4843 2226 4912 νόμων,
2256 4844 2338 4896 ὅτι
2374 4844 2468 4895 καὶ
2500 4840 2848 4902 ἀπολοῦνται,
2882 4842 2976 4892 καὶ
3010 4838 3272 4908 μειζόνως
3300 4856 3380 4891 τις

1808 4928 2249 5000 μωρηθήσονται,
2270 4929 2361 4979 καὶ
2386 4925 2713 4997 μαρτυρίαις
2735 4926 2952 4993 ἑτέραις
2974 4922 3385 4992 ὲπισφραγίσας

1805 5010 1873 5064 τὰ
1900 5009 2187 5079 εἰρημένα,
2226 5009 2319 5061 καὶ
2377 5007 2569 5069 εἰπὼν,
2618 5006 2851 5072 Φοϐερὸν
2902 5004 2964 5057 τὸ
2994 5006 3258 5074 ἐμπεσεῖν
3300 5006 3383 5066 εἰς

1806 5095 1991 5163 χεῖρας
2019 5091 2152 5143 Θεοῦ
2186 5091 2385 5155 ζῶντος
2408 5107 2421 5120 ο
2449 5089 2589 5142 ὥστε
2624 5089 2699 5159 μὴ
2732 5087 2811 5158 τῷ
2855 5087 3033 5154 πολλῷ
3079 5085 3229 5156 φόϐῳ
3270 5087 3379 5139 ἀπ-

1805 5175 2182 5245 αγορεύσασαν
2221 5173 2319 5243 τὴν
2395 5172 2571 5241 ψυχὴν
2656 5170 3033 5239 καταποθῆναι
3088 5171 3155 5239 τῇ
3209 5168 3376 5241 λύπῃ,

1807 5257 2218 5329 παραμυθεῖται
2268 5256 2467 5317 αὐτοὺς
2516 5254 2604 5307 διὰ
2657 5254 2766 5307 τῶν
2822 5253 3113 5323 ἐγκωμίων
3156 5253 3379 5321 καὶτῆς

1807 5341 2206 5413 παρακλήσεως
2227 5355 2240 5368 ·
2270 5339 2364 5391 καὶ
2391 5339 2481 5391 τὸν
2514 5338 2676 5407 ζῆλον
2707 5336 2924 5389 οἴκοθεν
2939 5337 3121 5396 αὐτοῖς
3148 5334 3380 5403 προσφέ-

1810 5444 1912 5498 ρει.
1957 5423 2516 5493 Ἀναμιμνήσκεσθε
2544 5424 2674 5493 γὰρ,
2716 5420 2873 5492 φησὶ,
2930 5422 3037 5484 τὰς
3090 5419 3381 5485 πρότερον

1807 5509 2051 5577 ἡμέρας,
2084 5505 2235 5578 [194]
2262 5506 2332 5558 ἐν
2364 5501 2459 5571 αἶς
2485 5505 2904 5574 φωτισθέντες,
2936 5504 3094 5555 πολλ
3106 5502 3180 5569 ἡν
3200 5501 3380 5567 60.10-

1808 5609 1912 5647 σιν
1947 5591 2304 5660 ὑπεμείνατε
2365 5587 2750 5657 παθημάτων.
2815 5586 2991 5664 Πολλὴ
3055 5586 3087 5652 ἡ
3136 5585 3224 5637 διὰ
3270 5583 3377 5636 τῶν

1809 5674 1984 5745 ἔργων
2011 5672 2355 5743 παράκλησις
2378 5688 2392 5703 ⁸
2417 5671 2509 5724 τὸν
2537 5673 2645 5741 γὰρ
2689 5669 2993 5741 ἀρχόμενον
3029 5667 3374 5736 πράγματος,

1810 5759 2069 5832 προϊόντα
2101 5756 2391 5809 ἐπιδιδόναι
2414 5756 2538 5826 χρή.
2582 5755 2671 5815 Ὠς
2695 5753 2759 5832 ἂν
2795 5753 2843 5804 εί
2875 5752 3080 5819 ἔλεγεν·
3125 5750 3252 5801 Ὅτε
3285 5750 3373 5832 ἐν-
3464 5754 3474 5767 ·’

1813 5828 2031 5912 ήγεσθε,
2063 5842 2149 5893 ὅτε
2187 5842 2243 5895 ἐν
2264 5838 2416 5902 τάξει
2450 5836 2709 5907 μαθητῶν
2729 5829 2847 5904 ἦτε,
2872 5832 3143 5901 τοσαύτην
3175 5828 3374 5898 προθυο
