  <div class='ocr_page' id='page_1' title='image "/cluster/home/n/w/nwhite01/storage/ocr_20150623/63/hvd.32044013655725/158.png"; bbox 0 0 4002 6426; ppageno 0'>
   <div class='ocr_carea' id='block_1_1' title="bbox 209 246 309 301">
    <p class='ocr_par' dir='ltr' id='par_1_1' title="bbox 209 246 309 301">
     <span class='ocr_line' id='line_1_1' title="bbox 209 246 309 301; baseline 0.03 -3"><span class='ocrx_word' id='word_1_1' title='bbox 209 246 309 301; x_wconf 74' lang='grc' dir='ltr'><strong>ιω</strong></span> 
     </span>
    </p>
   </div>
   <div class='ocr_carea' id='block_1_2' title="bbox 190 348 1773 441">
    <p class='ocr_par' dir='ltr' id='par_1_2' title="bbox 190 348 1773 441">
     <span class='ocr_line' id='line_1_2' title="bbox 190 348 1773 441; baseline 0.028 -49"><span class='ocrx_word' id='word_1_2' title='bbox 190 357 303 441; x_wconf 77' lang='lat' dir='ltr'><strong>men</strong></span> <span class='ocrx_word' id='word_1_3' title='bbox 322 348 650 422; x_wconf 83' lang='lat' dir='ltr'><strong>sustinuistis,</strong></span> <span class='ocrx_word' id='word_1_4' title='bbox 683 358 777 421; x_wconf 85' lang='lat' dir='ltr'><strong>sed</strong></span> <span class='ocrx_word' id='word_1_5' title='bbox 806 360 1030 429; x_wconf 80' lang='lat' dir='ltr'><strong>addidit.</strong></span> <span class='ocrx_word' id='word_1_6' title='bbox 1062 367 1331 440; x_wconf 68' lang='lat' dir='ltr'><strong>Magnum.</strong></span> <span class='ocrx_word' id='word_1_7' title='bbox 1361 373 1468 431; x_wconf 80' lang='lat' dir='ltr'><strong>Nec</strong></span> <span class='ocrx_word' id='word_1_8' title='bbox 1492 375 1627 441; x_wconf 65' lang='lat' dir='ltr'><strong>dixit</strong></span> <span class='ocrx_word' id='word_1_9' title='bbox 1656 387 1773 436; x_wconf 76' lang='lat' dir='ltr'><strong>lett-</strong></span> 
     </span>
    </p>
   </div>
   <div class='ocr_carea' id='block_1_3' title="bbox 190 434 1776 527">
    <p class='ocr_par' dir='ltr' id='par_1_3' title="bbox 190 434 1776 527">
     <span class='ocr_line' id='line_1_3' title="bbox 190 434 1776 527; baseline 0.026 -44"><span class='ocrx_word' id='word_1_10' title='bbox 190 434 444 527; x_wconf 77' lang='lat' dir='ltr'><strong>tationes,</strong></span> <span class='ocrx_word' id='word_1_11' title='bbox 472 442 566 497; x_wconf 92' lang='lat' dir='ltr'><strong>sed</strong></span> <span class='ocrx_word' id='word_1_12' title='bbox 593 456 866 511; x_wconf 78' lang='lat' dir='ltr'><strong>certamen</strong></span> <span class='ocrx_word' id='word_1_13' title='bbox 892 494 907 520; x_wconf 94' lang='lat'><strong>,</strong></span> <span class='ocrx_word' id='word_1_14' title='bbox 938 457 1083 525; x_wconf 90' lang='lat' dir='ltr'><strong>quod</strong></span> <span class='ocrx_word' id='word_1_15' title='bbox 1111 434 1197 516; x_wconf 69' lang='lat' dir='ltr'><strong>est</strong></span> <span class='ocrx_word' id='word_1_16' title='bbox 1226 478 1422 522; x_wconf 80' lang='lat' dir='ltr'><strong>nomen</strong></span> <span class='ocrx_word' id='word_1_17' title='bbox 1466 468 1694 527; x_wconf 80' lang='lat' dir='ltr'><strong>encmnii</strong></span> <span class='ocrx_word' id='word_1_18' title='bbox 1720 478 1776 525; x_wconf 88' lang='lat' dir='ltr'><strong>et</strong></span> 
     </span>
    </p>
   </div>
   <div class='ocr_carea' id='block_1_4' title="bbox 193 521 1774 629">
    <p class='ocr_par' dir='ltr' id='par_1_4' title="bbox 193 521 1774 629">
     <span class='ocr_line' id='line_1_4' title="bbox 193 521 1774 629; baseline 0.026 -53"><span class='ocrx_word' id='word_1_19' title='bbox 193 521 407 625; x_wconf 67' lang='lat' dir='ltr'><strong>laudum</strong></span> <span class='ocrx_word' id='word_1_20' title='bbox 454 535 827 629; x_wconf 73' lang='lat' dir='ltr'><strong>maximarum.</strong></span> <span class='ocrx_word' id='word_1_21' title='bbox 859 521 1060 604; x_wconf 77' lang='lat' dir='ltr'><strong>Deinde</strong></span> <span class='ocrx_word' id='word_1_22' title='bbox 1096 551 1256 608; x_wconf 88' lang='lat' dir='ltr'><strong>etiam</strong></span> <span class='ocrx_word' id='word_1_23' title='bbox 1292 521 1774 629; x_wconf 21' lang='lat' dir='ltr'><strong>recensetﬁsiigilla;</strong></span> 
     </span>
    </p>
   </div>
   <div class='ocr_carea' id='block_1_5' title="bbox 192 614 1768 707">
    <p class='ocr_par' dir='ltr' id='par_1_5' title="bbox 192 614 1768 707">
     <span class='ocr_line' id='line_1_5' title="bbox 192 614 1768 707; baseline 0.023 -41"><span class='ocrx_word' id='word_1_24' title='bbox 192 614 307 707; x_wconf 84' lang='lat' dir='ltr'><strong>tim,</strong></span> <span class='ocrx_word' id='word_1_25' title='bbox 325 621 658 689; x_wconf 83' lang='lat' dir='ltr'><strong>ampliﬁcans</strong></span> <span class='ocrx_word' id='word_1_26' title='bbox 686 634 1004 700; x_wconf 82' lang='lat' dir='ltr'><strong>orationem,</strong></span> <span class='ocrx_word' id='word_1_27' title='bbox 1034 648 1088 692; x_wconf 90' lang='lat' dir='ltr'><strong>et</strong></span> <span class='ocrx_word' id='word_1_28' title='bbox 1110 642 1308 699; x_wconf 86' lang='lat' dir='ltr'><strong>multas</strong></span> <span class='ocrx_word' id='word_1_29' title='bbox 1339 643 1524 703; x_wconf 88' lang='lat' dir='ltr'><strong>laudes</strong></span> <span class='ocrx_word' id='word_1_30' title='bbox 1548 614 1768 707; x_wconf 71' lang='lat' dir='ltr'><strong>addens.</strong></span> 
     </span>
    </p>
   </div>
   <div class='ocr_carea' id='block_1_6' title="bbox 187 706 1775 801">
    <p class='ocr_par' dir='ltr' id='par_1_6' title="bbox 187 706 1775 801">
     <span class='ocr_line' id='line_1_6' title="bbox 187 706 1775 801; baseline 0.021 -43"><span class='ocrx_word' id='word_1_31' title='bbox 187 706 513 801; x_wconf 79' lang='lat' dir='ltr'><strong>Quomodo?</strong></span> <span class='ocrx_word' id='word_1_32' title='bbox 545 712 610 768; x_wconf 86' lang='lat' dir='ltr'><strong>Et</strong></span> <span class='ocrx_word' id='word_1_33' title='bbox 640 718 691 770; x_wconf 89' lang='lat' dir='ltr'><strong>in</strong></span> <span class='ocrx_word' id='word_1_34' title='bbox 722 721 882 775; x_wconf 85' lang='lat' dir='ltr'><strong>altero</strong></span> <span class='ocrx_word' id='word_1_35' title='bbox 922 728 1126 794; x_wconf 79' lang='lat' dir='ltr'><strong>quidem</strong></span> <span class='ocrx_word' id='word_1_36' title='bbox 1164 733 1453 801; x_wconf 79' lang='lat' dir='ltr'><strong>opprobriis</strong></span> <span class='ocrx_word' id='word_1_37' title='bbox 1480 745 1527 793; x_wconf 85' lang='lat' dir='ltr'><strong>et</strong></span> <span class='ocrx_word' id='word_1_38' title='bbox 1558 737 1775 797; x_wconf 84' lang='lat' dir='ltr'><strong>tribula-</strong></span> 
     </span>
    </p>
   </div>
   <div class='ocr_carea' id='block_1_7' title="bbox 188 800 1773 905">
    <p class='ocr_par' dir='ltr' id='par_1_7' title="bbox 188 800 1773 897">
     <span class='ocr_line' id='line_1_7' title="bbox 188 800 1773 897; baseline 0.023 -50"><span class='ocrx_word' id='word_1_39' title='bbox 188 800 406 853; x_wconf 82' lang='lat' dir='ltr'><strong>tionibus</strong></span> <span class='ocrx_word' id='word_1_40' title='bbox 434 809 775 872; x_wconf 83' lang='lat' dir='ltr'><strong>spectaculum</strong></span> <span class='ocrx_word' id='word_1_41' title='bbox 800 817 944 881; x_wconf 79' lang='lat' dir='ltr'><strong>facti.</strong></span> <span class='ocrx_word' id='word_1_42' title='bbox 972 816 1157 889; x_wconf 76' lang='lat' dir='ltr'><strong>Magna</strong></span> <span class='ocrx_word' id='word_1_43' title='bbox 1190 800 1333 881; x_wconf 82' lang='lat' dir='ltr'><strong>enim</strong></span> <span class='ocrx_word' id='word_1_44' title='bbox 1357 840 1445 880; x_wconf 85' lang='lat' dir='ltr'><strong>res</strong></span> <span class='ocrx_word' id='word_1_45' title='bbox 1472 835 1555 885; x_wconf 84' lang='lat' dir='ltr'><strong>est</strong></span> <span class='ocrx_word' id='word_1_46' title='bbox 1577 842 1773 897; x_wconf 88' lang='lat' dir='ltr'><strong>oppro-</strong></span> 
     </span>
    </p>
   </div>
   <div class='ocr_carea' id='block_1_8' title="bbox 191 889 1773 989">
    <p class='ocr_par' dir='ltr' id='par_1_8' title="bbox 191 889 1773 989">
     <span class='ocr_line' id='line_1_8' title="bbox 191 889 1773 989; baseline 0.025 -50"><span class='ocrx_word' id='word_1_47' title='bbox 191 889 387 953; x_wconf 85' lang='lat' dir='ltr'><strong>brium,</strong></span> <span class='ocrx_word' id='word_1_48' title='bbox 409 901 464 947; x_wconf 90' lang='lat' dir='ltr'><strong>et</strong></span> <span class='ocrx_word' id='word_1_49' title='bbox 488 896 761 956; x_wconf 81' lang='lat' dir='ltr'><strong>sufﬁciens</strong></span> <span class='ocrx_word' id='word_1_50' title='bbox 782 905 845 958; x_wconf 89' lang='lat' dir='ltr'><strong>ad</strong></span> <span class='ocrx_word' id='word_1_51' title='bbox 868 921 961 961; x_wconf 88' lang='lat' dir='ltr'><strong>cor</strong></span> <span class='ocrx_word' id='word_1_52' title='bbox 975 912 1338 989; x_wconf 78' lang='lat' dir='ltr'><strong>pungendum,</strong></span> <span class='ocrx_word' id='word_1_53' title='bbox 1362 902 1773 985; x_wconf 19' lang='lat' dir='ltr'><strong>perverten‘dum</strong></span> 
     </span>
    </p>
   </div>
   <div class='ocr_carea' id='block_1_9' title="bbox 188 980 1773 1071">
    <p class='ocr_par' dir='ltr' id='par_1_9' title="bbox 188 980 1773 1071">
     <span class='ocr_line' id='line_1_9' title="bbox 188 980 1773 1071; baseline 0.025 -41"><span class='ocrx_word' id='word_1_54' title='bbox 188 980 453 1071; x_wconf 79' lang='lat' dir='ltr'><strong>animum,</strong></span> <span class='ocrx_word' id='word_1_55' title='bbox 484 998 537 1042; x_wconf 91' lang='lat' dir='ltr'><strong>et</strong></span> <span class='ocrx_word' id='word_1_56' title='bbox 564 990 630 1045; x_wconf 90' lang='lat' dir='ltr'><strong>ad</strong></span> <span class='ocrx_word' id='word_1_57' title='bbox 678 996 870 1057; x_wconf 81' lang='lat' dir='ltr'><strong>rationi</strong></span> <span class='ocrx_word' id='word_1_58' title='bbox 920 980 1274 1063; x_wconf 69' lang='lat' dir='ltr'><strong>effundendus</strong></span> <span class='ocrx_word' id='word_1_59' title='bbox 1324 980 1575 1067; x_wconf 72' lang='lat' dir='ltr'><strong>tenebras</strong></span> <span class='ocrx_word' id='word_1_60' title='bbox 1608 1030 1623 1067; x_wconf 90' lang='lat'><strong>:</strong></span> <span class='ocrx_word' id='word_1_61' title='bbox 1651 1014 1773 1071; x_wconf 86' lang='lat' dir='ltr'><strong>audi</strong></span> 
     </span>
    </p>
   </div>
   <div class='ocr_carea' id='block_1_10' title="bbox 186 1070 1777 1173">
    <p class='ocr_par' dir='ltr' id='par_1_10' title="bbox 186 1070 1777 1173">
     <span class='ocr_line' id='line_1_10' title="bbox 186 1070 1777 1173; baseline 0.025 -53"><span class='ocrx_word' id='word_1_62' title='bbox 186 1070 330 1124; x_wconf 74' lang='lat' dir='ltr'><strong>enim</strong></span> <span class='ocrx_word' id='word_1_63' title='bbox 378 1076 502 1153; x_wconf 86' lang='lat' dir='ltr'><strong>quid</strong></span> <span class='ocrx_word' id='word_1_64' title='bbox 542 1079 684 1136; x_wconf 86' lang='lat' dir='ltr'><strong>dicat</strong></span> <span class='ocrx_word' id='word_1_65' title='bbox 716 1088 972 1159; x_wconf 76' lang='lat' dir='ltr'><strong>propheta</strong></span> <span class='ocrx_word' id='word_1_66' title='bbox 993 1133 1007 1155; x_wconf 92' lang='lat'><strong>,</strong></span> <span class='ocrx_word' id='word_1_67' title='bbox 1045 1092 1221 1151; x_wconf 74' lang='lat' dir='ltr'><strong>Facta:</strong></span> <span class='ocrx_word' id='word_1_68' title='bbox 1247 1110 1363 1155; x_wconf 83' lang='lat' dir='ltr'><strong>sunt</strong></span> <span class='ocrx_word' id='word_1_69' title='bbox 1389 1101 1514 1155; x_wconf 83' lang='lat' dir='ltr'><strong>mihi</strong></span> <span class='ocrx_word' id='word_1_70' title='bbox 1538 1103 1777 1173; x_wconf 73' lang='lat' dir='ltr'><strong>lacrymat</strong></span> 
     </span>
    </p>
   </div>
   <div class='ocr_carea' id='block_1_11' title="bbox 185 1165 1776 1265">
    <p class='ocr_par' dir='ltr' id='par_1_11' title="bbox 185 1165 1776 1265">
     <span class='ocr_line' id='line_1_11' title="bbox 185 1165 1776 1265; baseline 0.024 -53"><span class='ocrx_word' id='word_1_71' title='bbox 185 1165 334 1231; x_wconf 77' lang='lat' dir='ltr'><strong>panis</strong></span> <span class='ocrx_word' id='word_1_72' title='bbox 361 1166 442 1220; x_wconf 83' lang='lat' dir='ltr'><strong>die</strong></span> <span class='ocrx_word' id='word_1_73' title='bbox 467 1186 527 1221; x_wconf 90' lang='lat' dir='ltr'><strong>ac</strong></span> <span class='ocrx_word' id='word_1_74' title='bbox 553 1185 717 1241; x_wconf 85' lang='lat' dir='ltr'><strong>nocte,</strong></span> <span class='ocrx_word' id='word_1_75' title='bbox 746 1177 868 1233; x_wconf 87' lang='lat' dir='ltr'><strong>dum</strong></span> <span class='ocrx_word' id='word_1_76' title='bbox 912 1182 1099 1237; x_wconf 85' lang='lat' dir='ltr'><strong>dicitur</strong></span> <span class='ocrx_word' id='word_1_77' title='bbox 1140 1189 1265 1242; x_wconf 86' lang='lat' dir='ltr'><strong>mihi</strong></span> <span class='ocrx_word' id='word_1_78' title='bbox 1302 1193 1546 1265; x_wconf 74' lang='lat' dir='ltr'><strong>quotidie,</strong></span> <span class='ocrx_word' id='word_1_79' title='bbox 1581 1194 1678 1250; x_wconf 88' lang='lat' dir='ltr'><strong>Ubi</strong></span> <span class='ocrx_word' id='word_1_80' title='bbox 1703 1208 1776 1250; x_wconf 86' lang='lat' dir='ltr'><strong>est</strong></span> 
     </span>
    </p>
   </div>
   <div class='ocr_carea' id='block_1_12' title="bbox 183 1252 1776 1345">
    <p class='ocr_par' dir='ltr' id='par_1_12' title="bbox 183 1252 1776 1345">
     <span class='ocr_line' id='line_1_12' title="bbox 183 1252 1776 1345; baseline 0.025 -41"><span class='ocrx_word' id='word_1_81' title='bbox 183 1252 325 1308; x_wconf 79' lang='lat' dir='ltr'><strong>Deus</strong></span> <span class='ocrx_word' id='word_1_82' title='bbox 352 1268 468 1313; x_wconf 86' lang='lat' dir='ltr'><strong>tuus</strong></span> <span class='ocrx_word' id='word_1_83' title='bbox 497 1261 515 1332; x_wconf 92' lang='lat'>(</span> <span class='ocrx_word' id='word_1_84' title='bbox 539 1261 684 1323; x_wconf 82' lang='lat' dir='ltr'><strong>Psal.</strong></span> <span class='ocrx_word' id='word_1_85' title='bbox 722 1270 810 1324; x_wconf 70' lang='grc'><strong>41.</strong></span> <span class='ocrx_word' id='word_1_86' title='bbox 860 1274 959 1343; x_wconf 75' lang='grc'><strong>4)⁴2</strong></span> <span class='ocrx_word' id='word_1_87' title='bbox 986 1284 1038 1331; x_wconf 91' lang='lat' dir='ltr'><strong>et</strong></span> <span class='ocrx_word' id='word_1_88' title='bbox 1064 1294 1271 1345; x_wconf 90' lang='lat' dir='ltr'><strong>rursus,</strong></span> <span class='ocrx_word' id='word_1_89' title='bbox 1394 1252 1627 1343; x_wconf 74' lang='lat' dir='ltr'><strong>inimicus</strong></span> <span class='ocrx_word' id='word_1_90' title='bbox 1652 1290 1776 1344; x_wconf 85' lang='lat' dir='ltr'><strong>mihi</strong></span> 
     </span>
    </p>
   </div>
   <div class='ocr_carea' id='block_1_13' title="bbox 180 1350 1776 1448">
    <p class='ocr_par' dir='ltr' id='par_1_13' title="bbox 180 1350 1776 1448">
     <span class='ocr_line' id='line_1_13' title="bbox 180 1350 1776 1448; baseline 0.025 -52"><span class='ocrx_word' id='word_1_91' title='bbox 180 1350 549 1445; x_wconf 55' lang='lat' dir='ltr'><strong>asprobrasset,</strong></span> <span class='ocrx_word' id='word_1_92' title='bbox 576 1359 928 1425; x_wconf 61' lang='lat' dir='ltr'><strong>sustinuisnm</strong></span> <span class='ocrx_word' id='word_1_93' title='bbox 956 1368 1123 1436; x_wconf 79' lang='lat' dir='ltr'><strong>utique</strong></span> <span class='ocrx_word' id='word_1_94' title='bbox 1152 1371 1168 1441; x_wconf 89' lang='lat'>(</span> <span class='ocrx_word' id='word_1_95' title='bbox 1194 1370 1338 1433; x_wconf 81' lang='lat' dir='ltr'><strong>Psal.</strong></span> <span class='ocrx_word' id='word_1_96' title='bbox 1367 1375 1459 1433; x_wconf 65' lang='grc'><strong>54.</strong></span> <span class='ocrx_word' id='word_1_97' title='bbox 1491 1376 1612 1448; x_wconf 78' lang='grc'><strong>15).</strong></span> <span class='ocrx_word' id='word_1_98' title='bbox 1634 1377 1776 1447; x_wconf 88' lang='lat' dir='ltr'><strong>Quo-</strong></span> 
     </span>
    </p>
   </div>
   <div class='ocr_carea' id='block_1_14' title="bbox 181 1436 1776 1535">
    <p class='ocr_par' dir='ltr' id='par_1_14' title="bbox 181 1436 1776 1535">
     <span class='ocr_line' id='line_1_14' title="bbox 181 1436 1776 1535; baseline 0.024 -47"><span class='ocrx_word' id='word_1_99' title='bbox 181 1436 329 1491; x_wconf 84' lang='lat' dir='ltr'><strong>niam</strong></span> <span class='ocrx_word' id='word_1_100' title='bbox 365 1443 505 1495; x_wconf 87' lang='lat' dir='ltr'><strong>enim</strong></span> <span class='ocrx_word' id='word_1_101' title='bbox 541 1444 713 1501; x_wconf 88' lang='lat' dir='ltr'><strong>inanis</strong></span> <span class='ocrx_word' id='word_1_102' title='bbox 734 1451 920 1520; x_wconf 74' lang='lat' dir='ltr'><strong>gloriae</strong></span> <span class='ocrx_word' id='word_1_103' title='bbox 948 1471 1130 1513; x_wconf 87' lang='lat' dir='ltr'><strong>amore</strong></span> <span class='ocrx_word' id='word_1_104' title='bbox 1157 1460 1363 1523; x_wconf 87' lang='lat' dir='ltr'><strong>laborat</strong></span> <span class='ocrx_word' id='word_1_105' title='bbox 1386 1480 1554 1535; x_wconf 81' lang='lat' dir='ltr'><strong>genus</strong></span> <span class='ocrx_word' id='word_1_106' title='bbox 1583 1467 1776 1524; x_wconf 86' lang='lat' dir='ltr'><strong>huma-</strong></span> 
     </span>
    </p>
   </div>
   <div class='ocr_carea' id='block_1_15' title="bbox 176 1542 1777 1627">
    <p class='ocr_par' dir='ltr' id='par_1_15' title="bbox 176 1542 1777 1627">
     <span class='ocr_line' id='line_1_15' title="bbox 176 1542 1777 1627; baseline 0.026 -48"><span class='ocrx_word' id='word_1_107' title='bbox 176 1543 333 1591; x_wconf 86' lang='lat' dir='ltr'><strong>num,</strong></span> <span class='ocrx_word' id='word_1_108' title='bbox 365 1545 646 1603; x_wconf 74' lang='lat' dir='ltr'><strong>promeres</strong></span> <span class='ocrx_word' id='word_1_109' title='bbox 674 1542 831 1596; x_wconf 87' lang='lat' dir='ltr'><strong>etiam</strong></span> <span class='ocrx_word' id='word_1_110' title='bbox 862 1547 929 1600; x_wconf 88' lang='lat' dir='ltr'><strong>ab</strong></span> <span class='ocrx_word' id='word_1_111' title='bbox 962 1547 1065 1604; x_wconf 90' lang='lat' dir='ltr'><strong>hoc</strong></span> <span class='ocrx_word' id='word_1_112' title='bbox 1089 1556 1319 1621; x_wconf 85' lang='lat' dir='ltr'><strong>capitur.</strong></span> <span class='ocrx_word' id='word_1_113' title='bbox 1352 1556 1462 1612; x_wconf 87' lang='lat' dir='ltr'><strong>Nec</strong></span> <span class='ocrx_word' id='word_1_114' title='bbox 1491 1560 1666 1627; x_wconf 88' lang='lat' dir='ltr'><strong>solum</strong></span> <span class='ocrx_word' id='word_1_115' title='bbox 1691 1562 1777 1617; x_wconf 82' lang='lat' dir='ltr'><strong>di-</strong></span> 
     </span>
    </p>
   </div>
   <div class='ocr_carea' id='block_1_16' title="bbox 174 1621 1773 1722">
    <p class='ocr_par' dir='ltr' id='par_1_16' title="bbox 174 1621 1773 1722">
     <span class='ocr_line' id='line_1_16' title="bbox 174 1621 1773 1722; baseline 0.026 -51"><span class='ocrx_word' id='word_1_116' title='bbox 174 1621 276 1686; x_wconf 84' lang='lat' dir='ltr'><strong>xit,</strong></span> <span class='ocrx_word' id='word_1_117' title='bbox 307 1624 629 1697; x_wconf 83' lang='lat' dir='ltr'><strong>Opprobriis,</strong></span> <span class='ocrx_word' id='word_1_118' title='bbox 651 1633 742 1721; x_wconf 73' lang='lat' dir='ltr'><strong>sed</strong></span> <span class='ocrx_word' id='word_1_119' title='bbox 774 1635 824 1691; x_wconf 89' lang='lat' dir='ltr'><strong>id</strong></span> <span class='ocrx_word' id='word_1_120' title='bbox 852 1654 1064 1717; x_wconf 84' lang='lat' dir='ltr'><strong>quoque</strong></span> <span class='ocrx_word' id='word_1_121' title='bbox 1084 1658 1207 1698; x_wconf 87' lang='lat' dir='ltr'><strong>cunt</strong></span> <span class='ocrx_word' id='word_1_122' title='bbox 1232 1663 1423 1718; x_wconf 79' lang='lat' dir='ltr'><strong>magna</strong></span> <span class='ocrx_word' id='word_1_123' title='bbox 1449 1652 1773 1722; x_wconf 73' lang='lat' dir='ltr'><strong>intentione,</strong></span> 
     </span>
    </p>
   </div>
   <div class='ocr_carea' id='block_1_17' title="bbox 173 1712 1777 1816">
    <p class='ocr_par' dir='ltr' id='par_1_17' title="bbox 173 1712 1777 1816">
     <span class='ocr_line' id='line_1_17' title="bbox 173 1712 1777 1816; baseline 0.025 -51"><span class='ocrx_word' id='word_1_124' title='bbox 173 1712 548 1783; x_wconf 75' lang='lat' dir='ltr'><strong>Spectaculum</strong></span> <span class='ocrx_word' id='word_1_125' title='bbox 585 1714 727 1792; x_wconf 74' lang='lat' dir='ltr'><strong>facii.</strong></span> <span class='ocrx_word' id='word_1_126' title='bbox 759 1726 891 1789; x_wconf 77' lang='lat' dir='ltr'><strong>Nam</strong></span> <span class='ocrx_word' id='word_1_127' title='bbox 939 1712 1153 1802; x_wconf 83' lang='lat' dir='ltr'><strong>quando</strong></span> <span class='ocrx_word' id='word_1_128' title='bbox 1190 1712 1384 1809; x_wconf 60' lang='lat' dir='ltr'><strong>aliquis</strong></span> <span class='ocrx_word' id='word_1_129' title='bbox 1423 1743 1637 1813; x_wconf 86' lang='lat' dir='ltr'><strong>quidem</strong></span> <span class='ocrx_word' id='word_1_130' title='bbox 1680 1712 1777 1816; x_wconf 70' lang='lat' dir='ltr'><strong>per</strong></span> 
     </span>
    </p>
   </div>
   <div class='ocr_carea' id='block_1_18' title="bbox 178 1810 1787 1900">
    <p class='ocr_par' dir='ltr' id='par_1_18' title="bbox 178 1810 1787 1900">
     <span class='ocr_line' id='line_1_18' title="bbox 178 1810 1787 1900; baseline 0.021 -43"><span class='ocrx_word' id='word_1_131' title='bbox 178 1819 248 1859; x_wconf 83' lang='lat' dir='ltr'><strong>se</strong></span> <span class='ocrx_word' id='word_1_132' title='bbox 310 1810 527 1875; x_wconf 78' lang='lat' dir='ltr'><strong>probris</strong></span> <span class='ocrx_word' id='word_1_133' title='bbox 578 1817 886 1891; x_wconf 86' lang='lat' dir='ltr'><strong>appetitur,</strong></span> <span class='ocrx_word' id='word_1_134' title='bbox 920 1832 1003 1877; x_wconf 89' lang='lat' dir='ltr'><strong>est</strong></span> <span class='ocrx_word' id='word_1_135' title='bbox 1052 1827 1267 1893; x_wconf 86' lang='lat' dir='ltr'><strong>quidem</strong></span> <span class='ocrx_word' id='word_1_136' title='bbox 1320 1810 1642 1900; x_wconf 76' lang='lat' dir='ltr'><strong>molestum,</strong></span> <span class='ocrx_word' id='word_1_137' title='bbox 1680 1810 1787 1899; x_wconf 74' lang='lat' dir='ltr'><strong>scd</strong></span> 
     </span>
    </p>
   </div>
   <div class='ocr_carea' id='block_1_19' title="bbox 170 1898 1777 1999">
    <p class='ocr_par' dir='ltr' id='par_1_19' title="bbox 170 1898 1777 1999">
     <span class='ocr_line' id='line_1_19' title="bbox 170 1898 1777 1999; baseline 0.022 -52"><span class='ocrx_word' id='word_1_138' title='bbox 170 1898 357 1950; x_wconf 89' lang='lat' dir='ltr'><strong>multo</strong></span> <span class='ocrx_word' id='word_1_139' title='bbox 405 1902 603 1972; x_wconf 76' lang='lat' dir='ltr'><strong>magis,</strong></span> <span class='ocrx_word' id='word_1_140' title='bbox 634 1908 847 1975; x_wconf 79' lang='lat' dir='ltr'><strong>quando</strong></span> <span class='ocrx_word' id='word_1_141' title='bbox 879 1926 1058 1969; x_wconf 89' lang='lat' dir='ltr'><strong>coram</strong></span> <span class='ocrx_word' id='word_1_142' title='bbox 1102 1920 1374 1974; x_wconf 88' lang='lat' dir='ltr'><strong>omnibus.</strong></span> <span class='ocrx_word' id='word_1_143' title='bbox 1401 1923 1532 1979; x_wconf 80' lang='lat' dir='ltr'><strong>Nam</strong></span> <span class='ocrx_word' id='word_1_144' title='bbox 1563 1928 1734 1999; x_wconf 74' lang='lat' dir='ltr'><strong>cogita</strong></span> <span class='ocrx_word' id='word_1_145' title='bbox 1762 1970 1777 1995; x_wconf 93' lang='lat'><strong>,</strong></span> 
     </span>
    </p>
   </div>
   <div class='ocr_carea' id='block_1_20' title="bbox 170 2002 1774 2075">
    <p class='ocr_par' dir='ltr' id='par_1_20' title="bbox 170 2002 1774 2075">
     <span class='ocr_line' id='line_1_20' title="bbox 170 2002 1774 2075; baseline 0.022 -38"><span class='ocrx_word' id='word_1_146' title='bbox 170 2002 393 2055; x_wconf 69' lang='lat' dir='ltr'><strong>quaeso,</strong></span> <span class='ocrx_word' id='word_1_147' title='bbox 423 2005 676 2061; x_wconf 86' lang='lat' dir='ltr'><strong>quantum</strong></span> <span class='ocrx_word' id='word_1_148' title='bbox 708 2010 823 2057; x_wconf 86' lang='lat' dir='ltr'><strong>erat</strong></span> <span class='ocrx_word' id='word_1_149' title='bbox 850 2003 1069 2071; x_wconf 88' lang='lat' dir='ltr'><strong>malum,</strong></span> <span class='ocrx_word' id='word_1_150' title='bbox 1099 2022 1219 2063; x_wconf 91' lang='lat' dir='ltr'><strong>cum</strong></span> <span class='ocrx_word' id='word_1_151' title='bbox 1248 2011 1317 2067; x_wconf 86' lang='lat' dir='ltr'><strong>ab</strong></span> <span class='ocrx_word' id='word_1_152' title='bbox 1346 2012 1650 2073; x_wconf 82' lang='lat' dir='ltr'><strong>humilitate</strong></span> <span class='ocrx_word' id='word_1_153' title='bbox 1674 2018 1774 2075; x_wconf 84' lang='lat' dir='ltr'><strong>Ju-</strong></span> 
     </span>
    </p>
   </div>
   <div class='ocr_carea' id='block_1_21' title="bbox 171 2078 1777 2179">
    <p class='ocr_par' dir='ltr' id='par_1_21' title="bbox 171 2078 1777 2179">
     <span class='ocr_line' id='line_1_21' title="bbox 171 2078 1777 2179; baseline 0.022 -48"><span class='ocrx_word' id='word_1_154' title='bbox 171 2078 337 2133; x_wconf 84' lang='lat' dir='ltr'><strong>daica</strong></span> <span class='ocrx_word' id='word_1_155' title='bbox 379 2083 753 2157; x_wconf 74' lang='lat' dir='ltr'><strong>descivissent,</strong></span> <span class='ocrx_word' id='word_1_156' title='bbox 786 2103 838 2149; x_wconf 84' lang='lat' dir='ltr'><strong>et</strong></span> <span class='ocrx_word' id='word_1_157' title='bbox 887 2103 1154 2168; x_wconf 81' lang='lat' dir='ltr'><strong>tamquam</strong></span> <span class='ocrx_word' id='word_1_158' title='bbox 1201 2102 1268 2159; x_wconf 82' lang='lat' dir='ltr'><strong>ad</strong></span> <span class='ocrx_word' id='word_1_159' title='bbox 1315 2104 1476 2160; x_wconf 84' lang='lat' dir='ltr'><strong>vitam</strong></span> <span class='ocrx_word' id='word_1_160' title='bbox 1522 2110 1777 2179; x_wconf 81' lang='lat' dir='ltr'><strong>optimam</strong></span> 
     </span>
    </p>
   </div>
   <div class='ocr_carea' id='block_1_22' title="bbox 176 2174 1780 2267">
    <p class='ocr_par' dir='ltr' id='par_1_22' title="bbox 176 2174 1780 2267">
     <span class='ocr_line' id='line_1_22' title="bbox 176 2174 1780 2267; baseline 0.024 -46"><span class='ocrx_word' id='word_1_161' title='bbox 176 2174 573 2243; x_wconf 69' lang='lat' dir='ltr'><strong>transiLsseut,</strong></span> <span class='ocrx_word' id='word_1_162' title='bbox 606 2189 661 2234; x_wconf 91' lang='lat' dir='ltr'><strong>et</strong></span> <span class='ocrx_word' id='word_1_163' title='bbox 709 2198 797 2239; x_wconf 92' lang='lat' dir='ltr'><strong>res</strong></span> <span class='ocrx_word' id='word_1_164' title='bbox 846 2195 1099 2253; x_wconf 84' lang='lat' dir='ltr'><strong>paternas</strong></span> <span class='ocrx_word' id='word_1_165' title='bbox 1144 2174 1571 2267; x_wconf 43' lang='lat' dir='ltr'><strong>despexissent;</strong></span> <span class='ocrx_word' id='word_1_166' title='bbox 1597 2217 1626 2255; x_wconf 92' lang='lat' dir='ltr'><strong>a</strong></span> <span class='ocrx_word' id='word_1_167' title='bbox 1669 2207 1780 2259; x_wconf 80' lang='lat' dir='ltr'><strong>suis</strong></span> 
     </span>
    </p>
   </div>
   <div class='ocr_carea' id='block_1_23' title="bbox 172 2262 1777 2364">
    <p class='ocr_par' dir='ltr' id='par_1_23' title="bbox 172 2262 1777 2364">
     <span class='ocr_line' id='line_1_23' title="bbox 172 2262 1777 2364; baseline 0.025 -54"><span class='ocrx_word' id='word_1_168' title='bbox 172 2262 333 2317; x_wconf 82' lang='lat' dir='ltr'><strong>male</strong></span> <span class='ocrx_word' id='word_1_169' title='bbox 359 2266 500 2364; x_wconf 68' lang='lat' dir='ltr'><strong>pati,</strong></span> <span class='ocrx_word' id='word_1_170' title='bbox 521 2271 803 2364; x_wconf 39' lang='lat' dir='ltr'><strong>et-nullam</strong></span> <span class='ocrx_word' id='word_1_171' title='bbox 834 2274 1035 2335; x_wconf 80' lang='lat' dir='ltr'><strong>habere</strong></span> <span class='ocrx_word' id='word_1_172' title='bbox 1063 2262 1478 2343; x_wconf 80' lang='lat' dir='ltr'><strong>defensionem?</strong></span> <span class='ocrx_word' id='word_1_173' title='bbox 1509 2262 1622 2345; x_wconf 73' lang='lat' dir='ltr'><strong>Dion</strong></span> <span class='ocrx_word' id='word_1_174' title='bbox 1652 2310 1777 2364; x_wconf 84' lang='lat' dir='ltr'><strong>pos-</strong></span> 
     </span>
    </p>
   </div>
   <div class='ocr_carea' id='block_1_24' title="bbox 170 2353 1777 2452">
    <p class='ocr_par' dir='ltr' id='par_1_24' title="bbox 170 2353 1777 2452">
     <span class='ocr_line' id='line_1_24' title="bbox 170 2353 1777 2452; baseline 0.026 -52"><span class='ocrx_word' id='word_1_175' title='bbox 170 2364 326 2415; x_wconf 82' lang='lat' dir='ltr'><strong>sum,</strong></span> <span class='ocrx_word' id='word_1_176' title='bbox 356 2353 547 2422; x_wconf 77' lang='lat' dir='ltr'><strong>inquit,</strong></span> <span class='ocrx_word' id='word_1_177' title='bbox 570 2358 749 2416; x_wconf 87' lang='lat' dir='ltr'><strong>dicere</strong></span> <span class='ocrx_word' id='word_1_178' title='bbox 779 2366 920 2432; x_wconf 87' lang='lat' dir='ltr'><strong>quod</strong></span> <span class='ocrx_word' id='word_1_179' title='bbox 952 2368 1068 2425; x_wconf 58' lang='lat' dir='ltr'><strong>hac</strong></span> <span class='ocrx_word' id='word_1_180' title='bbox 1091 2373 1309 2441; x_wconf 79' lang='lat' dir='ltr'><strong>quidem</strong></span> <span class='ocrx_word' id='word_1_181' title='bbox 1340 2381 1480 2447; x_wconf 83' lang='lat' dir='ltr'><strong>passi</strong></span> <span class='ocrx_word' id='word_1_182' title='bbox 1506 2353 1666 2452; x_wconf 66' lang='lat' dir='ltr'><strong>estis,</strong></span> <span class='ocrx_word' id='word_1_183' title='bbox 1682 2388 1777 2441; x_wconf 87' lang='lat' dir='ltr'><strong>sed</strong></span> 
     </span>
    </p>
   </div>
   <div class='ocr_carea' id='block_1_25' title="bbox 172 2440 1781 2533">
    <p class='ocr_par' dir='ltr' id='par_1_25' title="bbox 172 2440 1781 2533">
     <span class='ocr_line' id='line_1_25' title="bbox 172 2440 1781 2533; baseline 0.025 -40"><span class='ocrx_word' id='word_1_184' title='bbox 172 2440 436 2499; x_wconf 79' lang='lat' dir='ltr'><strong>doluistis</strong></span> <span class='ocrx_word' id='word_1_185' title='bbox 462 2463 476 2510; x_wconf 90' lang='lat'><strong>;</strong></span> <span class='ocrx_word' id='word_1_186' title='bbox 518 2448 625 2503; x_wconf 89' lang='lat' dir='ltr'><strong>imo</strong></span> <span class='ocrx_word' id='word_1_187' title='bbox 654 2467 781 2509; x_wconf 87' lang='lat' dir='ltr'><strong>vero</strong></span> <span class='ocrx_word' id='word_1_188' title='bbox 809 2457 971 2512; x_wconf 87' lang='lat' dir='ltr'><strong>etiam</strong></span> <span class='ocrx_word' id='word_1_189' title='bbox 1002 2440 1157 2523; x_wconf 84' lang='lat' dir='ltr'><strong>valde</strong></span> <span class='ocrx_word' id='word_1_190' title='bbox 1188 2440 1350 2523; x_wconf 80' lang='lat' dir='ltr'><strong>laetati</strong></span> <span class='ocrx_word' id='word_1_191' title='bbox 1380 2473 1533 2528; x_wconf 85' lang='lat' dir='ltr'><strong>estis.</strong></span> <span class='ocrx_word' id='word_1_192' title='bbox 1571 2440 1781 2533; x_wconf 47' lang='lat' dir='ltr'><strong>Et’hoc</strong></span> 
     </span>
    </p>
   </div>
   <div class='ocr_carea' id='block_1_26' title="bbox 171 2534 1781 2634">
    <p class='ocr_par' dir='ltr' id='par_1_26' title="bbox 171 2534 1781 2634">
     <span class='ocr_line' id='line_1_26' title="bbox 171 2534 1781 2634; baseline 0.024 -49"><span class='ocrx_word' id='word_1_193' title='bbox 171 2534 543 2611; x_wconf 68' lang='lat' dir='ltr'><strong>signiﬁcavit,</strong></span> <span class='ocrx_word' id='word_1_194' title='bbox 569 2541 755 2605; x_wconf 86' lang='lat' dir='ltr'><strong>dicens</strong></span> <span class='ocrx_word' id='word_1_195' title='bbox 774 2586 791 2613; x_wconf 90' lang='lat'><strong>,</strong></span> <span class='ocrx_word' id='word_1_196' title='bbox 818 2546 885 2601; x_wconf 83' lang='lat' dir='ltr'><strong>lu</strong></span> <span class='ocrx_word' id='word_1_197' title='bbox 911 2550 1076 2611; x_wconf 79' lang='lat' dir='ltr'><strong>altera</strong></span> <span class='ocrx_word' id='word_1_198' title='bbox 1113 2565 1281 2613; x_wconf 79' lang='lat' dir='ltr'><strong>autem</strong></span> <span class='ocrx_word' id='word_1_199' title='bbox 1304 2561 1432 2615; x_wconf 81' lang='lat' dir='ltr'><strong>socii</strong></span> <span class='ocrx_word' id='word_1_200' title='bbox 1459 2562 1583 2634; x_wconf 74' lang='lat' dir='ltr'><strong>[acti</strong></span> <span class='ocrx_word' id='word_1_201' title='bbox 1608 2583 1781 2623; x_wconf 75' lang='lat' dir='ltr'><strong>eorum</strong></span> 
     </span>
    </p>
   </div>
   <div class='ocr_carea' id='block_1_27' title="bbox 175 2624 1781 2720">
    <p class='ocr_par' dir='ltr' id='par_1_27' title="bbox 175 2624 1781 2720">
     <span class='ocr_line' id='line_1_27' title="bbox 175 2624 1781 2720; baseline 0.026 -47"><span class='ocrx_word' id='word_1_202' title='bbox 175 2624 360 2678; x_wconf 78' lang='lat' dir='ltr'><strong>taliter</strong></span> <span class='ocrx_word' id='word_1_203' title='bbox 380 2634 784 2696; x_wconf 79' lang='lat' dir='ltr'><strong>conversantium</strong></span> <span class='ocrx_word' id='word_1_204' title='bbox 812 2652 832 2691; x_wconf 90' lang='lat'><strong><em>:</em></strong></span> <span class='ocrx_word' id='word_1_205' title='bbox 855 2655 976 2703; x_wconf 78' lang='lat' dir='ltr'><strong>nam</strong></span> <span class='ocrx_word' id='word_1_206' title='bbox 998 2650 1046 2701; x_wconf 69' lang='lat' dir='ltr'><strong>et</strong></span> <span class='ocrx_word' id='word_1_207' title='bbox 1070 2644 1248 2709; x_wconf 79' lang='lat' dir='ltr'><strong>vinctis</strong></span> <span class='ocrx_word' id='word_1_208' title='bbox 1272 2624 1524 2720; x_wconf 77' lang='lat' dir='ltr'><strong>compassi</strong></span> <span class='ocrx_word' id='word_1_209' title='bbox 1549 2657 1667 2710; x_wconf 80' lang='lat' dir='ltr'><strong>estis</strong></span> <span class='ocrx_word' id='word_1_210' title='bbox 1686 2672 1707 2711; x_wconf 88' lang='lat'><em>:</em></span> <span class='ocrx_word' id='word_1_211' title='bbox 1724 2668 1781 2715; x_wconf 88' lang='lat' dir='ltr'><strong>et</strong></span> 
     </span>
    </p>
   </div>
   <div class='ocr_carea' id='block_1_28' title="bbox 174 2719 1782 2817">
    <p class='ocr_par' dir='ltr' id='par_1_28' title="bbox 174 2719 1782 2817">
     <span class='ocr_line' id='line_1_28' title="bbox 174 2719 1782 2817; baseline 0.025 -51"><span class='ocrx_word' id='word_1_212' title='bbox 174 2719 707 2817; x_wconf 50' lang='lat' dir='ltr'><strong>appstollosadducit</strong></span> <span class='ocrx_word' id='word_1_213' title='bbox 734 2727 785 2817; x_wconf 74' lang='lat' dir='ltr'><strong>in</strong></span> <span class='ocrx_word' id='word_1_214' title='bbox 812 2732 1067 2817; x_wconf 66' lang='lat' dir='ltr'><strong>medium.</strong></span> <span class='ocrx_word' id='word_1_215' title='bbox 1090 2736 1205 2817; x_wconf 83' lang='lat' dir='ltr'><strong>Non</strong></span> <span class='ocrx_word' id='word_1_216' title='bbox 1235 2719 1432 2810; x_wconf 84' lang='lat' dir='ltr'><strong>solum,</strong></span> <span class='ocrx_word' id='word_1_217' title='bbox 1456 2746 1648 2817; x_wconf 79' lang='lat' dir='ltr'><strong>inquit,</strong></span> <span class='ocrx_word' id='word_1_218' title='bbox 1674 2767 1782 2807; x_wconf 92' lang='lat' dir='ltr'><strong>non</strong></span> 
     </span>
    </p>
   </div>
   <div class='ocr_carea' id='block_1_29' title="bbox 170 2794 1765 2907">
    <p class='ocr_par' dir='ltr' id='par_1_29' title="bbox 170 2794 1765 2907">
     <span class='ocr_line' id='line_1_29' title="bbox 170 2794 1765 2907; baseline 0.024 -68"><span class='ocrx_word' id='word_1_219' title='bbox 170 2802 275 2841; x_wconf 64' lang='grc' dir='ltr'><strong>τος</strong></span> <span class='ocrx_word' id='word_1_220' title='bbox 302 2794 490 2857; x_wconf 83' lang='lat' dir='ltr'><strong>puduit</strong></span> <span class='ocrx_word' id='word_1_221' title='bbox 515 2810 730 2869; x_wconf 86' lang='lat' dir='ltr'><strong>propter</strong></span> <span class='ocrx_word' id='word_1_222' title='bbox 758 2804 1069 2879; x_wconf 82' lang='lat' dir='ltr'><strong>familiares,</strong></span> <span class='ocrx_word' id='word_1_223' title='bbox 1093 2815 1188 2871; x_wconf 88' lang='lat' dir='ltr'><strong>sed</strong></span> <span class='ocrx_word' id='word_1_224' title='bbox 1214 2794 1440 2887; x_wconf 56' lang='lat' dir='ltr'><strong>aliorum</strong></span> 
     </span>
     <span class='ocr_line' id='line_1_30' title="bbox 174 2881 1065 2907; baseline 0 0"><span class='ocrx_word' id='word_1_225' title='bbox 174 2881 297 2907; x_wconf 51' lang='grc' dir='ltr'><strong>ιμε.-</strong></span> <span class='ocrx_word' id='word_1_226' title='bbox 319 2888 459 2907; x_wconf 59' lang='grc' dir='ltr'><strong>η---ξ</strong></span> <span class='ocrx_word' id='word_1_227' title='bbox 492 2905 505 2907; x_wconf 81' lang='lat'>_</span> <span class='ocrx_word' id='word_1_228' title='bbox 592 2902 603 2907; x_wconf 78' lang='grc'><strong>-</strong></span> <span class='ocrx_word' id='word_1_229' title='bbox 652 2896 671 2907; x_wconf 88' lang='grc'>.</span> <span class='ocrx_word' id='word_1_230' title='bbox 709 2896 721 2907; x_wconf 77' lang='grc' dir='ltr'><strong><em>ο</em></strong></span> <span class='ocrx_word' id='word_1_231' title='bbox 780 2899 789 2907; x_wconf 97' lang='grc'><em>.</em></span> <span class='ocrx_word' id='word_1_232' title='bbox 948 2903 976 2907; x_wconf 76' lang='grc'><strong>--</strong></span> <span class='ocrx_word' id='word_1_233' title='bbox 1027 2904 1065 2907; x_wconf 66' lang='lat'><strong>--</strong></span> 
     </span>
    </p>
   </div>
   <div class='ocr_carea' id='block_1_30' title="bbox 172 2881 1767 2984">
    <p class='ocr_par' dir='ltr' id='par_1_30' title="bbox 172 2881 1767 2984">
     <span class='ocr_line' id='line_1_31' title="bbox 172 2881 1767 2984; baseline 0.033 -52"><span class='ocrx_word' id='word_1_234' title='bbox 172 2881 297 2936; x_wconf 64' lang='lat' dir='ltr'><strong>tunc</strong></span> <span class='ocrx_word' id='word_1_235' title='bbox 318 2888 459 2953; x_wconf 81' lang='lat' dir='ltr'><strong>passi</strong></span> <span class='ocrx_word' id='word_1_236' title='bbox 486 2902 627 2961; x_wconf 89' lang='lat' dir='ltr'><strong>sunt,</strong></span> <span class='ocrx_word' id='word_1_237' title='bbox 644 2896 822 2953; x_wconf 72' lang='lat' dir='ltr'><strong>fuistis</strong></span> <span class='ocrx_word' id='word_1_238' title='bbox 847 2903 999 2958; x_wconf 89' lang='lat' dir='ltr'><strong>socii.</strong></span> <span class='ocrx_word' id='word_1_239' title='bbox 1022 2904 1136 2962; x_wconf 81' lang='lat' dir='ltr'><strong>Hoc</strong></span> <span class='ocrx_word' id='word_1_240' title='bbox 1151 2919 1233 2973; x_wconf 84' lang='lat' dir='ltr'><strong>est</strong></span> <span class='ocrx_word' id='word_1_241' title='bbox 1258 2881 1767 2984; x_wconf 30' lang='lat' dir='ltr'><strong>etiam-consolatitis&#39;</strong></span> 
     </span>
    </p>
   </div>
   <div class='ocr_carea' id='block_1_31' title="bbox 169 2975 1719 3077">
    <p class='ocr_par' dir='ltr' id='par_1_31' title="bbox 169 2975 1719 3077">
     <span class='ocr_line' id='line_1_32' title="bbox 169 2975 1719 3077; baseline 0.035 -54"><span class='ocrx_word' id='word_1_242' title='bbox 169 2982 230 3025; x_wconf 84' lang='lat' dir='ltr'><strong>et</strong></span> <span class='ocrx_word' id='word_1_243' title='bbox 258 2975 614 3037; x_wconf 78' lang='lat' dir='ltr'><strong>adhortantis.</strong></span> <span class='ocrx_word' id='word_1_244' title='bbox 654 2986 769 3043; x_wconf 87' lang='lat' dir='ltr'><strong>Non</strong></span> <span class='ocrx_word' id='word_1_245' title='bbox 810 2990 963 3060; x_wconf 79' lang='lat' dir='ltr'><strong>dixit,</strong></span> <span class='ocrx_word' id='word_1_246' title='bbox 994 2995 1168 3059; x_wconf 68' lang='lat' dir='ltr'><strong>Fertis</strong></span> <span class='ocrx_word' id='word_1_247' title='bbox 1209 2975 1357 3067; x_wconf 81' lang='lat' dir='ltr'><strong>meas</strong></span> <span class='ocrx_word' id='word_1_248' title='bbox 1398 2975 1719 3077; x_wconf 59' lang='grc' dir='ltr'><strong>καιέοὲίέᾘέ</strong></span> 
     </span>
    </p>
   </div>
   <div class='ocr_carea' id='block_1_32' title="bbox 168 3065 1741 3175">
    <p class='ocr_par' dir='ltr' id='par_1_32' title="bbox 168 3065 1741 3175">
     <span class='ocr_line' id='line_1_33' title="bbox 168 3065 1741 3175; baseline 0.033 -60"><span class='ocrx_word' id='word_1_249' title='bbox 168 3065 309 3118; x_wconf 81' lang='lat' dir='ltr'><strong>mihi</strong></span> <span class='ocrx_word' id='word_1_250' title='bbox 328 3070 463 3125; x_wconf 88' lang='lat' dir='ltr'><strong>estis</strong></span> <span class='ocrx_word' id='word_1_251' title='bbox 479 3072 630 3144; x_wconf 71' lang='lat' dir='ltr'><strong>Socii,</strong></span> <span class='ocrx_word' id='word_1_252' title='bbox 652 3079 742 3132; x_wconf 90' lang='lat' dir='ltr'><strong>sed</strong></span> <span class='ocrx_word' id='word_1_253' title='bbox 773 3081 873 3137; x_wconf 91' lang='lat' dir='ltr'><strong>hoc</strong></span> <span class='ocrx_word' id='word_1_254' title='bbox 892 3094 1116 3157; x_wconf 89' lang='lat' dir='ltr'><strong>tantum,</strong></span> <span class='ocrx_word' id='word_1_255' title='bbox 1136 3091 1323 3155; x_wconf 82' lang='lat' dir='ltr'><strong>Vinctis</strong></span> <span class='ocrx_word' id='word_1_256' title='bbox 1350 3110 1601 3175; x_wconf 85' lang='lat' dir='ltr'><strong>compassi</strong></span> <span class='ocrx_word' id='word_1_257' title='bbox 1622 3116 1741 3167; x_wconf 83' lang='lat' dir='ltr'><strong>estis</strong></span> 
     </span>
     <span class='ocr_line' id='line_1_34' title="bbox 170 3153 741 3175; baseline 0.03 -11"><span class='ocrx_word' id='word_1_258' title='bbox 170 3153 237 3175; x_wconf 64' lang='grc' dir='ltr'>ιη</span> <span class='ocrx_word' id='word_1_259' title='bbox 256 3155 277 3175; x_wconf 75' lang='lat'><strong>,</strong></span> <span class='ocrx_word' id='word_1_260' title='bbox 292 3173 329 3175; x_wconf 23' lang='grc' dir='ltr'><em>,ν</em></span> <span class='ocrx_word' id='word_1_261' title='bbox 493 3163 506 3175; x_wconf 92' lang='grc'>.</span> <span class='ocrx_word' id='word_1_262' title='bbox 556 3164 569 3175; x_wconf 91' lang='grc'>.</span> <span class='ocrx_word' id='word_1_263' title='bbox 730 3170 741 3175; x_wconf 93' lang='grc'><strong>-</strong></span> 
     </span>
    </p>
   </div>
   <div class='ocr_carea' id='block_1_33' title="bbox 168 3612 1763 3729">
    <p class='ocr_par' dir='ltr' id='par_1_33' title="bbox 168 3612 1763 3729">
     <span class='ocr_line' id='line_1_35' title="bbox 168 3612 1763 3729; baseline 0.037 -70"><span class='ocrx_word' id='word_1_264' title='bbox 168 3624 299 3729; x_wconf 42' lang='lat' dir='ltr'><strong>tum.</strong></span> <span class='ocrx_word' id='word_1_265' title='bbox 326 3617 518 3683; x_wconf 80' lang='lat' dir='ltr'><strong>gaudio</strong></span> <span class='ocrx_word' id='word_1_266' title='bbox 557 3627 866 3696; x_wconf 81' lang='lat' dir='ltr'><strong>suscepistis.</strong></span> <span class='ocrx_word' id='word_1_267' title='bbox 901 3612 1092 3705; x_wconf 68' lang='lat' dir='ltr'><strong>Papa},</strong></span> <span class='ocrx_word' id='word_1_268' title='bbox 1127 3654 1285 3709; x_wconf 82' lang='lat' dir='ltr'><strong>quam</strong></span> <span class='ocrx_word' id='word_1_269' title='bbox 1329 3612 1473 3708; x_wconf 69' lang='lat' dir='ltr'><strong>ceris</strong></span> <span class='ocrx_word' id='word_1_270' title='bbox 1509 3666 1566 3711; x_wconf 82' lang='lat' dir='ltr'><strong>et</strong></span> <span class='ocrx_word' id='word_1_271' title='bbox 1608 3612 1763 3729; x_wconf 52' lang='lat' dir='ltr'><strong>pie&quot;;</strong></span> 
     </span>
    </p>
   </div>
   <div class='ocr_carea' id='block_1_34' title="bbox 170 3699 1762 3814">
    <p class='ocr_par' dir='ltr' id='par_1_34' title="bbox 170 3699 1762 3814">
     <span class='ocr_line' id='line_1_36' title="bbox 170 3699 1762 3814; baseline 0.038 -62"><span class='ocrx_word' id='word_1_272' title='bbox 170 3699 301 3756; x_wconf 88' lang='lat' dir='ltr'><strong>ﬁdei</strong></span> <span class='ocrx_word' id='word_1_273' title='bbox 331 3712 646 3775; x_wconf 85' lang='lat' dir='ltr'><strong>persuasio!</strong></span> <span class='ocrx_word' id='word_1_274' title='bbox 677 3716 880 3777; x_wconf 87' lang='lat' dir='ltr'><strong>Deinde</strong></span> <span class='ocrx_word' id='word_1_275' title='bbox 905 3725 1061 3783; x_wconf 80' lang='lat' dir='ltr'><strong>atfert</strong></span> <span class='ocrx_word' id='word_1_276' title='bbox 1084 3734 1244 3793; x_wconf 84' lang='lat' dir='ltr'><strong>etiam</strong></span> <span class='ocrx_word' id='word_1_277' title='bbox 1272 3754 1511 3814; x_wconf 82' lang='lat' dir='ltr'><strong>causam,</strong></span> <span class='ocrx_word' id='word_1_278' title='bbox 1535 3699 1641 3808; x_wconf 71' lang='lat' dir='ltr'><strong>no:</strong></span> <span class='ocrx_word' id='word_1_279' title='bbox 1669 3699 1762 3813; x_wconf 57' lang='grc' dir='ltr'><strong>εἷ</strong></span> 
     </span>
    </p>
   </div>
   <div class='ocr_carea' id='block_1_35' title="bbox 167 3795 1760 3909">
    <p class='ocr_par' dir='ltr' id='par_1_35' title="bbox 167 3795 1760 3909">
     <span class='ocr_line' id='line_1_37' title="bbox 167 3795 1760 3909; baseline 0.04 -64"><span class='ocrx_word' id='word_1_280' title='bbox 167 3795 279 3849; x_wconf 89' lang='lat' dir='ltr'><strong>ltttn</strong></span> <span class='ocrx_word' id='word_1_281' title='bbox 309 3813 406 3909; x_wconf 58' lang='lat' dir='ltr'><strong>eos</strong></span> <span class='ocrx_word' id='word_1_282' title='bbox 430 3803 722 3867; x_wconf 88' lang='lat' dir='ltr'><strong>adhortans</strong></span> <span class='ocrx_word' id='word_1_283' title='bbox 750 3812 818 3869; x_wconf 88' lang='lat' dir='ltr'><strong>ad</strong></span> <span class='ocrx_word' id='word_1_284' title='bbox 845 3823 1136 3885; x_wconf 84' lang='lat' dir='ltr'><strong>certamina</strong></span> <span class='ocrx_word' id='word_1_285' title='bbox 1154 3868 1173 3893; x_wconf 88' lang='lat'><strong>,</strong></span> <span class='ocrx_word' id='word_1_286' title='bbox 1203 3832 1297 3889; x_wconf 84' lang='lat' dir='ltr'><strong>sed</strong></span> <span class='ocrx_word' id='word_1_287' title='bbox 1324 3795 1639 3900; x_wconf 51' lang='grc' dir='ltr'><strong>θιιᾶέῆὐῖί</strong></span> 
     </span>
    </p>
   </div>
   <div class='ocr_carea' id='block_1_36' title="bbox 159 4255 1757 4374">
    <p class='ocr_par' dir='ltr' id='par_1_36' title="bbox 159 4255 1757 4374">
     <span class='ocr_line' id='line_1_38' title="bbox 159 4255 1757 4374; baseline 0.04 -69"><span class='ocrx_word' id='word_1_288' title='bbox 159 4255 402 4316; x_wconf 77' lang='lat' dir='ltr'><strong>fortasse</strong></span> <span class='ocrx_word' id='word_1_289' title='bbox 432 4264 699 4325; x_wconf 71' lang='lat' dir='ltr'><strong>violentia:</strong></span> <span class='ocrx_word' id='word_1_290' title='bbox 726 4290 912 4339; x_wconf 88' lang='lat' dir='ltr'><strong>eorum</strong></span> <span class='ocrx_word' id='word_1_291' title='bbox 940 4284 1028 4351; x_wconf 90' lang='lat' dir='ltr'><strong>qui</strong></span> <span class='ocrx_word' id='word_1_292' title='bbox 1056 4255 1353 4362; x_wconf 63' lang='lat' dir='ltr'><strong>rapiebant,</strong></span> <span class='ocrx_word' id='word_1_293' title='bbox 1374 4255 1475 4357; x_wconf 53' lang='lat' dir='ltr'><strong>nde</strong></span> <span class='ocrx_word' id='word_1_294' title='bbox 1504 4255 1757 4374; x_wconf 59' lang='lat' dir='ltr'><strong>potiris-8;</strong></span> 
     </span>
    </p>
   </div>
   <div class='ocr_carea' id='block_1_37' title="bbox 155 4350 1758 4461">
    <p class='ocr_par' dir='ltr' id='par_1_37' title="bbox 155 4350 1758 4461">
     <span class='ocr_line' id='line_1_39' title="bbox 155 4350 1758 4461; baseline 0.038 -61"><span class='ocrx_word' id='word_1_295' title='bbox 155 4350 431 4420; x_wconf 90' lang='lat' dir='ltr'><strong>quispiam</strong></span> <span class='ocrx_word' id='word_1_296' title='bbox 483 4360 784 4427; x_wconf 89' lang='lat' dir='ltr'><strong>prohibere.</strong></span> <span class='ocrx_word' id='word_1_297' title='bbox 834 4370 1194 4437; x_wconf 73' lang='lat' dir='ltr'><strong>Quamobrem</strong></span> <span class='ocrx_word' id='word_1_298' title='bbox 1240 4350 1609 4454; x_wconf 55' lang='lat' dir='ltr'><strong>nontlntnrcst</strong></span> <span class='ocrx_word' id='word_1_299' title='bbox 1659 4403 1758 4461; x_wconf 79' lang='lat' dir='ltr'><strong>hoc</strong></span> 
     </span>
    </p>
   </div>
   <div class='ocr_carea' id='block_1_38' title="bbox 156 4444 1753 4559">
    <p class='ocr_par' dir='ltr' id='par_1_38' title="bbox 156 4444 1753 4559">
     <span class='ocr_line' id='line_1_40' title="bbox 156 4444 1753 4559; baseline 0.039 -70"><span class='ocrx_word' id='word_1_300' title='bbox 156 4444 534 4559; x_wconf 65' lang='lat' dir='ltr'><strong>pempiettuttt,</strong></span> <span class='ocrx_word' id='word_1_301' title='bbox 564 4454 701 4521; x_wconf 89' lang='lat' dir='ltr'><strong>quod</strong></span> <span class='ocrx_word' id='word_1_302' title='bbox 734 4471 951 4529; x_wconf 72' lang='lat' dir='ltr'><strong>promer</strong></span> <span class='ocrx_word' id='word_1_303' title='bbox 974 4466 1133 4533; x_wconf 84' lang='lat' dir='ltr'><strong>ﬁdem</strong></span> 
     </span>
    </p>
   </div>
   <div class='ocr_carea' id='block_1_39' title="bbox 157 4530 1755 4651">
    <p class='ocr_par' dir='ltr' id='par_1_39' title="bbox 157 4530 1755 4651">
     <span class='ocr_line' id='line_1_41' title="bbox 1024 4530 1753 4552; baseline 0.029 -21"><span class='ocrx_word' id='word_1_304' title='bbox 1024 4530 1027 4531; x_wconf 30' lang='grc' dir='ltr'><em>ν</em></span> <span class='ocrx_word' id='word_1_305' title='bbox 1084 4530 1089 4533; x_wconf 87' lang='grc'>.</span> <span class='ocrx_word' id='word_1_306' title='bbox 1330 4530 1462 4540; x_wconf 54' lang='grc' dir='ltr'><strong><em>ην---</em></strong></span> <span class='ocrx_word' id='word_1_307' title='bbox 1491 4530 1547 4542; x_wconf 83' lang='grc'><strong>...</strong></span> <span class='ocrx_word' id='word_1_308' title='bbox 1574 4530 1753 4552; x_wconf 73' lang='grc' dir='ltr'><strong>...ια-ι..</strong></span> 
     </span>
     <span class='ocr_line' id='line_1_42' title="bbox 157 4530 1755 4651; baseline 0.043 -75"><span class='ocrx_word' id='word_1_309' title='bbox 157 4530 325 4651; x_wconf 61' lang='lat' dir='ltr'><strong>Atqui</strong></span> <span class='ocrx_word' id='word_1_310' title='bbox 361 4533 463 4637; x_wconf 78' lang='lat' dir='ltr'><strong>hoc</strong></span> <span class='ocrx_word' id='word_1_311' title='bbox 489 4554 702 4612; x_wconf 92' lang='lat' dir='ltr'><strong>quoque</strong></span> <span class='ocrx_word' id='word_1_312' title='bbox 730 4558 811 4605; x_wconf 79' lang='lat' dir='ltr'><strong>est</strong></span> <span class='ocrx_word' id='word_1_313' title='bbox 835 4560 1176 4631; x_wconf 84' lang='lat' dir='ltr'><strong>perspicuum</strong></span> <span class='ocrx_word' id='word_1_314' title='bbox 1209 4584 1222 4619; x_wconf 89' lang='lat'><strong>:</strong></span> <span class='ocrx_word' id='word_1_315' title='bbox 1257 4569 1452 4630; x_wconf 75' lang='lat' dir='ltr'><strong>licebat</strong></span> <span class='ocrx_word' id='word_1_316' title='bbox 1494 4530 1639 4639; x_wconf 70' lang='lat' dir='ltr'><strong>etiim</strong></span> <span class='ocrx_word' id='word_1_317' title='bbox 1668 4631 1681 4651; x_wconf 91' lang='lat'><strong>,</strong></span> <span class='ocrx_word' id='word_1_318' title='bbox 1712 4592 1755 4645; x_wconf 85' lang='lat' dir='ltr'><strong>si</strong></span> 
     </span>
    </p>
   </div>
   <div class='ocr_carea' id='block_1_40' title="bbox 157 4621 1753 4734">
    <p class='ocr_par' dir='ltr' id='par_1_40' title="bbox 157 4621 1753 4734">
     <span class='ocr_line' id='line_1_43' title="bbox 157 4621 1753 4734; baseline 0.041 -64"><span class='ocrx_word' id='word_1_319' title='bbox 157 4621 477 4734; x_wconf 60' lang='lat' dir='ltr'><strong>voittissetis</strong></span> <span class='ocrx_word' id='word_1_320' title='bbox 500 4670 515 4697; x_wconf 92' lang='lat'><strong>,</strong></span> <span class='ocrx_word' id='word_1_321' title='bbox 548 4647 653 4688; x_wconf 90' lang='lat' dir='ltr'><strong>non</strong></span> <span class='ocrx_word' id='word_1_322' title='bbox 684 4639 792 4706; x_wconf 85' lang='lat' dir='ltr'><strong>pali</strong></span> <span class='ocrx_word' id='word_1_323' title='bbox 818 4621 1061 4715; x_wconf 80' lang='lat' dir='ltr'><strong>rapinam</strong></span> <span class='ocrx_word' id='word_1_324' title='bbox 1090 4692 1105 4717; x_wconf 95' lang='lat'><strong>,</strong></span> <span class='ocrx_word' id='word_1_325' title='bbox 1136 4655 1179 4709; x_wconf 91' lang='lat' dir='ltr'><strong>si</strong></span> <span class='ocrx_word' id='word_1_326' title='bbox 1212 4674 1315 4721; x_wconf 88' lang='lat' dir='ltr'><strong>non</strong></span> <span class='ocrx_word' id='word_1_327' title='bbox 1339 4621 1753 4734; x_wconf 25' lang='lat' dir='ltr'><strong>credidissetiski</strong></span> 
     </span>
    </p>
   </div>
   <div class='ocr_carea' id='block_1_41' title="bbox 154 4713 1754 4831">
    <p class='ocr_par' dir='ltr' id='par_1_41' title="bbox 154 4713 1754 4831">
     <span class='ocr_line' id='line_1_44' title="bbox 1092 4713 1753 4734; baseline 0.042 -28"><span class='ocrx_word' id='word_1_328' title='bbox 1092 4713 1100 4717; x_wconf 49' lang='grc'><strong>,</strong></span> <span class='ocrx_word' id='word_1_329' title='bbox 1288 4713 1311 4721; x_wconf 43' lang='grc' dir='ltr'><em>η</em></span> <span class='ocrx_word' id='word_1_330' title='bbox 1354 4713 1708 4733; x_wconf 54' lang='grc' dir='ltr'><strong>--αμυηυυο</strong></span> <span class='ocrx_word' id='word_1_331' title='bbox 1742 4722 1753 4734; x_wconf 96' lang='grc'><strong>.</strong></span> 
     </span>
     <span class='ocr_line' id='line_1_45' title="bbox 154 4713 1754 4831; baseline 0.039 -69"><span class='ocrx_word' id='word_1_332' title='bbox 154 4713 256 4813; x_wconf 73' lang='lat' dir='ltr'><strong>sed</strong></span> <span class='ocrx_word' id='word_1_333' title='bbox 297 4718 441 4831; x_wconf 60' lang='lat' dir='ltr'><strong>quod</strong></span> <span class='ocrx_word' id='word_1_334' title='bbox 484 4731 566 4775; x_wconf 85' lang='lat' dir='ltr'><strong>est</strong></span> <span class='ocrx_word' id='word_1_335' title='bbox 604 4725 704 4783; x_wconf 86' lang='lat' dir='ltr'><strong>hoc</strong></span> <span class='ocrx_word' id='word_1_336' title='bbox 749 4730 905 4803; x_wconf 84' lang='lat' dir='ltr'><strong>longe</strong></span> <span class='ocrx_word' id='word_1_337' title='bbox 944 4743 1113 4811; x_wconf 78' lang='lat' dir='ltr'><strong>magis</strong></span> <span class='ocrx_word' id='word_1_338' title='bbox 1143 4744 1362 4818; x_wconf 68' lang='lat' dir='ltr'><strong>fecistis,</strong></span> <span class='ocrx_word' id='word_1_339' title='bbox 1394 4774 1587 4831; x_wconf 87' lang='lat' dir='ltr'><strong>nempe</strong></span> <span class='ocrx_word' id='word_1_340' title='bbox 1615 4778 1671 4823; x_wconf 89' lang='lat' dir='ltr'><strong>ut</strong></span> <span class='ocrx_word' id='word_1_341' title='bbox 1694 4786 1754 4826; x_wconf 74' lang='lat' dir='ltr'><strong>ea</strong></span> 
     </span>
    </p>
   </div>
   <div class='ocr_carea' id='block_1_42' title="bbox 154 4804 1753 4917">
    <p class='ocr_par' dir='ltr' id='par_1_42' title="bbox 154 4804 1753 4917">
     <span class='ocr_line' id='line_1_46' title="bbox 154 4804 1753 4917; baseline 0.039 -62"><span class='ocrx_word' id='word_1_342' title='bbox 154 4804 325 4859; x_wconf 81' lang='lat' dir='ltr'><strong>ctiam</strong></span> <span class='ocrx_word' id='word_1_343' title='bbox 364 4807 577 4869; x_wconf 82' lang='lat' dir='ltr'><strong>ferretis</strong></span> <span class='ocrx_word' id='word_1_344' title='bbox 606 4831 725 4872; x_wconf 89' lang='lat' dir='ltr'><strong>cum</strong></span> <span class='ocrx_word' id='word_1_345' title='bbox 750 4826 949 4890; x_wconf 75' lang='lat' dir='ltr'><strong>gaudio</strong></span> <span class='ocrx_word' id='word_1_346' title='bbox 980 4845 993 4883; x_wconf 89' lang='lat'><strong>:</strong></span> <span class='ocrx_word' id='word_1_347' title='bbox 1024 4804 1411 4909; x_wconf 71' lang='lat' dir='ltr'><strong>quodquiddtn</strong></span> <span class='ocrx_word' id='word_1_348' title='bbox 1442 4804 1753 4917; x_wconf 42' lang='lat' dir='ltr'><strong>era&#39;ivto‘iu‘tzii</strong></span> 
     </span>
    </p>
   </div>
   <div class='ocr_carea' id='block_1_43' title="bbox 154 4899 1751 5016">
    <p class='ocr_par' dir='ltr' id='par_1_43' title="bbox 154 4899 1751 5016">
     <span class='ocr_line' id='line_1_47' title="bbox 154 4899 1751 5016; baseline 0.041 -72"><span class='ocrx_word' id='word_1_349' title='bbox 154 4899 637 5016; x_wconf 47' lang='lat' dir='ltr'><strong>apgstolicuml,let</strong></span> <span class='ocrx_word' id='word_1_350' title='bbox 666 4909 884 5016; x_wconf 46' lang='lat' dir='ltr'><strong>dig&#39;nnm</strong></span> <span class='ocrx_word' id='word_1_351' title='bbox 914 4924 1123 4991; x_wconf 80' lang='lat' dir='ltr'><strong>magnis</strong></span> <span class='ocrx_word' id='word_1_352' title='bbox 1146 4928 1253 4985; x_wconf 89' lang='lat' dir='ltr'><strong>illis</strong></span> <span class='ocrx_word' id='word_1_353' title='bbox 1276 4936 1469 4995; x_wconf 85' lang='lat' dir='ltr'><strong>animis</strong></span> <span class='ocrx_word' id='word_1_354' title='bbox 1494 4985 1507 5006; x_wconf 91' lang='lat'><strong>,</strong></span> <span class='ocrx_word' id='word_1_355' title='bbox 1537 4950 1623 5016; x_wconf 88' lang='lat' dir='ltr'><strong>qui</strong></span> <span class='ocrx_word' id='word_1_356' title='bbox 1652 4953 1751 5007; x_wconf 83' lang='lat' dir='ltr'><strong>tia-</strong></span> 
     </span>
    </p>
   </div>
   <div class='ocr_carea' id='block_1_44' title="bbox 151 4986 1753 5113">
    <p class='ocr_par' dir='ltr' id='par_1_44' title="bbox 151 4986 1753 5113">
     <span class='ocr_line' id='line_1_48' title="bbox 151 4986 1753 5113; baseline 0.034 -76"><span class='ocrx_word' id='word_1_357' title='bbox 151 4986 341 5051; x_wconf 82' lang='lat' dir='ltr'><strong>gcllati</strong></span> <span class='ocrx_word' id='word_1_358' title='bbox 384 4993 710 5058; x_wconf 78' lang='lat' dir='ltr'><strong>gaudebant.</strong></span> <span class='ocrx_word' id='word_1_359' title='bbox 740 5001 949 5063; x_wconf 83' lang='lat' dir='ltr'><strong>Reversi</strong></span> <span class='ocrx_word' id='word_1_360' title='bbox 970 5025 1091 5068; x_wconf 85' lang='lat' dir='ltr'><strong>sunt</strong></span> <span class='ocrx_word' id='word_1_361' title='bbox 1118 5021 1260 5076; x_wconf 90' lang='lat' dir='ltr'><strong>enim</strong></span> <span class='ocrx_word' id='word_1_362' title='bbox 1286 5066 1302 5090; x_wconf 91' lang='lat'><strong>,</strong></span> <span class='ocrx_word' id='word_1_363' title='bbox 1330 4986 1521 5100; x_wconf 61' lang='lat' dir='ltr'><strong>inquii,</strong></span> <span class='ocrx_word' id='word_1_364' title='bbox 1553 4986 1586 5091; x_wconf 62' lang='lat' dir='ltr'><strong>it</strong></span> <span class='ocrx_word' id='word_1_365' title='bbox 1624 4986 1753 5113; x_wconf 43' lang='grc' dir='ltr'><em>[ἕλε</em></span> 
     </span>
     <span class='ocr_line' id='line_1_49' title="bbox 151 5080 1115 5113; baseline 0 0"><span class='ocrx_word' id='word_1_366' title='bbox 151 5080 366 5113; x_wconf 54' lang='lat' dir='ltr'><strong>enen-3N.“</strong></span> <span class='ocrx_word' id='word_1_367' title='bbox 398 5086 669 5113; x_wconf 60' lang='grc' dir='ltr'><strong>ηιιιηιηηη-</strong></span> <span class='ocrx_word' id='word_1_368' title='bbox 749 5112 757 5113; x_wconf 60' lang='lat'><strong><em>,</em></strong></span> <span class='ocrx_word' id='word_1_369' title='bbox 862 5099 874 5113; x_wconf 83' lang='lat'><strong>.</strong></span> <span class='ocrx_word' id='word_1_370' title='bbox 929 5103 958 5113; x_wconf 86' lang='lat'><strong>..</strong></span> <span class='ocrx_word' id='word_1_371' title='bbox 1035 5107 1045 5113; x_wconf 88' lang='lat'><strong>.</strong></span> <span class='ocrx_word' id='word_1_372' title='bbox 1106 5110 1115 5113; x_wconf 33' lang='grc' dir='ltr'><strong>Α</strong></span> 
     </span>
    </p>
   </div>
   <div class='ocr_carea' id='block_1_45' title="bbox 150 5080 1750 5199">
    <p class='ocr_par' dir='ltr' id='par_1_45' title="bbox 150 5080 1750 5199">
     <span class='ocr_line' id='line_1_50' title="bbox 150 5080 1750 5199; baseline 0.043 -74"><span class='ocrx_word' id='word_1_373' title='bbox 150 5080 366 5199; x_wconf 59' lang='lat' dir='ltr'><strong>concili&#39;i</strong></span> <span class='ocrx_word' id='word_1_374' title='bbox 393 5086 669 5151; x_wconf 82' lang='lat' dir='ltr'><strong>gaudentes</strong></span> <span class='ocrx_word' id='word_1_375' title='bbox 694 5133 711 5157; x_wconf 90' lang='lat'><strong>,</strong></span> <span class='ocrx_word' id='word_1_376' title='bbox 737 5099 874 5163; x_wconf 81' lang='lat' dir='ltr'><strong>quod</strong></span> <span class='ocrx_word' id='word_1_377' title='bbox 904 5103 1045 5175; x_wconf 81' lang='lat' dir='ltr'><strong>digni</strong></span> <span class='ocrx_word' id='word_1_378' title='bbox 1072 5110 1174 5171; x_wconf 83' lang='lat' dir='ltr'><strong>sint</strong></span> <span class='ocrx_word' id='word_1_379' title='bbox 1199 5080 1750 5199; x_wconf 45' lang='grc' dir='ltr'><strong>ἠαέίιί-ῖιιιιηρζοιῖιζ</strong></span> 
     </span>
    </p>
   </div>
   <div class='ocr_carea' id='block_1_46' title="bbox 150 5168 1749 5298">
    <p class='ocr_par' dir='ltr' id='par_1_46' title="bbox 150 5168 1749 5298">
     <span class='ocr_line' id='line_1_51' title="bbox 150 5168 1749 5298; baseline 0.038 -80"><span class='ocrx_word' id='word_1_380' title='bbox 150 5168 295 5223; x_wconf 84' lang='lat' dir='ltr'><strong>mine</strong></span> <span class='ocrx_word' id='word_1_381' title='bbox 321 5170 451 5227; x_wconf 83' lang='lat' dir='ltr'><strong>Jesu</strong></span> <span class='ocrx_word' id='word_1_382' title='bbox 479 5179 796 5249; x_wconf 71' lang='lat' dir='ltr'><strong>aﬂicerentur</strong></span> <span class='ocrx_word' id='word_1_383' title='bbox 820 5168 1129 5265; x_wconf 68' lang='lat' dir='ltr'><strong>contumelia</strong></span> <span class='ocrx_word' id='word_1_384' title='bbox 1173 5204 1329 5273; x_wconf 81' lang='lat' dir='ltr'><strong>(Act.</strong></span> <span class='ocrx_word' id='word_1_385' title='bbox 1375 5168 1616 5296; x_wconf 38' lang='lat' dir='ltr'><strong>Simila)”.</strong></span> 
     </span>
     <span class='ocr_line' id='line_1_52' title="bbox 158 5267 1096 5298; baseline 0 0"><span class='ocrx_word' id='word_1_386' title='bbox 158 5273 347 5298; x_wconf 65' lang='lat' dir='ltr'><strong>glalnm</strong></span> <span class='ocrx_word' id='word_1_387' title='bbox 383 5267 480 5298; x_wconf 59' lang='lat' dir='ltr'><strong>ras-0</strong></span> <span class='ocrx_word' id='word_1_388' title='bbox 511 5288 625 5298; x_wconf 52' lang='grc' dir='ltr'>μη...</span> <span class='ocrx_word' id='word_1_389' title='bbox 653 5292 748 5298; x_wconf 59' lang='grc' dir='ltr'><strong>--η</strong></span> <span class='ocrx_word' id='word_1_390' title='bbox 767 5280 829 5298; x_wconf 63' lang='lat'><strong>1-,</strong></span> <span class='ocrx_word' id='word_1_391' title='bbox 1064 5293 1096 5298; x_wconf 88' lang='lat'><strong>__</strong></span> 
     </span>
    </p>
   </div>
   <div class='ocr_carea' id='block_1_47' title="bbox 158 5267 1749 5382">
    <p class='ocr_par' dir='ltr' id='par_1_47' title="bbox 158 5267 1749 5382">
     <span class='ocr_line' id='line_1_53' title="bbox 158 5267 1749 5382; baseline 0.042 -67"><span class='ocrx_word' id='word_1_392' title='bbox 158 5273 347 5382; x_wconf 46' lang='lat' dir='ltr'><strong>artem</strong></span> <span class='ocrx_word' id='word_1_393' title='bbox 381 5267 483 5324; x_wconf 77' lang='lat' dir='ltr'><strong>fert</strong></span> <span class='ocrx_word' id='word_1_394' title='bbox 508 5288 628 5330; x_wconf 90' lang='lat' dir='ltr'><strong>cum</strong></span> <span class='ocrx_word' id='word_1_395' title='bbox 648 5280 863 5349; x_wconf 78' lang='lat' dir='ltr'><strong>gaudio,</strong></span> <span class='ocrx_word' id='word_1_396' title='bbox 887 5293 1123 5348; x_wconf 88' lang='lat' dir='ltr'><strong>ostendit</strong></span> <span class='ocrx_word' id='word_1_397' title='bbox 1143 5267 1203 5355; x_wconf 80' lang='lat' dir='ltr'><strong>se</strong></span> <span class='ocrx_word' id='word_1_398' title='bbox 1225 5270 1421 5364; x_wconf 80' lang='lat' dir='ltr'><strong>habere</strong></span> <span class='ocrx_word' id='word_1_399' title='bbox 1447 5267 1749 5382; x_wconf 38' lang='lat' dir='ltr'><strong>inuitati;</strong></span> 
     </span>
    </p>
   </div>
   <div class='ocr_carea' id='block_1_48' title="bbox 156 5354 1741 5472">
    <p class='ocr_par' dir='ltr' id='par_1_48' title="bbox 156 5354 1741 5472">
     <span class='ocr_line' id='line_1_54' title="bbox 156 5354 1741 5472; baseline 0.044 -72"><span class='ocrx_word' id='word_1_400' title='bbox 156 5354 419 5472; x_wconf 41' lang='lat' dir='ltr'><strong>siliquam,</strong></span> <span class='ocrx_word' id='word_1_401' title='bbox 446 5369 498 5472; x_wconf 56' lang='lat' dir='ltr'><strong>it</strong></span> <span class='ocrx_word' id='word_1_402' title='bbox 524 5367 669 5435; x_wconf 86' lang='lat' dir='ltr'><strong>quod</strong></span> <span class='ocrx_word' id='word_1_403' title='bbox 697 5384 758 5429; x_wconf 82' lang='lat' dir='ltr'><strong>ea</strong></span> <span class='ocrx_word' id='word_1_404' title='bbox 782 5388 893 5435; x_wconf 90' lang='lat' dir='ltr'><strong>non</strong></span> <span class='ocrx_word' id='word_1_405' title='bbox 917 5379 990 5433; x_wconf 87' lang='lat' dir='ltr'><strong>sit</strong></span> <span class='ocrx_word' id='word_1_406' title='bbox 1011 5354 1285 5459; x_wconf 73' lang='lat' dir='ltr'><strong>damnum,</strong></span> <span class='ocrx_word' id='word_1_407' title='bbox 1308 5354 1421 5451; x_wconf 41' lang='lat' dir='ltr'><strong>sed.</strong></span> 
     </span>
    </p>
   </div>
   <div class='ocr_carea' id='block_1_49' title="bbox 156 5443 1744 5561">
    <p class='ocr_par' dir='ltr' id='par_1_49' title="bbox 156 5443 1744 5561">
     <span class='ocr_line' id='line_1_55' title="bbox 156 5443 1744 5561; baseline 0.042 -65"><span class='ocrx_word' id='word_1_408' title='bbox 156 5443 221 5561; x_wconf 54' lang='lat' dir='ltr'>&#39;H</span> <span class='ocrx_word' id='word_1_409' title='bbox 251 5447 412 5550; x_wconf 79' lang='lat' dir='ltr'><strong>illud,</strong></span> <span class='ocrx_word' id='word_1_410' title='bbox 447 5452 780 5561; x_wconf 54' lang='lat' dir='ltr'><strong>suscepistis,</strong></span> <span class='ocrx_word' id='word_1_411' title='bbox 807 5443 1041 5533; x_wconf 82' lang='lat' dir='ltr'><strong>ostendit</strong></span> <span class='ocrx_word' id='word_1_412' title='bbox 1073 5443 1744 5561; x_wconf 40' lang='lat' dir='ltr'><strong>voluntdriamiedlrh‘iii‘i:</strong></span> 
     </span>
    </p>
   </div>
   <div class='ocr_carea' id='block_1_50' title="bbox 152 5535 1735 5667">
    <p class='ocr_par' dir='ltr' id='par_1_50' title="bbox 152 5535 1735 5667">
     <span class='ocr_line' id='line_1_56' title="bbox 152 5535 1735 5667; baseline 0.007 -24"><span class='ocrx_word' id='word_1_413' title='bbox 152 5535 464 5643; x_wconf 63' lang='grc' dir='ltr'><strong>ιιταηιίειξη-</strong></span> <span class='ocrx_word' id='word_1_414' title='bbox 493 5545 770 5667; x_wconf 62' lang='grc' dir='ltr'>ριιοιυοιις</span> <span class='ocrx_word' id='word_1_415' title='bbox 799 5558 1035 5632; x_wconf 65' lang='lat' dir='ltr'><strong>elegistis</strong></span> <span class='ocrx_word' id='word_1_416' title='bbox 1061 5579 1115 5624; x_wconf 69' lang='grc' dir='ltr'><strong>ει</strong></span> <span class='ocrx_word' id='word_1_417' title='bbox 1142 5535 1735 5667; x_wconf 56' lang='grc' dir='ltr'><strong>ευέὲὲιῐέὲεῗὲἑζζὲῗ</strong></span> 
     </span>
     <span class='ocr_line' id='line_1_57' title="bbox 152 5638 1123 5667; baseline 0 0"><span class='ocrx_word' id='word_1_418' title='bbox 152 5640 344 5667; x_wconf 53' lang='lat' dir='ltr'><strong>Tranio:</strong></span> <span class='ocrx_word' id='word_1_419' title='bbox 395 5638 562 5667; x_wconf 65' lang='lat' dir='ltr'><strong>sna-nis</strong></span> <span class='ocrx_word' id='word_1_420' title='bbox 619 5657 702 5667; x_wconf 69' lang='grc' dir='ltr'><strong>...η</strong></span> <span class='ocrx_word' id='word_1_421' title='bbox 773 5646 849 5667; x_wconf 61' lang='lat' dir='ltr'><strong>-L,</strong></span> <span class='ocrx_word' id='word_1_422' title='bbox 942 5654 953 5665; x_wconf 76' lang='grc' dir='ltr'><strong><em>ο</em></strong></span> <span class='ocrx_word' id='word_1_423' title='bbox 1095 5661 1123 5667; x_wconf 84' lang='grc'><strong>..</strong></span> 
     </span>
    </p>
   </div>
   <div class='ocr_carea' id='block_1_51' title="bbox 131 5633 1736 5731">
    <p class='ocr_par' dir='ltr' id='par_1_51' title="bbox 131 5633 1736 5731">
     <span class='ocr_line' id='line_1_58' title="bbox 131 5633 1736 5731; baseline 0.031 -49"><span class='ocrx_word' id='word_1_424' title='bbox 131 5640 365 5698; x_wconf 70' lang='lat' dir='ltr'><strong>steriles,</strong></span> <span class='ocrx_word' id='word_1_425' title='bbox 395 5633 586 5702; x_wconf 82' lang='lat' dir='ltr'><strong>inquit,</strong></span> <span class='ocrx_word' id='word_1_426' title='bbox 619 5657 702 5696; x_wconf 81' lang='lat' dir='ltr'><strong>vos</strong></span> <span class='ocrx_word' id='word_1_427' title='bbox 729 5644 908 5703; x_wconf 78' lang='lat' dir='ltr'><strong>habere</strong></span> <span class='ocrx_word' id='word_1_428' title='bbox 933 5654 986 5711; x_wconf 86' lang='lat' dir='ltr'><strong>in</strong></span> <span class='ocrx_word' id='word_1_429' title='bbox 1010 5661 1149 5714; x_wconf 66' lang='lat' dir='ltr'><strong>cretis</strong></span> <span class='ocrx_word' id='word_1_430' title='bbox 1173 5633 1430 5728; x_wconf 65' lang='lat' dir='ltr'><strong>melidrcm</strong></span> <span class='ocrx_word' id='word_1_431' title='bbox 1457 5680 1502 5725; x_wconf 87' lang='lat' dir='ltr'><strong>et</strong></span> <span class='ocrx_word' id='word_1_432' title='bbox 1526 5633 1736 5731; x_wconf 52' lang='grc' dir='ltr'><strong>διατιἶί-</strong></span> 
     </span>
    </p>
   </div>
   <div class='ocr_carea' id='block_1_52' title="bbox 472 5723 1177 5802">
    <p class='ocr_par' dir='ltr' id='par_1_52' title="bbox 472 5723 1177 5802">
     <span class='ocr_line' id='line_1_59' title="bbox 472 5723 1177 5802; baseline 0.027 -19"><span class='ocrx_word' id='word_1_433' title='bbox 472 5723 738 5789; x_wconf 74' lang='grc' dir='ltr'><strong>ΡΑτιιοι..</strong></span> <span class='ocrx_word' id='word_1_434' title='bbox 791 5734 906 5797; x_wconf 75' lang='lat' dir='ltr'><strong>(in.</strong></span> <span class='ocrx_word' id='word_1_435' title='bbox 956 5738 1177 5802; x_wconf 77' lang='lat' dir='ltr'><strong>LXIII.</strong></span> 
     </span>
    </p>
   </div>
   <div class='ocr_carea' id='block_1_53' title="bbox 1019 257 2644 331">
    <p class='ocr_par' dir='ltr' id='par_1_53' title="bbox 1019 257 2644 331">
     <span class='ocr_line' id='line_1_60' title="bbox 1019 257 2644 331; baseline 0.001 -15"><span class='ocrx_word' id='word_1_436' title='bbox 1019 257 1083 317; x_wconf 84' lang='lat' dir='ltr'><strong>IN</strong></span> <span class='ocrx_word' id='word_1_437' title='bbox 1124 263 1341 327; x_wconf 80' lang='lat' dir='ltr'><strong>EPIST.</strong></span> <span class='ocrx_word' id='word_1_438' title='bbox 1383 264 1475 327; x_wconf 81' lang='lat' dir='ltr'><strong>AD</strong></span> <span class='ocrx_word' id='word_1_439' title='bbox 1515 261 1877 331; x_wconf 63' lang='grc' dir='ltr'><strong>ΗΕΒΒΑΞΟΞ.</strong></span> <span class='ocrx_word' id='word_1_440' title='bbox 1917 262 2072 320; x_wconf 76' lang='lat' dir='ltr'><strong>CAP.</strong></span> <span class='ocrx_word' id='word_1_441' title='bbox 2118 262 2183 320; x_wconf 80' lang='grc' dir='ltr'>Χ.</span> <span class='ocrx_word' id='word_1_442' title='bbox 2229 263 2458 322; x_wconf 74' lang='lat' dir='ltr'><strong>HOMIL.</strong></span> <span class='ocrx_word' id='word_1_443' title='bbox 2502 263 2644 321; x_wconf 76' lang='lat' dir='ltr'><strong>XXI.</strong></span> 
     </span>
    </p>
   </div>
   <div class='ocr_carea' id='block_1_54' title="bbox 3370 262 3472 325">
    <p class='ocr_par' dir='ltr' id='par_1_54' title="bbox 3370 262 3472 325">
     <span class='ocr_line' id='line_1_61' title="bbox 3370 262 3472 325; baseline -0.02 -7"><span class='ocrx_word' id='word_1_444' title='bbox 3370 265 3391 318; x_wconf 79' lang='grc'>1</span> <span class='ocrx_word' id='word_1_445' title='bbox 3405 262 3472 325; x_wconf 71' lang='lat' dir='ltr'><strong>,‘SO</strong></span> 
     </span>
    </p>
   </div>
   <div class='ocr_carea' id='block_1_55' title="bbox 1886 373 3465 439">
    <p class='ocr_par' dir='ltr' id='par_1_55' title="bbox 1886 373 3465 439">
     <span class='ocr_line' id='line_1_62' title="bbox 1886 373 3465 439; baseline 0.001 -11"><span class='ocrx_word' id='word_1_446' title='bbox 1886 386 1982 429; x_wconf 83' lang='lat' dir='ltr'><strong>tem</strong></span> <span class='ocrx_word' id='word_1_447' title='bbox 2023 374 2373 435; x_wconf 79' lang='lat' dir='ltr'><strong>substantiam.</strong></span> <span class='ocrx_word' id='word_1_448' title='bbox 2420 374 2730 439; x_wconf 74' lang='lat' dir='ltr'><strong>Manentent,</strong></span> <span class='ocrx_word' id='word_1_449' title='bbox 2760 373 2811 427; x_wconf 90' lang='lat' dir='ltr'><strong>id</strong></span> <span class='ocrx_word' id='word_1_450' title='bbox 2842 383 2942 438; x_wconf 72' lang='grc' dir='ltr'>εει,</span> <span class='ocrx_word' id='word_1_451' title='bbox 2972 373 3178 433; x_wconf 85' lang='lat' dir='ltr'><strong>ﬁrmam</strong></span> <span class='ocrx_word' id='word_1_452' title='bbox 3204 388 3267 430; x_wconf 87' lang='lat' dir='ltr'><strong>ac</strong></span> <span class='ocrx_word' id='word_1_453' title='bbox 3296 374 3465 437; x_wconf 87' lang='lat' dir='ltr'><strong>stabi-</strong></span> 
     </span>
    </p>
   </div>
   <div class='ocr_carea' id='block_1_56' title="bbox 1886 466 2957 537">
    <p class='ocr_par' dir='ltr' id='par_1_56' title="bbox 1886 466 2957 537">
     <span class='ocr_line' id='line_1_63' title="bbox 1886 466 2957 537; baseline -0.002 -16"><span class='ocrx_word' id='word_1_454' title='bbox 1886 470 2013 530; x_wconf 88' lang='lat' dir='ltr'><strong>lem,</strong></span> <span class='ocrx_word' id='word_1_455' title='bbox 2043 482 2147 522; x_wconf 92' lang='lat' dir='ltr'><strong>non</strong></span> <span class='ocrx_word' id='word_1_456' title='bbox 2176 467 2266 533; x_wconf 87' lang='lat' dir='ltr'><strong>ita,</strong></span> <span class='ocrx_word' id='word_1_457' title='bbox 2296 467 2434 522; x_wconf 86' lang='lat' dir='ltr'><strong>sicut</strong></span> <span class='ocrx_word' id='word_1_458' title='bbox 2462 466 2596 532; x_wconf 64' lang='lat' dir='ltr'><strong>hare,</strong></span> <span class='ocrx_word' id='word_1_459' title='bbox 2626 475 2957 537; x_wconf 87' lang='lat' dir='ltr'><strong>pereuntem.</strong></span> 
     </span>
    </p>
   </div>
   <div class='ocr_carea' id='block_1_57' title="bbox 1966 556 3465 621">
    <p class='ocr_par' dir='ltr' id='par_1_57' title="bbox 1966 556 3465 621">
     <span class='ocr_line' id='line_1_64' title="bbox 1966 556 3465 621; baseline 0.001 -9"><span class='ocrx_word' id='word_1_460' title='bbox 1966 558 2019 612; x_wconf 71' lang='lat'><strong>2.</strong></span> <span class='ocrx_word' id='word_1_461' title='bbox 2068 558 2269 612; x_wconf 87' lang='lat' dir='ltr'><strong>Deinde</strong></span> <span class='ocrx_word' id='word_1_462' title='bbox 2306 571 2429 611; x_wconf 88' lang='lat' dir='ltr'><strong>cum</strong></span> <span class='ocrx_word' id='word_1_463' title='bbox 2459 572 2553 612; x_wconf 90' lang='lat' dir='ltr'><strong>eos</strong></span> <span class='ocrx_word' id='word_1_464' title='bbox 2588 557 2889 621; x_wconf 82' lang='lat' dir='ltr'><strong>laudasset,</strong></span> <span class='ocrx_word' id='word_1_465' title='bbox 2933 556 3061 611; x_wconf 84' lang='lat' dir='ltr'><strong>dicit</strong></span> <span class='ocrx_word' id='word_1_466' title='bbox 3095 575 3108 610; x_wconf 74' lang='grc' dir='ltr'>ε</span> <span class='ocrx_word' id='word_1_467' title='bbox 3152 559 3240 617; x_wconf 80' lang='lat'><strong>35.</strong></span> <span class='ocrx_word' id='word_1_468' title='bbox 3290 558 3465 613; x_wconf 75' lang='lat' dir='ltr'><strong>Nolite</strong></span> 
     </span>
    </p>
   </div>
   <div class='ocr_carea' id='block_1_58' title="bbox 1881 647 3465 722">
    <p class='ocr_par' dir='ltr' id='par_1_58' title="bbox 1881 647 3465 722">
     <span class='ocr_line' id='line_1_65' title="bbox 1881 647 3465 722; baseline 0 -21"><span class='ocrx_word' id='word_1_469' title='bbox 1881 649 2048 719; x_wconf 85' lang='lat' dir='ltr'><strong>itaque</strong></span> <span class='ocrx_word' id='word_1_470' title='bbox 2101 649 2327 705; x_wconf 87' lang='lat' dir='ltr'><strong>amittere</strong></span> <span class='ocrx_word' id='word_1_471' title='bbox 2371 647 2729 715; x_wconf 68' lang='lat' dir='ltr'><strong>conﬁdentia»:</strong></span> <span class='ocrx_word' id='word_1_472' title='bbox 2776 657 3016 713; x_wconf 83' lang='lat' dir='ltr'><strong>vestram,</strong></span> <span class='ocrx_word' id='word_1_473' title='bbox 3060 665 3173 716; x_wconf 69' lang='lat' dir='ltr'><strong>qua:</strong></span> <span class='ocrx_word' id='word_1_474' title='bbox 3227 666 3465 722; x_wconf 82' lang='lat' dir='ltr'><strong>magnam</strong></span> 
     </span>
    </p>
   </div>
   <div class='ocr_carea' id='block_1_59' title="bbox 1882 737 3464 805">
    <p class='ocr_par' dir='ltr' id='par_1_59' title="bbox 1882 737 3464 805">
     <span class='ocr_line' id='line_1_66' title="bbox 1882 737 3464 805; baseline -0.001 -9"><span class='ocrx_word' id='word_1_475' title='bbox 1882 739 2027 797; x_wconf 84' lang='lat' dir='ltr'><strong>habet</strong></span> <span class='ocrx_word' id='word_1_476' title='bbox 2055 739 2528 794; x_wconf 84' lang='lat' dir='ltr'><strong>remunerationem.</strong></span> <span class='ocrx_word' id='word_1_477' title='bbox 2560 737 2698 805; x_wconf 84' lang='lat' dir='ltr'><strong>Quid</strong></span> <span class='ocrx_word' id='word_1_478' title='bbox 2724 738 2902 792; x_wconf 85' lang='lat' dir='ltr'><strong>dicis?</strong></span> <span class='ocrx_word' id='word_1_479' title='bbox 2926 739 3040 792; x_wconf 83' lang='grc' dir='ltr'>Νοιι</span> <span class='ocrx_word' id='word_1_480' title='bbox 3068 740 3235 804; x_wconf 81' lang='lat' dir='ltr'><strong>dixit,</strong></span> <span class='ocrx_word' id='word_1_481' title='bbox 3264 742 3464 796; x_wconf 82' lang='lat' dir='ltr'><strong>Amisi-</strong></span> 
     </span>
    </p>
   </div>
   <div class='ocr_carea' id='block_1_60' title="bbox 1880 826 3461 901">
    <p class='ocr_par' dir='ltr' id='par_1_60' title="bbox 1880 826 3461 901">
     <span class='ocr_line' id='line_1_67' title="bbox 1880 826 3461 901; baseline 0.002 -17"><span class='ocrx_word' id='word_1_482' title='bbox 1880 831 1977 885; x_wconf 89' lang='lat' dir='ltr'><strong>stis</strong></span> <span class='ocrx_word' id='word_1_483' title='bbox 1999 829 2273 893; x_wconf 89' lang='lat' dir='ltr'><strong>ﬁduciam,</strong></span> <span class='ocrx_word' id='word_1_484' title='bbox 2306 836 2360 882; x_wconf 91' lang='lat' dir='ltr'><strong>ct</strong></span> <span class='ocrx_word' id='word_1_485' title='bbox 2402 842 2587 881; x_wconf 87' lang='lat' dir='ltr'><strong>rursus</strong></span> <span class='ocrx_word' id='word_1_486' title='bbox 2631 826 2890 898; x_wconf 88' lang='lat' dir='ltr'><strong>acquirite</strong></span> <span class='ocrx_word' id='word_1_487' title='bbox 2912 870 2927 894; x_wconf 93' lang='lat'><strong>,</strong></span> <span class='ocrx_word' id='word_1_488' title='bbox 2968 845 3035 883; x_wconf 88' lang='lat' dir='ltr'><strong>ne</strong></span> <span class='ocrx_word' id='word_1_489' title='bbox 3064 831 3416 901; x_wconf 81' lang='lat' dir='ltr'><strong>desperarent</strong></span> <span class='ocrx_word' id='word_1_490' title='bbox 3447 854 3461 899; x_wconf 91' lang='lat'><strong>;</strong></span> 
     </span>
    </p>
   </div>
   <div class='ocr_carea' id='block_1_61' title="bbox 1879 919 3463 991">
    <p class='ocr_par' dir='ltr' id='par_1_61' title="bbox 1879 919 3463 991">
     <span class='ocr_line' id='line_1_68' title="bbox 1879 919 3463 991; baseline 0.003 -15"><span class='ocrx_word' id='word_1_491' title='bbox 1879 922 1971 981; x_wconf 86' lang='lat' dir='ltr'><strong>sed</strong></span> <span class='ocrx_word' id='word_1_492' title='bbox 1997 964 2012 991; x_wconf 91' lang='lat'><strong>,</strong></span> <span class='ocrx_word' id='word_1_493' title='bbox 2041 921 2257 988; x_wconf 79' lang='lat' dir='ltr'><strong>Habetis</strong></span> <span class='ocrx_word' id='word_1_494' title='bbox 2276 960 2290 985; x_wconf 97' lang='lat'><strong>,</strong></span> <span class='ocrx_word' id='word_1_495' title='bbox 2320 935 2387 975; x_wconf 90' lang='lat' dir='ltr'><strong>ne</strong></span> <span class='ocrx_word' id='word_1_496' title='bbox 2409 920 2662 973; x_wconf 85' lang='lat' dir='ltr'><strong>amittatis</strong></span> <span class='ocrx_word' id='word_1_497' title='bbox 2692 937 2704 972; x_wconf 89' lang='lat'><strong>:</strong></span> <span class='ocrx_word' id='word_1_498' title='bbox 2735 919 2875 991; x_wconf 91' lang='lat' dir='ltr'><strong>quod</strong></span> <span class='ocrx_word' id='word_1_499' title='bbox 2907 920 3171 977; x_wconf 81' lang='lat' dir='ltr'><strong>efﬁciebat</strong></span> <span class='ocrx_word' id='word_1_500' title='bbox 3196 934 3255 978; x_wconf 91' lang='lat' dir='ltr'><strong>ut</strong></span> <span class='ocrx_word' id='word_1_501' title='bbox 3280 936 3463 981; x_wconf 90' lang='lat' dir='ltr'><strong>essent</strong></span> 
     </span>
    </p>
   </div>
   <div class='ocr_carea' id='block_1_62' title="bbox 1882 1008 3461 1084">
    <p class='ocr_par' dir='ltr' id='par_1_62' title="bbox 1882 1008 3461 1084">
     <span class='ocr_line' id='line_1_69' title="bbox 1882 1008 3461 1084; baseline 0.004 -19"><span class='ocrx_word' id='word_1_502' title='bbox 1882 1012 2163 1067; x_wconf 84' lang='lat' dir='ltr'><strong>ﬁrmiores.</strong></span> <span class='ocrx_word' id='word_1_503' title='bbox 2213 1011 2373 1077; x_wconf 86' lang='lat' dir='ltr'><strong>Eam,</strong></span> <span class='ocrx_word' id='word_1_504' title='bbox 2418 1009 2628 1080; x_wconf 80' lang='lat' dir='ltr'><strong>inquit,</strong></span> <span class='ocrx_word' id='word_1_505' title='bbox 2680 1008 2933 1066; x_wconf 80' lang='lat' dir='ltr'><strong>habetis:</strong></span> <span class='ocrx_word' id='word_1_506' title='bbox 2984 1028 3104 1075; x_wconf 83' lang='lat' dir='ltr'><strong>nam</strong></span> <span class='ocrx_word' id='word_1_507' title='bbox 3148 1013 3201 1067; x_wconf 91' lang='lat' dir='ltr'><strong>id</strong></span> <span class='ocrx_word' id='word_1_508' title='bbox 3245 1017 3461 1084; x_wconf 86' lang='lat' dir='ltr'><strong>quidem</strong></span> 
     </span>
    </p>
   </div>
   <div class='ocr_carea' id='block_1_63' title="bbox 1877 1101 3461 1183">
    <p class='ocr_par' dir='ltr' id='par_1_63' title="bbox 1877 1101 3461 1183">
     <span class='ocr_line' id='line_1_70' title="bbox 1877 1101 3461 1183; baseline 0.002 -25"><span class='ocrx_word' id='word_1_509' title='bbox 1877 1103 2018 1174; x_wconf 90' lang='lat' dir='ltr'><strong>quod</strong></span> <span class='ocrx_word' id='word_1_510' title='bbox 2060 1112 2140 1158; x_wconf 89' lang='lat' dir='ltr'><strong>est</strong></span> <span class='ocrx_word' id='word_1_511' title='bbox 2184 1102 2436 1156; x_wconf 89' lang='lat' dir='ltr'><strong>amissum</strong></span> <span class='ocrx_word' id='word_1_512' title='bbox 2501 1115 2686 1159; x_wconf 89' lang='lat' dir='ltr'><strong>rursus</strong></span> <span class='ocrx_word' id='word_1_513' title='bbox 2731 1101 3041 1170; x_wconf 85' lang='lat' dir='ltr'><strong>acquirere,</strong></span> <span class='ocrx_word' id='word_1_514' title='bbox 3094 1103 3283 1183; x_wconf 77' lang='lat' dir='ltr'><strong>majori</strong></span> <span class='ocrx_word' id='word_1_515' title='bbox 3327 1122 3461 1177; x_wconf 88' lang='lat' dir='ltr'><strong>opus</strong></span> 
     </span>
    </p>
   </div>
   <div class='ocr_carea' id='block_1_64' title="bbox 1878 1193 3457 1273">
    <p class='ocr_par' dir='ltr' id='par_1_64' title="bbox 1878 1193 3457 1273">
     <span class='ocr_line' id='line_1_71' title="bbox 1878 1193 3457 1273; baseline 0.001 -23"><span class='ocrx_word' id='word_1_516' title='bbox 1878 1196 2036 1253; x_wconf 86' lang='lat' dir='ltr'><strong>habet</strong></span> <span class='ocrx_word' id='word_1_517' title='bbox 2068 1196 2249 1251; x_wconf 84' lang='lat' dir='ltr'><strong>labore</strong></span> <span class='ocrx_word' id='word_1_518' title='bbox 2278 1210 2292 1260; x_wconf 91' lang='lat'><strong>;</strong></span> <span class='ocrx_word' id='word_1_519' title='bbox 2333 1193 2475 1273; x_wconf 86' lang='lat' dir='ltr'><strong>quod</strong></span> <span class='ocrx_word' id='word_1_520' title='bbox 2519 1202 2695 1248; x_wconf 87' lang='lat' dir='ltr'><strong>autem</strong></span> <span class='ocrx_word' id='word_1_521' title='bbox 2726 1194 3028 1263; x_wconf 86' lang='lat' dir='ltr'><strong>possidetur</strong></span> <span class='ocrx_word' id='word_1_522' title='bbox 3058 1211 3162 1249; x_wconf 86' lang='lat' dir='ltr'><strong>non</strong></span> <span class='ocrx_word' id='word_1_523' title='bbox 3196 1198 3421 1265; x_wconf 87' lang='lat' dir='ltr'><strong>perdere</strong></span> <span class='ocrx_word' id='word_1_524' title='bbox 3443 1242 3457 1263; x_wconf 95' lang='lat'><strong>,</strong></span> 
     </span>
    </p>
   </div>
   <div class='ocr_carea' id='block_1_65' title="bbox 1876 1285 3455 1356">
    <p class='ocr_par' dir='ltr' id='par_1_65' title="bbox 1876 1285 3455 1356">
     <span class='ocr_line' id='line_1_72' title="bbox 1876 1285 3455 1356; baseline 0.001 -15"><span class='ocrx_word' id='word_1_525' title='bbox 1876 1304 1980 1344; x_wconf 86' lang='lat' dir='ltr'><strong>non</strong></span> <span class='ocrx_word' id='word_1_526' title='bbox 2030 1288 2119 1343; x_wconf 86' lang='lat' dir='ltr'><strong>ita.</strong></span> <span class='ocrx_word' id='word_1_527' title='bbox 2169 1286 2370 1344; x_wconf 88' lang='lat' dir='ltr'><strong>Galatis</strong></span> <span class='ocrx_word' id='word_1_528' title='bbox 2416 1294 2590 1341; x_wconf 87' lang='lat' dir='ltr'><strong>autem</strong></span> <span class='ocrx_word' id='word_1_529' title='bbox 2643 1285 2771 1345; x_wconf 84' lang='lat' dir='ltr'><strong>dicit</strong></span> <span class='ocrx_word' id='word_1_530' title='bbox 2816 1286 3146 1340; x_wconf 86' lang='lat' dir='ltr'><strong>contrarium</strong></span> <span class='ocrx_word' id='word_1_531' title='bbox 3196 1288 3455 1356; x_wconf 83' lang='lat' dir='ltr'><strong>:Filioli,</strong></span> 
     </span>
    </p>
   </div>
   <div class='ocr_carea' id='block_1_66' title="bbox 1874 1378 3460 1451">
    <p class='ocr_par' dir='ltr' id='par_1_66' title="bbox 1874 1378 3460 1451">
     <span class='ocr_line' id='line_1_73' title="bbox 1874 1378 3460 1451; baseline 0.003 -18"><span class='ocrx_word' id='word_1_532' title='bbox 1874 1395 1995 1450; x_wconf 84' lang='lat' dir='ltr'><strong>quos</strong></span> <span class='ocrx_word' id='word_1_533' title='bbox 2023 1381 2202 1433; x_wconf 83' lang='lat' dir='ltr'><strong>iterant</strong></span> <span class='ocrx_word' id='word_1_534' title='bbox 2230 1380 2486 1448; x_wconf 87' lang='lat' dir='ltr'><strong>parturio,</strong></span> <span class='ocrx_word' id='word_1_535' title='bbox 2514 1378 2671 1432; x_wconf 88' lang='lat' dir='ltr'><strong>donec</strong></span> <span class='ocrx_word' id='word_1_536' title='bbox 2716 1381 2957 1451; x_wconf 79' lang='lat' dir='ltr'><strong>formetur</strong></span> <span class='ocrx_word' id='word_1_537' title='bbox 2988 1379 3041 1439; x_wconf 84' lang='lat' dir='ltr'><strong>in</strong></span> <span class='ocrx_word' id='word_1_538' title='bbox 3069 1380 3204 1437; x_wconf 76' lang='lat' dir='ltr'><strong>vobis</strong></span> <span class='ocrx_word' id='word_1_539' title='bbox 3232 1380 3460 1437; x_wconf 80' lang='lat' dir='ltr'><strong>Christus</strong></span> 
     </span>
    </p>
   </div>
   <div class='ocr_carea' id='block_1_67' title="bbox 1874 1470 3459 1543">
    <p class='ocr_par' dir='ltr' id='par_1_67' title="bbox 1874 1470 3459 1543">
     <span class='ocr_line' id='line_1_74' title="bbox 1874 1470 3459 1543; baseline 0.004 -18"><span class='ocrx_word' id='word_1_540' title='bbox 1874 1470 2032 1543; x_wconf 81' lang='lat' dir='ltr'><strong>(Gal.</strong></span> <span class='ocrx_word' id='word_1_541' title='bbox 2078 1472 2132 1527; x_wconf 74' lang='grc'><strong>4.</strong></span> <span class='ocrx_word' id='word_1_542' title='bbox 2178 1470 2329 1538; x_wconf 78' lang='grc'><strong>19);</strong></span> <span class='ocrx_word' id='word_1_543' title='bbox 2377 1479 2432 1527; x_wconf 89' lang='lat' dir='ltr'><strong>et</strong></span> <span class='ocrx_word' id='word_1_544' title='bbox 2474 1472 2686 1525; x_wconf 85' lang='lat' dir='ltr'><strong>merito.</strong></span> <span class='ocrx_word' id='word_1_545' title='bbox 2738 1470 2869 1525; x_wconf 84' lang='lat' dir='ltr'><strong>Nam</strong></span> <span class='ocrx_word' id='word_1_546' title='bbox 2918 1470 2999 1527; x_wconf 89' lang='lat' dir='ltr'><strong>illi</strong></span> <span class='ocrx_word' id='word_1_547' title='bbox 3043 1473 3259 1542; x_wconf 89' lang='lat' dir='ltr'><strong>quidem</strong></span> <span class='ocrx_word' id='word_1_548' title='bbox 3307 1487 3459 1532; x_wconf 85' lang='lat' dir='ltr'><strong>erant</strong></span> 
     </span>
    </p>
   </div>
   <div class='ocr_carea' id='block_1_68' title="bbox 1872 1564 3456 1637">
    <p class='ocr_par' dir='ltr' id='par_1_68' title="bbox 1872 1564 3456 1637">
     <span class='ocr_line' id='line_1_75' title="bbox 1872 1564 3456 1637; baseline 0.004 -18"><span class='ocrx_word' id='word_1_549' title='bbox 1872 1567 2170 1637; x_wconf 84' lang='lat' dir='ltr'><strong>supiniores</strong></span> <span class='ocrx_word' id='word_1_550' title='bbox 2213 1574 2267 1620; x_wconf 89' lang='lat' dir='ltr'><strong>et</strong></span> <span class='ocrx_word' id='word_1_551' title='bbox 2311 1564 2654 1634; x_wconf 78' lang='lat' dir='ltr'><strong>ignaviores;</strong></span> <span class='ocrx_word' id='word_1_552' title='bbox 2686 1564 2828 1621; x_wconf 89' lang='lat' dir='ltr'><strong>unde</strong></span> <span class='ocrx_word' id='word_1_553' title='bbox 2874 1580 3008 1634; x_wconf 89' lang='lat' dir='ltr'><strong>opus</strong></span> <span class='ocrx_word' id='word_1_554' title='bbox 3036 1564 3306 1623; x_wconf 85' lang='lat' dir='ltr'><strong>habebant</strong></span> <span class='ocrx_word' id='word_1_555' title='bbox 3331 1584 3456 1625; x_wconf 85' lang='lat' dir='ltr'><strong>ora.—</strong></span> 
     </span>
    </p>
   </div>
   <div class='ocr_carea' id='block_1_69' title="bbox 1873 1655 3454 1726">
    <p class='ocr_par' dir='ltr' id='par_1_69' title="bbox 1873 1655 3454 1726">
     <span class='ocr_line' id='line_1_76' title="bbox 1873 1655 3454 1726; baseline 0.006 -22"><span class='ocrx_word' id='word_1_556' title='bbox 1873 1657 2016 1713; x_wconf 84' lang='lat' dir='ltr'><strong>tione</strong></span> <span class='ocrx_word' id='word_1_557' title='bbox 2045 1670 2162 1725; x_wconf 72' lang='lat' dir='ltr'><strong>qum</strong></span> <span class='ocrx_word' id='word_1_558' title='bbox 2204 1655 2373 1726; x_wconf 81' lang='lat' dir='ltr'><strong>magis</strong></span> <span class='ocrx_word' id='word_1_559' title='bbox 2420 1663 2723 1723; x_wconf 84' lang='lat' dir='ltr'><strong>pungeret:</strong></span> <span class='ocrx_word' id='word_1_560' title='bbox 2761 1655 2843 1709; x_wconf 87' lang='lat' dir='ltr'><strong>isti</strong></span> <span class='ocrx_word' id='word_1_561' title='bbox 2889 1665 3068 1715; x_wconf 86' lang='lat' dir='ltr'><strong>autem</strong></span> <span class='ocrx_word' id='word_1_562' title='bbox 3098 1668 3251 1711; x_wconf 88' lang='lat' dir='ltr'><strong>erant</strong></span> <span class='ocrx_word' id='word_1_563' title='bbox 3290 1660 3454 1717; x_wconf 88' lang='lat' dir='ltr'><strong>animi</strong></span> 
     </span>
    </p>
   </div>
   <div class='ocr_carea' id='block_1_70' title="bbox 1871 1746 3457 1819">
    <p class='ocr_par' dir='ltr' id='par_1_70' title="bbox 1871 1746 3457 1819">
     <span class='ocr_line' id='line_1_77' title="bbox 1871 1746 3457 1819; baseline 0.004 -18"><span class='ocrx_word' id='word_1_564' title='bbox 1871 1747 2039 1817; x_wconf 84' lang='lat' dir='ltr'><strong>magis</strong></span> <span class='ocrx_word' id='word_1_565' title='bbox 2081 1746 2257 1816; x_wconf 87' lang='lat' dir='ltr'><strong>pusilli</strong></span> <span class='ocrx_word' id='word_1_566' title='bbox 2299 1755 2355 1802; x_wconf 91' lang='lat' dir='ltr'><strong>et</strong></span> <span class='ocrx_word' id='word_1_567' title='bbox 2380 1746 2616 1816; x_wconf 88' lang='lat' dir='ltr'><strong>abjecti;</strong></span> <span class='ocrx_word' id='word_1_568' title='bbox 2652 1747 2791 1801; x_wconf 89' lang='lat' dir='ltr'><strong>unde</strong></span> <span class='ocrx_word' id='word_1_569' title='bbox 2816 1748 2985 1819; x_wconf 79' lang='lat' dir='ltr'><strong>magis</strong></span> <span class='ocrx_word' id='word_1_570' title='bbox 3024 1764 3157 1819; x_wconf 88' lang='lat' dir='ltr'><strong>opus</strong></span> <span class='ocrx_word' id='word_1_571' title='bbox 3189 1749 3457 1815; x_wconf 84' lang='lat' dir='ltr'><strong>habebant</strong></span> 
     </span>
    </p>
   </div>
   <div class='ocr_carea' id='block_1_71' title="bbox 1869 1839 3451 1913">
    <p class='ocr_par' dir='ltr' id='par_1_71' title="bbox 1869 1839 3451 1913">
     <span class='ocr_line' id='line_1_78' title="bbox 1869 1839 3451 1913; baseline 0.004 -23"><span class='ocrx_word' id='word_1_572' title='bbox 1869 1840 2116 1893; x_wconf 87' lang='lat' dir='ltr'><strong>oratione</strong></span> <span class='ocrx_word' id='word_1_573' title='bbox 2157 1854 2276 1908; x_wconf 76' lang='lat' dir='ltr'><strong>quae</strong></span> <span class='ocrx_word' id='word_1_574' title='bbox 2315 1847 2528 1893; x_wconf 85' lang='lat' dir='ltr'><strong>curaret</strong></span> <span class='ocrx_word' id='word_1_575' title='bbox 2565 1853 2626 1893; x_wconf 87' lang='lat' dir='ltr'><strong>ac</strong></span> <span class='ocrx_word' id='word_1_576' title='bbox 2656 1848 2946 1895; x_wconf 85' lang='lat' dir='ltr'><strong>recrearet.</strong></span> <span class='ocrx_word' id='word_1_577' title='bbox 2977 1839 3151 1895; x_wconf 85' lang='lat' dir='ltr'><strong>Nolite</strong></span> <span class='ocrx_word' id='word_1_578' title='bbox 3179 1858 3337 1913; x_wconf 81' lang='lat' dir='ltr'><strong>ergo,</strong></span> <span class='ocrx_word' id='word_1_579' title='bbox 3370 1845 3451 1903; x_wconf 81' lang='lat' dir='ltr'><strong>in-</strong></span> 
     </span>
    </p>
   </div>
   <div class='ocr_carea' id='block_1_72' title="bbox 1868 1930 3455 2009">
    <p class='ocr_par' dir='ltr' id='par_1_72' title="bbox 1868 1930 3455 2009">
     <span class='ocr_line' id='line_1_79' title="bbox 1868 1930 3455 2009; baseline 0.004 -26"><span class='ocrx_word' id='word_1_580' title='bbox 1868 1930 2015 2001; x_wconf 87' lang='lat' dir='ltr'><strong>quit,</strong></span> <span class='ocrx_word' id='word_1_581' title='bbox 2075 1932 2319 1989; x_wconf 88' lang='lat' dir='ltr'><strong>amittere</strong></span> <span class='ocrx_word' id='word_1_582' title='bbox 2368 1930 2747 1987; x_wconf 83' lang='lat' dir='ltr'><strong>conﬁdentiam</strong></span> <span class='ocrx_word' id='word_1_583' title='bbox 2803 1940 3058 1997; x_wconf 75' lang='lat' dir='ltr'><strong>vestram,</strong></span> <span class='ocrx_word' id='word_1_584' title='bbox 3116 1934 3280 1995; x_wconf 84' lang='lat' dir='ltr'><strong>Multa</strong></span> <span class='ocrx_word' id='word_1_585' title='bbox 3326 1953 3455 2009; x_wconf 74' lang='lat' dir='ltr'><strong>ergo</strong></span> 
     </span>
    </p>
   </div>
   <div class='ocr_carea' id='block_1_73' title="bbox 1867 2022 3450 2099">
    <p class='ocr_par' dir='ltr' id='par_1_73' title="bbox 1867 2022 3450 2099">
     <span class='ocr_line' id='line_1_80' title="bbox 1867 2022 3450 2099; baseline 0.004 -23"><span class='ocrx_word' id='word_1_586' title='bbox 1867 2033 1983 2077; x_wconf 88' lang='lat' dir='ltr'><strong>erat</strong></span> <span class='ocrx_word' id='word_1_587' title='bbox 2006 2038 2194 2085; x_wconf 86' lang='lat' dir='ltr'><strong>eorum</strong></span> <span class='ocrx_word' id='word_1_588' title='bbox 2235 2022 2285 2076; x_wconf 92' lang='lat' dir='ltr'><strong>in</strong></span> <span class='ocrx_word' id='word_1_589' title='bbox 2318 2023 2482 2078; x_wconf 87' lang='lat' dir='ltr'><strong>Deum</strong></span> <span class='ocrx_word' id='word_1_590' title='bbox 2517 2022 2727 2078; x_wconf 88' lang='lat' dir='ltr'><strong>ﬁducia.</strong></span> <span class='ocrx_word' id='word_1_591' title='bbox 2776 2023 2909 2093; x_wconf 66' lang='lat' dir='ltr'><strong>Quoi</strong></span> <span class='ocrx_word' id='word_1_592' title='bbox 2945 2040 3214 2095; x_wconf 86' lang='lat' dir='ltr'><strong>magnam,</strong></span> <span class='ocrx_word' id='word_1_593' title='bbox 3246 2026 3450 2099; x_wconf 82' lang='lat' dir='ltr'><strong>inquit,</strong></span> 
     </span>
    </p>
   </div>
   <div class='ocr_carea' id='block_1_74' title="bbox 1867 2113 3453 2187">
    <p class='ocr_par' dir='ltr' id='par_1_74' title="bbox 1867 2113 3453 2187">
     <span class='ocr_line' id='line_1_81' title="bbox 1867 2113 3453 2187; baseline 0.006 -22"><span class='ocrx_word' id='word_1_594' title='bbox 1867 2113 2011 2169; x_wconf 82' lang='lat' dir='ltr'><strong>habet</strong></span> <span class='ocrx_word' id='word_1_595' title='bbox 2050 2115 2520 2175; x_wconf 84' lang='lat' dir='ltr'><strong>remunerationem.</strong></span> <span class='ocrx_word' id='word_1_596' title='bbox 2569 2114 2706 2187; x_wconf 79' lang='lat' dir='ltr'><strong>Quid</strong></span> <span class='ocrx_word' id='word_1_597' title='bbox 2734 2115 2836 2172; x_wconf 88' lang='lat' dir='ltr'><strong>hoc</strong></span> <span class='ocrx_word' id='word_1_598' title='bbox 2873 2125 2959 2170; x_wconf 79' lang='lat' dir='ltr'><strong>est</strong></span> <span class='ocrx_word' id='word_1_599' title='bbox 2983 2156 2999 2183; x_wconf 94' lang='lat'><strong>,</strong></span> <span class='ocrx_word' id='word_1_600' title='bbox 3046 2116 3259 2187; x_wconf 81' lang='lat' dir='ltr'><strong>inquit?</strong></span> <span class='ocrx_word' id='word_1_601' title='bbox 3304 2119 3453 2181; x_wconf 88' lang='lat' dir='ltr'><strong>Tunc</strong></span> 
     </span>
    </p>
   </div>
   <div class='ocr_carea' id='block_1_75' title="bbox 1865 2204 3449 2279">
    <p class='ocr_par' dir='ltr' id='par_1_75' title="bbox 1865 2204 3449 2279">
     <span class='ocr_line' id='line_1_82' title="bbox 1865 2204 3449 2279; baseline 0.004 -22"><span class='ocrx_word' id='word_1_602' title='bbox 1865 2204 1954 2260; x_wconf 84' lang='lat' dir='ltr'><strong>illa</strong></span> <span class='ocrx_word' id='word_1_603' title='bbox 2000 2205 2355 2276; x_wconf 78' lang='lat' dir='ltr'><strong>recipiemus,</strong></span> <span class='ocrx_word' id='word_1_604' title='bbox 2405 2205 2598 2279; x_wconf 87' lang='lat' dir='ltr'><strong>inquit.</strong></span> <span class='ocrx_word' id='word_1_605' title='bbox 2647 2207 2789 2277; x_wconf 83' lang='lat' dir='ltr'><strong>Ergo</strong></span> <span class='ocrx_word' id='word_1_606' title='bbox 2835 2208 2965 2263; x_wconf 83' lang='lat' dir='ltr'><strong>siin</strong></span> <span class='ocrx_word' id='word_1_607' title='bbox 3009 2206 3189 2275; x_wconf 77' lang='lat' dir='ltr'><strong>futuro</strong></span> <span class='ocrx_word' id='word_1_608' title='bbox 3220 2212 3449 2279; x_wconf 70' lang='lat' dir='ltr'><strong>reposita</strong></span> 
     </span>
    </p>
   </div>
   <div class='ocr_carea' id='block_1_76' title="bbox 1863 2295 3455 2370">
    <p class='ocr_par' dir='ltr' id='par_1_76' title="bbox 1863 2295 3455 2370">
     <span class='ocr_line' id='line_1_83' title="bbox 1863 2295 3455 2370; baseline 0.004 -20"><span class='ocrx_word' id='word_1_609' title='bbox 1863 2304 2016 2360; x_wconf 87' lang='lat' dir='ltr'><strong>sunt,</strong></span> <span class='ocrx_word' id='word_1_610' title='bbox 2044 2312 2151 2351; x_wconf 88' lang='lat' dir='ltr'><strong>non</strong></span> <span class='ocrx_word' id='word_1_611' title='bbox 2178 2306 2391 2365; x_wconf 80' lang='lat' dir='ltr'><strong>Oportet</strong></span> <span class='ocrx_word' id='word_1_612' title='bbox 2418 2295 2507 2359; x_wconf 81' lang='lat' dir='ltr'><strong>hic</strong></span> <span class='ocrx_word' id='word_1_613' title='bbox 2545 2313 2808 2367; x_wconf 69' lang='lat' dir='ltr'><strong>qumrcre.</strong></span> <span class='ocrx_word' id='word_1_614' title='bbox 2838 2297 3040 2354; x_wconf 87' lang='lat' dir='ltr'><strong>Deinde</strong></span> <span class='ocrx_word' id='word_1_615' title='bbox 3065 2314 3135 2361; x_wconf 87' lang='lat' dir='ltr'><strong>ne</strong></span> <span class='ocrx_word' id='word_1_616' title='bbox 3163 2301 3281 2370; x_wconf 81' lang='lat' dir='ltr'><strong>quis</strong></span> <span class='ocrx_word' id='word_1_617' title='bbox 3304 2300 3455 2357; x_wconf 50' lang='lat' dir='ltr'><strong>dice-</strong></span> 
     </span>
    </p>
   </div>
   <div class='ocr_carea' id='block_1_77' title="bbox 1862 2379 3442 2458">
    <p class='ocr_par' dir='ltr' id='par_1_77' title="bbox 1862 2379 3442 2458">
     <span class='ocr_line' id='line_1_84' title="bbox 1862 2379 3442 2458; baseline 0.01 -27"><span class='ocrx_word' id='word_1_618' title='bbox 1862 2387 1979 2444; x_wconf 88' lang='lat' dir='ltr'><strong>ret,</strong></span> <span class='ocrx_word' id='word_1_619' title='bbox 2027 2379 2167 2447; x_wconf 84' lang='lat' dir='ltr'><strong>Ecce</strong></span> <span class='ocrx_word' id='word_1_620' title='bbox 2224 2383 2406 2439; x_wconf 90' lang='lat' dir='ltr'><strong>omnia</strong></span> <span class='ocrx_word' id='word_1_621' title='bbox 2448 2384 2884 2455; x_wconf 75' lang='lat' dir='ltr'><strong>nobis-praestita</strong></span> <span class='ocrx_word' id='word_1_622' title='bbox 2932 2398 3059 2442; x_wconf 86' lang='lat' dir='ltr'><strong>sunt</strong></span> <span class='ocrx_word' id='word_1_623' title='bbox 3100 2405 3114 2441; x_wconf 89' lang='lat'><strong>:</strong></span> <span class='ocrx_word' id='word_1_624' title='bbox 3160 2403 3442 2458; x_wconf 77' lang='lat' dir='ltr'><strong>propterea</strong></span> 
     </span>
    </p>
   </div>
   <div class='ocr_carea' id='block_1_78' title="bbox 1860 2474 3440 2551">
    <p class='ocr_par' dir='ltr' id='par_1_78' title="bbox 1860 2474 3440 2551">
     <span class='ocr_line' id='line_1_85' title="bbox 1860 2474 3440 2551; baseline 0.009 -31"><span class='ocrx_word' id='word_1_625' title='bbox 1860 2480 1954 2521; x_wconf 90' lang='lat' dir='ltr'><strong>eos</strong></span> <span class='ocrx_word' id='word_1_626' title='bbox 1981 2474 2370 2541; x_wconf 66' lang='lat' dir='ltr'><strong>praeoccupavit</strong></span> <span class='ocrx_word' id='word_1_627' title='bbox 2398 2474 2449 2541; x_wconf 85' lang='lat' dir='ltr'><strong>in</strong></span> <span class='ocrx_word' id='word_1_628' title='bbox 2477 2490 2537 2529; x_wconf 85' lang='lat' dir='ltr'><strong>ea</strong></span> <span class='ocrx_word' id='word_1_629' title='bbox 2565 2491 2723 2546; x_wconf 88' lang='lat' dir='ltr'><strong>quam</strong></span> <span class='ocrx_word' id='word_1_630' title='bbox 2756 2478 2854 2546; x_wconf 90' lang='lat' dir='ltr'><strong>ipsi</strong></span> <span class='ocrx_word' id='word_1_631' title='bbox 2879 2477 3148 2534; x_wconf 85' lang='lat' dir='ltr'><strong>habebant</strong></span> <span class='ocrx_word' id='word_1_632' title='bbox 3167 2480 3440 2551; x_wconf 81' lang='lat' dir='ltr'><strong>opinione,</strong></span> 
     </span>
    </p>
   </div>
   <div class='ocr_carea' id='block_1_79' title="bbox 1860 2562 3445 2641">
    <p class='ocr_par' dir='ltr' id='par_1_79' title="bbox 1860 2562 3445 2641">
     <span class='ocr_line' id='line_1_86' title="bbox 1860 2562 3445 2641; baseline 0.011 -31"><span class='ocrx_word' id='word_1_633' title='bbox 1860 2562 2242 2628; x_wconf 87' lang='lat' dir='ltr'><strong>propemodum</strong></span> <span class='ocrx_word' id='word_1_634' title='bbox 2284 2565 2467 2621; x_wconf 89' lang='lat' dir='ltr'><strong>dicens</strong></span> <span class='ocrx_word' id='word_1_635' title='bbox 2496 2585 2511 2622; x_wconf 88' lang='lat'><strong>:</strong></span> <span class='ocrx_word' id='word_1_636' title='bbox 2540 2569 2584 2623; x_wconf 89' lang='lat' dir='ltr'><strong>si</strong></span> <span class='ocrx_word' id='word_1_637' title='bbox 2614 2569 2665 2622; x_wconf 92' lang='lat' dir='ltr'><strong>in</strong></span> <span class='ocrx_word' id='word_1_638' title='bbox 2705 2569 2839 2633; x_wconf 71' lang='lat' dir='ltr'><strong>cado</strong></span> <span class='ocrx_word' id='word_1_639' title='bbox 2868 2572 3194 2641; x_wconf 78' lang='lat' dir='ltr'><strong>cognoscitis</strong></span> <span class='ocrx_word' id='word_1_640' title='bbox 3220 2588 3319 2627; x_wconf 82' lang='lat' dir='ltr'><strong>vos</strong></span> <span class='ocrx_word' id='word_1_641' title='bbox 3348 2572 3445 2637; x_wconf 80' lang='lat' dir='ltr'><strong>ha-</strong></span> 
     </span>
    </p>
   </div>
   <div class='ocr_carea' id='block_1_80' title="bbox 1860 2648 3439 2735">
    <p class='ocr_par' dir='ltr' id='par_1_80' title="bbox 1860 2648 3439 2735">
     <span class='ocr_line' id='line_1_87' title="bbox 1860 2648 3439 2735; baseline 0.014 -33"><span class='ocrx_word' id='word_1_642' title='bbox 1860 2648 1988 2706; x_wconf 89' lang='lat' dir='ltr'><strong>bere</strong></span> <span class='ocrx_word' id='word_1_643' title='bbox 2050 2655 2327 2713; x_wconf 85' lang='lat' dir='ltr'><strong>meliorem</strong></span> <span class='ocrx_word' id='word_1_644' title='bbox 2390 2658 2781 2729; x_wconf 81' lang='lat' dir='ltr'><strong>substantiam,</strong></span> <span class='ocrx_word' id='word_1_645' title='bbox 2846 2663 2976 2721; x_wconf 84' lang='lat' dir='ltr'><strong>nihil</strong></span> <span class='ocrx_word' id='word_1_646' title='bbox 3038 2664 3122 2719; x_wconf 91' lang='lat' dir='ltr'><strong>hic</strong></span> <span class='ocrx_word' id='word_1_647' title='bbox 3166 2666 3439 2735; x_wconf 60' lang='lat' dir='ltr'><strong>quaerite:</strong></span> 
     </span>
    </p>
   </div>
   <div class='ocr_carea' id='block_1_81' title="bbox 1859 2744 3440 2823">
    <p class='ocr_par' dir='ltr' id='par_1_81' title="bbox 1859 2744 3440 2823">
     <span class='ocr_line' id='line_1_88' title="bbox 1859 2744 3440 2823; baseline 0.016 -30"><span class='ocrx_word' id='word_1_648' title='bbox 1859 2744 2109 2811; x_wconf 86' lang='lat' dir='ltr'><strong>patientia</strong></span> <span class='ocrx_word' id='word_1_649' title='bbox 2154 2750 2296 2803; x_wconf 87' lang='lat' dir='ltr'><strong>enim</strong></span> <span class='ocrx_word' id='word_1_650' title='bbox 2340 2751 2493 2806; x_wconf 85' lang='lat' dir='ltr'><strong>vobis</strong></span> <span class='ocrx_word' id='word_1_651' title='bbox 2540 2767 2676 2823; x_wconf 90' lang='lat' dir='ltr'><strong>opus</strong></span> <span class='ocrx_word' id='word_1_652' title='bbox 2722 2764 2844 2819; x_wconf 87' lang='lat' dir='ltr'><strong>est,</strong></span> <span class='ocrx_word' id='word_1_653' title='bbox 2905 2773 3012 2813; x_wconf 90' lang='lat' dir='ltr'><strong>non</strong></span> <span class='ocrx_word' id='word_1_654' title='bbox 3074 2757 3440 2823; x_wconf 80' lang='lat' dir='ltr'><strong>additamento</strong></span> 
     </span>
    </p>
   </div>
   <div class='ocr_carea' id='block_1_82' title="bbox 1856 2837 3440 2922">
    <p class='ocr_par' dir='ltr' id='par_1_82' title="bbox 1856 2837 3440 2922">
     <span class='ocr_line' id='line_1_89' title="bbox 1856 2837 3440 2922; baseline 0.015 -36"><span class='ocrx_word' id='word_1_655' title='bbox 1856 2837 2198 2906; x_wconf 85' lang='lat' dir='ltr'><strong>certaminis,</strong></span> <span class='ocrx_word' id='word_1_656' title='bbox 2251 2850 2309 2901; x_wconf 88' lang='lat' dir='ltr'><strong>ut</strong></span> <span class='ocrx_word' id='word_1_657' title='bbox 2353 2841 2406 2897; x_wconf 91' lang='lat' dir='ltr'><strong>in</strong></span> <span class='ocrx_word' id='word_1_658' title='bbox 2449 2843 2651 2901; x_wconf 87' lang='lat' dir='ltr'><strong>eisdem</strong></span> <span class='ocrx_word' id='word_1_659' title='bbox 2700 2850 2999 2913; x_wconf 80' lang='lat' dir='ltr'><strong>maneatis,</strong></span> <span class='ocrx_word' id='word_1_660' title='bbox 3050 2865 3119 2907; x_wconf 77' lang='lat' dir='ltr'><strong>ne</strong></span> <span class='ocrx_word' id='word_1_661' title='bbox 3158 2852 3301 2922; x_wconf 86' lang='lat' dir='ltr'><strong>quod</strong></span> <span class='ocrx_word' id='word_1_662' title='bbox 3355 2864 3440 2910; x_wconf 87' lang='lat' dir='ltr'><strong>est</strong></span> 
     </span>
    </p>
   </div>
   <div class='ocr_carea' id='block_1_83' title="bbox 1858 2927 3436 3013">
    <p class='ocr_par' dir='ltr' id='par_1_83' title="bbox 1858 2927 3436 3013">
     <span class='ocr_line' id='line_1_90' title="bbox 1858 2927 3436 3013; baseline 0.016 -37"><span class='ocrx_word' id='word_1_663' title='bbox 1858 2927 2007 2981; x_wconf 77' lang='lat' dir='ltr'><strong>vobis</strong></span> <span class='ocrx_word' id='word_1_664' title='bbox 2047 2930 2295 2995; x_wconf 86' lang='lat' dir='ltr'><strong>traditum</strong></span> <span class='ocrx_word' id='word_1_665' title='bbox 2335 2933 2616 3003; x_wconf 80' lang='lat' dir='ltr'><strong>abjiciatis.</strong></span> <span class='ocrx_word' id='word_1_666' title='bbox 2658 2935 2817 2993; x_wconf 85' lang='lat' dir='ltr'><strong>Nullo</strong></span> <span class='ocrx_word' id='word_1_667' title='bbox 2845 2940 2951 2994; x_wconf 89' lang='lat' dir='ltr'><strong>alio</strong></span> <span class='ocrx_word' id='word_1_668' title='bbox 2992 2941 3144 3007; x_wconf 81' lang='lat' dir='ltr'><strong>vobis</strong></span> <span class='ocrx_word' id='word_1_669' title='bbox 3170 2953 3257 3007; x_wconf 85' lang='lat' dir='ltr'><strong>est</strong></span> <span class='ocrx_word' id='word_1_670' title='bbox 3278 2959 3436 3013; x_wconf 78' lang='lat' dir='ltr'><strong>opus,</strong></span> 
     </span>
    </p>
   </div>
   <div class='ocr_carea' id='block_1_84' title="bbox 1856 3021 3434 3099">
    <p class='ocr_par' dir='ltr' id='par_1_84' title="bbox 1856 3021 3434 3099">
     <span class='ocr_line' id='line_1_91' title="bbox 1856 3021 3434 3099; baseline 0.018 -31"><span class='ocrx_word' id='word_1_671' title='bbox 1856 3032 2010 3086; x_wconf 89' lang='lat' dir='ltr'><strong>quam</strong></span> <span class='ocrx_word' id='word_1_672' title='bbox 2042 3030 2096 3072; x_wconf 91' lang='lat' dir='ltr'><strong>ut</strong></span> <span class='ocrx_word' id='word_1_673' title='bbox 2140 3021 2211 3081; x_wconf 84' lang='lat' dir='ltr'><strong>ita</strong></span> <span class='ocrx_word' id='word_1_674' title='bbox 2257 3025 2447 3090; x_wconf 87' lang='lat' dir='ltr'><strong>stetis,</strong></span> <span class='ocrx_word' id='word_1_675' title='bbox 2493 3035 2549 3085; x_wconf 88' lang='lat' dir='ltr'><strong>ut</strong></span> <span class='ocrx_word' id='word_1_676' title='bbox 2591 3028 2854 3093; x_wconf 87' lang='lat' dir='ltr'><strong>stetistis,</strong></span> <span class='ocrx_word' id='word_1_677' title='bbox 2908 3040 2966 3093; x_wconf 79' lang='lat' dir='ltr'><strong>ut</strong></span> <span class='ocrx_word' id='word_1_678' title='bbox 3008 3047 3131 3089; x_wconf 87' lang='lat' dir='ltr'><strong>cum</strong></span> <span class='ocrx_word' id='word_1_679' title='bbox 3159 3033 3226 3095; x_wconf 81' lang='lat' dir='ltr'><strong>ad</strong></span> <span class='ocrx_word' id='word_1_680' title='bbox 3270 3034 3434 3099; x_wconf 80' lang='lat' dir='ltr'><strong>tinem</strong></span> 
     </span>
    </p>
   </div>
   <div class='ocr_carea' id='block_1_85' title="bbox 1857 3111 3435 3189">
    <p class='ocr_par' dir='ltr' id='par_1_85' title="bbox 1857 3111 3435 3189">
     <span class='ocr_line' id='line_1_92' title="bbox 1857 3111 3435 3189; baseline 0.012 -28"><span class='ocrx_word' id='word_1_681' title='bbox 1857 3111 2205 3175; x_wconf 79' lang='lat' dir='ltr'><strong>pervcneritis</strong></span> <span class='ocrx_word' id='word_1_682' title='bbox 2231 3153 2244 3175; x_wconf 92' lang='lat'><strong>,</strong></span> <span class='ocrx_word' id='word_1_683' title='bbox 2287 3114 2559 3186; x_wconf 79' lang='lat' dir='ltr'><strong>accipiatis</strong></span> <span class='ocrx_word' id='word_1_684' title='bbox 2588 3119 3021 3186; x_wconf 83' lang='lat' dir='ltr'><strong>promissionem.</strong></span> <span class='ocrx_word' id='word_1_685' title='bbox 3056 3123 3147 3179; x_wconf 78' lang='lat'><strong>36.</strong></span> <span class='ocrx_word' id='word_1_686' title='bbox 3183 3123 3435 3189; x_wconf 77' lang='lat' dir='ltr'><strong>Patientia</strong></span> 
     </span>
    </p>
   </div>
   <div class='ocr_carea' id='block_1_86' title="bbox 1855 3200 3437 3277">
    <p class='ocr_par' dir='ltr' id='par_1_86' title="bbox 1855 3200 3437 3277">
     <span class='ocr_line' id='line_1_93' title="bbox 1855 3200 3437 3277; baseline 0.012 -26"><span class='ocrx_word' id='word_1_687' title='bbox 1855 3200 2015 3265; x_wconf 84' lang='lat' dir='ltr'><strong>enim,</strong></span> <span class='ocrx_word' id='word_1_688' title='bbox 2064 3201 2266 3277; x_wconf 90' lang='lat' dir='ltr'><strong>inquit,</strong></span> <span class='ocrx_word' id='word_1_689' title='bbox 2298 3205 2435 3267; x_wconf 72' lang='lat' dir='ltr'><strong>nobis</strong></span> <span class='ocrx_word' id='word_1_690' title='bbox 2468 3209 2757 3269; x_wconf 78' lang='lat' dir='ltr'><strong>necessaria</strong></span> <span class='ocrx_word' id='word_1_691' title='bbox 2781 3220 2889 3275; x_wconf 87' lang='lat' dir='ltr'><strong>est,</strong></span> <span class='ocrx_word' id='word_1_692' title='bbox 2930 3221 2984 3267; x_wconf 88' lang='lat' dir='ltr'><strong>ut</strong></span> <span class='ocrx_word' id='word_1_693' title='bbox 3007 3214 3312 3277; x_wconf 72' lang='lat' dir='ltr'><strong>voluntatem</strong></span> <span class='ocrx_word' id='word_1_694' title='bbox 3344 3216 3437 3275; x_wconf 73' lang='lat' dir='ltr'><strong>Dei</strong></span> 
     </span>
    </p>
   </div>
   <div class='ocr_carea' id='block_1_87' title="bbox 1748 3291 3436 3379">
    <p class='ocr_par' dir='ltr' id='par_1_87' title="bbox 1748 3291 3436 3379">
     <span class='ocr_line' id='line_1_94' title="bbox 1748 3291 3436 3379; baseline 0.01 -37"><span class='ocrx_word' id='word_1_695' title='bbox 1748 3330 1766 3343; x_wconf 88' lang='lat'><strong>.</strong></span> <span class='ocrx_word' id='word_1_696' title='bbox 1855 3291 2092 3357; x_wconf 82' lang='lat' dir='ltr'><strong>facientes</strong></span> <span class='ocrx_word' id='word_1_697' title='bbox 2115 3334 2131 3360; x_wconf 88' lang='lat'><strong>,</strong></span> <span class='ocrx_word' id='word_1_698' title='bbox 2190 3298 2453 3366; x_wconf 74' lang='lat' dir='ltr'><strong>reperietis</strong></span> <span class='ocrx_word' id='word_1_699' title='bbox 2511 3300 2913 3367; x_wconf 83' lang='lat' dir='ltr'><strong>promissionem.</strong></span> <span class='ocrx_word' id='word_1_700' title='bbox 2969 3302 3086 3359; x_wconf 91' lang='lat' dir='ltr'><strong>Uno</strong></span> <span class='ocrx_word' id='word_1_701' title='bbox 3147 3306 3265 3371; x_wconf 79' lang='lat' dir='ltr'><strong>solo</strong></span> <span class='ocrx_word' id='word_1_702' title='bbox 3307 3324 3436 3379; x_wconf 76' lang='lat' dir='ltr'><strong>ergo</strong></span> 
     </span>
    </p>
   </div>
   <div class='ocr_carea' id='block_1_88' title="bbox 1858 3384 3433 3461">
    <p class='ocr_par' dir='ltr' id='par_1_88' title="bbox 1858 3384 3433 3461">
     <span class='ocr_line' id='line_1_95' title="bbox 1858 3384 3433 3461; baseline 0.014 -28"><span class='ocrx_word' id='word_1_703' title='bbox 1858 3384 2007 3439; x_wconf 81' lang='lat' dir='ltr'><strong>vobis</strong></span> <span class='ocrx_word' id='word_1_704' title='bbox 2035 3388 2170 3454; x_wconf 88' lang='lat' dir='ltr'><strong>opus</strong></span> <span class='ocrx_word' id='word_1_705' title='bbox 2191 3397 2363 3451; x_wconf 86' lang='lat' dir='ltr'><strong>est,ut</strong></span> <span class='ocrx_word' id='word_1_706' title='bbox 2383 3392 2698 3460; x_wconf 70' lang='lat' dir='ltr'><strong>exspectetis</strong></span> <span class='ocrx_word' id='word_1_707' title='bbox 2726 3391 3034 3450; x_wconf 79' lang='lat' dir='ltr'><strong>dilationem</strong></span> <span class='ocrx_word' id='word_1_708' title='bbox 3056 3436 3070 3461; x_wconf 93' lang='lat'><strong>,</strong></span> <span class='ocrx_word' id='word_1_709' title='bbox 3101 3412 3205 3457; x_wconf 89' lang='lat' dir='ltr'><strong>non</strong></span> <span class='ocrx_word' id='word_1_710' title='bbox 3234 3408 3291 3454; x_wconf 91' lang='lat' dir='ltr'><strong>ut</strong></span> <span class='ocrx_word' id='word_1_711' title='bbox 3317 3416 3433 3459; x_wconf 83' lang='lat' dir='ltr'><strong>rur-</strong></span> 
     </span>
    </p>
   </div>
   <div class='ocr_carea' id='block_1_89' title="bbox 1853 3480 3434 3557">
    <p class='ocr_par' dir='ltr' id='par_1_89' title="bbox 1853 3480 3434 3557">
     <span class='ocr_line' id='line_1_96' title="bbox 1853 3480 3434 3557; baseline 0.013 -30"><span class='ocrx_word' id='word_1_712' title='bbox 1853 3490 1943 3529; x_wconf 83' lang='lat' dir='ltr'><strong>sus</strong></span> <span class='ocrx_word' id='word_1_713' title='bbox 1984 3480 2221 3539; x_wconf 85' lang='lat' dir='ltr'><strong>certetis.</strong></span> <span class='ocrx_word' id='word_1_714' title='bbox 2249 3482 2329 3537; x_wconf 88' lang='lat' dir='ltr'><strong>Ad</strong></span> <span class='ocrx_word' id='word_1_715' title='bbox 2378 3482 2547 3550; x_wconf 73' lang='lat' dir='ltr'><strong>ipsum</strong></span> <span class='ocrx_word' id='word_1_716' title='bbox 2574 3524 2589 3546; x_wconf 97' lang='lat'><strong>,</strong></span> <span class='ocrx_word' id='word_1_717' title='bbox 2634 3482 2834 3557; x_wconf 89' lang='lat' dir='ltr'><strong>inquit,</strong></span> <span class='ocrx_word' id='word_1_718' title='bbox 2872 3485 2983 3557; x_wconf 81' lang='lat' dir='ltr'><strong>jam</strong></span> <span class='ocrx_word' id='word_1_719' title='bbox 3023 3488 3242 3551; x_wconf 77' lang='lat' dir='ltr'><strong>venistis</strong></span> <span class='ocrx_word' id='word_1_720' title='bbox 3272 3507 3434 3557; x_wconf 66' lang='lat' dir='ltr'><strong>corti-</strong></span> 
     </span>
    </p>
   </div>
   <div class='ocr_carea' id='block_1_90' title="bbox 1852 3570 3430 3651">
    <p class='ocr_par' dir='ltr' id='par_1_90' title="bbox 1852 3570 3430 3651">
     <span class='ocr_line' id='line_1_97' title="bbox 1852 3570 3430 3651; baseline 0.011 -32"><span class='ocrx_word' id='word_1_721' title='bbox 1852 3582 1972 3620; x_wconf 85' lang='lat' dir='ltr'><strong>nam</strong></span> <span class='ocrx_word' id='word_1_722' title='bbox 1999 3583 2020 3632; x_wconf 89' lang='lat'><strong><em>;</em></strong></span> <span class='ocrx_word' id='word_1_723' title='bbox 2046 3570 2225 3631; x_wconf 85' lang='lat' dir='ltr'><strong>omnia</strong></span> <span class='ocrx_word' id='word_1_724' title='bbox 2253 3572 2449 3633; x_wconf 75' lang='lat' dir='ltr'><strong>tuliSIis</strong></span> <span class='ocrx_word' id='word_1_725' title='bbox 2473 3575 2766 3639; x_wconf 66' lang='lat' dir='ltr'><strong>certamina</strong></span> <span class='ocrx_word' id='word_1_726' title='bbox 2786 3616 2803 3649; x_wconf 82' lang='lat'><strong>,</strong></span> <span class='ocrx_word' id='word_1_727' title='bbox 2832 3578 3064 3647; x_wconf 81' lang='lat' dir='ltr'><strong>vincula,</strong></span> <span class='ocrx_word' id='word_1_728' title='bbox 3090 3580 3430 3651; x_wconf 69' lang='lat' dir='ltr'><strong>afﬂictioues,</strong></span> 
     </span>
    </p>
   </div>
   <div class='ocr_carea' id='block_1_91' title="bbox 1852 3663 3434 3742">
    <p class='ocr_par' dir='ltr' id='par_1_91' title="bbox 1852 3663 3434 3742">
     <span class='ocr_line' id='line_1_98' title="bbox 1852 3663 3434 3742; baseline 0.011 -30"><span class='ocrx_word' id='word_1_729' title='bbox 1852 3668 2018 3728; x_wconf 60' lang='lat' dir='ltr'><strong>raptae</strong></span> <span class='ocrx_word' id='word_1_730' title='bbox 2044 3669 2163 3723; x_wconf 86' lang='lat' dir='ltr'><strong>sunt</strong></span> <span class='ocrx_word' id='word_1_731' title='bbox 2199 3671 2391 3721; x_wconf 67' lang='lat' dir='ltr'><strong>vestrm</strong></span> <span class='ocrx_word' id='word_1_732' title='bbox 2420 3663 2698 3723; x_wconf 81' lang='lat' dir='ltr'><strong>facultates</strong></span> <span class='ocrx_word' id='word_1_733' title='bbox 2731 3685 2744 3720; x_wconf 91' lang='lat'><strong>:</strong></span> <span class='ocrx_word' id='word_1_734' title='bbox 2777 3669 2905 3739; x_wconf 82' lang='lat' dir='ltr'><strong>quid</strong></span> <span class='ocrx_word' id='word_1_735' title='bbox 2928 3674 3105 3742; x_wconf 77' lang='lat' dir='ltr'><strong>ergo?</strong></span> <span class='ocrx_word' id='word_1_736' title='bbox 3134 3675 3207 3729; x_wconf 92' lang='lat' dir='ltr'><strong>De</strong></span> <span class='ocrx_word' id='word_1_737' title='bbox 3236 3687 3434 3741; x_wconf 74' lang='lat' dir='ltr'><strong>cancro</strong></span> 
     </span>
    </p>
   </div>
   <div class='ocr_carea' id='block_1_92' title="bbox 1849 3750 3427 3835">
    <p class='ocr_par' dir='ltr' id='par_1_92' title="bbox 1849 3750 3427 3835">
     <span class='ocr_line' id='line_1_99' title="bbox 1849 3750 3427 3835; baseline 0.013 -32"><span class='ocrx_word' id='word_1_738' title='bbox 1849 3750 1913 3803; x_wconf 81' lang='lat' dir='ltr'><strong>ad</strong></span> <span class='ocrx_word' id='word_1_739' title='bbox 1966 3752 2068 3807; x_wconf 92' lang='lat' dir='ltr'><strong>hoc</strong></span> <span class='ocrx_word' id='word_1_740' title='bbox 2114 3753 2303 3819; x_wconf 86' lang='lat' dir='ltr'><strong>statis,</strong></span> <span class='ocrx_word' id='word_1_741' title='bbox 2355 3763 2411 3811; x_wconf 93' lang='lat' dir='ltr'><strong>ut</strong></span> <span class='ocrx_word' id='word_1_742' title='bbox 2456 3758 2790 3821; x_wconf 82' lang='lat' dir='ltr'><strong>coronemini</strong></span> <span class='ocrx_word' id='word_1_743' title='bbox 2834 3776 2848 3812; x_wconf 92' lang='lat'><strong>:</strong></span> <span class='ocrx_word' id='word_1_744' title='bbox 2893 3760 2997 3819; x_wconf 86' lang='lat' dir='ltr'><strong>hoc</strong></span> <span class='ocrx_word' id='word_1_745' title='bbox 3041 3765 3215 3821; x_wconf 86' lang='lat' dir='ltr'><strong>solum</strong></span> <span class='ocrx_word' id='word_1_746' title='bbox 3263 3766 3427 3835; x_wconf 85' lang='lat' dir='ltr'><strong>l&#39;crte,</strong></span> 
     </span>
    </p>
   </div>
   <div class='ocr_carea' id='block_1_93' title="bbox 1849 3845 3427 3923">
    <p class='ocr_par' dir='ltr' id='par_1_93' title="bbox 1849 3845 3427 3923">
     <span class='ocr_line' id='line_1_100' title="bbox 1849 3845 3427 3923; baseline 0.01 -26"><span class='ocrx_word' id='word_1_747' title='bbox 1849 3859 2063 3899; x_wconf 79' lang='lat' dir='ltr'><strong>coronae</strong></span> <span class='ocrx_word' id='word_1_748' title='bbox 2108 3845 2298 3911; x_wconf 72' lang='lat' dir='ltr'><strong>futurae</strong></span> <span class='ocrx_word' id='word_1_749' title='bbox 2323 3846 2659 3913; x_wconf 81' lang='lat' dir='ltr'><strong>dilationem.</strong></span> <span class='ocrx_word' id='word_1_750' title='bbox 2691 3852 2735 3907; x_wconf 90' lang='grc' dir='ltr'><strong>Ο</strong></span> <span class='ocrx_word' id='word_1_751' title='bbox 2766 3854 3077 3923; x_wconf 82' lang='lat' dir='ltr'><strong>magnitudo</strong></span> <span class='ocrx_word' id='word_1_752' title='bbox 3106 3861 3427 3923; x_wconf 81' lang='lat' dir='ltr'><strong>consolatio-</strong></span> 
     </span>
    </p>
   </div>
   <div class='ocr_carea' id='block_1_94' title="bbox 1742 3935 3433 4022">
    <p class='ocr_par' dir='ltr' id='par_1_94' title="bbox 1742 3935 3433 4022">
     <span class='ocr_line' id='line_1_101' title="bbox 1742 3935 3433 4022; baseline 0.011 -35"><span class='ocrx_word' id='word_1_753' title='bbox 1742 3985 1760 4010; x_wconf 57' lang='lat'><strong><em>.</em></strong></span> <span class='ocrx_word' id='word_1_754' title='bbox 1848 3936 1972 3989; x_wconf 88' lang='lat' dir='ltr'><strong>nis!</strong></span> <span class='ocrx_word' id='word_1_755' title='bbox 2023 3935 2093 3991; x_wconf 89' lang='lat' dir='ltr'><strong>Ut</strong></span> <span class='ocrx_word' id='word_1_756' title='bbox 2129 3938 2175 4003; x_wconf 82' lang='lat' dir='ltr'><strong>si</strong></span> <span class='ocrx_word' id='word_1_757' title='bbox 2219 3937 2337 4019; x_wconf 80' lang='lat' dir='ltr'><strong>quis</strong></span> <span class='ocrx_word' id='word_1_758' title='bbox 2370 3938 2511 4003; x_wconf 83' lang='lat' dir='ltr'><strong>dicat</strong></span> <span class='ocrx_word' id='word_1_759' title='bbox 2549 3941 2764 4003; x_wconf 66' lang='lat' dir='ltr'><strong>athletae</strong></span> <span class='ocrx_word' id='word_1_760' title='bbox 2805 3945 2893 4012; x_wconf 78' lang='lat' dir='ltr'><strong>qui</strong></span> <span class='ocrx_word' id='word_1_761' title='bbox 2923 3960 3113 4013; x_wconf 74' lang='lat' dir='ltr'><strong>omnes</strong></span> <span class='ocrx_word' id='word_1_762' title='bbox 3143 3953 3433 4022; x_wconf 77' lang='lat' dir='ltr'><strong>prostravit</strong></span> 
     </span>
    </p>
   </div>
   <div class='ocr_carea' id='block_1_95' title="bbox 1847 4014 3429 4111">
    <p class='ocr_par' dir='ltr' id='par_1_95' title="bbox 1847 4014 3429 4111">
     <span class='ocr_line' id='line_1_102' title="bbox 1847 4014 3429 4111; baseline 0.012 -29"><span class='ocrx_word' id='word_1_763' title='bbox 1847 4037 1901 4082; x_wconf 90' lang='lat' dir='ltr'><strong>et</strong></span> <span class='ocrx_word' id='word_1_764' title='bbox 1938 4014 2290 4099; x_wconf 81' lang='lat' dir='ltr'><strong>expugnavit,</strong></span> <span class='ocrx_word' id='word_1_765' title='bbox 2319 4045 2492 4101; x_wconf 87' lang='lat' dir='ltr'><strong>neque</strong></span> <span class='ocrx_word' id='word_1_766' title='bbox 2528 4032 2693 4089; x_wconf 86' lang='lat' dir='ltr'><strong>ullum</strong></span> <span class='ocrx_word' id='word_1_767' title='bbox 2726 4033 2888 4099; x_wconf 85' lang='lat' dir='ltr'><strong>habet</strong></span> <span class='ocrx_word' id='word_1_768' title='bbox 2912 4014 3277 4105; x_wconf 68' lang='lat' dir='ltr'><strong>adversaiiuna</strong></span> <span class='ocrx_word' id='word_1_769' title='bbox 3308 4059 3429 4111; x_wconf 76' lang='lat' dir='ltr'><strong>cum</strong></span> 
     </span>
    </p>
   </div>
   <div class='ocr_carea' id='block_1_96' title="bbox 1696 4121 3431 4201">
    <p class='ocr_par' dir='ltr' id='par_1_96' title="bbox 1696 4121 3431 4201">
     <span class='ocr_line' id='line_1_103' title="bbox 1696 4121 3431 4201; baseline 0.011 -29"><span class='ocrx_word' id='word_1_770' title='bbox 1696 4130 1707 4181; x_wconf 75' lang='grc' dir='ltr'><strong>ί</strong></span> <span class='ocrx_word' id='word_1_771' title='bbox 1744 4148 1757 4182; x_wconf 70' lang='grc' dir='ltr'><em>ε</em></span> <span class='ocrx_word' id='word_1_772' title='bbox 1846 4136 1953 4190; x_wconf 87' lang='lat' dir='ltr'><strong>quo</strong></span> <span class='ocrx_word' id='word_1_773' title='bbox 1972 4121 2245 4189; x_wconf 91' lang='lat' dir='ltr'><strong>decertet,</strong></span> <span class='ocrx_word' id='word_1_774' title='bbox 2279 4131 2333 4187; x_wconf 90' lang='lat' dir='ltr'><strong>et</strong></span> <span class='ocrx_word' id='word_1_775' title='bbox 2360 4123 2553 4187; x_wconf 84' lang='lat' dir='ltr'><strong>deinde</strong></span> <span class='ocrx_word' id='word_1_776' title='bbox 2580 4126 2648 4180; x_wconf 91' lang='lat' dir='ltr'><strong>sit</strong></span> <span class='ocrx_word' id='word_1_777' title='bbox 2677 4129 3049 4201; x_wconf 80' lang='lat' dir='ltr'><strong>coronandus,</strong></span> <span class='ocrx_word' id='word_1_778' title='bbox 3076 4141 3133 4187; x_wconf 87' lang='lat' dir='ltr'><strong>et</strong></span> <span class='ocrx_word' id='word_1_779' title='bbox 3160 4148 3266 4197; x_wconf 83' lang='lat' dir='ltr'><strong>non</strong></span> <span class='ocrx_word' id='word_1_780' title='bbox 3295 4133 3431 4201; x_wconf 74' lang='lat' dir='ltr'><strong>[erat</strong></span> 
     </span>
    </p>
   </div>
   <div class='ocr_carea' id='block_1_97' title="bbox 1847 4213 3427 4297">
    <p class='ocr_par' dir='ltr' id='par_1_97' title="bbox 1847 4213 3427 4297">
     <span class='ocr_line' id='line_1_104' title="bbox 1847 4213 3427 4297; baseline 0.013 -32"><span class='ocrx_word' id='word_1_781' title='bbox 1847 4213 1976 4268; x_wconf 91' lang='lat' dir='ltr'><strong>illud</strong></span> <span class='ocrx_word' id='word_1_782' title='bbox 2008 4224 2215 4285; x_wconf 86' lang='lat' dir='ltr'><strong>tempus</strong></span> <span class='ocrx_word' id='word_1_783' title='bbox 2240 4231 2345 4284; x_wconf 89' lang='lat' dir='ltr'><strong>quo</strong></span> <span class='ocrx_word' id='word_1_784' title='bbox 2374 4219 2518 4273; x_wconf 82' lang='lat' dir='ltr'><strong>venit</strong></span> <span class='ocrx_word' id='word_1_785' title='bbox 2546 4220 2864 4289; x_wconf 76' lang='lat' dir='ltr'><strong>agonotheta</strong></span> <span class='ocrx_word' id='word_1_786' title='bbox 2890 4262 2907 4297; x_wconf 83' lang='lat'><strong>,</strong></span> <span class='ocrx_word' id='word_1_787' title='bbox 2937 4232 2992 4279; x_wconf 90' lang='lat' dir='ltr'><strong>et</strong></span> <span class='ocrx_word' id='word_1_788' title='bbox 3017 4224 3246 4295; x_wconf 84' lang='lat' dir='ltr'><strong>imponit</strong></span> <span class='ocrx_word' id='word_1_789' title='bbox 3266 4243 3427 4297; x_wconf 81' lang='lat' dir='ltr'><strong>coro-</strong></span> 
     </span>
    </p>
   </div>
   <div class='ocr_carea' id='block_1_98' title="bbox 1848 4303 3426 4393">
    <p class='ocr_par' dir='ltr' id='par_1_98' title="bbox 1848 4303 3426 4393">
     <span class='ocr_line' id='line_1_105' title="bbox 1848 4303 3426 4393; baseline 0.013 -38"><span class='ocrx_word' id='word_1_790' title='bbox 1848 4320 1967 4356; x_wconf 82' lang='lat' dir='ltr'><strong>nam</strong></span> <span class='ocrx_word' id='word_1_791' title='bbox 2002 4320 2016 4357; x_wconf 88' lang='lat'><strong>:</strong></span> <span class='ocrx_word' id='word_1_792' title='bbox 2051 4303 2139 4358; x_wconf 84' lang='lat' dir='ltr'><strong>ille</strong></span> <span class='ocrx_word' id='word_1_793' title='bbox 2181 4315 2359 4368; x_wconf 85' lang='lat' dir='ltr'><strong>autem</strong></span> <span class='ocrx_word' id='word_1_794' title='bbox 2392 4324 2501 4367; x_wconf 85' lang='lat' dir='ltr'><strong>non</strong></span> <span class='ocrx_word' id='word_1_795' title='bbox 2548 4309 2781 4375; x_wconf 85' lang='lat' dir='ltr'><strong>tolerans</strong></span> <span class='ocrx_word' id='word_1_796' title='bbox 2810 4312 2923 4375; x_wconf 89' lang='lat' dir='ltr'><strong>vult</strong></span> <span class='ocrx_word' id='word_1_797' title='bbox 2947 4315 3093 4370; x_wconf 79' lang='lat' dir='ltr'><strong>exire</strong></span> <span class='ocrx_word' id='word_1_798' title='bbox 3127 4327 3179 4383; x_wconf 84' lang='lat' dir='ltr'><strong>et</strong></span> <span class='ocrx_word' id='word_1_799' title='bbox 3210 4317 3426 4393; x_wconf 69' lang='lat' dir='ltr'><strong>iugere,</strong></span> 
     </span>
    </p>
   </div>
   <div class='ocr_carea' id='block_1_99' title="bbox 1849 4396 3429 4477">
    <p class='ocr_par' dir='ltr' id='par_1_99' title="bbox 1849 4396 3429 4477">
     <span class='ocr_line' id='line_1_106' title="bbox 1849 4396 3429 4477; baseline 0.011 -27"><span class='ocrx_word' id='word_1_800' title='bbox 1849 4406 1905 4450; x_wconf 90' lang='lat' dir='ltr'><strong>ut</strong></span> <span class='ocrx_word' id='word_1_801' title='bbox 1930 4397 2015 4465; x_wconf 88' lang='lat' dir='ltr'><strong>qui</strong></span> <span class='ocrx_word' id='word_1_802' title='bbox 2064 4413 2168 4455; x_wconf 82' lang='lat' dir='ltr'><strong>non</strong></span> <span class='ocrx_word' id='word_1_803' title='bbox 2196 4396 2333 4461; x_wconf 70' lang='lat' dir='ltr'><strong>[erat</strong></span> <span class='ocrx_word' id='word_1_804' title='bbox 2373 4398 2515 4454; x_wconf 89' lang='lat' dir='ltr'><strong>sitim</strong></span> <span class='ocrx_word' id='word_1_805' title='bbox 2544 4410 2597 4455; x_wconf 90' lang='lat' dir='ltr'><strong>et</strong></span> <span class='ocrx_word' id='word_1_806' title='bbox 2622 4412 2832 4459; x_wconf 85' lang='lat' dir='ltr'><strong>aestum.</strong></span> <span class='ocrx_word' id='word_1_807' title='bbox 2862 4404 2981 4474; x_wconf 74' lang='lat' dir='ltr'><strong>.lpse</strong></span> <span class='ocrx_word' id='word_1_808' title='bbox 3010 4422 3136 4477; x_wconf 77' lang='lat' dir='ltr'><strong>ergo</strong></span> <span class='ocrx_word' id='word_1_809' title='bbox 3164 4408 3269 4473; x_wconf 84' lang='lat' dir='ltr'><strong>hoc</strong></span> <span class='ocrx_word' id='word_1_810' title='bbox 3297 4411 3429 4477; x_wconf 83' lang='lat' dir='ltr'><strong>sub-</strong></span> 
     </span>
    </p>
   </div>
   <div class='ocr_carea' id='block_1_100' title="bbox 1848 4489 3431 4571">
    <p class='ocr_par' dir='ltr' id='par_1_100' title="bbox 1848 4489 3431 4571">
     <span class='ocr_line' id='line_1_107' title="bbox 1848 4489 3431 4571; baseline 0.01 -30"><span class='ocrx_word' id='word_1_811' title='bbox 1848 4489 2087 4544; x_wconf 84' lang='lat' dir='ltr'><strong>indicans</strong></span> <span class='ocrx_word' id='word_1_812' title='bbox 2109 4490 2234 4561; x_wconf 86' lang='lat' dir='ltr'><strong>quid</strong></span> <span class='ocrx_word' id='word_1_813' title='bbox 2255 4491 2385 4546; x_wconf 90' lang='lat' dir='ltr'><strong>dicit</strong></span> <span class='ocrx_word' id='word_1_814' title='bbox 2406 4492 2430 4544; x_wconf 88' lang='lat'><strong>?</strong></span> <span class='ocrx_word' id='word_1_815' title='bbox 2451 4494 2541 4548; x_wconf 78' lang='lat'><strong>37.</strong></span> <span class='ocrx_word' id='word_1_816' title='bbox 2570 4495 2747 4549; x_wconf 83' lang='lat' dir='ltr'><strong>Adhuc</strong></span> <span class='ocrx_word' id='word_1_817' title='bbox 2769 4498 2900 4565; x_wconf 78' lang='lat' dir='ltr'><strong>enim</strong></span> <span class='ocrx_word' id='word_1_818' title='bbox 2927 4500 3179 4563; x_wconf 68' lang='lat' dir='ltr'><strong>modicum</strong></span> <span class='ocrx_word' id='word_1_819' title='bbox 3196 4503 3431 4571; x_wconf 82' lang='lat' dir='ltr'><strong>aliquan-</strong></span> 
     </span>
    </p>
   </div>
   <div class='ocr_carea' id='block_1_101' title="bbox 1846 4581 3424 4655">
    <p class='ocr_par' dir='ltr' id='par_1_101' title="bbox 1846 4581 3424 4655">
     <span class='ocr_line' id='line_1_108' title="bbox 1846 4581 3424 4655; baseline 0.011 -24"><span class='ocrx_word' id='word_1_820' title='bbox 1846 4581 2133 4652; x_wconf 83' lang='lat' dir='ltr'><strong>tulumque,</strong></span> <span class='ocrx_word' id='word_1_821' title='bbox 2182 4583 2267 4650; x_wconf 85' lang='lat' dir='ltr'><strong>qui</strong></span> <span class='ocrx_word' id='word_1_822' title='bbox 2316 4594 2551 4640; x_wconf 84' lang='lat' dir='ltr'><strong>venturus</strong></span> <span class='ocrx_word' id='word_1_823' title='bbox 2595 4598 2666 4641; x_wconf 85' lang='lat' dir='ltr'><strong>est</strong></span> <span class='ocrx_word' id='word_1_824' title='bbox 2711 4590 2904 4654; x_wconf 82' lang='lat' dir='ltr'><strong>veniet,</strong></span> <span class='ocrx_word' id='word_1_825' title='bbox 2953 4601 3000 4645; x_wconf 88' lang='lat' dir='ltr'><strong>et</strong></span> <span class='ocrx_word' id='word_1_826' title='bbox 3042 4609 3143 4651; x_wconf 81' lang='lat' dir='ltr'><strong>non</strong></span> <span class='ocrx_word' id='word_1_827' title='bbox 3183 4595 3424 4655; x_wconf 76' lang='lat' dir='ltr'><strong>tardabit.</strong></span> 
     </span>
    </p>
   </div>
   <div class='ocr_carea' id='block_1_102' title="bbox 1843 4672 3431 4755">
    <p class='ocr_par' dir='ltr' id='par_1_102' title="bbox 1843 4672 3431 4755">
     <span class='ocr_line' id='line_1_109' title="bbox 1843 4672 3431 4755; baseline 0.012 -29"><span class='ocrx_word' id='word_1_828' title='bbox 1843 4672 1976 4728; x_wconf 67' lang='lat' dir='ltr'><strong>Nam</strong></span> <span class='ocrx_word' id='word_1_829' title='bbox 2008 4691 2073 4728; x_wconf 90' lang='lat' dir='ltr'><strong>ne</strong></span> <span class='ocrx_word' id='word_1_830' title='bbox 2114 4676 2384 4743; x_wconf 78' lang='lat' dir='ltr'><strong>dicerent,</strong></span> <span class='ocrx_word' id='word_1_831' title='bbox 2416 4687 2469 4733; x_wconf 92' lang='lat' dir='ltr'><strong>et</strong></span> <span class='ocrx_word' id='word_1_832' title='bbox 2502 4681 2716 4749; x_wconf 82' lang='lat' dir='ltr'><strong>quando</strong></span> <span class='ocrx_word' id='word_1_833' title='bbox 2756 4683 2973 4739; x_wconf 83' lang='lat' dir='ltr'><strong>veniet?</strong></span> <span class='ocrx_word' id='word_1_834' title='bbox 3002 4700 3095 4739; x_wconf 88' lang='lat' dir='ltr'><strong>eos</strong></span> <span class='ocrx_word' id='word_1_835' title='bbox 3124 4690 3431 4755; x_wconf 79' lang='lat' dir='ltr'><strong>consolatur</strong></span> 
     </span>
    </p>
   </div>
   <div class='ocr_carea' id='block_1_103' title="bbox 1843 4766 3430 4851">
    <p class='ocr_par' dir='ltr' id='par_1_103' title="bbox 1843 4766 3430 4851">
     <span class='ocr_line' id='line_1_110' title="bbox 1843 4766 3430 4851; baseline 0.01 -32"><span class='ocrx_word' id='word_1_836' title='bbox 1843 4778 1908 4819; x_wconf 69' lang='lat' dir='ltr'><strong>ex</strong></span> <span class='ocrx_word' id='word_1_837' title='bbox 1938 4766 2248 4836; x_wconf 81' lang='lat' dir='ltr'><strong>Scriptnris.</strong></span> <span class='ocrx_word' id='word_1_838' title='bbox 2287 4767 2498 4824; x_wconf 88' lang='lat' dir='ltr'><strong>Etenim</strong></span> <span class='ocrx_word' id='word_1_839' title='bbox 2530 4771 2742 4847; x_wconf 84' lang='lat' dir='ltr'><strong>quando</strong></span> <span class='ocrx_word' id='word_1_840' title='bbox 2768 4773 2895 4829; x_wconf 87' lang='lat' dir='ltr'><strong>dicit</strong></span> <span class='ocrx_word' id='word_1_841' title='bbox 2919 4776 3084 4841; x_wconf 86' lang='lat' dir='ltr'><strong>alibi,</strong></span> <span class='ocrx_word' id='word_1_842' title='bbox 3114 4776 3334 4851; x_wconf 79' lang='lat' dir='ltr'><strong>Propior</strong></span> <span class='ocrx_word' id='word_1_843' title='bbox 3359 4794 3430 4838; x_wconf 84' lang='lat' dir='ltr'><strong>est</strong></span> 
     </span>
    </p>
   </div>
   <div class='ocr_carea' id='block_1_104' title="bbox 1839 4852 3425 4933">
    <p class='ocr_par' dir='ltr' id='par_1_104' title="bbox 1839 4852 3425 4933">
     <span class='ocr_line' id='line_1_111' title="bbox 1839 4852 3425 4933; baseline 0.011 -31"><span class='ocrx_word' id='word_1_844' title='bbox 1839 4859 2011 4902; x_wconf 76' lang='lat' dir='ltr'><strong>nostra</strong></span> <span class='ocrx_word' id='word_1_845' title='bbox 2032 4852 2188 4907; x_wconf 84' lang='lat' dir='ltr'><strong>salus,</strong></span> <span class='ocrx_word' id='word_1_846' title='bbox 2214 4853 2519 4903; x_wconf 79' lang='lat' dir='ltr'><strong>consolatur</strong></span> <span class='ocrx_word' id='word_1_847' title='bbox 2545 4870 2661 4913; x_wconf 80' lang='lat' dir='ltr'><strong>eos,</strong></span> <span class='ocrx_word' id='word_1_848' title='bbox 2695 4863 2875 4921; x_wconf 86' lang='lat' dir='ltr'><strong>utpote</strong></span> <span class='ocrx_word' id='word_1_849' title='bbox 2900 4872 3018 4911; x_wconf 84' lang='lat' dir='ltr'><strong>cum</strong></span> <span class='ocrx_word' id='word_1_850' title='bbox 3048 4870 3214 4925; x_wconf 69' lang='lat' dir='ltr'><strong>restet</strong></span> <span class='ocrx_word' id='word_1_851' title='bbox 3238 4878 3425 4933; x_wconf 80' lang='lat' dir='ltr'><strong>parum</strong></span> 
     </span>
    </p>
   </div>
   <div class='ocr_carea' id='block_1_105' title="bbox 1842 4938 3425 5023">
    <p class='ocr_par' dir='ltr' id='par_1_105' title="bbox 1842 4938 3425 5023">
     <span class='ocr_line' id='line_1_112' title="bbox 1842 4938 3425 5023; baseline 0.009 -32"><span class='ocrx_word' id='word_1_852' title='bbox 1842 4938 2113 5007; x_wconf 88' lang='lat' dir='ltr'><strong>temporis.</strong></span> <span class='ocrx_word' id='word_1_853' title='bbox 2161 4938 2269 4992; x_wconf 83' lang='lat' dir='ltr'><strong>Nec</strong></span> <span class='ocrx_word' id='word_1_854' title='bbox 2315 4955 2385 4994; x_wconf 81' lang='lat' dir='ltr'><strong>ex</strong></span> <span class='ocrx_word' id='word_1_855' title='bbox 2429 4955 2486 4995; x_wconf 88' lang='lat' dir='ltr'><strong>se</strong></span> <span class='ocrx_word' id='word_1_856' title='bbox 2532 4940 2639 4996; x_wconf 88' lang='lat' dir='ltr'><strong>hoc</strong></span> <span class='ocrx_word' id='word_1_857' title='bbox 2678 4942 2841 5009; x_wconf 89' lang='lat' dir='ltr'><strong>dicit,</strong></span> <span class='ocrx_word' id='word_1_858' title='bbox 2871 4946 2963 5001; x_wconf 90' lang='lat' dir='ltr'><strong>sed</strong></span> <span class='ocrx_word' id='word_1_859' title='bbox 3006 4962 3067 5003; x_wconf 82' lang='lat' dir='ltr'><strong>ex</strong></span> <span class='ocrx_word' id='word_1_860' title='bbox 3113 4948 3425 5023; x_wconf 85' lang='lat' dir='ltr'><strong>Scripturis.</strong></span> 
     </span>
    </p>
   </div>
   <div class='ocr_carea' id='block_1_106' title="bbox 1836 5029 3424 5107">
    <p class='ocr_par' dir='ltr' id='par_1_106' title="bbox 1836 5029 3424 5107">
     <span class='ocr_line' id='line_1_113' title="bbox 1836 5029 3424 5107; baseline 0.01 -23"><span class='ocrx_word' id='word_1_861' title='bbox 1836 5030 1890 5085; x_wconf 86' lang='lat' dir='ltr'><strong>Si</strong></span> <span class='ocrx_word' id='word_1_862' title='bbox 1918 5029 2058 5085; x_wconf 90' lang='lat' dir='ltr'><strong>enim</strong></span> <span class='ocrx_word' id='word_1_863' title='bbox 2098 5031 2165 5085; x_wconf 89' lang='lat' dir='ltr'><strong>ab</strong></span> <span class='ocrx_word' id='word_1_864' title='bbox 2208 5032 2297 5085; x_wconf 88' lang='lat' dir='ltr'><strong>illo</strong></span> <span class='ocrx_word' id='word_1_865' title='bbox 2325 5041 2567 5103; x_wconf 88' lang='lat' dir='ltr'><strong>tempore</strong></span> <span class='ocrx_word' id='word_1_866' title='bbox 2612 5034 2919 5105; x_wconf 87' lang='lat' dir='ltr'><strong>dicebatur,</strong></span> <span class='ocrx_word' id='word_1_867' title='bbox 2953 5040 3132 5095; x_wconf 81' lang='lat' dir='ltr'><strong>Adhuc</strong></span> <span class='ocrx_word' id='word_1_868' title='bbox 3173 5046 3424 5107; x_wconf 83' lang='lat' dir='ltr'><strong>modicum</strong></span> 
     </span>
    </p>
   </div>
   <div class='ocr_carea' id='block_1_107' title="bbox 1837 5123 3424 5195">
    <p class='ocr_par' dir='ltr' id='par_1_107' title="bbox 1837 5123 3424 5195">
     <span class='ocr_line' id='line_1_114' title="bbox 1837 5123 3424 5195; baseline 0.009 -20"><span class='ocrx_word' id='word_1_869' title='bbox 1837 5123 2201 5189; x_wconf 84' lang='lat' dir='ltr'><strong>aliquantulum</strong></span> <span class='ocrx_word' id='word_1_870' title='bbox 2222 5164 2237 5189; x_wconf 96' lang='lat'><strong>,</strong></span> <span class='ocrx_word' id='word_1_871' title='bbox 2283 5124 2370 5193; x_wconf 86' lang='lat' dir='ltr'><strong>qui</strong></span> <span class='ocrx_word' id='word_1_872' title='bbox 2404 5141 2639 5183; x_wconf 81' lang='lat' dir='ltr'><strong>venturus</strong></span> <span class='ocrx_word' id='word_1_873' title='bbox 2681 5140 2751 5181; x_wconf 85' lang='lat' dir='ltr'><strong>est</strong></span> <span class='ocrx_word' id='word_1_874' title='bbox 2784 5132 2938 5184; x_wconf 86' lang='lat' dir='ltr'><strong>veniet</strong></span> <span class='ocrx_word' id='word_1_875' title='bbox 2958 5174 2971 5195; x_wconf 94' lang='lat'><strong>,</strong></span> <span class='ocrx_word' id='word_1_876' title='bbox 3003 5143 3048 5186; x_wconf 84' lang='lat' dir='ltr'><strong>et</strong></span> <span class='ocrx_word' id='word_1_877' title='bbox 3079 5151 3177 5188; x_wconf 87' lang='lat' dir='ltr'><strong>non</strong></span> <span class='ocrx_word' id='word_1_878' title='bbox 3206 5139 3424 5193; x_wconf 79' lang='lat' dir='ltr'><strong>tardabit</strong></span> 
     </span>
    </p>
   </div>
   <div class='ocr_carea' id='block_1_108' title="bbox 1836 5212 3420 5298">
    <p class='ocr_par' dir='ltr' id='par_1_108' title="bbox 1836 5212 3420 5298">
     <span class='ocr_line' id='line_1_115' title="bbox 1836 5212 3420 5298; baseline 0.012 -32"><span class='ocrx_word' id='word_1_879' title='bbox 1836 5212 2030 5283; x_wconf 77' lang='lat' dir='ltr'><strong>(Rom.</strong></span> <span class='ocrx_word' id='word_1_880' title='bbox 2075 5215 2164 5270; x_wconf 80' lang='lat' dir='ltr'><strong>t5.</strong></span> <span class='ocrx_word' id='word_1_881' title='bbox 2194 5218 2249 5271; x_wconf 84' lang='grc' dir='ltr'>Η</span> <span class='ocrx_word' id='word_1_882' title='bbox 2280 5219 2335 5289; x_wconf 88' lang='grc'><strong>),</strong></span> <span class='ocrx_word' id='word_1_883' title='bbox 2367 5227 2449 5283; x_wconf 89' lang='lat' dir='ltr'><strong>est</strong></span> <span class='ocrx_word' id='word_1_884' title='bbox 2490 5222 2828 5291; x_wconf 86' lang='lat' dir='ltr'><strong>perspicuum</strong></span> <span class='ocrx_word' id='word_1_885' title='bbox 2860 5218 2999 5293; x_wconf 86' lang='lat' dir='ltr'><strong>quod</strong></span> <span class='ocrx_word' id='word_1_886' title='bbox 3026 5243 3168 5281; x_wconf 91' lang='lat' dir='ltr'><strong>nunc</strong></span> <span class='ocrx_word' id='word_1_887' title='bbox 3193 5228 3259 5282; x_wconf 83' lang='lat' dir='ltr'><strong>sit</strong></span> <span class='ocrx_word' id='word_1_888' title='bbox 3292 5245 3420 5298; x_wconf 72' lang='lat' dir='ltr'><strong>pro-</strong></span> 
     </span>
    </p>
   </div>
   <div class='ocr_carea' id='block_1_109' title="bbox 1838 5306 3421 5389">
    <p class='ocr_par' dir='ltr' id='par_1_109' title="bbox 1838 5306 3421 5389">
     <span class='ocr_line' id='line_1_116' title="bbox 1838 5306 3421 5389; baseline 0.011 -33"><span class='ocrx_word' id='word_1_889' title='bbox 1838 5306 2101 5376; x_wconf 84' lang='lat' dir='ltr'><strong>pinquior.</strong></span> <span class='ocrx_word' id='word_1_890' title='bbox 2148 5308 2505 5383; x_wconf 79' lang='lat' dir='ltr'><strong>Quamobrem</strong></span> <span class='ocrx_word' id='word_1_891' title='bbox 2544 5321 2597 5365; x_wconf 91' lang='lat' dir='ltr'><strong>et</strong></span> <span class='ocrx_word' id='word_1_892' title='bbox 2639 5322 2951 5382; x_wconf 80' lang='lat' dir='ltr'><strong>exspectare</strong></span> <span class='ocrx_word' id='word_1_893' title='bbox 3000 5333 3106 5381; x_wconf 90' lang='lat' dir='ltr'><strong>non</strong></span> <span class='ocrx_word' id='word_1_894' title='bbox 3150 5333 3308 5389; x_wconf 85' lang='lat' dir='ltr'><strong>parva</strong></span> <span class='ocrx_word' id='word_1_895' title='bbox 3341 5331 3421 5375; x_wconf 72' lang='lat' dir='ltr'><strong>est</strong></span> 
     </span>
    </p>
   </div>
   <div class='ocr_carea' id='block_1_110' title="bbox 1835 5397 3419 5483">
    <p class='ocr_par' dir='ltr' id='par_1_110' title="bbox 1835 5397 3419 5483">
     <span class='ocr_line' id='line_1_117' title="bbox 1835 5397 3419 5483; baseline 0.012 -34"><span class='ocrx_word' id='word_1_896' title='bbox 1835 5412 2061 5452; x_wconf 89' lang='lat' dir='ltr'><strong>merces.</strong></span> <span class='ocrx_word' id='word_1_897' title='bbox 2084 5397 2174 5453; x_wconf 69' lang='lat'><strong>28.</strong></span> <span class='ocrx_word' id='word_1_898' title='bbox 2196 5398 2373 5455; x_wconf 85' lang='lat' dir='ltr'><strong>Justus</strong></span> <span class='ocrx_word' id='word_1_899' title='bbox 2392 5412 2576 5467; x_wconf 86' lang='lat' dir='ltr'><strong>autem,</strong></span> <span class='ocrx_word' id='word_1_900' title='bbox 2608 5404 2804 5475; x_wconf 87' lang='lat' dir='ltr'><strong>inquit,</strong></span> <span class='ocrx_word' id='word_1_901' title='bbox 2829 5423 2892 5461; x_wconf 79' lang='lat' dir='ltr'><strong>ex</strong></span> <span class='ocrx_word' id='word_1_902' title='bbox 2911 5410 3012 5477; x_wconf 81' lang='lat' dir='ltr'><strong>fide</strong></span> <span class='ocrx_word' id='word_1_903' title='bbox 3034 5413 3197 5466; x_wconf 80' lang='lat' dir='ltr'><strong>vivet:</strong></span> <span class='ocrx_word' id='word_1_904' title='bbox 3221 5414 3357 5483; x_wconf 82' lang='lat' dir='ltr'><strong>quod</strong></span> <span class='ocrx_word' id='word_1_905' title='bbox 3374 5418 3419 5468; x_wconf 75' lang='lat' dir='ltr'><strong>si</strong></span> 
     </span>
    </p>
   </div>
   <div class='ocr_carea' id='block_1_111' title="bbox 1833 5488 3419 5575">
    <p class='ocr_par' dir='ltr' id='par_1_111' title="bbox 1833 5488 3419 5575">
     <span class='ocr_line' id='line_1_118' title="bbox 1833 5488 3419 5575; baseline 0.012 -34"><span class='ocrx_word' id='word_1_906' title='bbox 1833 5488 2136 5544; x_wconf 69' lang='lat' dir='ltr'><strong>subtraxerit</strong></span> <span class='ocrx_word' id='word_1_907' title='bbox 2149 5507 2221 5557; x_wconf 88' lang='lat' dir='ltr'><strong>se,</strong></span> <span class='ocrx_word' id='word_1_908' title='bbox 2254 5509 2354 5546; x_wconf 87' lang='lat' dir='ltr'><strong>non</strong></span> <span class='ocrx_word' id='word_1_909' title='bbox 2386 5493 2596 5563; x_wconf 84' lang='lat' dir='ltr'><strong>placebit</strong></span> <span class='ocrx_word' id='word_1_910' title='bbox 2614 5497 2801 5552; x_wconf 70' lang='lat' dir='ltr'><strong>anima:</strong></span> <span class='ocrx_word' id='word_1_911' title='bbox 2820 5515 2958 5553; x_wconf 67' lang='lat' dir='ltr'><strong>meat.</strong></span> <span class='ocrx_word' id='word_1_912' title='bbox 2988 5500 3109 5557; x_wconf 63' lang='lat' dir='ltr'><strong>[late</strong></span> <span class='ocrx_word' id='word_1_913' title='bbox 3129 5519 3314 5575; x_wconf 79' lang='lat' dir='ltr'><strong>magna</strong></span> <span class='ocrx_word' id='word_1_914' title='bbox 3338 5520 3419 5560; x_wconf 72' lang='lat' dir='ltr'><strong>eet</strong></span> 
     </span>
    </p>
   </div>
   <div class='ocr_carea' id='block_1_112' title="bbox 1831 5580 3415 5669">
    <p class='ocr_par' dir='ltr' id='par_1_112' title="bbox 1831 5580 3415 5669">
     <span class='ocr_line' id='line_1_119' title="bbox 1831 5580 3415 5669; baseline 0.015 -36"><span class='ocrx_word' id='word_1_915' title='bbox 1831 5580 2158 5649; x_wconf 86' lang='lat' dir='ltr'><strong>consolatio,</strong></span> <span class='ocrx_word' id='word_1_916' title='bbox 2190 5598 2312 5639; x_wconf 89' lang='lat' dir='ltr'><strong>cum</strong></span> <span class='ocrx_word' id='word_1_917' title='bbox 2340 5586 2587 5641; x_wconf 79' lang='lat' dir='ltr'><strong>ostendat</strong></span> <span class='ocrx_word' id='word_1_918' title='bbox 2612 5603 2709 5644; x_wconf 84' lang='lat' dir='ltr'><strong>eos</strong></span> <span class='ocrx_word' id='word_1_919' title='bbox 2742 5590 2833 5661; x_wconf 89' lang='lat' dir='ltr'><strong>qui</strong></span> <span class='ocrx_word' id='word_1_920' title='bbox 2863 5600 3032 5648; x_wconf 87' lang='lat' dir='ltr'><strong>totum</strong></span> <span class='ocrx_word' id='word_1_921' title='bbox 3059 5610 3207 5651; x_wconf 75' lang='lat' dir='ltr'><strong>recte</strong></span> <span class='ocrx_word' id='word_1_922' title='bbox 3231 5612 3415 5669; x_wconf 46' lang='lat' dir='ltr'><strong>geme-</strong></span> 
     </span>
    </p>
   </div>
   <div class='ocr_carea' id='block_1_113' title="bbox 1828 5673 3414 5751">
    <p class='ocr_par' dir='ltr' id='par_1_113' title="bbox 1828 5673 3414 5751">
     <span class='ocr_line' id='line_1_120' title="bbox 1828 5673 3414 5751; baseline 0.011 -21"><span class='ocrx_word' id='word_1_923' title='bbox 1828 5683 1992 5742; x_wconf 88' lang='lat' dir='ltr'><strong>runt,</strong></span> <span class='ocrx_word' id='word_1_924' title='bbox 2024 5673 2074 5730; x_wconf 88' lang='lat' dir='ltr'><strong>id</strong></span> <span class='ocrx_word' id='word_1_925' title='bbox 2117 5676 2289 5747; x_wconf 89' lang='lat' dir='ltr'><strong>ipsum</strong></span> <span class='ocrx_word' id='word_1_926' title='bbox 2336 5692 2433 5749; x_wconf 86' lang='lat' dir='ltr'><strong>per</strong></span> <span class='ocrx_word' id='word_1_927' title='bbox 2457 5681 2759 5738; x_wconf 81' lang='lat' dir='ltr'><strong>socordiam</strong></span> <span class='ocrx_word' id='word_1_928' title='bbox 2800 5686 3065 5742; x_wconf 84' lang='lat' dir='ltr'><strong>amittere.</strong></span> <span class='ocrx_word' id='word_1_929' title='bbox 3106 5688 3215 5745; x_wconf 80' lang='lat' dir='ltr'><strong>Nos</strong></span> <span class='ocrx_word' id='word_1_930' title='bbox 3249 5702 3414 5751; x_wconf 75' lang='lat' dir='ltr'><strong>autem</strong></span> 
     </span>
    </p>
   </div>
   <div class='ocr_carea' id='block_1_114' title="bbox 3024 5772 3097 5831">
    <p class='ocr_par' dir='ltr' id='par_1_114' title="bbox 3024 5772 3097 5831">
     <span class='ocr_line' id='line_1_121' title="bbox 3024 5772 3097 5831; baseline 0 0"><span class='ocrx_word' id='word_1_931' title='bbox 3024 5772 3097 5831; x_wconf 89' lang='grc'><strong>10</strong></span> 
     </span>
    </p>
   </div>
  </div>
