3988 6574
204 358 284 413 151
1032 363 1098 419 IN
1133 364 1350 421 EPIST.
1391 364 1479 419 Λῐ)
1527 365 1748 423 ΠΕΒΒᾸ

1853 367 1890 423 5.
1925 367 2077 425 CAP.
2121 372 2203 432 ΧΙ.
2229 371 2464 431 HOMIL.
2506 373 2647 430 XXI.

199 474 395 545 μάτων,
429 471 682 541 ἔλεγχος
708 476 781 528 οὐ
822 476 1240 544 βλεπομένων.
1286 480 1382 531 Ἐν
1406 481 1591 547 ταύτῃ
1632 482 1741 548 γὰρ

203 559 670 631 ἐμαρτυρήθησαν
710 564 763 613 υι
790 564 1198 629 πρεσϐύτεροι.
1239 564 1447 617 Βαϐαίί
1483 565 1571 634 οῖᾳ
1598 564 1743 630 λέξει

206 648 443 719 ἐχρήσατο
464 648 661 710 είπὼν,
686 650 976 718 Ἔλεγχος
999 651 1071 703 οὐ
1085 652 1501 717 βλεπομένων·
1526 653 1745 723 ἔλεγχος

202 739 294 805 γὰρ
319 736 523 809 λέγεται
561 736 656 788 ἐπὶ
692 734 802 787 τῶν
833 736 953 788 λίαν
981 736 1157 804 δήλων
1181 750 1229 790 ⁸.
1256 739 1321 791 Ἠ
1350 740 1531 802 πίστις
1566 741 1744 794 τοίνυν

203 826 333 879 ἐστὶν
358 823 473 891 όψις
500 826 609 877 τῶν
642 825 874 894 ἀδήλων,
905 827 1059 896 φησὶ,
1085 826 1180 877 καί
1205 827 1285 888 εἰς
1313 827 1412 894 τὴν
1442 825 1610 897 αὐτὴν
1634 831 1747 893 τοῖς

198 913 474 983 ὁρωμένοις
532 912 692 981 φέρει
764 912 1141 981 πληροφορίαν
1208 913 1275 964 τά
1339 913 1413 983 μὴ
1471 912 1743 983 ὁρώμενα.

200 1001 323 1054 Οὔτε
350 995 439 1051 οὖν
490 999 548 1049 ὲν
597 1001 712 1059 τοῖς
751 998 1053 1068 ὁρωμένοις
1097 999 1397 1067 ἀπιστῆσαι
1426 999 1593 1066 ἔστιν,
1622 998 1744 1053 οὕτε

196 1086 363 1147 πάλιν,
420 1084 467 1135 εί
520 1082 596 1153 μὴ
628 1084 736 1136 τῶν
780 1084 1073 1153 ὁρωμένων
1103 1086 1435 1156 σαφέστερον
1467 1088 1592 1153 περὶ
1638 1089 1746 1139 τῶν

193 1173 426 1243 ἀοράτων
457 1170 943 1242 πεπληροφόρηταί
980 1190 1085 1237 τις,
1114 1173 1298 1236 πίστις
1329 1171 1469 1226 εἶναι
1500 1172 1741 1228 δύναται.

203 1261 410 1330 Ἐπειδὴ
435 1262 541 1330 γὰρ
572 1261 643 1313 τά
688 1263 746 1314 ὲν
772 1258 947 1313 ἐλπίδι
980 1262 1328 1314 ἀνυπόστατα
1385 1257 1524 1315 εἶναι
1575 1263 1743 1329 δοκεῖ,

191 1353 222 1418 ἡ
258 1349 431 1410 πίστις
474 1348 779 1401 ὑπόστασιν
831 1348 1015 1419 αύτοῖς
1068 1347 1351 1418 χαρίζεται
1377 1366 1391 1379 ⁸
1431 1349 1629 1419 μᾶλλον
1666 1352 1742 1415 δὲ,

188 1438 248 1489 οὐ
285 1435 590 1505 χαρίζεται,
632 1435 749 1487 ἀλλ’
793 1435 924 1487 αὑτό
973 1438 1121 1489 ἐστιν
1164 1436 1320 1489 οὐσία
1361 1438 1541 1490 αὐτῶν
1566 1454 1579 1467 ”
1611 1433 1743 1505 οἷον,

189 1529 220 1591 ἡ
253 1527 540 1586 ἀνάστασις
578 1524 638 1575 οὐ
670 1523 1075 1593 παραγέγονεν,
1116 1524 1235 1578 οὐδέ
1270 1526 1417 1578 ἐστιν
1434 1528 1491 1577 ὲν
1519 1527 1747 1582 ὑποστά-

189 1629 291 1675 σει,
326 1612 435 1663 ἀλλ’
466 1612 498 1679 ἡ
532 1610 689 1673 ἐλπὶς
740 1611 1030 1678 ὑφίστησιν
1062 1610 1231 1681 αὐτὴν
1275 1613 1332 1664 ἐν
1388 1614 1454 1682 τῇ
1504 1614 1748 1683 ἡμετέρᾳ.

185 1702 350 1769 ψυχῇ.
380 1697 547 1751 Τοῦτό
597 1699 746 1749 ἐστιν
796 1696 1097 1760 ὑπόστασις
1145 1700 1489 1768 πραγμάτων
1533 1700 1748 1765 ὲλπιξοο

189 1788 382 1855 μένων.
429 1786 490 1837 Et
529 1785 711 1837 τοίνυν
744 1783 965 1855 ἔλεγχός
1014 1787 1164 1838 ἐστιν
1187 1787 1250 1838 οὐ
1293 1785 1665 1856 βλεπομένων,
1695 1787 1747 1839 τί

184 1876 246 1945 δὴ
280 1874 532 1944 βούλεσθε
571 1874 709 1927 αὐτὰ
744 1875 896 1939 ίδεῖν,
922 1876 1008 1928 ῖνα
1051 1874 1322 1943 ἐκπέσητε
1354 1875 1456 1944 τῆς
1510 1876 1746 1939 πίστεως

185 1965 277 2014 καὶ
322 1961 415 2015 τοῦ
461 1961 664 2014 δίκαιοι
708 1958 869 2023 εἶναι,
904 1964 958 2016 ετ
1002 1979 1067 2029 γε
1121 1963 1187 2016 ὲκ
1220 1962 1456 2025 πίστεως
1485 1964 1514 2015 ό
1542 1962 1749 2025 δίκαιος

186 2049 441 2118 ζήσεταις
484 2048 675 2118 Ὑμεῖς
711 2048 769 2101 δὲ
808 2050 858 2101 εί
898 2048 1154 2119 βούλεσθε
1198 2048 1338 2102 αὐτά
1385 2049 1535 2113 ἰδεῖν,
1563 2049 1748 2101 οὐκέτι

186 2149 301 2201 ἐστὲ
325 2148 521 2202 πιστοί.
564 2148 856 2216 Ἐκάμετε,
889 2148 1079 2218 φησὶν,
1105 2147 1395 2217 ἡθλήσατε·
1417 2147 1572 2216 κάγὼ
1590 2147 1748 2201 τοῦτό

187 2253 324 2304 φημι
349 2250 363 2264 ·
385 2234 521 2287 ἀλλά
546 2234 877 2304 ἀναμείνατε
904 2250 916 2263 ·
954 2234 1115 2288 τοῦτο
1134 2235 1245 2305 γάρ
1266 2234 1383 2287 ἐστι
1416 2234 1599 2298 πίστις
1624 2249 1639 2264 ο
1671 2235 1746 2306 μὴ

186 2323 411 2376 ἐνταῦθα
442 2323 660 2394 ζητεῖτε
686 2323 749 2376 τὸ
781 2325 909 2376 πᾶν.

247 2507 318 2567 γ’.
356 2498 538 2554 Ταῦτα
576 2496 795 2572 εἴρηται
842 2497 941 2571 μὲν
973 2500 1111 2571 πρὸς
1147 2499 1431 2573 Ἐϐραίους
1454 2542 1469 2567 ,
1508 2501 1660 2573 κοινὴ
1690 2502 1748 2555 δέ

185 2588 293 2642 ἐστι
323 2588 645 2658 παραίνεσις
676 2589 773 2642 καλ⁵
797 2591 934 2659 πρὸς
958 2589 1188 2653 πολλοὺς
1215 2589 1324 2642 τῶν
1354 2589 1589 2643 ἐνταῦθα
1623 2606 1746 2643 συν-

188 2674 527 2744 ειλεγμένων.
576 2676 703 2739 Πῶς
749 2677 843 2730 καὶ
875 2676 982 2729 τίνι
1023 2675 1253 2745 τρόπῳ;
1295 2676 1437 2746 Πρὸς
1478 2678 1607 2739 τοὺς
1637 2678 1748 2730 όλι-

190 2761 470 2831 γοψύχους,
506 2763 645 2833 πρὸς
674 2763 802 2824 τοὺς
837 2763 1229 2833 μικροψύχους.
1266 2763 1435 2815 Ὅταν
1465 2764 1573 2834 γάρ
1628 2764 1748 2817 ῐδω-

194 2867 239 2901 σι
274 2851 545 2920 πονηροὺς
580 2851 1013 2922 εὐπραγοῦντας,
1034 2852 1263 2914 ἑαυτοὺς
1297 2851 1352 2904 δὲ
1370 2852 1748 2922 δυσπραγοῦν·

192 2954 297 2999 τας,
333 2937 580 3003 ἀλύουσι,
611 2938 1103 3009 δυσανασχετοῦσιν
1127 2956 1142 2971 ’
1167 2940 1295 2993 ὅταν
1322 2939 1560 2992 ποθῶσιν
1603 2940 1747 2993 ὲκεί-

192 3041 286 3075 νων
314 3024 407 3094 τὴν
424 3023 653 3077 κόλασιν
682 3025 777 3077 καὶ
810 3025 909 3089 τὴν
934 3025 1197 3089 ἐκδικίαν,
1360 3027 1489 3079 ὅταν
1537 3025 1644 3079 τῶν
1673 3028 1750 3079 0!-

195 3109 341 3162 κείων
366 3111 543 3164 πόνων
567 3113 693 3174 τοὺς
734 3112 961 3180 μισθοὺς
1001 3114 1355 3182 ὲκδέχωνται.
1384 3114 1511 3167 Ἔτι
1532 3113 1750 3181 μικρὸν

198 3197 332 3253 ὅσον
355 3201 523 3260 ὅσον.
556 3204 591 3254 ό
616 3201 943 3269 ἐρχόμενος
964 3202 1118 3269 ἣξει,
1142 3202 1242 3256 καί
1263 3205 1334 3256 οὐ
1366 3202 1607 3271 χρονιεῖ,
1627 3197 1748 3254 εἶπε

200 3288 305 3340 τότε
337 3291 363 3341 ό
385 3289 621 3353 Παῦλος.
646 3290 759 3343 Καὶ
776 3292 934 3359 ἡμεῖς
960 3291 1139 3344 τοίνυν
1168 3290 1304 3362 πρὸς
1319 3292 1445 3354 τοὺς
1472 3289 1750 3361 ῥᾳθύμους

205 3373 335 3446 [198]
360 3376 530 3429 ταῦτα
554 3377 827 3448 λέγωμενο
849 3379 1073 3441 Πάντως
1095 3377 1249 3431 ἔσται
1267 3377 1511 3440 κόλασις,
1534 3378 1749 3440 πάντως

200 3462 326 3530 ἡξει,
358 3465 448 3517 ἐπὶ
481 3464 682 3535 θύραις
712 3465 898 3519 λοιπὸν
942 3464 1012 3518 τὰ
1036 3465 1138 3535 τῆς
1166 3466 1537 3528 ἀναστάσεως.
1576 3465 1749 3518 Πόθεν

201 3549 357 3616 δῆλον,
376 3553 538 3623 φησίν
561 3571 576 3619 ;
596 3554 671 3605 Οὐ
699 3553 844 3621 λέγω
862 3552 970 3607 ἀπὸ
988 3553 1282 3624 προφητῶν
1307 3572 1320 3584 ·
1346 3552 1470 3606 οὔτε
1488 3553 1597 3622 γάρ
1614 3553 1750 3624 πρδς

199 3638 537 3708 Χριστιανοὺς
570 3640 730 3709 μόνον
766 3658 854 3709 μοι
884 3640 977 3693 νῦν
999 3643 1026 3694 ὁ
1047 3641 1225 3708 λόγος,
1252 3640 1390 3694 ἀλλά
1423 3640 1523 3694 κᾶν
1550 3640 1750 3709 Ἕλλην

199 3722 249 3796 ᾗ.
276 3726 451 3797 Θαρῤῶ
484 3727 651 3791 πάνυ,
684 3726 776 3779 καὶ
814 3726 913 3789 τὰς
935 3727 1239 3792 ἀποδείξεις
1270 3728 1513 3799 παρέχω,
1547 3728 1641 3780 καὶ
1671 3726 1750 3780 δι-

200 3813 323 3877 δάξω
338 3816 497 3868 αὐτόν
519 3832 532 3845 ’
564 3816 658 3869 καὶ
681 3815 819 3879 πῶς,
853 3815 1038 3869 ἄκουε·
1072 3817 1250 3869 Πολλά
1270 3818 1531 3887 προεῖπεν
1557 3817 1585 3869 ό
1612 3816 1750 3887 Χρι-

203 3903 327 3963 στός.
361 3904 420 3954 Et
455 3903 531 3973 μή
567 3902 730 3972 ἐξέϐη
769 3904 974 3967 ἐκεῖνα,
1006 3902 1141 3973 μηδὲ
1165 3903 1378 3965 τούτοις
1411 3902 1711 3973 πιστεύσῃς
1732 3915 1746 3931 ⁸

199 3989 305 4043 εἰδὲ
335 3993 505 4045 πάντα
537 3992 723 4062 ἐξέϐη,
746 3992 798 4045 τί
824 3993 949 4062 περὶ
987 3994 1095 4065 τῶν
1121 3993 1457 4065 λειπομένων
1480 3993 1751 4061 ἀμφιϐάλ-

200 4075 334 4141 λεις;
364 4079 563 4131 Καίτοι
618 4079 751 4132 πολὺ
785 4062 1053 4133 ἀπίθανον.
1078 4076 1167 4150 ἦν,
1203 4062 1428 4151 μηδενὸς
1464 4079 1746 4142 ἐκϐάντος,

201 4169 312 4236 περὶ
340 4170 561 4223 ἐκείνων
592 4168 873 4222 πιστεύειν
896 4187 909 4201 ·
944 4169 1089 4238 ἣὸτε
1122 4167 1299 4220 πάντα
1330 4166 1514 4237 ἐξέϐη,
1540 4166 1751 4229 τούτοις

202 4254 450 4311 ἀπιστεῖν.
508 4255 730 4310 Μᾶλλον
763 4256 817 4308 δὲ
868 4258 960 4309 ἐπὶ
991 4255 1387 4324 ὑποδείγματος
1442 4254 1654 4325 ποιήσω
1692 4254 1752 4306 τὸ

203 4342 411 4411 πρᾶγμα
434 4342 692 4413 φανερόν.
715 4339 901 4408 Εἶπεν,
918 4344 945 4394 ὁ
962 4342 1195 4413 Χριστὸς
1214 4344 1295 4395 ὅτι
1316 4342 1383 4395 τά
1407 4339 1667 4413 Ἰεροσόλυ
1677 4359 1752 4411 μα

206 4427 466 4493 ἁλώσεται,
499 4430 595 4481 καὶ
637 4427 909 4483 ἁλώσεται
933 4430 1133 4483 ἅλωσιν
1162 4430 1279 4482 οἵαν
1317 4427 1598 4489 οὐδέποτε,
1660 4428 1752 4481 καὶ

206 4512 273 4565 δτι
292 4515 382 4567 οὐκ
398 4516 478 4567 ἔτι
508 4518 877 4585 ἀναστήσεται
905 4533 918 4544 ·
949 4516 1043 4569 καὶ
1061 4514 1221 4585 ἐξέϐη
1250 4517 1330 4578 εἰς
1357 4514 1559 4585 ἔργονὴ
1581 4513 1751 4585 πρόρ-

212 4600 362 4667 ρησκ.
385 4598 552 4655 Εἶπεν
570 4603 652 4655 ὅτι
670 4602 848 4670 θλίψις
878 4602 1031 4655 ἔσται
1068 4603 1299 4671 μεγάλη,
1333 4605 1428 4656 καὶ
1456 4603 1636 4672 ἐξέϐη.
1658 4597 1751 4655 Εἶ-

212 4700 292 4738 πεν
317 4689 390 4742 δτι
416 4690 672 4758 καθάπερ
704 4690 889 4759 σίνηπι
928 4692 1153 4760 σπαρὲν,
1197 4689 1369 4753 οὕτως
1394 4691 1752 4762 ἐκταθήσεται

213 4774 260 4826 τὸ
275 4778 521 4845 κήρυγμα
553 4795 567 4809 °
600 4780 695 4832 καὶ
720 4780 880 4832 τοῦτο
900 4779 1117 4850 ὁρῶμεν
1149 4779 1269 4832 καθ’
1288 4780 1526 4847 ἑκάστην
1542 4779 1753 4849 ἡμέραν

214 4864 623 4938 τήνοίκουμένην
654 4867 960 4938 ὲπιτρέχον.
994 4863 1158 4920 Εἶπεν
1205 4869 1286 4920 ὃτι
1331 4869 1379 4919 οἱ
1425 4868 1755 4922 καταλιπόν-

216 4964 289 5012 τες
313 4954 584 5023 πατέρα,ἢ
612 4955 900 5025 μητέρα,ἡ
921 4954 1203 5023 ἀδελφοὺς,
1222 4954 1254 5024 ἡ
1275 4954 1530 5024 ἀδελφὰς,
1568 4955 1752 5019 ἕξουσι

219 5040 293 5090 καί
317 5041 547 5111 πατέρας
585 5043 680 5093 καὶ
715 5043 958 5111 μητέρας
980 5058 995 5072 ·
1030 5042 1125 5095 καὶ
1150 5041 1306 5094 τοῦτο
1325 5042 1411 5096 διά
1438 5042 1547 5094 τῶν
1579 5043 1754 5111 ἔργων

220 5127 399 5195 ὁρῶμεν
423 5129 821 5200 πληρούμενον.
852 5127 1039 5192 Εἶπεν,
1066 5131 1265 5184 ότιἛν
1295 5130 1374 5196 τῷ
1404 5134 1609 5200 κόσμῳ
1628 5134 1751 5187 0.1?-

219 5216 305 5279 ψη·
344 5217 540 5279 ἕξετε⁸
596 5218 761 5271 ἀλλὰ
813 5216 1109 5285 θαρσεῖτε,
1163 5218 1278 5288 ἐγὼ
1314 5221 1599 5286 νενίκηκα
1650 5222 1757 5274 τὸν

218 5302 432 5371 κόσμον,
483 5304 781 5366 τουτέστιν,
820 5306 1009 5368 Οὐδεὶς
1070 5306 1224 5376 ὑμῶν
1278 5309 1599 5379 περιέσται·
1660 5310 1756 5363 καὶ

215 5387 343 5442 τοῦτο
362 5391 446 5444 διὰ
470 5390 577 5444 τῶν
607 5390 950 5461 πραγμάτων
969 5392 1182 5463 ὁρῶμεν
1219 5394 1540 5462 ὲκϐεϐηκός.
1588 5389 1753 5448 Εἶπεν

214 5476 275 5529 ὅτι
323 5478 476 5533 πύλαι
528 5477 655 5550 ᾅδου
704 5478 766 5531 οὐ
813 5479 1198 5549 κατισχύσουσι
1241 5481 1342 5549 τῆς
1403 5481 1749 5553 Ἐκκλησίας,

206 5712 383 5834 ωὲλὲἱτ
413 5712 618 5766 codices
648 5710 973 5775 unanimiter,
1006 5727 1130 5777 quos
1171 5716 1311 5776 sequi
1337 5713 1576 5778 oportuit.
1603 5715 1751 5777 Edili,

3318 377 3422 437 t5!

1850 482 1943 535 καὶ
1969 484 2139 539 ταῦτα
2164 488 2519 559 διωκομένης,
2554 489 2647 543 καὶ
2684 489 2764 543 δτι
2812 490 2985 554 οὐδεὶς
3016 490 3196 546 σϐέσει
3228 494 3290 548 τὸ
3316 498 3419 567 κή-

1851 586 2034 641 ρυγμα
2056 586 2071 601 ⁸
2102 575 2195 627 καὶ
2225 580 2492 646 μαρτυρεῖ
2510 579 2602 630 καὶ
2634 578 2805 651 ταύτῃ
2834 583 2897 650 τῇ
2931 580 3231 651 προρρήσει
3261 584 3420 654 ἡτῶν

1848 660 2193 729 πραγμάτων
2246 666 2433 734 πεῖρα.
2493 666 2687 720 Καίτοι
2750 666 2956 738 σφόδρα
3021 669 3286 734 ἀπίθανος
3350 668 3421 742 ἦν

1846 747 2019 802 ταῦτα
2047 748 2223 817 λέγων
2252 751 2393 804 τότε.
2439 752 2535 805 Διά
2579 754 2629 807 τί
2656 771 2669 816 ;
2720 754 2841 808 Ὀτι
2874 758 3053 810 πάντα
3082 758 3228 827 λόγοι
3255 754 3417 830 ἦσαν,

1848 831 1941 882 καὶ
1996 831 2209 886 οὐδέπω
2270 834 2548 897 ἀπόδειξιν
2590 836 2881 907 παρείχετο
2932 838 3040 891 τῶν
3093 839 3414 911 λεχθέντων.

1850 916 2013 969 Ὥστε
2050 918 2225 986 πολλῷ
2260 921 2458 989 μᾶλλον
2490 923 2781 993 πιστότερα
2810 924 2999 992 γέγονε
3025 926 3140 980 νῦν.

1917 1081 2088 1139 Εἶπεν
2144 1088 2224 1141 ὅτι
2274 1086 2403 1142 ὅταν
2452 1092 2703 1163 κηρυχθῇ
2748 1091 2809 1144 τὸ
2842 1092 3169 1161 Εὑαγγέλιον
3196 1096 3255 1149 ὲν
3285 1096 3417 1150 πᾶσι

1846 1175 1960 1236 τοῖς
1997 1174 2223 1238 έθνεσι,·
2252 1176 2372 1229 τότε
2422 1176 2540 1245 ἡξει
2591 1178 2650 1229 τὸ
2684 1178 2837 1241 τέλος
2862 1195 2877 1208 ·
2915 1181 3007 1231 καὶ
3038 1180 3146 1232 ίδοῦ
3192 1179 3327 1249 πρός
3357 1182 3419 1233 τὸ

1846 1258 2000 1321 τέλος
2032 1259 2214 1313 λοιπὸν
2263 1262 2597 1331 ἐφθάσαμεν.
2633 1264 2705 1315 Τὸ
2750 1265 2861 1334 γάρ
2895 1265 3059 1317 πλέον
3109 1264 3210 1333 τῆς
3242 1267 3419 1319 οἰκου-

1851 1345 2016 1416 μένης
2041 1349 2353 1419 κατηγγέλη
2374 1366 2387 1379 ο
2416 1349 2599 1401 λοιπὸν
2620 1346 2710 1404 οὖν
2728 1352 2787 1404 τὸ
2810 1352 2962 1416 τέλος
2992 1354 3418 1422 ὲνέστηκε.Φρίο

1850 1432 2048 1502 ξωμεν,
2088 1436 2379 1507 ἀγαπητοί.
2408 1438 2471 1490 Τί
2505 1438 2583 1499 δὲ,
2618 1439 2737 1491 εἰπέ
2773 1456 2904 1509 μοις
2940 1439 3069 1509 περὶ
3109 1440 3417 1502 συντελείας

1849 1520 1914 1573 σὺ
1949 1524 2220 1592 μεριμνᾷς
2244 1541 2258 1589 ;
2283 1525 2393 1576 Καὶ
2410 1522 2549 1593 αὕτη
2572 1526 2667 1595 μὲν
2693 1524 2803 1593 γάρ
2822 1526 2987 1592 ἐγγὺς
3006 1526 3290 1594 πάρεστιν,
3307 1526 3340 1594 ἡ
3359 1525 3418 1578 δὲ

1849 1606 2078 1660 ἑκάστου
2112 1607 2225 1678 ζωὴ
2260 1611 2532 1679 ἐγγυτέρα
2546 1610 2725 1680 πολλῷ
2758 1612 2896 1680 καὶὴ
2923 1610 3164 1681 τελευτή.
3190 1614 3258 1664 Αἱ
3278 1611 3419 1679 ἠμέ-

1840 1710 1944 1761 pa;
1976 1694 2085 1763 γὰρ
2112 1693 2228 1748 τῶν
2251 1695 2401 1749 ἐτῶν
2429 1695 2617 1765 ἡμῶν,
2642 1698 2825 1767 φησὶν,
2853 1697 2923 1750 ἐν
2942 1697 3146 1762 αὐτοῖς
3165 1696 3417 1765 ἑϐδομή-

1850 1798 2034 1835 κοντα
2050 1782 2175 1849 ἔτη·
2196 1783 2305 1836 ἐὰν
2321 1783 2389 1836 δὲ
2403 1786 2471 1838 ἐν
2486 1785 2888 1850 δυναστείαις,
2906 1785 3273 1853 ὀγδοήκοντα
3288 1786 3415 1853 ἔτη.

1862 1868 2059 1934 Ἐγγὺς
2082 1870 2115 1938 ἡ
2149 1858 2328 1940 ἡμέρα
2346 1871 2441 1940 τῆς
2462 1873 2696 1941 κρίσεως
2724 1887 2736 1900 ’
2771 1872 2875 1924 κᾶν
2901 1871 3041 1926 οὕτω
3068 1871 3413 1942 φοϐηθῶμεν.

1862 1953 2148 2023 Ἀδελςοὸς
2178 1957 2250 2009 οὐ
2278 1957 2621 2024 λυτροῦται,
2669 1957 3035 2024 λυτρώσεται
3064 1958 3374 2026 ἅνθρωπος
3397 1974 3418 2022 ;

1852 2041 2189 2114 Πολλά[199]
2232 2046 2634 2115 μετανοήσομεν
2672 2046 2817 2097 έκεῖσ
2860 2045 2976 2098 ἀλλ’
3009 2047 3066 2097 ὲν
3092 2044 3170 2115 τῷ
3201 2045 3418 2115 θανάτῳ

1849 2129 2025 2193 οὐδεὶς
2100 2131 2549 2201 ἐξομολογήσεται
2626 2131 2795 2202 αὐτῷ.
2865 2132 2965 2184 Διά
3015 2133 3173 2185 τοῦτο
3246 2132 3413 2200 λέγει.

1848 2219 2297 2288 Προφθὰσωμεν
2350 2218 2416 2273 τὸ
2457 2220 2781 2286 πρόσωπον
2809 2218 2994 2274 αὐτοῦ
3030 2220 3099 2274 ἐν
3134 2219 3420 2289 ἐξομολο-

1849 2304 2059 2374 γήσειο
2116 2307 2386 2370 τουτέστι,
2430 2306 2530 2376 τὴν
2583 2307 2885 2377 παρουσίαν
2919 2306 3106 2360 αὐτοῦ.
3155 2305 3420 2360 Ἐνταῦθα

1852 2391 2085 2463 μὲνγὰρ
2138 2393 2275 2463 ὅπερ
2324 2393 2420 2446 ὲάν
2463 2396 2795 2464 ποιήσωμεν,
2843 2394 2955 2463 ἔχει
3008 2394 3182 2465 ίσχῦν,
3217 2396 3333 2448 ἐκεῖ
3360 2394 3419 2447 δὲ

1849 2478 2052 2532 οὐκέτι.
2081 2479 2148 2532 Et
2173 2494 2257 2542 τις
2280 2481 2448 2550 ἡμᾶς,
2480 2480 2601 2533 είπέ
2637 2497 2748 2551 μοι,
2789 2482 2847 2533 ὲν
2876 2481 3089 2552 καμίνῳ
3110 2481 3418 2553 φλεγομένῃ

1853 2565 2046 2635 μικρὸν
2073 2564 2101 2603 δ
2133 2566 2349 2635 στήσειε
2379 2566 2587 2637 χρόνον,
2627 2566 2748 2636 οὐχὶ
2779 2566 2957 2620 πάντα
3002 2566 3420 2639 ὑποστησόμεθα

1850 2650 1991 2721 ὑπὲρ
2028 2650 2130 2719 τῆς
2161 2650 2502 2722 ἀπαλλαγῆς,
2546 2652 2650 2705 κᾶν
2705 2654 2961 2724 χρήματα
2993 2652 3089 2726 δέῃ
3132 2652 3415 2723 προέσθαι,

1850 2734 1951 2788 κᾶν
1994 2735 2235 2792 δουλείαν
2280 2740 2618 2809 ὑποστῆναι;
2667 2741 2827 2793 Πόσοι
2883 2741 3061 2802 νόσοις
3092 2740 3419 2807 περιέπεσον

1850 2824 2133 2894 χαλεπαῖς,
2173 2826 2267 2879 καὶ
2306 2827 2484 2880 πάντα
2547 2827 2780 2897 ἑτοίμως
2841 2827 3047 2880 εἴλοντο
3094 2826 3278 2880 δοῦναι
3329 2826 3417 2888 ἀν,

1848 2911 1989 2964 ὥστε
2044 2913 2448 2981 ἀπαλλαγῆναι,
2490 2913 2544 2966 εί
2586 2932 2649 2981 γε
2699 2916 2913 2986 αἵρεσις
2976 2913 3307 2985 προῦκειτο;
3355 2913 3419 2965 Et

1847 3000 2027 3053 τοίνυν
2043 2999 2274 3054 ἐνταῦθα
2298 3002 2450 3064 νόσος
2483 3002 2848 3073 ὀλιγοχρόνιος
2877 3001 3047 3066 οὕτως
3077 3003 3223 3073 ἡμᾶς
3252 3002 3377 3072 ἀνιᾷ
3398 3040 3416 3067 ,

1849 3087 1901 3139 τί
1928 3088 2229 3158 ποιήσομεν
2274 3088 2409 3152 ἐκεῖ,
2436 3087 2563 3142 ὅταν
2593 3090 2761 3158 μηδὲν
2780 3089 2998 3157 κόφελος
3124 3089 3226 3159 τῆς
3252 3106 3420 3159 μετα-

1849 3174 2030 3240 νοίας;
2060 3176 2247 3227 Πόσων
2279 3174 2374 3228 νῦν
2416 3176 2657 3246 γέμομεν
2702 3177 2908 3241 κακῶν,
2960 3178 3056 3229 καὶ
3098 3177 3196 3230 οὐκ
3227 3177 3419 3231 αἰσθα-

1848 3262 2052 3331 νόμεθα
2082 3278 2097 3325 ;
2136 3262 2400 3333 ἀλλήλους
2444 3262 2735 3333 δάκνομεν,
2765 3264 3027 3331 ἀλλήλους
3064 3263 3421 3334 κατεσθίομεν

1850 3350 2185 3416 ἀδικοῦντες,
2234 3351 2687 3421 κατηγοροῦντες,
2737 3351 3119 3415 διαϐάλλοντες
3158 3354 3279 3414 ταῖς
3311 3352 3422 3405 τῶν

1850 3439 2079 3510 πλησίον
2129 3440 2307 3507 δόξαις
2360 3439 2697 3511 δακνόμενοι.
2738 3440 2850 3495 Καὶ
2887 3441 2992 3512 δρα
3044 3441 3106 3494 τὸ
3148 3441 3416 3511 χαλεπόν’

1849 3528 1975 3582 ὅταν
2007 3529 2242 3599 βουληθῇ
2260 3546 2345 3592 τις
2366 3528 2607 3598 διορύξαι
2624 3528 2718 3583 τοῦ
2746 3529 2974 3600 πλησίον
3004 3530 3104 3597 τὴν
3128 3529 3419 3599 ὑπόληψιν,

1850 3616 2004 3687 φησί’
2040 3617 2169 3670 Τόδε
2199 3614 2397 3671 εἶπενό
2428 3617 2576 3671 δεῖνα
2608 3618 2737 3689 περὶ
2771 3618 2961 3676 αὐτοῦ.
2987 3620 3015 3672 ό
3047 3618 3178 3682 Θεὸς
3210 3620 3423 3688 συγχώο

1854 3705 2017 3776 ρησόν
2045 3722 2157 3774 μοι,
2207 3706 2280 3775 μή
2328 3722 2395 3774 με
2446 3705 2725 3775 έξετάσῃς,
2779 3706 2951 3775 ἀκοῆς
2987 3705 3144 3772 λόγον
3196 3706 3417 3775 ὀφείλω.

1850 3796 1914 3847 Τί
1937 3789 2029 3848 οὖν
2070 3794 2246 3861 λέγεις
2289 3795 2445 3859 ὅλως,
2492 3797 2541 3847 εί
2567 3795 2628 3847 οὑ
2656 3795 2969 3861 πιστεύεις;
3021 3796 3072 3847 τί
3101 3794 3313 3862 λέγειςς
3366 3796 3420 3848 τί

1852 3882 2040 3935 πιστὸν
2085 3882 2213 3936 αὐτὸ
2262 3882 2468 3953 ἐργάζῃ
2522 3884 2587 3952 τῇ
2653 3882 2820 3952 πολλῇ
2875 3883 3065 3953 φήμῃ;
3106 3882 3157 3933 τί
3194 3882 3421 3951 διαπορ-

1851 3969 2073 4039 θμεύεις
2106 3970 2196 4022 τὸν
2223 3969 2379 4037 λόγον
2405 3969 2505 4021 οὐκ
2540 3967 2716 4037 ἀληθῆ
2741 3966 2903 4031 ὅντα;
2946 3968 3009 4019 σὺ
3033 3969 3298 4031 ἀπιστεῖς,
3328 3969 3421 4019 καὶ

1850 4058 1942 4110 τὸν
1987 4057 2118 4110 Θεὸν
2171 4056 2511 4127 παρακαλεῖς
2573 4055 2716 4108 ὥστε
2762 4073 2822 4108 σε
2864 4056 2939 4124 μὴ
3005 4055 3292 4119 tendam;
3330 4055 3423 4123 Μὴ

1851 4146 1977 4213 λέγε
2016 4147 2215 4211 τοίνυν,
2245 4147 2380 4213 άλλά
2428 4146 2628 4212 σιώπα,
2663 4148 2754 4200 καὶ
2806 4146 3006 4210 παντὸς
3059 4146 3209 4209 δέους
3246 4145 3422 4215 ἀπήλ-

1852 4234 2028 4299 λαξαι.

1924 4425 1984 4479 δ’.
2012 4424 2151 4477 Ἀλλ’
2170 4423 2270 4477 οὐκ
2288 4419 2405 4477 οῖδα
2429 4421 2643 4491 πόθενὴ
2668 4420 2820 4484 νόσος
2851 4419 2989 4490 αῦτη
3016 4421 3074 4472 ὲν
3093 4421 3204 4483 τοῖς
3222 4417 3423 4492 ἀνθρώ·

1856 4533 1978 4577 ποις
2028 4514 2362 4585 ἐμπέπτωκε
2387 4531 2400 4545 ·
2448 4511 2677 4581 φλύαροι
2718 4512 3043 4581 γεγόναμεν,
3071 4510 3226 4563 οὐδὲν
3265 4510 3422 4580 ἡμῶν

1854 4602 2180 4672 ὲναπομένει
2217 4606 2283 4673 τῇ
2320 4601 2487 4671 ψυχῇ.
2519 4600 2718 4652 Ἀκουε
2747 4596 2911 4666 σοφοῦ
2933 4614 3078 4660 τινος
3101 4595 3424 4665 παραινοῦν-

1853 4708 1944 4753 τος
1991 4690 2084 4743 καὶ
2112 4689 2379 4756 λέγοντος,
2424 4690 2726 4751 Ἤκουσας
2763 4687 2979 4753 λόγον-ς
3011 4683 3424 4737 ὲναποθανέτω

1856 4793 1987 4833 σοι·
2012 4775 2237 4844 θάρσει,
2258 4778 2329 4829 οὺ
2346 4774 2431 4844 μή
2468 4790 2542 4827 σε
2578 4772 2740 4841 ,όήξῃ
2764 4788 2779 4804 ο
2813 4773 2906 4824 καὶ
2942 4770 3123 4833 πάλιν,
3160 4771 3423 4824 Ἤκουσε

1855 4868 2040 4935 λόγον
2061 4867 2093 4919 ό
2115 4863 2332 4933 μωρὸς,
2362 4862 2459 4915 καὶ
2496 4860 2817 4926 ὠδίνησεν,
2857 4858 2937 4923 ὡς
2955 4856 3073 4911 ἀπὸ
3098 4855 3424 4924 προσώπου

1850 4952 2121 5021 ,βρέφους
2153 4952 2191 5019 ἡ
2217 4950 2525 5003 τίκτουσα.
2556 4946 2697 5017 Πρὸς
2724 4943 3058 5015 κατηγορίας
3084 4943 3251 5013 ἐσμὲν
3283 4942 3425 4996 ἐτοι-

1859 5057 1981 5111 μοι,
2012 5038 2147 5107 πρὸς
2169 5034 2526 5105 κατακρίσεις
2552 5032 3082 5102 παρεσκευασμένοι.
3106 5032 3223 5085 Κᾶν
3257 5031 3424 5102 μηδὲν

1856 5131 1987 5199 ἡμῖν
2030 5127 2213 5197 ἕτερον
2264 5121 2623 5195 εἰργασμένον
2674 5120 2759 5190 εἴη
2806 5121 2994 5182 κακὸν,
3035 5121 3194 5174 τοῦτο
3239 5118 3425 5174 ἱκανὸν

1854 5212 1921 5287 ἦν
1952 5216 2094 5285 ἡμᾶς
2123 5211 2403 5277 ἀπολέσαι,
2437 5213 2530 5265 καὶ
2559 5211 2638 5273 είς
2670 5208 2896 5276 γέενναν
2928 5209 3425 5278 άπαγαγεῖν,τοῦτο

1859 5305 2072 5376 μυρίοις
2104 5302 2417 5371 περιϐαλεῖν
2448 5302 2655 5366 κακοῖς.
2694 5298 2799 5351 Καὶ
2829 5298 2914 5352 ἵνα
2948 5298 3124 5372 μάθῃς
3155 5299 3422 5371 ἀκριϐῶς,

1854 5394 2018 5448 ἀκουε
2033 5391 2127 5446 τοῦ
2157 5392 2445 5462 Προφήτου
2470 5390 2739 5459 λέγοντος,
2768 5388 3116 5458 Καθήμενος
3142 5391 3293 5443 κατὰ
3316 5389 3422 5443 τοῦ

1854 5480 2121 5550 ἀδελφοῦ
2158 5494 2274 5533 σου
2324 5478 2694 5545 κατελὰλεις.
2755 5476 2893 5529 Ἀλλ’
2920 5476 3018 5528 οὐκ
3063 5473 3193 5541 ἐγὼ,
3236 5474 3419 5543 φησὶν,

1854 5566 1971 5621 ἀλλ’
2004 5569 2232 5629 ἐκεῖνος.
2266 5566 2338 5619 Σὺ
2374 5566 2473 5636 μὲν
2503 5561 2593 5619 οῦν
2618 5581 2632 5597 ο
2682 5567 2729 5618 εἰ
2764 5564 2870 5635 γὰρ
2905 5563 2979 5633 μὴ
3008 5563 3071 5615 σὺ
3102 5558 3274 5624 εἶπες,
3308 5560 3426 5614 ἓτε-

1915 5774 1943 5815 b
1978 5772 2059 5825 Sic
2091 5772 2248 5836 Colb.,
2271 5773 2427 5837 Begg.
2453 5778 2505 5821 et
2535 5771 2717 5824 Comm.
2745 5772 2794 5821 In
2816 5770 2965 5820 editis
3002 5770 3167 5833 μικρόν
3184 5768 3373 5819 deerat.

3589 5294 3646 5313 ὰ

3660 5314 3729 5337 *κ
