3988 6556
563 403 675 460 ’155

558 532 668 594 ρος
693 523 792 575 οῦκ
807 522 871 576 ἂν
895 520 1128 591 ῆκουσεν
1152 536 1164 551 ⁸
1199 521 1248 573 εί
1269 520 1325 574 δὲ
1354 520 1447 573 καὶ
1482 520 1708 591 ἔμελλεν
1740 522 1982 585 ἀκούειν,
2006 519 2144 575 ἀλλά

575 606 642 659 σὺ
668 605 766 674 τῆς
795 603 1071 674 ἁμαρτίας
1098 603 1197 655 οὐκ
1225 598 1294 672 ῆς
1321 602 1517 667 αῖτιος.
1553 603 1683 657 Δέον
1710 603 2024 667 συσκιάζειν
2052 601 2145 654 καὶ

576 685 943 757 συγκρύπτειν
964 684 1035 738 τὰ
1068 684 1420 754 ἐλαττώματα
1446 684 1599 757 [200]
1641 685 1751 739 τῶν
1786 685 2037 753 πλησίον,
2080 682 2146 735 σὺ

571 769 630 823 δὲ
663 767 1038 838 ἐκπομπεύεις
1090 769 1440 839 προσχήματι
1494 769 1864 838 φιλαγαθίας;
1922 769 1996 821 Οὐ
2024 768 2147 837 γίνῃ

572 851 900 920 κατήγορος,
933 850 1067 904 ἀλλά
1098 851 1358 922 φλύαρος,
1388 852 1523 906 ἀλλὰ
1561 852 1750 923 λῆρος,
1777 851 1913 904 ἀλλά
1945 849 2146 920 μωρός.

579 935 644 985 Ὠ
663 932 907 1004 δεινότης
933 933 945 985 !
980 934 1177 987 σαυτὸν
1203 934 1484 1004 αίσχύνεις
1518 938 1635 1005 μετ’
1665 937 1899 997 ἐκείνου,
1926 934 2019 986 καὶ
2051 933 2151 984 οὐκ

574 1013 844 1085 αίσθάνῃ;
896 1016 1040 1086 Ὅρα
1069 1016 1125 1069 δέ
1151 1017 1248 1070 ὃσα
1298 1016 1367 1069 τά
1411 1018 1557 1071 κακά
1609 1017 1857 1072 ἐντεῦθεν
1896 1014 2104 1084 γίνεται
2132 1028 2147 1043 ⁶

576 1100 931 1169 παροργίζεις
961 1100 1052 1152 τὸν
1080 1098 1234 1166 Θεὸν,
1287 1100 1479 1164 λυπεῖς
1526 1101 1615 1155 τὸν
1638 1100 1885 1172 πλησίον,
1918 1096 2151 1151 ὑπεύθυο

576 1198 667 1234 νον
702 1181 927 1234 σεαυτὸν
955 1185 1021 1253 τῇ
1065 1182 1284 1236 κολάσει
1311 1186 1505 1246 ποιεῖς.
1554 1183 1670 1236 Οὐκ
1694 1182 1912 1244 ἀκούεις
1939 1178 2151 1233 Παύλου

577 1264 829 1332 λέγοντος
852 1266 981 1335 περὶ
1003 1266 1187 1336 χηρῶν
1214 1268 1521 1335 γυναικῶν;
1558 1269 1639 1319 Οὐ
1648 1269 1842 1334 μόνον
1861 1264 1930 1318 δὲ
1956 1262 2151 1332 ἀργαί,

579 1348 734 1418 φησὶ,
756 1347 1193 1416 μανθάνουσιν,
1222 1350 1382 1403 ἀλλὰ
1408 1350 1505 1403 καὶ
1522 1350 1779 1419 φλύαροι
1802 1348 1901 1401 καὶ
1920 1348 2153 1414 περίερο

579 1449 690 1500 τοι,
751 1432 1198 1500 περιερχόμεναι
1237 1433 1343 1497 τὰς
1371 1434 1584 1499 οἰκίας,
1616 1432 1715 1485 καὶ
1743 1420 2048 1486 λαλοῦσαι
2079 1428 2155 1481 τὰ

572 1514 659 1582 μὴ
693 1514 946 1578 δέοντα;
980 1515 1144 1568 Ὥστε
1176 1517 1269 1568 καὶ
1302 1517 1429 1569 ὅταν
1458 1515 1756 1585 πιστεύσῃς
1782 1516 1895 1576 τοῖς
1926 1512 2155 1580 λεγομέ-

578 1613 690 1660 νοις
738 1596 880 1650 κατά
925 1598 1019 1650 τοῦ
1058 1598 1288 1666 ἀδελφοῦ
1326 1615 1441 1663 σου,
1471 1599 1592 1651 οὐδὲ.
1619 1598 1762 1651 οὕτω
1808 1597 1988 1663 λέγειν
2022 1594 2151 1664 χρὴ,

581 1683 779 1751 μήτιγε
829 1681 1183 1735 ἀπιστοῦντα.
1258 1682 1419 1734 Ἀλλά
1472 1683 1534 1735 τὸ
1610 1680 1808 1736 σαυτοῦ
1876 1677 2154 1746 πανταχοῦ

581 1767 823 1827 σκοπεῖς,
864 1764 1119 1826 δεδοικὼς
1167 1764 1523 1833 ἐξετασθῆναι
1547 1766 1697 1835 παρά
1721 1761 1813 1816 τοῦ
1839 1760 1974 1814 Θεοῦ
1995 1779 2009 1827 ;
2034 1762 2154 1812 Δεῖ-

581 1865 673 1901 σον
703 1844 795 1900 οὖν
824 1846 899 1918 μὴ
936 1848 1028 1899 καὶ
1058 1848 1198 1915 ὑπὲρ
1225 1848 1325 1917 τῆς
1357 1848 1627 1916 φλυαρίας
1670 1845 1985 1915 ἐξετασθῆξ.
2036 1844 2153 1895 Ἑν-

577 1930 750 1983 ταῦθα
772 1929 880 2001 γάρ
905 1930 1005 1983 οὐκ
1026 1930 1169 1998 ἔχεις
1190 1931 1389 1994 εἰπεῖν,
1412 1930 1492 1983 ὃτι
1513 1931 1602 1997 Μή
1628 1947 1693 2000 με
1725 1929 1953 1998 ἐξετάσῃ
1975 1929 2002 1980 ὁ
2024 1926 2156 1987 Θεὸς

579 2013 719 2082 ὑπὲρ
740 2013 839 2081 τῆς
858 2012 1129 2083 φλυαρίας
1146 2028 1159 2041 ⁸
1180 2012 1242 2064 τὸ
1259 2012 1366 2082 γὰρ
1396 2013 1628 2084 πρᾶγμα.
1657 2010 1894 2081 φλυαρία
1923 2008 2059 2062 ἐστί.
2090 2006 2156 2059 Τί

576 2096 1029 2164 ἐξεπόμπευσας;
1082 2096 1135 2147 τί
1186 2093 1427 2165 ηῦξησας
1459 2094 1519 2147 τὸ
1557 2094 1767 2159 δεινόν;
1814 2089 1986 2143 Τοῦτο
2010 2088 2157 2159 ἡμᾶς

578 2178 840 2232 ἀπολέσαι
869 2177 1002 2248 ἔχει.
1035 2178 1134 2231 Διά
1158 2178 1317 2232 τοῦτο
1339 2178 1521 2245 ἔλεγεν
1554 2180 1581 2230 ὁ
1609 2176 1872 2247 Χριστός·
1906 2172 2002 2240 Μὴ
2034 2170 2158 2239 κρί-

577 2280 730 2322 νετε.
751 2263 852 2315 ἵνα
868 2262 953 2331 μὴ
974 2260 1232 2329 κριθῆτε.
1268 2261 1408 2314 Ἀλλ’
1428 2261 1601 2323 οὐδεὶς
1617 2262 1750 2329 ἡμῖν
1765 2256 1956 2311 τούτου
1976 2256 2155 2324 λόγος,

576 2345 698 2397 οὐδὲ
727 2344 795 2397 τά
816 2344 960 2396 κατά
979 2345 1068 2395 τὸν
1089 2345 1403 2413 Φαρισαῖον,
1421 2344 1569 2413 ἡμᾶς
1600 2344 1947 2413 σωφρονίζει.
1982 2343 2157 2397 Ἐκεῖ-

579 2445 665 2487 vo;
685 2423 835 2479 εἶπεν
866 2425 1062 2495 ἀληθὲς
1089 2428 1342 2503 πρᾶγμα,
1366 2426 1446 2479 ὅτι
1466 2429 1588 2479 Οὐκ
1605 2425 1809 2494 ειμὶώς
1835 2428 1867 2480 ό
1890 2424 2157 2491 τελώνης

578 2505 777 2575 οὗτος,
805 2509 897 2561 καὶ
931 2504 1083 2560 εἶπεν
1109 2508 1403 2573 ἀκούοντος
1433 2506 1667 2571 οὐδενὸς,
1698 2509 1794 2559 καὶ
1828 2506 2152 2577 κατεκρίθη.

580 2593 643 2646 El
680 2594 740 2645 τὸ
760 2593 957 2662 ἀληθὲς
991 2590 1231 2661 εἰρηκὼς
1262 2592 1583 2661 κατεκρίθη,
1612 2592 1704 2643 καὶ
1737 2592 1961 2663 μηδενὸς
1993 2590 2128 2643 ἀκού

579 2690 730 2738 οντος
754 2674 924 2728 είπών
949 2692 964 2707 ο
990 2676 1039 2727 οἱ
1070 2675 1138 2726 τά
1167 2673 1364 2745 ψευδῆ,
1387 2676 1481 2727 καὶ
1506 2674 1648 2744 ὑπὲρ
1695 2668 1770 2726 ὧν
1798 2674 1897 2726 οὐκ
1923 2674 2030 2725 είσὶ
2062 2689 2158 2724 πε-

580 2775 644 2810 πε
655 2758 860 2827 ισμένοι
873 2757 1046 2809 ταῦτα
1076 2756 1305 2827 διαπορο
1314 2774 1379 2827 με
1389 2756 1571 2820 ύοντες
1584 2756 1880 2825 πανταχοῦ,
1905 2755 2115 2808 καθάπε
2127 2772 2155 2823 ρ

578 2844 836 2908 γυναῖκες
870 2840 1125 2909 φλύαροι,
1162 2839 1212 2893 τί
1240 2840 1302 2892 οὐ
1331 2841 1611 2893 πείσονται
1649 2839 1857 2905 δεινόν;
1887 2839 1937 2890 τί
1966 2838 2023 2890 δέ
2053 2839 2153 2906 οὔχ

579 2924 952 3005 ύπομενοῦσις
987 2924 1181 2994 Θῶμεν
1208 2924 1397 2978 λοιπὸν
1442 2923 1520 2995 τῷ
1570 2923 1799 2994 στόματι
1848 2921 2016 2991 θύραν
2058 2921 2155 2973 καὶ

581 3002 775 3079 μοχλόν
796 3026 809 3039 ο
838 3008 1007 3079 μυρία
1029 3006 1138 3080 γὰρ
1156 3009 1263 3063 ἀπὸ
1280 3006 1547 3081 φλυαρίας
1570 3007 1759 3077 γέγονε
1793 3004 1939 3058 κακά
1953 3020 1967 3034 ο
1986 3002 2155 3056 οίκίαι

1259 402 1333 467 ,5.
1374 400 1666 459 JOANNIS
1703 400 2194 460 CHRYSUSTOMI
2233 402 2552 459 ARCHIEP.
2590 402 3139 462 CONSTANTINOP.

3659 419 3745 475 ιιι

2245 519 2651 592 ἀνετράπησαν,
2681 523 2855 592 φιλίαι
2880 522 3303 593 διεσπάσθησαν,
3328 524 3480 597 ἔτερα
3499 530 3646 599 μυρία
3668 550 3747 602 Xa.

2247 604 2388 658 λεπά
2428 606 2643 674 γέγονε.
2685 605 2775 676 Μὴ
2811 606 3173 676 περιεργάζου
3211 608 3277 661 τὰ
3310 608 3397 661 τοῦ
3425 610 3651 681 πλησίον,
3674 615 3749 666 ἀν-

2250 687 2457 757 θρωπε.
2500 687 2662 741 Ἀλλά
2688 688 2849 751 λάλος
2875 684 2945 752 εἴ,
2974 689 3071 742 καὶ
3118 689 3399 761 ἐλάττωμα
3426 692 3594 761 ἐχειςς
3628 695 3753 749 λάλει

2247 768 2317 822 τά
2349 772 2420 823 σά
2452 770 2587 840 πρὸς
2608 771 2697 824 τὸν
2718 770 2851 824 Θεόν
2874 788 2886 800 ·
2922 771 3095 834 οὕτως
3117 771 3300 825 οὐκέτι
3316 774 3459 826 ἐσται
3481 774 3537 826 τὸ
3557 774 3755 830 ἐλάττωο

2254 872 2349 922 μα,
2385 854 2519 908 ἀλλά
2564 855 2946 925 πλεονέκτημα
2969 872 2981 887 ·
3022 853 3175 908 λάλει
3205 854 3274 908 τὰ
3304 856 3368 911 σά
3395 855 3520 925 πρὸς
3550 858 3659 918 τοὺς
3684 859 3755 925 φί-

2251 938 2375 1002 λους
2405 940 2529 1004 τοὺς
2564 940 2705 993 πάνυ
2723 939 2909 1007 φίλους
2930 938 3025 992 καὶ
3049 938 3307 1003 δικαίους,
3341 938 3430 991 καὶ
3452 934 3526 1001 οἷς
3551 939 3757 1009 Θαρῤεῖς,

2251 1020 2393 1073 ὥστε
2433 1020 2692 1087 εὔξασθαι
2722 1022 2858 1092 ὑπὲρ
2885 1021 2992 1073 τῶν
3026 1020 3134 1073 σῶν
3155 1020 3574 1091 ἁμαρτημάτων.
3606 1022 3689 1073 “Av
3707 1023 3762 1075 τὰ

2255 1104 2457 1174 ἐτέρων
2511 1104 2693 1173 εἴπῃς,
2755 1103 2907 1157 οὐδὲν
2962 1102 3268 1173 ώφελήθης,
3321 1102 3467 1154 οὐδὲν
3515 1102 3763 1172 ἐκέρδανας

2253 1186 2388 1240 ἀλλά
2444 1187 2537 1239 καὶ
2577 1185 2793 1239 ἀπώλου
2822 1201 2835 1215 ·
2873 1186 2937 1239 ἂν
2970 1187 3038 1239 τά
3073 1184 3269 1238 σαυτοῦ
3324 1184 3665 1255 ἐξαγορεύσῃς
3706 1183 3768 1253 τῷ

2254 1270 2517 1341 Δεσπότῃ,
2542 1269 2709 1321 πολὺν
2742 1268 2884 1336 ἔχεις
2909 1268 3001 1320 τὸν
3028 1268 3215 1337 μισθόν
3240 1284 3255 1300 ο
3285 1262 3436 1321 Εἷπα
3464 1266 3585 1336 γὰρ,
3615 1266 3767 1334 φησὶν,

2268 1352 2671 1420 Ἐξατορεύσω
2698 1352 2824 1403 κατ’
2853 1350 2997 1417 ἐμοῦ
3021 1349 3139 1416 τὴν
3171 1349 3422 1419 ἀνομίαν
3450 1364 3559 1415 μου
3582 1345 3654 1411 τῷ
3682 1350 3773 1402 Ku-

2250 1435 2380 1502 ρίῳ,
2414 1433 2620 1487 καὶσὺ
2657 1431 2899 1502 ἀφῆκας
2952 1432 3069 1499 τὴν
3102 1433 3383 1487 ἀσέϐειαν
3420 1429 3523 1498 τῆς
3564 1429 3775 1497 καρδίας

2252 1536 2389 1588 μου.
2430 1517 2621 1579 Θέλεις
2668 1516 2907 1586 κρίνειν;
2938 1516 3008 1567 τά
3061 1515 3260 1569 σαυτοῦ
3307 1514 3483 1584 κρίνε’
3532 1511 3686 1573 οὐδείς
3709 1527 3774 1563 σοι

2260 1600 2501 1668 ἐγκαλεῖ,
2539 1598 2634 1652 ἐάν
2664 1597 3037 1669 καταδικάσῃς
3085 1596 3284 1650 σαυτόν
3310 1611 3323 1625 ·
3360 1595 3573 1663 ἐγκαλεῖ
3599 1594 3668 1654 δέ,
3702 1592 3779 1645 ἐὰν

2261 1682 2336 1752 μὴ
2390 1681 2765 1752 καταδικάσῃς
2792 1680 2986 1733 σαυτόν
3009 1696 3021 1709 ο
3057 1679 3296 1747 ἐγκαλεῖ,
3346 1679 3440 1731 ἐὰν
3491 1677 3561 1747 μὴ
3591 1674 3779 1745 ἐλέγξῃς

2260 1765 2484 1818 σαυτόν⁸
2531 1764 2753 1832 ἐγκαλεῖ
2796 1762 2863 1817 ἀν
2906 1762 3005 1816 ούκ
3039 1764 3302 1834 ἀλγήσῃς.
3348 1756 3500 1822 Εἶδες
3552 1758 3634 1811 τὸν
3663 1757 3783 1810 δεῖνα

2255 1846 2626 1917 ὀργιζόμενον,
2659 1844 3119 1915 παροξυνόμενον,
3185 1842 3338 1917 [ΞΟΙ]
3376 1843 3408 1913 ἢ
3447 1840 3569 1895 ἄλλο
3607 1857 3653 1892 τι
3681 1838 3785 1891 ἀτο-

2256 1946 2358 1982 πον
2390 1928 2681 1993 ποιοῦντας
2733 1926 2988 1997 ἐννόησον
3031 1927 3235 1988 εὐθέως
3270 1926 3364 1982 καὶ
3408 1925 3473 1977 σὺ
3503 1922 3567 1976 τά
3597 1919 3785 1979 σαυτοῦ,

2256 2012 2352 2065 καὶ
2380 2012 2553 2075 οὕτως
2605 2011 2726 2063 οὐδὲ
2770 2012 2977 2064 ἐκεῖνον
3014 2011 3402 2072 καταδικάσεις
3435 2005 3684 2076 σφοδρῶς.
3714 2003 3789 2057 καὶ

2259 2094 2455 2151 σαυτὸν
2486 2092 2875 2164 ἐλευθερώσεις
2931 2094 3027 2147 τοῦ
3067 2093 3291 2165 φορτίου
3343 2091 3453 2146 τῶν
3502 2086 3782 2159 ἡμαρτημέ-

2258 2195 2382 2231 νων.
2426 2179 2522 2230 “Av
2579 2176 2721 2233 οῦτω
2774 2175 2867 2230 τὸν
2926 2178 3133 2231 ἑαυτῶν
3185 2174 3541 2248 ρυθμίζωμεν
3596 2168 3794 2241 βίον,ἆν

2256 2259 2400 2314 οὕτω
2424 2259 2945 2331 πραγματευώμεθα
2978 2260 3135 2331 ἡμῶν
3161 2260 3261 2331 τὴν
3289 2259 3458 2326 ζωὴν,
3492 2258 3555 2310 ἂν
3572 2252 3796 2321 κατακρί-

2257 2360 2438 2413 νωμεν
2463 2343 2710 2408 ἑαυτοὺς,
2733 2343 2794 2395 ού
2817 2342 2990 2396 πολλά
3016 2340 3457 2413 ἁμαρτησόμεθα
3487 2338 3631 2403 ἴσως,
3654 2334 3795 2388 πολλά

2254 2426 2311 2479 δέ
2345 2425 2691 2496 ἐργασόμεθα
2744 2423 2904 2489 καλὰ,
2969 2427 3234 2489 ἐπιεικεῖς
3282 2424 3437 2486 ὄντες
3476 2421 3563 2475 καὶ
3596 2419 3796 2489 μέτριοι.

2256 2508 2349 2562 καὶ
2364 2506 2579 2560 πάντων
2605 2505 2985 2577 ἀπολαύσομεν
2996 2506 3107 2559 τῶν
3125 2505 3551 2575 ἐπηγγελμένων
3569 2504 3670 2563 τοῖς
3688 2501 3798 2566 ἀγα-

2256 2590 2399 2642 πῶσι
2431 2588 2523 2642 τὸν
2571 2588 2703 2641 Θεὸν
2745 2589 2965 2657 ἀγαθῶν
2991 2606 3007 2620 ·
3068 2583 3142 2643 ῶν
3172 2590 3388 2658 γένοιτο
3432 2589 3634 2649 πάντας
3673 2584 3799 2653 ἡμᾶς

2257 2673 2551 2740 ἐπιτυχεῖν,
2586 2672 2768 2742 χάριτι
2795 2673 2891 2725 καὶ
2920 2672 3310 2745 φιλανθρωπίᾳ
3329 2670 3425 2725 τοῦ
3449 2669 3646 2740 Κυρίου
3667 2669 3697 2736 ἡ
3707 2665 3802 2735 μῶν

2267 2753 2446 2822 Ἰησοῦ
2504 2754 2765 2821 Χριστοῦ,
2820 2754 2940 2824 μεθ’
2967 2750 3028 2810 οὗ
3058 2755 3140 2827 τῷ
3184 2755 3370 2827 Πατρὶ
3420 2754 3537 2824 ἅμα
3569 2751 3648 2821 τῷ
3688 2748 3807 2817 ἁγίῳ

2255 2836 2536 2907 Πνεύματι
2565 2835 2711 2902 δόξα,
2743 2839 2967 2907 κράτος,
3014 2838 3173 2908 τιμὴ,
3210 2838 3313 2893 νῦν
3368 2838 3465 2891 καὶ
3499 2836 3602 2901 ἀεὶ,
3627 2832 3715 2887 καὶ
3741 2831 3807 2891 εἰς

2254 2920 2382 2984 τοὺς
2400 2919 2603 2981 αίῶνας
2628 2917 2739 2973 τῶν
2767 2917 3000 2975 αιώνων.
3041 2921 3240 2991 ⁹Δμήν.

2048 3448 2298 3503 ΟΜΙΛΙΑ
2338 3446 2469 3501 KB'.

576 3616 778 3670 Πίστει
815 3610 1075 3678 νοοῦμεν
1104 3609 1491 3675 κατηρτίσθαι
1520 3606 1663 3678 τοὺς
1691 3605 1912 3678 αίῶνας
1926 3602 2152 3678 ῥήματι

647 3683 755 3737 τοῦ
787 3673 1070 3745 Θεοῦ.ἐίς
1100 3679 1164 3733 τὸ
1190 3673 1275 3748 μῆ
1306 3679 1372 3732 ἐκ
1408 3676 1783 3746 φαινομένων
1816 3673 1889 3748 τᾲ
1921 3674 2155 3748 βλεπτότ

642 3769 796 3825 μενα
840 3750 1165 3825 γεγονέναι.
1190 3744 1421 3825 ίίΙίστειή
1444 3750 1695 3825 πλείονα
1715 3745 1948 3825 ρρςίαν
1974 3744 2156 3796 Ἀϐελ

647 3808 807 3893 ἓτίιρὰ
836 3808 986 3876 Mirr
1014 3820 1389 3888 προσήνεγκε
1418 3814 1495 3880 τῷ
1529 3815 1671 3879 Θεῷ,
1707 3813 1781 3866 δι’
1804 3808 1879 3935 ῆς
1901 3812 2153 3879 ἐμαρτυο

648 3894 800 3935 ηοςΗαη
823 3891 973 3935 ρΐγηι
1004 3890 1255 3935 δίκαιον-
1288 3885 1729 3935 ιιαοτυοοῦντοο
1750 3884 1823 3935 ἐπ
1886 3882 2016 3935 τοῖο
2043 3879 2153 3932 δώ-

640 3879 800 3964 ρήῖὶη
822 3879 1256 3964 εἷναιῌδῖκαιοής,
1281 3879 1729 3964 μαρτορρῦνιζος
1750 3879 1860 3964 ἐπὶ.
1886 3882 2016 3964 τοῖς
2043 3879 2155 3964 δώ-

640 3952 1157 4035 ᾗιςάὑτοῦζοῦ
1207 3952 1397 4012 Θεοῦ·
1437 3954 1536 4008 καὶ
1588 3953 1662 4007 δι’
1710 3952 1903 4021 αὐτῆς
1931 3952 2156 4007 ἀποθα-

646 4027 771 4091 νὼν
796 4035 883 4088 ἐτι
914 4027 1204 4085 λαλεῖται.

647 4182 717 4228 α’.
756 4173 830 4224 Τὸ
870 4170 969 4238 τῆς
1007 4165 1244 4228 πίστεως
1280 4163 1531 4232 γενναίας
1565 4163 1660 4218 καὶ
1702 4163 1957 4233 νεανικῆς
1985 4161 2155 4215 δεῖται

574 4257 757 4330 ψυχῆς
784 4255 877 4309 καὶ⁸
907 4251 1084 4305 πάντα
1112 4247 1545 4319 ὑπερϐαινούσης
1571 4246 1639 4299 τὰ
1663 4246 1917 4330 αίσθητά,
1942 4244 2036 4298 καὶ
2059 4244 2158 4315 τὴν

577 4327 864 4395 ἀσθένειαν
895 4335 1005 4386 τῶν
1030 4329 1309 4401 λογισμῶν
1343 4330 1451 4382 τῶν
1491 4327 1851 4399 ἀνθρωπίνων
1888 4343 2159 4398 παρερχο-

581 4424 770 4495 μένης.
800 4419 876 4473 Οὐ
911 4417 1021 4487 γάρ
1050 4414 1194 4468 ἐστιν
1225 4413 1428 4484 ἑτέρως
1463 4412 1715 4480 γενέσθαι
1746 4410 1956 4495 πιστὸν,
1983 4410 2048 4463 ἀν
2079 4409 2156 4495 μή

577 4493 661 4568 τις
692 4502 885 4557 ἐαυτὸν
921 4500 1023 4569 τῆς
1058 4497 1347 4569 συνηθείας
1392 4494 1790 4565 ὑπεραναγάγῃ
1816 4493 1916 4562 τῆς
1946 4493 2170 4562 κοινῆς..

590 4590 745 4642 Ἐπεὶ
766 4581 859 4639 οὖν
888 4585 943 4637 αί
968 4582 1077 4637 τῶν
1119 4579 1387 4649 Ἐϐραίων
1422 4574 1566 4649 ἦσαν
1592 4575 2021 4646 ἐξησθενημέναι
2054 4574 2159 4641 ψυ-

577 4675 699 4745 χαὶ,
732 4674 827 4725 καὶ
862 4670 970 4724 ἀπὸ
1008 4668 1249 4725 πίστεως
1281 4666 1377 4733 μὲν
1408 4664 1634 4734 ῆρξατο.
1786 4660 1986 4745 Δδέἰτῶν
2020 4675 2160 4745 πραο

578 4742 827 4827 γμάτων,
856 4754 998 4821 λέγω
1024 4750 1089 4822 δὴ
1118 4749 1228 4803 τῶν
1267 4746 1457 4801 παθῶν
1488 4746 1582 4799 καὶ
1614 4744 1722 4798 τῶν
1752 4742 2007 4811 θλίψεων,
2037 4742 2162 4794 ὼλι-

578 4840 853 4911 γοψύχουν
917 4836 1103 4891 λοιπὸν
1156 4833 1251 4887 καὶ
1312 4828 1719 4902 ἐμικροψύχουν
1773 4827 1869 4911 καὶ
1913 4842 2161 4911 παρεσα-

577 4907 816 4988 λεύοντο,
848 4920 1065 4991 πρῶτον
1124 4917 1225 4989 μὲν
1254 4915 1450 4976 αὐτοὺς
1485 4912 1592 4965 ἀπὸ
1631 4912 1740 4967 τῶν
1771 4907 1979 4963 ἑαυτῶν
2022 4924 2163 4976 παρ-

578 5008 856 5067 εκάλεσεν,
913 5002 1102 5062 εἰπὼν,
1175 4996 1620 5067 ’.ἀναμνήσθητε
1705 4992 1812 5058 τὰς
1873 4992 2164 5060 πρότερον

578 5091 833 5157 ἡμέρας
872 5087 1063 5140 ἔπειτα
1089 5084 1196 5136 ἀπὸ
1236 5084 1333 5152 τῆς
1373 5080 1595 5150 Γραφῆς
1628 5078 1727 5147 τῆς
1771 5074 2060 5144 λεγούσης,
2101 5075 2162 5130 '0

580 5173 649 5226 δὲ
677 5172 906 5237 δίκαιος
930 5169 999 5222 ἐκ
1028 5167 1287 5230 πίστεως
1330 5163 1570 5229 ζήσεται
1591 5178 1604 5192 ο
1650 5159 1843 5213 ἔπειτα
1889 5157 1997 5213 ἀπὸ
2051 5157 2162 5210 τῶν

579 5255 881 5326 λογισμῶν,
930 5249 1121 5313 εἰπὼν,
1166 5250 1340 5302 Ἔστι
1383 5245 1451 5298 δὲ
1500 5245 1726 5307 πίστις,
1765 5238 2166 5326 ἐλπιζομένων

581 5322 946 5400 ὑπόστασις,
978 5330 1338 5403 πραγμάτων
1367 5331 1617 5397 ἐλεγχος
1647 5328 1718 5379 οὐ
1747 5322 2164 5392 βλεπομένων.

586 5424 703 5480 Νῦν
756 5423 812 5477 δὲ
872 5420 1032 5475 πάλιν
1063 5416 1172 5472 ἀπὸ
1210 5414 1319 5467 τῶν
1356 5410 1738 5483 προπατόρων,
1776 5407 1885 5460 τῶν
1920 5406 2167 5476 μεγάλων

588 5506 823 5577 ἀνδρῶν,
852 5505 960 5558 τῶν
991 5500 1319 5572 θαυμαστῶν
1352 5496 1599 5559 ἐκείνων,
1640 5493 1923 5577 μονονουχὶ
1947 5489 2129 5577 λέγων.
2150 5504 2165 5522 ·

589 5591 653 5644 Εἰ
685 5572 811 5642 ἔνθα
838 5587 988 5658 παρὰ
1018 5585 1187 5648 πόδας
1216 5582 1286 5638 τὰ
1314 5580 1515 5649 ἀγαθά,
1564 5578 1762 5637 πάντες
1813 5575 1993 5658 πίστει
2037 5572 2170 5658 ἐσώ-

590 5674 784 5743 θησαν,
817 5657 996 5743 πολλῷ
1024 5671 1225 5742 μᾶλλον
1270 5669 1455 5739 ἡμεῖς.
1487 5658 1640 5735 [202]
1704 5662 1846 5743 ιξταν
1885 5657 1996 5743 γάρ
2035 5657 2167 5743 εὕρῃ

586 5738 700 5810 τῶν
738 5753 917 5808 αὐτῶν
947 5738 1203 5808 κοινωνὸν
1252 5738 1299 5822 η
1321 5747 1491 5819 ψυχὴ,
1536 5739 1879 5822 ἀναπαύεται
1914 5738 2014 5822 καὶ,
2036 5738 2168 5791 ἀνα-

589 5839 735 5894 πνεῖ.
768 5837 938 5892 Τοῦτο
995 5839 1091 5893 καὶ
1157 5837 1249 5890 ἐπί
1277 5820 1392 5902 τῆς
1443 5829 1702 5889 πίστεως,
1741 5821 1899 5875 τοῦτο
1934 5820 2030 5873 καὶ
2073 5822 2166 5874 ἐπὶ

2257 3601 2496 3671 θλίψεως
2550 3599 2701 3653 ἔστιν
2759 3599 2888 3653 ιδεῖν
2948 3600 3256 3670 συμϐαῖνον
3292 3612 3306 3630 °
3366 3597 3553 3661 καθὼς
3620 3587 3827 3660 ἀλλαχοῦ

2257 3678 2422 3755 φησιν
2440 3700 2454 3716 ο
2497 3685 2601 3749 Είς
2630 3682 2695 3737 τὸ
2721 3680 3319 3753 συμπαρακληθῆναι
3351 3683 3424 3736 ὲν
3450 3680 3593 3749 ὑμῖν
3614 3678 3708 3731 διὰ
3740 3672 3832 3740 τῆς

2254 3768 2324 3820 ἐν
2354 3766 2649 3833 ἀλλήλοις
2671 3766 2949 3830 πίστεως.
2977 3765 3187 3835 Σφόδρα
3210 3766 3331 3836 γάρ
3355 3766 3593 3820 ἄπιστον
3615 3761 3673 3814 τὸ
3699 3758 3833 3826 γένος

2254 3850 2317 3903 τὸ
2346 3848 2708 3921 ἀνθρώπινον,
2743 3850 2837 3902 καὶ
2880 3846 3059 3917 ἐαυτῷ
3100 3849 3159 3901 ού
3195 3847 3437 3903 δύναται
3469 3846 3712 3917 θαρρεῖν,
3753 3837 3836 3891 καὶ

2254 3932 2490 3986 δέδοικεν
2525 3933 2664 4003 ὑπὲρ
2705 3924 2780 3984 ῶν
2825 3931 2891 3985 ἂν
2939 3931 3100 4002 κρίνῃ
3129 3947 3143 3961 °
3174 3932 3261 3986 ὅτι
3315 3931 3458 4003 ἔχει,
3517 3931 3614 3983 καὶ
3658 3924 3839 3990 πολλὴν

2256 4016 2369 4086 ἔχει
2397 4017 2497 4086 τῆς
2526 4014 2634 4067 τῶν
2660 4014 2872 4067 πολλῶν
2904 4012 3064 4082 δόξης
3095 4014 3391 4084 φροντίδα.
3428 4012 3496 4066 Τί
3524 4007 3618 4065 οὖν
3652 4010 3679 4061 ό
3709 4004 3837 4059 Παῦ-

2256 4099 2345 4161 λος
2368 4099 2511 4150 ποιεῖ
2538 4109 2602 4161 ας
2646 4096 2780 4151 Ἀπὸ
2805 4096 2915 4149 τῶν
2950 4097 3235 4167 προτέρων
3269 4096 3484 4159 αὐτοὺς
3533 4087 3839 4165 παρακαλεῖ.

2257 4180 2351 4233 καὶ
2375 4179 2481 4248 πρὸ
2507 4178 2734 4244 τούτων,
2761 4178 2868 4231 ἀπὸ
2894 4178 2993 4248 τῆς
3018 4179 3201 4247 κοινῆς
3226 4179 3473 4243 ἐννοίας.
3510 4174 3725 4243 Ἐπειδὴ
3752 4169 3842 4236 γὰρ

2258 4266 2290 4333 ἡ
2325 4264 2509 4325 πίστις
2553 4262 2673 4315 τότε
2704 4262 3014 4316 διεϐάλλετο
3045 4263 3121 4326 ὡς
3151 4264 3569 4317 ἀναπόδεικτον
3609 4261 3843 4331 πρᾶγμα.

2258 4348 2354 4401 καὶ
2382 4344 2601 4415 ἀπάτης
2634 4346 2832 4415 μᾶλλον
2857 4345 2937 4409 ὃν,
2968 4344 3055 4399 διὰ
3099 4345 3262 4401 τοῦτο
3302 4347 3621 4409 δείκνυσιν,
3665 4345 3743 4397 δτι
3790 4339 3846 4391 τά

2263 4431 2493 4500 μέγιστα
2515 4430 2602 4483 διά
2629 4429 2887 4494 πίστεως,
2916 4430 3012 4482 καὶ
3039 4431 3098 4482 οὐ
3123 4429 3211 4483 διὰ
3238 4430 3540 4500 λογισμῶν
3580 4422 3848 4495 κατορθοῦ·

2258 4529 2368 4565 ται.
2414 4512 2523 4565 Καὶ
2565 4511 2683 4573 πῶς
2733 4510 2893 4563 τοῦτο
2933 4511 3231 4576 δείκνυσιν,
3281 4513 3418 4567 είπέ
3480 4529 3609 4580 μοις
3670 4509 3852 4562 Πίστει

2260 4593 2535 4661 νοοῦμεν,
2568 4592 2759 4658 εἰπὼν,
2796 4594 3185 4661 κατηρτίσθαι
3215 4595 3373 4661 τοὺς
3403 4595 3635 4657 αἰῶνας
3653 4588 3851 4658 ῥήματι

2263 4675 2432 4739 Θεοῦ,
2462 4677 2550 4741 είς
2600 4678 2667 4729 τὸ
2706 4674 2793 4744 μὴ
2852 4676 2921 4729 ἐκ
2952 4676 3342 4745 φαινομένων
3384 4677 3466 4731 τὰ
3520 4674 3856 4741 ,βλεπόμενα

2261 4760 2587 4828 γεγονέναι.
2635 4758 2828 4827 Δῆλον,
2876 4761 3063 4828 φησὶν,
3095 4760 3264 4824 ἐστὶν,
3305 4760 3397 4814 ὅτι
3452 4760 3516 4826 ἐξ
3564 4760 3668 4811 οὐκ
3704 4756 3856 4808 ὄντων

2267 4842 2334 4894 τὰ
2363 4841 2492 4894 ὄντα
2518 4840 2773 4911 ἐποίησεν
2811 4843 2841 4895 ό
2869 4841 3023 4906 Θεὸς,
3057 4843 3121 4894 ἐκ
3153 4841 3266 4895 τῶν
3304 4842 3390 4913 μὴ
3425 4840 3775 4913 φαινομένων
3800 4831 3861 4888 τὰ

2268 4924 2590 4992 φαινόμενα,
2619 4924 2683 4975 ἐκ
2740 4922 2850 4977 τῶν
2900 4925 3001 4993 οὐχ
3042 4924 3387 4991 ὑφεστώτων
3438 4926 3517 4979 τά
3563 4920 3858 4994 ὑφεστῶτα.

2270 5006 2439 5060 Πόθεν
2493 5005 2550 5059 δὲ
2585 5005 2765 5075 δῆλον,
2797 5007 2878 5061 ὅτι
2911 5008 3006 5061 καὶ
3056 5008 3263 5077 ῥήματι
3298 5008 3477 5062 τοῦτο
3514 5009 3801 5076 ἐποίησενξ
3838 4999 3863 5052 δ

2272 5091 2369 5159 μὲν
2423 5090 2531 5160 γὰρ
2578 5088 2836 5159 λογισμὸς
2868 5089 3021 5144 οὐδὲν
3066 5089 3372 5145 ὑποϐάλλει
3439 5090 3715 5152 τοιοῦτον,
3744 5083 3867 5139 ἀλλὰ

2269 5175 2363 5228 καὶ
2390 5174 2696 5227 τούναντίον
2723 5174 2787 5226 ὲκ
2823 5172 2927 5225 τῶν
2956 5173 3303 5243 φαινομένων
3333 5175 3412 5229 τὰ
3449 5175 3531 5245 μὴ
3578 5170 3867 5243 φαινόμενα

2267 5253 2426 5310 εἶναι.
2457 5258 2554 5309 Διά
2597 5255 2756 5309 τοῦτο
2804 5256 3041 5326 μάλιστα
3068 5258 3117 5310 οἱ
3157 5255 3462 5324 φιλόσοφοι
3510 5256 3674 5310 οὐδέν
3722 5264 3871 5320 φασιν

2266 5341 2323 5406 ἐξ
2352 5340 2450 5395 οὐκ
2480 5339 2648 5392 ὄντων
2680 5335 2837 5397 εἶναι.
2870 5337 3090 5409 ψυχικοί.
3132 5338 3309 5402 ὅντες,
3357 5341 3462 5392 καὶ
3493 5338 3661 5392 οὐδὲν
3695 5337 3760 5405 τῇ
3790 5331 3869 5383 πί-

2269 5440 2383 5475 στει
2423 5422 2814 5493 ἐπιτρέποντες
2838 5439 2851 5451 ·
2896 5421 3208 5475 ἁλίσκονται
3251 5419 3310 5473 δὲ
3351 5424 3458 5477 καὶ
3514 5421 3680 5476 αὐτοὶ
3710 5418 3869 5488 ὅμως.

2268 5507 2393 5558 ὅταν
2448 5504 2591 5574 μέγα
2639 5521 2691 5557 τι
2729 5505 2824 5558 καὶ
2852 5506 3098 5571 γενναῖον
3128 5504 3359 5566 εῖπωσι,
3395 5508 3469 5575 τῇ
3524 5504 3713 5557 πίστει
3755 5495 3873 5552 αὐτὸ

2268 5586 2655 5657 ἐπιτρέποντες
2682 5604 2697 5619 ο
2748 5581 2881 5652 οἷον,
2930 5586 3177 5655 λέγουσιν
3218 5586 3304 5638 ὃτι
3366 5588 3400 5639 ὁ
3454 5586 3599 5650 Θεὸς
3651 5576 3873 5653 ἀναρχός

2274 5763 2443 5876 Comm
2468 5762 2551 5814 οὖν
2571 5764 2596 5813 ὁ
2616 5760 2806 5818 Παῦλος
2827 5762 2968 5811 ποιεῖ.
2993 5760 3097 5813 Hoc
3117 5766 3196 5813 est
3227 5759 3561 5824 principium
3587 5755 3807 5810 homlia
3833 5750 3879 5801 ίι
