4002 6426
288 248 397 305 155

280 344 490 397 ceudus
519 343 571 399 in
610 343 905 415 gehennam
937 362 949 396 :
979 343 1079 399 hoc
1124 361 1221 401 nos
1275 348 1509 417 implicat
1548 362 1603 408 et
1655 353 1875 409 involvit

282 438 447 489 malis
508 433 1004 490 innumerabilibus.
1085 436 1150 490 Et
1197 447 1251 490 ut
1310 442 1610 498 accuratius
1657 443 1870 510 discas,

281 527 415 579 audi
440 523 763 593 Prophetam
810 525 1109 591 dicentem,
1141 528 1335 583 Sedens
1376 535 1615 588 adversus
1659 537 1871 607 fratrem

280 628 430 671 tuum
467 616 750 686 loquebaris
790 615 961 685 (Psal.
992 618 1075 672 t9.
1108 618 1222 689 20).
1253 623 1322 675 At
1348 635 1452 677 non
1476 638 1576 693 ego
1599 664 1614 688 ,
1661 626 1868 697 inquit,

276 712 383 766 sed
426 712 534 765 ille.
567 710 677 764 lmo
717 726 846 765 vero
876 720 931 765 tu
966 729 978 766 :
1010 714 1053 767 si
1088 724 1143 768 tu
1168 715 1311 769 enim
1342 731 1447 771 non
1475 718 1705 775 dixisses
1728 762 1744 787 ,
1779 721 1870 778 ille

276 819 393 857 non
418 802 711 856 audivisset
740 819 752 855 :
786 802 927 871 quod
955 802 999 857 si
1027 804 1191 859 etiam
1214 815 1327 861 erat
1354 808 1657 875 auditurus,
1690 812 1785 867 sed
1814 822 1867 870 tu

274 913 391 950 non
424 895 619 950 fuisses
640 904 824 949 auctor
851 897 1071 964 peccati.
1090 896 1222 951 Cum
1248 910 1488 969 oporteat
1517 904 1744 971 proximi
1773 905 1866 962 de-

272 989 408 1042 licta
438 987 615 1042 velare
643 995 696 1042 et
725 995 906 1057 tegere
933 1028 948 1051 ,
982 996 1037 1041 tu
1065 997 1327 1056 praetextu
1362 992 1645 1059 probitatis
1672 1011 1732 1049 ea
1760 1006 1866 1051 tra-

269 1079 473 1136 ducis?
512 1077 628 1133 Non
675 1093 734 1132 es
768 1086 1087 1143 accusator,
1134 1079 1226 1133 sed
1261 1092 1491 1151 nugator
1516 1126 1530 1149 ,
1586 1086 1785 1141 delirus
1812 1098 1867 1145 et

279 1172 503 1225 stultus.
536 1168 581 1224 Ο
606 1168 820 1223 solertia
846 1168 860 1221 l
896 1169 1120 1237 teipsum
1152 1186 1272 1223 cum
1304 1170 1391 1224 illo
1418 1174 1620 1242 pudore
1648 1176 1818 1231 allieis
1843 1220 1858 1246 ,

269 1272 331 1319 et
379 1278 483 1316 non
520 1259 723 1315 sentis?
768 1257 897 1313 Vide
925 1268 1101 1313 autem
1149 1272 1276 1330 quot
1306 1263 1440 1317 mala
1482 1263 1606 1319 hinc
1633 1281 1862 1322 nascan-

270 1364 366 1409 tur
400 1372 414 1408 :
446 1354 609 1407 Deum
641 1349 840 1412 irritas,
873 1350 1177 1419 proximum
1203 1352 1386 1408 dolore
1411 1354 1601 1423 afticis,
1652 1368 1703 1413 te
1728 1373 1859 1431 sup-

271 1446 437 1517 plicio
464 1444 751 1499 obnoxiqu
782 1441 981 1496 reddis.
1009 1442 1123 1496 Non
1152 1444 1305 1499 audis
1338 1446 1558 1503 Paulum
1586 1449 1857 1508 dicentem

264 1540 341 1594 de
391 1537 562 1592 viduis
601 1534 915 1589 mulieribus
964 1550 978 1588 :
1033 1533 1152 1591 Non
1205 1538 1371 1592 solum
1411 1550 1581 1595 autem
1635 1546 1853 1614 otiosas,

264 1629 483 1699 inquit,
532 1628 770 1689 discunt,
817 1626 906 1680 sed
934 1636 981 1680 et
1020 1629 1305 1698 nugatrices
1345 1640 1394 1685 et
1436 1634 1655 1689 curiose
1680 1679 1697 1706 ,
1746 1638 1853 1693 cir-

272 1728 571 1772 cumeuntes
597 1715 791 1780 domos,
817 1724 864 1769 et
906 1716 1159 1786 loquentes
1184 1734 1296 1788 qua:
1320 1735 1420 1775 non
1448 1723 1586 1777 decet
1611 1727 1689 1796 (1.
1721 1726 1851 1784 Tim.

269 1801 329 1891 Ii.
364 1802 434 1857 15
458 1805 499 1873 ),
540 1803 898 1873 Quamobrem
928 1809 1090 1865 etiam
1116 1853 1130 1878 ,
1173 1814 1389 1884 quando
1418 1816 1713 1875 credideris
1741 1837 1860 1891 quas

266 1890 531 1949 dicuntur
557 1894 815 1953 adversus
863 1899 1085 1958 fratrem
1113 1945 1128 1969 ,
1168 1921 1236 1961 ne
1265 1905 1345 1964 sic
1389 1909 1605 1979 quidem
1651 1923 1864 1987 oportet

268 1984 496 2052 dicere,
553 1990 750 2045 nedum
797 1993 845 2048 si
889 2004 997 2049 non
1031 1996 1242 2061 credas.
1284 2001 1353 2054 At
1400 2003 1545 2075 quod
1597 1984 1744 2061 tuum
1776 2017 1858 2063 est

272 2089 488 2149 semper
513 2090 758 2150 spectas,
791 2085 988 2141 timens
1012 2101 1080 2143 ne
1109 2094 1164 2145 te
1194 2089 1334 2146 Deus
1363 2093 1677 2151 examinet!
1707 2097 1860 2154 Time

270 2182 410 2238 ergo
453 2186 517 2227 ne
555 2172 625 2229 de
673 2177 779 2230 tuis
829 2179 985 2249 nugis
1032 2182 1380 2239 examiueris.
1424 2186 1521 2241 IIic
1566 2190 1708 2244 enim
1751 2207 1860 2250 non

266 2267 429 2328 potes
476 2262 693 2334 dicere,
742 2266 820 2323 Ne
866 2285 952 2326 me
1002 2271 1145 2329 Deus
1192 2276 1461 2332 examinet
1508 2294 1603 2349 pro
1650 2286 1850 2354 nugis:

259 2351 430 2420 plane
445 2356 586 2409 enim
618 2372 703 2412 res
732 2358 845 2428 ipsa
871 2371 949 2417 est
973 2376 1146 2435 nugae.
1168 2364 1276 2421 Cur
1299 2381 1390 2423 eas
1414 2371 1691 2428 traduxisti
1715 2351 1860 2432 ἱρω-

257 2445 473 2500 malum
516 2449 898 2519 ampliﬁcasti?
944 2454 1046 2511 hoc
1087 2473 1186 2512 nos
1214 2468 1390 2528 potest
1428 2462 1680 2531 perdere.
1714 2465 1848 2521 I’ro-

258 2550 456 2605 pterea
508 2539 719 2596 dicebat
777 2543 1020 2601 Christus
1052 2589 1066 2615 ,
1118 2547 1292 2605 Nolite
1329 2552 1601 2623 judicare,
1651 2567 1706 2611 ut
1754 2574 1856 2614 non

241 2627 585 2697 jndicemini.
627 2631 731 2687 Sed
786 2624 817 2687 ha
851 2637 1005 2691 nobis
1052 2638 1191 2695 nulla
1230 2641 1347 2714 ejus
1383 2643 1611 2703 habetur
1677 2651 1852 2719 ratio,

255 2734 369 2772 nec
417 2737 536 2789 quae
580 2722 852 2779 Pharisaao
882 2728 1228 2795 acciderunt,
1280 2751 1378 2789 nos
1421 2739 1701 2809 castigant,
1754 2756 1855 2796 nec

253 2811 543 2869 modestos
597 2817 831 2874 reddunt
876 2836 939 2876 ac
995 2823 1323 2882 moderatos.
1372 2827 1464 2886 Ille
1507 2847 1620 2886 rem
1672 2849 1851 2890 veram

251 2904 514 2975 dicebat,
561 2906 682 2964 Non
712 2928 823 2967 sum
867 2914 994 2968 sicut
1036 2916 1130 2971 iste
1179 2919 1499 2989 publicanus,
1546 2932 1600 2978 et
1642 2923 1854 2981 diccbat

252 2999 414 3054 nullo
463 3000 749 3071 audiente,
821 3014 876 3060 et
927 3006 1023 3062 fuit
1072 3011 1475 3069 condemnatus.
1529 3014 1582 3071 Si
1623 3019 1712 3088 qui
1756 3034 1852 3076 ve-

252 3107 381 3145 rum
429 3092 592 3159 dixit,
655 3094 748 3151 fuit
784 3097 1201 3164 condemnatus.
1252 3113 1307 3158 et
1355 3104 1492 3165 dixit
1533 3102 1680 3163 nullo
1746 3126 1843 3167 au-

250 3188 1781 3210 M—

1598 3259 1881 3321 HOMILI

260 3380 400 3435 Car.
450 3378 536 3432 11.
585 3393 636 3431 v.
683 3377 736 3432 5.
788 3372 918 3429 Fide
961 3372 1292 3444 intelligimus
1330 3378 1508 3444 aptata
1538 3386 1643 3425 esse
1672 3369 1862 3424 sazrula

342 3472 494 3526 verbo
521 3469 633 3537 Dei,
659 3478 795 3523 utea:
818 3465 1147 3521 inuisibilibus
1166 3464 1382 3519 visibilia
1406 3464 1619 3533 ﬁerent.
1644 3462 1697 3516 4.
1728 3459 1860 3515 Fide

343 3561 622 3631 plurimam
651 3558 867 3613 hostium
896 3558 1020 3612 Abel
1046 3573 1199 3627 quam
1228 3554 1357 3612 Cain
1383 3554 1561 3610 obtulit
1594 3553 1700 3607 Deo
1726 3594 1740 3618 ,
1774 3568 1865 3623 per

346 3669 505 3723 quam
538 3650 884 3705 testimonium
934 3658 1271 3718 consequutus
1296 3657 1367 3700 est
1398 3662 1503 3701 esse
1533 3646 1703 3715 justus
1725 3685 1740 3709 ,
1791 3651 1865 3696 te-

346 3746 643 3801 stimonium
677 3743 969 3816 per/libente
1017 3740 1306 3795 muneribus
1337 3742 1449 3811 ejus
1493 3738 1600 3795 Deo
1636 3753 1654 3791 :
1684 3745 1729 3791 et
1772 3750 1862 3807 per

345 3836 496 3890 illam
526 3839 792 3904 defunctus
821 3832 989 3886 adhuc
1018 3832 1259 3899 loquitur.

342 3931 398 3985 1.
432 3929 506 3999 (η)
541 3926 696 3982 Fides
718 3941 975 3996 generosa
998 3934 1051 3980 et
1071 3924 1299 3994 juvenili
1321 3938 1455 3994 Opus
1474 3921 1629 3979 habet
1654 3922 1858 3988 anima,

256 4036 315 4081 et
370 4039 491 4094 qua:
557 4020 733 4075 omnia
779 4026 1065 4088 exsuperet
1111 4015 1322 4070 sensilia
1349 4057 1364 4079 ,
1409 4022 1463 4071 et
1510 4014 1859 4068 humanarum

256 4117 535 4173 rationum
598 4118 932 4184 pertranseat
995 4108 1430 4165 imbecillitatem.
1520 4106 1659 4161 Fieri
1713 4106 1857 4161 enim

258 4225 372 4264 non
415 4217 589 4278 potest
632 4215 688 4261 ut
729 4204 884 4260 aliter
912 4202 982 4260 sit
1019 4202 1214 4269 fidelis,
1257 4200 1358 4255 nisi
1386 4200 1473 4269 qui
1505 4214 1564 4255 se
1608 4197 1858 4253 extulerit

256 4316 428 4372 supra
467 4314 679 4355 omnem
733 4311 1073 4354 communem
1104 4294 1563 4351 consuetudinem.
1594 4292 1854 4361 Quoniam

254 4410 393 4466 ergo
441 4399 722 4448 evaserant
759 4391 1039 4447 imbecillas
1070 4389 1411 4467 Hebraeorum
1432 4387 1642 4453 animae,
1666 4395 1719 4443 et
1740 4401 1854 4442 coe-

261 4495 460 4557 perant
493 4484 704 4554 quidem
746 4482 918 4549 alide,
953 4498 982 4536 a
1015 4482 1241 4553 negotiis
1295 4490 1493 4547 autem,
1546 4479 1615 4535 ab
1667 4479 1852 4546 animi,

261 4578 508 4646 inquam,
539 4575 1024 4651 perturbationibus
1045 4584 1095 4629 et
1122 4573 1496 4628 afﬂictionibus
1512 4572 1683 4628 eli‘ecti
1701 4581 1856 4629 erant

259 4669 443 4740 pusilli
484 4678 538 4723 et
595 4668 783 4737 abjecti
849 4666 1036 4732 animi,
1085 4675 1140 4721 et
1188 4666 1561 4733 labascebant,
1621 4668 1850 4736 primum

256 4762 480 4831 quidem
524 4775 618 4815 eos
646 4759 714 4815 ab
748 4758 878 4830 ipsis
907 4758 1213 4814 consolatus
1240 4767 1320 4812 est
1345 4767 1393 4814 et
1430 4758 1768 4826 exhortatus,
1796 4759 1867 4816 di~

258 4866 395 4908 cens
418 4893 436 4919 ,
470 4849 894 4905 Rementoramini
920 4852 1163 4922 pristinos
1193 4854 1299 4909 dies
1330 4871 1348 4909 :
1378 4854 1574 4913 deinde
1602 4873 1632 4913 a
1663 4859 1849 4930 Scrip-

262 4955 410 5009 tura,
443 4959 561 5013 quae
587 4943 754 5009 dicit,
786 4942 967 4997 Justus
1012 4953 1180 4998 autem
1208 4961 1272 4999 ea:
1301 4946 1404 5014 ﬁde
1442 4948 1571 5003 uiuet
1601 4950 1617 5018 (
1649 4948 1845 5006 ﬂabat.

258 5037 313 5091 2.
352 5036 408 5090 4.
438 5039 457 5102 )
490 5052 501 5088 :
534 5033 728 5090 deinde
747 5050 814 5088 ex
842 5033 1137 5090 rationibus
1160 5035 1367 5102 dicens,
1394 5036 1490 5093 Est
1517 5047 1684 5094 autem
1713 5041 1843 5110 ﬁdes

254 5143 432 5182 rerum
460 5141 574 5195 quis
617 5133 887 5195 sperantur
915 5126 1199 5181 substantia
1222 5169 1237 5193 ,
1285 5140 1645 5201 argumentum
1674 5148 1844 5186 rerum

259 5235 380 5291 qua:
406 5215 509 5271 non
538 5218 786 5272 videntur.
826 5216 976 5274 Nunc
1002 5227 1178 5274 autem
1209 5235 1398 5277 rursus
1434 5238 1462 5275 a
1513 5223 1808 5292 majoribus
1832 5266 1846 5291 ,

264 5311 479 5381 magnis
503 5309 611 5365 illis
637 5309 764 5364 viris
793 5318 847 5365 et
876 5308 1277 5388 admirabilibus
1300 5354 1317 5379 ,
1347 5314 1735 5385 propemodum
1764 5315 1851 5370 di-

262 5419 401 5462 cens
431 5422 443 5457 :
480 5404 537 5459 Si
580 5406 670 5460 ubi
700 5421 808 5475 prae
839 5406 1061 5476 pedibus
1104 5416 1229 5461 sunt
1272 5407 1409 5461 bona
1434 5449 1452 5476 ,
1488 5422 1676 5466 omnes
1719 5410 1847 5464 salvi

256 5499 489 5553 fuerunt
520 5497 641 5563 tide,
688 5500 855 5554 multo
883 5500 1050 5570 magis
1073 5516 1189 5553 nos.
1224 5498 1445 5568 Quando
1472 5502 1614 5561 enim
1642 5519 1848 5560 carum-

312 5634 394 5695 (a)
422 5632 614 5683 Initium
640 5645 723 5693 pro
749 5645 883 5681 more
908 5632 1143 5681 omittitur
1167 5645 1192 5679 a
1220 5629 1356 5680 Coll).

1144 237 1208 295 lN
1246 237 1457 297 EPIST.
1498 240 1590 296 AD
1628 240 1987 299 HEBR.~EOS.
2029 245 2180 300 CAI’.
2223 248 2309 303 XI.
2354 250 2579 309 iIOMIL.
2624 254 2787 315 XXII.

3466 282 3568 337 154

1971 360 2154 417 diente
2201 380 2215 416 :
2258 365 2345 432 qui
2392 364 2521 421 falsa
2565 378 2618 424 et
2647 369 2715 426 de
2740 371 2932 443 quibus
2973 388 3078 428 non
3128 385 3254 432 sunt
3293 382 3464 447 certi,
3500 387 3552 439 in

1970 466 2157 507 omnes
2186 462 2362 522 partes
2395 460 2762 517 transmittunt
2785 504 2801 529 ,
2834 464 2975 519 sicut
3007 470 3321 536 nugatrices‘
3347 484 3394 526 et
3431 488 3555 527 ver-

1972 541 2116 597 bosaa
2141 544 2394 600 mulieres
2418 588 2434 612 ,
2477 549 2606 617 quid
2638 565 2743 605 non
2774 554 2898 609 mali
2932 558 3248 625 patientur?
3293 562 3418 631 quid
3450 578 3553 618 nou

1969 634 2309 689 sustinebunt
2335 636 2359 689 τ
2385 637 2477 691 Ori
2504 650 2692 695 nostro
2717 642 2972 715 deinceps
2998 649 3193 704 ostium
3219 650 3555 722 imponamus

1969 733 2023 779 et
2053 736 2255 780 vectem
2287 744 2301 780 :
2332 742 2396 782 ex
2429 730 2596 800 nugis
2628 735 2772 787 enim
2806 749 3102 794 nascuntur
3128 742 3264 795 mala
3305 743 3553 800 innume-
3626 766 3629 767 '

1970 816 2156 869 rabilia
2192 833 2205 870 :
2234 827 2550 873 evertuntur
2578 821 2769 876 domus
2794 865 2807 887 ,
2841 825 3247 899 disrumpuntur
3268 835 3512 891 amicitia:
3534 880 3552 904 ,

1967 916 2022 961 et
2051 907 2332 962 innumera
2365 910 2466 964 alia
2502 912 2643 966 mala
2673 913 2938 971 oriuntur.
2989 919 3063 974 Ile
3105 924 3262 977 rebus
3292 929 3548 995 proximi,

1967 1016 2000 1054 o
2031 1000 2211 1063 homo,
2243 1016 2311 1055 ne
2347 1004 2423 1055 sis
2454 1003 2719 1058 curiosus.
2754 1006 2824 1058 At
2849 1022 2908 1061 es
2944 1008 3161 1079 loquax,
3195 1023 3248 1068 et
3277 1015 3377 1071 huc
3406 1019 3553 1073 labo-

1966 1108 2051 1147 ras
2080 1092 2251 1147 vitio?
2298 1103 2383 1147 tua
2425 1093 2493 1149 ad
2535 1095 2698 1150 Deum
2742 1096 2963 1168 loquere
2996 1118 3009 1155 :
3041 1102 3117 1156 sic
3148 1121 3252 1158 non
3297 1109 3397 1161 erit
3435 1129 3551 1164 ani-

1964 1185 2104 1255 plius
2135 1185 2320 1239 vitium
2352 1200 2451 1241 nec
2479 1185 2894 1256 detrimentum,
2921 1191 3016 1246 sed
3049 1197 3417 1253 commodum.
3454 1202 3549 1258 Dic

1965 1285 2050 1331 tua
2074 1275 2281 1341 amicis,
2309 1277 2559 1348 etjustis,
2588 1286 2641 1333 et
2659 1280 2851 1349 quibus
2897 1283 3138 1345 conlidis,
3189 1296 3245 1341 ut
3272 1301 3426 1345 orent
3451 1306 3549 1362 pro

1963 1368 2067 1422 tuis
2097 1368 2349 1436 peccatis.
2377 1368 2433 1423 Si
2462 1383 2580 1439 quae
2613 1380 2737 1425 sunt
2772 1370 2995 1433 aliorum
3023 1373 3243 1445 dixeris,
3291 1382 3419 1436 nilul
3456 1385 3551 1440 tibi

1968 1460 2187 1530 prodest
2201 1475 2377 1529 neque
2401 1461 2644 1529 lucraris,
2660 1463 2753 1518 sed
2779 1464 2938 1520 etiam
2957 1467 3098 1537 peris
3116 1483 3133 1524 :
3151 1468 3197 1526 si
3220 1478 3307 1527 tua
3325 1472 3550 1531 Domino

1970 1544 2375 1609 enuntiaveris,
2424 1546 2644 1600 multam
2684 1548 2847 1605 babes
2885 1552 3185 1609 mercedem
3209 1572 3221 1607 :
3244 1554 3370 1611 Dixi
3390 1559 3556 1626 enim,

1968 1634 2162 1707 Inquit,
2188 1638 2521 1706 pronuntiabo
2538 1639 2800 1694 adversum
2821 1657 2899 1695 me
2918 1642 3230 1712 iniquitatem
3254 1663 3416 1702 meam
3447 1648 3558 1704 Do-

1964 1730 2121 1794 mino,
2140 1738 2183 1782 et
2201 1738 2253 1782 tu
2269 1730 2502 1784 remisisti
2518 1731 2824 1801 impietatem
2860 1735 3027 1789 cordis
3056 1737 3152 1790 mei
3159 1737 3268 1793 .Vis
3280 1739 3518 1808 judicare
3529 1743 3555 1796 Υ

1974 1827 2064 1873 tua
2089 1820 2266 1889 judica
2293 1839 2308 1876 :
2336 1837 2495 1877 nemo
2526 1833 2575 1877 te
2600 1834 2830 1889 accusat,
2883 1826 2926 1880 si
2951 1828 3173 1897 teipsum
3196 1830 3552 1900 condemnes;

1963 1921 2397 1983 accusatautem,
2420 1916 2463 1970 si
2488 1925 2538 1971 te
2556 1933 2660 1971 non
2699 1918 2940 1988 judiees;
2987 1929 3220 1991 accusat,
3251 1925 3294 1976 si
3327 1924 3551 1993 teipsum

1970 2019 2078 2058 non
2115 2019 2323 2074 arguas;
2353 2018 2586 2075 accusat,
2617 2010 2661 2063 si
2691 2025 2795 2065 non
2824 2010 3025 2067 doleas.
3052 2012 3211 2069 Vides
3247 2017 3549 2088 quempiam

1965 2094 2146 2163 irasci,
2172 2097 2387 2168 irritari,
2416 2110 2506 2153 aut
2530 2100 2726 2170 aliquid
2764 2102 2905 2157 aliud
2952 2102 3128 2160 facere
3174 2120 3337 2176 grave
3361 2118 3413 2161 et
3463 2109 3545 2162 in-

1965 2184 2220 2256 dignum?
2240 2188 2415 2242 statim
2442 2197 2495 2244 tu
2516 2192 2685 2261 cogita
2706 2207 2823 2263 qua:
2841 2203 2963 2248 sunt
2982 2205 3086 2260 tua;
3111 2205 3164 2251 et
3186 2197 3253 2250 ita
3279 2212 3379 2251 nec
3397 2198 3541 2252 illum

1972 2275 2128 2332 valde
2148 2278 2529 2335 condemnabis
2548 2323 2561 2344 ,
2588 2289 2685 2336 eta
2714 2291 3050 2351 peccatorum
3079 2300 3243 2341 onere
3268 2296 3318 2340 te
3348 2286 3542 2342 libera-

1969 2369 2072 2425 bis.
2118 2370 2173 2427 Sl
2199 2371 2277 2427 sic
2307 2372 2468 2428 vitam
2510 2385 2746 2433 nostram
2776 2392 3165 2450 componamus
3194 2428 3209 2456 ,
3250 2389 3296 2445 si
3324 2405 3441 2445 eam
3473 2393 3554 2448 sic

1967 2475 2353 2530 exerceamus,
2399 2465 2443 2520 si
2472 2466 2719 2538 nosipsos
2764 2472 3207 2548 condemnemus,
3252 2496 3356 2534 non
3384 2484 3548 2538 multa

1968 2550 2105 2607 forte
2125 2563 2341 2622 peccata
2371 2555 2736 2627 admittemus,
2761 2562 2927 2619 multa
2956 2574 3135 2622 autem
3160 2567 3300 2627 bona
3327 2582 3380 2627 et
3413 2589 3549 2643 pra:-

1965 2644 2107 2699 clara
2140 2642 2417 2712 faciemus,
2441 2649 2484 2702 si
2518 2650 2673 2705 mites
2694 2653 2859 2708 simus
2883 2664 2936 2709 et
2959 2656 3209 2728 modesti,
3232 2669 3286 2716 et
3313 2642 3549 2719 fruemur

1963 2735 2209 2791 omnibus
2252 2753 2372 2809 quae.
2400 2749 2527 2794 sunt
2558 2744 2819 2812 promissa
2848 2747 2914 2802 iis
2942 2748 3033 2819 qui
3068 2750 3232 2807 Deum
3263 2753 3530 2825 diligunt:

1962 2844 2080 2897 qua:
2109 2828 2267 2885 detur
2294 2831 2450 2886 nobis
2474 2833 2727 2890 omnibus
2752 2840 3008 2909 consequi
3036 2881 3054 2909 ,
3101 2844 3269 2912 gratia
3299 2854 3353 2901 et
3392 2847 3545 2901 benio

1958 2919 2158 2988 guitate
2202 2919 2412 2977 Domini
2444 2925 2615 2979 nostri
2644 2925 2769 2981 Jesu
2811 2927 3051 2997 Christi,
3098 2947 3219 2988 cum
3250 2950 3357 3005 quo
3390 2935 3537 2992 Patri

1963 3027 2067 3064 una
2100 3028 2220 3067 cum
2252 3024 2440 3070 sancto
2471 3016 2669 3086 Spiritu
2701 3020 2768 3073 sit
2792 3021 2981 3090 gloria,
3012 3023 3317 3094 imperium,
3348 3027 3534 3096 honor,

1961 3118 2098 3157 nunc
2128 3113 2181 3157 et
2210 3118 2441 3171 semper,
2473 3115 2525 3160 et
2558 3107 2608 3159 lu
2641 3109 2838 3162 saecula
2868 3112 3212 3169 saeculorum.
3248 3118 3441 3172 Amen.

1888 3264 1937 3322 A
1982 3265 2191 3326 XXII.

1970 3369 2094 3425 dem
2144 3370 2547 3441 perpessionum
2598 3373 2803 3429 socium
2877 3374 3137 3431 invenerit
3203 3376 3378 3431 anima
3402 3419 3419 3447 ,
3471 3394 3555 3434 re-

1975 3462 2201 3533 quiescit
2248 3471 2304 3517 et
2350 3465 2596 3534 respirat.
2647 3465 2758 3521 Hoc
2787 3475 2843 3522 et
2890 3468 2946 3522 in
2972 3466 3079 3524 ﬁde
3106 3468 3237 3525 etin
3267 3468 3555 3527 afﬂictione

1970 3552 2095 3609 licet
2143 3553 2364 3610 videre:
2398 3554 2463 3610 Ut
2524 3558 2626 3623 sit,
2672 3558 2873 3629 inquit,
2928 3560 3066 3615 vobis
3120 3559 3397 3616 consolatio
3466 3579 3555 3632 per

1967 3660 2079 3699 eam
2102 3661 2215 3715 qua:
2241 3653 2311 3701 est
2339 3646 2467 3700 inter
2494 3661 2580 3702 vos
2606 3648 2814 3703 inuicem
2862 3650 3014 3718 ﬁdem
3064 3649 3084 3723 (
3108 3650 3257 3705 Rom.
3306 3653 3359 3707 1.
3417 3653 3484 3707 12
3504 3653 3547 3725 ).

1963 3736 2061 3792 Est
2134 3737 2276 3793 enim
2350 3738 2632 3794 admodum
2704 3740 2915 3796 infidele
2987 3757 3156 3813 genus
3223 3742 3550 3810 humanum,

1962 3841 2015 3885 et
2039 3830 2141 3885 sibi
2187 3844 2292 3885 non
2327 3839 2498 3901 potest
2548 3832 2851 3899 conlidere,
2899 3843 2955 3889 et
3006 3834 3157 3890 timet
3205 3851 3302 3905 pro
3329 3837 3392 3891 iis
3433 3853 3553 3907 quas

1959 3921 2180 3991 judicat,
2223 3924 2471 3992 quoniam
2521 3933 2604 3979 est
2652 3939 2841 3994 magna
2884 3926 2933 3980 ei
2974 3940 3101 3980 cura
3146 3926 3216 3981 de
3263 3929 3551 3985 multorum

1963 4012 2235 4082 Opinione.
2266 4007 2408 4075 Quid
2453 4029 2581 4084 ergo
2627 4013 2821 4071 Paulus
2870 4014 2969 4085 (a)l
3021 4014 3129 4068 Eos
3162 4018 3466 4071 consolatur
3500 4029 3553 4074 et

1959 4103 2312 4157 exhortatura
2330 4096 2588 4169 patribus,
2606 4110 2659 4151 et
2682 4104 2837 4151 antea
2848 4095 2917 4150 ab
2928 4099 2997 4151 tis
3015 4109 3135 4167 qua
3160 4104 3288 4151 sunt
3309 4094 3363 4149 in
3391 4108 3540 4147 com-

1962 4193 2110 4250 muni
2136 4191 2369 4248 notione.
2397 4189 2530 4245 Nam
2565 4189 2816 4260 quoniam
2848 4188 2980 4243 fides
3006 4187 3497 4259 reprehendebatur
3518 4227 3537 4253 ,

1964 4294 2230 4355 tamquam
2254 4298 2341 4338 res
2364 4296 2483 4353 qum
2508 4280 2721 4352 probari
2745 4289 2797 4335 et
2823 4278 3183 4336 demonstrari
3201 4293 3305 4334 non
3348 4276 3538 4348 possit,

1964 4386 2020 4430 et
2046 4390 2165 4445 qum
2190 4374 2258 4429 sit
2285 4374 2460 4443 potius
2513 4371 2717 4426 fallacia
2741 4412 2757 4438 ,
2805 4380 3085 4441 propterea
3133 4371 3368 4427 ostendit
3399 4370 3541 4439 quod

1961 4480 2051 4520 res
2093 4465 2339 4519 maximas
2383 4479 2478 4534 per
2524 4463 2680 4518 fidem
2727 4471 2872 4518 recte
2929 4461 3063 4517 fiunt
3091 4503 3106 4528 ,
3158 4476 3266 4517 non
3316 4476 3411 4531 per
3456 4476 3543 4515 ra-

1962 4558 2350 4614 tiocinationes.
2379 4555 2447 4612 Et
2469 4555 2748 4627 quomodo
2775 4556 2875 4610 hoc
2900 4555 3151 4621 ostendit,
3183 4553 3267 4609 die
3314 4555 3542 4624 quaso?

1963 4649 2092 4705 Fide
2118 4649 2444 4720 intelligimus
2468 4689 2484 4713 ,
2518 4649 2729 4717 inquit,
2765 4654 2938 4717 aptata
2962 4687 2976 4709 ,
3015 4663 3119 4700 esse
3162 4647 3354 4701 secula
3396 4647 3543 4699 verba

1963 4740 2095 4807 Dei,
2153 4750 2209 4795 ut
2270 4756 2333 4795 ea:
2373 4739 2702 4793 inuisibilibus
2745 4737 2961 4792 sisibilia
3006 4736 3202 4805 ﬁerent.
3262 4736 3541 4805 Liquidum

1957 4843 2083 4897 est,
2125 4833 2312 4904 inquit,
2350 4831 2490 4902 quod
2537 4847 2603 4887 ex
2653 4831 2718 4886 iis
2756 4846 2874 4900 quas
2916 4845 3019 4883 non
3061 4838 3186 4883 sunt
3230 4828 3368 4882 Deus
3420 4826 3543 4883 fecit

1961 4942 2021 4979 ea
2041 4941 2158 4995 qua:
2179 4932 2337 4989 sunt;
2360 4940 2425 4979 ex
2452 4924 2516 4978 iis
2549 4938 2666 4993 qua:
2682 4938 2789 4977 non
2820 4931 3112 4991 apparent,
3144 4934 3205 4975 ea
3231 4935 3350 4990 quae
3375 4933 3541 4988 appa-

1962 5026 2109 5082 rent;
2144 5032 2209 5073 ex
2243 5016 2306 5072 iis
2336 5031 2455 5086 qua:
2495 5030 2601 5069 non
2642 5013 2938 5070 consistunt
2973 5028 3034 5068 ea
3067 5027 3185 5083 quas
3219 5011 3537 5067 consistunt.

1964 5109 2237 5163 Undenam
2264 5123 2393 5164 vero
2444 5107 2610 5177 liquet
2637 5106 2777 5177 quod
2810 5105 2912 5161 hoc
2947 5105 3111 5160 verbo
3145 5102 3369 5159 fecerit?
3419 5117 3541 5156 nam

1961 5202 2097 5255 ratio
2167 5200 2381 5272 quidem
2430 5200 2559 5254 nihil
2612 5200 2717 5256 tale
2759 5200 3012 5270 suggerit,
3059 5196 3155 5253 sed
3199 5196 3361 5252 etiam
3414 5209 3543 5250 con-

1962 5294 2180 5349 trarium
2209 5293 2352 5365 quod
2383 5309 2449 5349 ex
2475 5293 2856 5363 apparentibus
2885 5292 2989 5347 sint
3017 5307 3080 5346 ea
3111 5305 3229 5360 quae
3256 5296 3539 5358 apparent.

1962 5391 2246 5459 I‘ropterca
2296 5390 2528 5444 maxime
2559 5387 2864 5459 philosophi
2917 5386 3047 5440 nihil
3098 5398 3217 5440 esse
3246 5383 3431 5437 dicunt
3473 5396 3541 5436 ex

2008 5558 2080 5619 (α)
2104 5557 2179 5605 Αἱ)
2202 5557 2277 5606 bis
2299 5557 2464 5607 verbis
2480 5556 2727 5606 homiliam
2755 5555 2924 5619 incipit
2939 5552 3073 5605 Colb.
3102 5566 3113 5600 :
3140 5559 3192 5601 et
3206 5564 3295 5615 per
3316 5552 3537 5613 paginam

1945 5618 2088 5669 turam
2110 5621 2267 5669 omnia
2292 5620 2338 5669 iu
2359 5622 2450 5671 isto
2474 5620 2639 5669 codice
2663 5632 2746 5667 sus
2768 5618 2930 5680 deque
2958 5629 3094 5663 versa
3119 5623 3248 5662 sunt.
