4002 6426
576 312 680 367 155

577 421 765 485 nihilo,
802 425 861 473 ut
897 416 986 487 qui
1017 414 1121 468 sint
1151 411 1429 474 animales,
1461 417 1516 464 et
1545 406 1676 462 nihil
1719 404 1951 459 tribuant
1980 401 2102 457 ﬁdei
2138 418 2149 454 :

576 511 969 566 convincuntur
1011 513 1187 559 autem
1237 501 1337 571 ipsi
1386 513 1637 570 quoque,
1687 494 1900 565 quando
1952 491 2153 563 aliquid

576 614 828 671 magnum
878 606 933 652 et
975 594 1290 666 praeclarum
1335 591 1590 654 dixerint,
1636 586 1687 642 id
1718 587 1954 641 tribuere
1985 582 2153 637 ﬁdei:

575 700 634 746 ut
661 691 862 749 dicunt,
911 686 1049 740 Deus
1093 691 1176 738 est
1204 681 1464 752 principio
1511 691 1702 733 carens
1743 684 1798 730 et
1842 674 2107 743 ingenitus
2141 693 2157 723 :

573 780 711 836 ratio
736 777 877 832 enim
924 789 1030 831 non
1064 774 1164 828 hoc
1211 770 1467 841 suggerit,
1507 767 1601 823 sed
1640 764 1986 841 contrarium.
2017 760 2157 816 Con-

574 870 751 928 sidera
780 876 956 922 autem
984 866 1114 920 mihi
1146 840 1367 919 motuin
1411 861 1625 915 illorum
1652 840 1951 911 stultitiam.
1988 855 2156 909 Deum

574 961 758 1015 dicunt
784 973 905 1013 esse
928 957 1047 1012 sine
1071 954 1333 1025 principio
1367 971 1380 1006 :
1409 950 1551 1021 quod
1582 958 1665 1004 est
1685 948 1843 1017 longe
1870 945 2159 1000 admirabi-

575 1053 679 1108 lius
708 1066 867 1123 quam
897 1049 1039 1121 quod
1072 1048 1137 1103 sit
1184 1062 1248 1101 ex
1292 1044 1479 1100 nihilo.
1511 1042 1641 1097 Nam
1684 1040 1865 1095 dicere
1908 1037 2050 1109 quod
2091 1037 2162 1091 sit

576 1150 692 1205 sine
720 1146 1001 1219 principio,
1048 1142 1189 1214 quod
1236 1143 1305 1196 sit
1346 1139 1635 1210 ingenitus,
1684 1134 1827 1205 quod
1871 1147 2045 1203 neque
2092 1146 2160 1186 ex

576 1256 660 1306 se,
691 1253 865 1309 neque
894 1251 959 1291 ex
989 1235 1097 1289 alio
1123 1234 1191 1288 sit
1210 1231 1443 1301 genitus,
1468 1237 1550 1283 est
1573 1226 1741 1295 magis
1766 1222 2159 1292 ineXplicabile,

579 1345 740 1401 quam
771 1328 976 1394 dicere,
1008 1325 1149 1395 quod
1180 1324 1320 1378 Deus
1348 1336 1412 1376 ea
1457 1334 1575 1389 quae
1605 1327 1728 1372 sunt
1771 1316 1957 1371 fecerit
1985 1329 2051 1368 ex
2081 1315 2164 1367 ni-

579 1420 715 1475 hilo.
744 1417 874 1474 Nam
903 1416 990 1470 hic
1013 1413 1227 1485 quidem
1269 1410 1434 1465 multa
1460 1417 1586 1464 sunt
1613 1405 1909 1470 credibilia,
1941 1413 1996 1458 ut
2023 1401 2164 1473 quod

582 1512 772 1570 fecerit
809 1508 1030 1580 aliquid,
1061 1505 1202 1577 quod
1236 1504 1289 1559 id
1326 1502 1467 1573 quod
1514 1502 1572 1554 ﬁt
1614 1498 1863 1554 habuerit
1908 1497 2115 1556 initium
2151 1533 2164 1554 ,

584 1606 727 1677 quod
756 1603 973 1659 omnino
1003 1599 1200 1655 factum
1232 1598 1302 1652 sit
1331 1613 1344 1649 :
1374 1595 1485 1649 illic
1528 1601 1707 1648 autem
1739 1592 1874 1656 haec,
1906 1604 2002 1659 per
2028 1603 2083 1642 se
2113 1594 2168 1642 et

584 1715 680 1756 sua
694 1706 883 1769 sponte
899 1703 1000 1759 est,
1025 1691 1308 1763 ingenitus,
1331 1702 1504 1757 neque
1523 1685 1732 1741 initium
1767 1682 1966 1746 habuit,
1996 1693 2170 1749 neque

588 1806 819 1862 tempus,
847 1789 983 1855 hcec,
1012 1785 1098 1841 die
1120 1782 1271 1848 mihi,
1304 1796 1412 1836 non
1441 1787 1601 1850 egent
1630 1776 1734 1832 ﬁde
1755 1776 1778 1828 ?
1799 1774 1903 1829 Sed
1932 1773 2033 1828 hoc
2062 1787 2169 1827 non

586 1883 767 1955 posuit
795 1879 935 1949 quod
963 1887 1046 1934 est
1088 1878 1243 1948 longe
1273 1874 1522 1944 amplius.
1554 1870 1648 1926 sed
1692 1869 1834 1940 quod
1868 1868 2060 1929 minus,
2090 1864 2171 1917 di-

587 1984 718 2024 cens
748 1985 762 2023 :
795 1967 928 2023 Fide
956 1966 1284 2036 intelligimus
1310 1972 1485 2034 optata
1510 1977 1615 2016 esse
1659 1960 1845 2017 swcula
1872 1960 2019 2014 verbo
2045 1957 2166 2016 Dei.

586 2060 866 2117 Uudenam
880 2058 1012 2129 jam,
1029 2057 1218 2126 inquit,
1236 2054 1367 2109 dicis
1384 2052 1522 2123 quod
1553 2053 1692 2107 Deus
1715 2051 1880 2107 verbo
1891 2050 2068 2106 omnia
2084 2048 2169 2105 fe-

586 2155 715 2206 cerit
737 2151 762 2203 ?
786 2164 906 2206 cum
936 2148 986 2204 id
1017 2148 1155 2203 ratio
1181 2162 1284 2201 non
1316 2152 1594 2215 suggerat,
1624 2142 1904 2212 nullusque
1942 2141 2171 2196 adfuerit

590 2239 806 2309 quando
859 2239 996 2294 facta
1043 2247 1186 2293 sunt.
1249 2235 1529 2292 Undenam
1572 2234 1816 2289 constat?
1845 2233 1974 2288 Fide
2006 2252 2018 2287 :
2048 2232 2170 2288 ﬁdei

590 2332 734 2387 enim
751 2340 979 2400 Opusest
1007 2327 1516 2400 intelligentiaJdeo
1555 2327 1684 2381 dicit
1714 2345 1728 2381 :
1753 2326 1881 2380 Fide
1926 2326 2170 2395 intelligi-

589 2439 720 2476 mus.
740 2420 876 2491 Quid
895 2420 999 2475 hoc
1018 2420 1204 2487 verbo,
1228 2419 1350 2488 ﬁde,
1378 2419 1723 2488 intelligimus
1746 2419 1769 2473 ?
1797 2417 1947 2485 Quod
1977 2433 2043 2473 ex
2066 2433 2175 2473 non

591 2514 971 2583 apparentibus
999 2512 1133 2569 facta
1161 2521 1287 2567 sunt
1311 2527 1430 2582 qua:
1460 2521 1718 2581 apparent
1749 2528 1765 2566 :
1792 2511 1894 2566 hoc
1914 2513 2057 2567 enim
2093 2521 2177 2566 est

592 2606 743 2661 ﬁdes.
773 2606 905 2662 Cum
931 2616 1106 2661 autem
1125 2605 1413 2661 dixissetid
1439 2605 1578 2675 quod
1604 2615 1685 2660 est
1705 2586 2006 2670 commune,
2037 2604 2090 2660 id
2108 2605 2176 2662 de

592 2711 791 2756 eantero
817 2700 982 2770 agitat
1033 2700 1085 2754 in
1110 2704 1371 2770 personis.
1400 2697 1496 2752 Vir
1522 2697 1663 2753 enim
1696 2697 1924 2770 inclytus
1939 2706 1993 2753 et
2012 2697 2180 2769 gloria

594 2791 817 2861 insignis
855 2800 938 2846 est
980 2790 1149 2846 instar
1192 2790 1338 2846 orbis
1364 2800 1518 2846 terrae
1546 2807 1560 2844 :
1588 2789 1729 2861 quod
1777 2799 1958 2860 postea
2013 2791 2172 2845 etiam

592 2882 969 2944 subindicavit.
1005 2882 1292 2952 Postquam
1318 2882 1462 2938 enim
1492 2881 1543 2936 in
1574 2890 1785 2937 centum
1812 2890 1908 2939 aut
1938 2882 2180 2938 ducentis

594 2978 838 3045 personis
868 2975 969 3031 hoc
990 2991 1059 3031 ex
1079 2974 1310 3031 adverso
1338 2975 1542 3039 statuit,
1574 2974 1766 3030 deinde
1819 2975 1951 3030 vidit
1988 2990 2179 3031 nume-

594 3082 712 3120 rum
735 3066 1028 3136 quantitate
1055 3081 1175 3121 esse
1196 3080 1442 3136 paucum,
1472 3064 1598 3119 dicit
1617 3064 1684 3119 de
1709 3074 1908 3121 caetero
1936 3083 1951 3120 :
1988 3066 2181 3133 Quibus

594 3158 777 3229 dignus
806 3174 907 3215 non
935 3167 1041 3213 erat
1070 3159 1288 3212 mundus
1314 3157 1494 3228 (Hebr.
1517 3160 1602 3213 ll.
1622 3159 1733 3229 58).
1753 3157 1885 3214 Fide
1907 3158 2182 3229 plurimam

595 3252 808 3307 hostiam
828 3250 951 3306 Abel
971 3268 1121 3321 quam
1147 3250 1273 3306 Cain
1297 3252 1473 3306 obtulit
1502 3251 1631 3307 Deo.
1650 3251 1782 3308 Vide
1809 3261 1990 3310 autem
2020 3269 2179 3323 quem

593 3343 823 3412 primum
847 3344 1014 3414 ponit,
1030 3357 1152 3401 eum
1178 3343 1267 3412 qui
1289 3343 1427 3398 male
1445 3352 1528 3398 est
1550 3358 1757 3412 passus,
1779 3343 1937 3415 idque
1962 3359 1993 3399 a
2016 3345 2180 3402 fratre

596 3433 728 3487 nihil
756 3433 907 3499 laeso,
936 3433 1031 3489 sed
1059 3434 1149 3490 Dei
1175 3448 1333 3490 causa
1352 3434 1519 3489 livore
1546 3444 1764 3489 vexato.
1790 3434 1931 3505 Ergo
1962 3437 2175 3506 propria

594 3534 712 3581 erat
738 3525 974 3595 ipsorum
1002 3526 1201 3595 passio.
1235 3525 1431 3580 Etenim
1451 3542 1538 3580 vos
1554 3542 1750 3598 quoque
1771 3527 1966 3592 eadem,
1989 3528 2177 3599 inquit,

597 3619 733 3683 passi
773 3618 891 3672 estis
914 3633 948 3671 a
971 3617 1143 3672 vestris
1170 3616 1528 3672 contribulibus
1558 3617 1631 3689 (1.
1656 3616 1833 3673 Thess.
1862 3619 1917 3673 2.
1952 3619 2060 3691 id).
2093 3620 2179 3676 Si-

594 3708 706 3765 mul
727 3708 959 3765 ostendit
976 3708 1317 3778 illosquoque
1336 3708 1537 3762 invidia
1552 3718 1604 3763 et
1622 3709 1787 3764 livore
1809 3711 2065 3776 torqueri.
2087 3710 2182 3767 ille

598 3802 762 3857 Deum
790 3799 1090 3864 honoravit,
1114 3812 1169 3855 et
1192 3809 1432 3856 mortuus
1466 3809 1571 3866 est,
1599 3801 1848 3870 quoniam
1879 3801 2180 3873 honoravit,

597 3903 649 3947 et
675 3891 909 3948 nondum
930 3902 1015 3947 est
1040 3901 1357 3963 assequntns
1382 3892 1867 3962 resurrectionem;
1898 3898 1992 3953 sed
2013 3901 2185 3956 mani-

599 3986 790 4041 festum
808 3984 1023 4055 quidem
1043 3984 1142 4039 fuit
1163 3995 1466 4055 promptum
1482 3987 1727 4044 etalacre
1740 3990 1855 4060 ejus
1885 3992 2048 4047 animi
2080 4004 2185 4049 stu-

599 4078 745 4129 dium
779 4094 792 4129 :
822 4084 876 4131 et
904 4091 1026 4145 qua:
1066 4076 1233 4145 ipsius
1277 4085 1450 4139 erant,
1473 4077 1612 4133 facta
1655 4089 1810 4146 sunt;
1838 4097 1957 4152 quae
2003 4094 2179 4140 autem

600 4184 671 4223 ex
689 4177 838 4238 parte
856 4168 946 4223 Dei
970 4176 1112 4235 sunt,
1135 4170 1367 4225 nondum
1382 4180 1505 4226 sunt
1520 4172 1571 4226 in
1587 4187 1711 4228 eum
1728 4174 2184 4233 collata.llostiam

600 4268 779 4314 autem
807 4258 895 4314 hic
916 4259 1044 4315 dicit
1062 4260 1363 4329 plurimam,
1386 4277 1504 4332 quae
1525 4273 1643 4319 erat
1671 4265 2050 4335 honorabilior,
2068 4284 2185 4339 quae

604 4349 929 4417 praeclarior,
960 4364 1079 4420 quae
1101 4351 1268 4422 magis
1287 4355 1609 4409 necessaria.
1628 4355 1737 4412 Nec
1766 4372 2071 4428 possumus,
2096 4361 2181 4416 in-

602 4441 735 4509 quit,
766 4441 945 4499 dicere
975 4442 1115 4511 quod
1148 4458 1253 4498 non
1290 4442 1447 4499 fuerit
1482 4458 1694 4517 accepta
1727 4465 1740 4502 :
1772 4448 1870 4505 fuit
1910 4451 2053 4505 enim
2098 4468 2190 4508 ac-

602 4543 777 4605 cepta,
795 4543 848 4590 et
863 4533 999 4590 dixit
1011 4534 1078 4590 ad
1096 4535 1250 4602 Cain,
1262 4534 1383 4591 Non
1398 4537 1442 4591 si
1455 4549 1586 4592 recte
1604 4539 1860 4609 obtulerit,
1877 4554 2010 4597 recte
2022 4554 2189 4598 autem

604 4644 703 4682 non
728 4628 957 4683 diviseris
989 4626 1142 4700 (Gen.
1168 4629 1222 4683 4.
1246 4628 1322 4702 7).
1355 4629 1491 4685 Abel
1512 4645 1639 4701 ergo
1664 4639 1718 4686 et
1732 4642 1879 4687 recte
1891 4617 2106 4702 obtulit,
2135 4645 2191 4692 et

604 4729 749 4776 recte
759 4719 958 4775 divisit.
970 4719 1074 4775 Sed
1094 4727 1270 4776 tamen
1287 4734 1385 4790 pro
1401 4720 1485 4777 his
1500 4737 1782 4792 quamnam
1797 4725 2000 4795 accepit
2014 4741 2124 4781 rem
2133 4743 2192 4781 u-

607 4813 987 4869 iterationem?
1015 4812 1239 4869 Occisus
1285 4813 1383 4869 fuit
1409 4828 1439 4867 a
1470 4828 1631 4868 manu
1661 4813 1844 4871 fratris
1869 4832 1884 4882 ;
1914 4826 1968 4872 et
1990 4817 2193 4873 conde-

612 4911 941 4956 mnationem
988 4913 1146 4968 quam
1199 4907 1349 4967 pater
1395 4896 1558 4951 subiit
1606 4905 1828 4965 propter
1883 4899 2194 4963 peccatum,

611 5004 732 5045 eam
773 4989 978 5060 primus
1029 4989 1266 5057 suscepit
1306 4987 1395 5057 qui
1425 5001 1483 5040 se
1530 4997 1677 5041 recte
1726 4990 1989 5055 gesserat,
2038 4990 2092 5036 et
2136 4993 2204 5036 eo

608 5081 852 5153 graviora
871 5088 956 5137 est
980 5094 1189 5151 passus,
1208 5078 1348 5149 quod
1368 5087 1464 5134 eta
1492 5078 1654 5133 fratre
1679 5085 1734 5132 et
1760 5076 1983 5147 primus.
2004 5073 2072 5129 Et
2086 5072 2203 5127 haec

614 5183 761 5230 recte
781 5172 967 5244 gessit,
997 5170 1065 5235 ad
1090 5171 1294 5225 nullum
1324 5168 1728 5239 respicienszad
1758 5182 1918 5238 quem
1945 5165 2086 5221 enim
2115 5178 2201 5219 re-

615 5264 812 5333 spexit.
830 5271 886 5318 et
906 5261 985 5317 sic
1008 5262 1175 5317 Deum
1201 5259 1526 5315 honoravit?
1552 5259 1618 5313 ad
1643 5267 1845 5329 patrem
1870 5253 2200 5312 etmatrem?

616 5353 709 5409 sed
741 5354 816 5409 illi
842 5368 938 5423 pro
958 5351 1233 5407 beneficiis
1258 5365 1380 5405 eum
1413 5350 1707 5405 alfecerunt
1752 5347 2097 5403 contumelia.
2134 5347 2204 5400 At

617 5446 682 5500 ad
713 5441 974 5499 fratrem?
1001 5443 1095 5497 sed
1126 5442 1241 5512 ipse
1284 5455 1495 5511 quoque
1524 5456 1645 5495 eum
1690 5438 1865 5494 affecit
1894 5437 2203 5508 ignominia.

618 5541 657 5592 A
693 5551 752 5591 se
780 5537 962 5607 itaque
1005 5534 1205 5590 bonurn
1255 5532 1548 5587 adinvenit.
1582 5531 1647 5585 Et
1687 5530 1776 5598 qui
1825 5538 1974 5582 tanto
2001 5528 2208 5583 honore

619 5642 737 5686 crat
770 5629 982 5702 dignus,
1011 5627 1136 5699 quid
1166 5625 1404 5700 patitur?
1438 5622 1780 5678 Interimitur.
1819 5619 2018 5675 Deinde
2048 5619 2206 5673 aliam

620 5725 766 5794 ponit
795 5722 1029 5788 laudem,
1065 5720 1249 5776 dicens
1284 5737 1294 5773 :
1326 5716 1427 5775 Per
1464 5732 1613 5774 auom
1667 5712 1999 5770 testimonium
2028 5725 2210 5765 conse-

1330 306 1385 361 S.
1411 297 1686 359 JOANNIS
1724 285 2183 351 CHRYSOSTOMI
2222 281 2530 339 ARClllEP.
2572 274 3096 333 CONSTANTINOP.

3703 273 3785 329 l56

2259 408 2443 469 quutus
2484 406 2557 453 est
2602 412 2709 451 esse
2742 396 2936 466 justus,
2985 392 3326 450 testimonium
3369 393 3641 460 perhibente
3677 399 3791 453 donis

2260 492 2370 556 eius
2393 489 2531 552 Deo;
2561 497 2606 542 et
2636 503 2723 556 per
2762 486 2906 539 illam
2932 483 3204 555 defunctus
3243 482 3406 536 adhuc
3434 485 3659 549 loquitur.
3683 486 3793 554 Quo-

2262 580 2422 635 modo
2447 588 2622 633 autem
2654 578 2812 631 aliter
2835 589 3047 647 quoque
3072 575 3283 643 accepit
3313 575 3657 629 testimonium
3684 582 3793 647 quod

2259 675 2330 729 sit
2350 673 2526 741 justus
2550 672 2573 724 ?
2605 670 2803 726 Dicitur
2829 667 2968 736 ignis
2990 666 3338 723 descendisse
3364 678 3417 722 et
3445 672 3795 739 consumpsisse

2259 768 2376 835 ejus
2406 764 2609 818 hostias
2639 781 2653 817 :
2687 777 2810 816 nam
2842 776 2938 829 pro
2967 760 3078 825 illo,
3112 759 3193 812 Ad
3222 758 3422 813 Abelem
3450 761 3655 829 aspexit.
3684 774 3720 815 et
3740 768 3791 817 ad

2258 859 2372 927 ejus
2397 855 2652 922 sacrificia
2682 852 2970 907 Dominus:
2998 851 3132 905 dixit
3157 850 3395 921 quidam,
3424 850 3489 903 Et
3512 852 3796 925 iucendit(a).

2258 949 2357 1016 Qui
2405 962 2531 1017 ergo
2561 945 2743 1001 verbis
2790 954 2845 1000 et
2890 944 3047 999 factis
3086 944 3235 1013 justo
3281 942 3398 998 tulit
3442 945 3797 1011 testimonium,

2261 1037 2450 1091 videns
2478 1051 2598 1090 eum
2629 1042 2849 1104 propter
2879 1032 3055 1103 ipsum
3097 1031 3166 1089 de
3196 1031 3373 1087 medio
3419 1033 3693 1101 sublatum,
3720 1052 3800 1091 non

2259 1143 2383 1183 eum
2411 1125 2719 1194 vindicavit,
2745 1123 2838 1179 sed
2865 1124 3009 1177 sivit.

2329 1218 2383 1274 ‘2.
2419 1219 2604 1273 Vestra
2626 1225 2804 1271 autem
2822 1229 2927 1269 non
2948 1215 3020 1268 ita
3042 1228 3102 1269 se
3120 1212 3321 1268 habent
3350 1229 3365 1266 :
3394 1211 3653 1283 quomodo
3672 1216 3799 1281 enim,

2261 1310 2349 1381 qui
2377 1318 2434 1365 et
2459 1307 2748 1380 prephetas
2770 1304 2982 1361 habetis
3008 1314 3061 1360 et
3082 1304 3330 1374 exempla
3355 1314 3409 1359 et
3435 1304 3802 1363 innumerabiles

2260 1399 2653 1457 cutisolationes
2682 1407 2735 1453 et
2763 1399 2914 1468 signa
2958 1405 3012 1451 et
3062 1394 3202 1450 facta
3255 1396 3555 1450 miracula?
3582 1396 3804 1463 Quamob-

2261 1511 2377 1551 rem
2399 1502 2517 1549 erat
2552 1492 2684 1547 illud
2714 1506 2839 1547 vere
2867 1489 3022 1545 ﬁdes.
3055 1488 3311 1557 Quaenam
3342 1490 3487 1543 enim
3532 1489 3655 1542 vidit
3680 1492 3803 1545 mira-

2256 1582 2405 1652 cula,
2429 1592 2488 1644 ut
2513 1582 2759 1638 crederet
2784 1581 2883 1636 sibi
2907 1580 3141 1636 futuram
3170 1581 3432 1635 bonorum
3466 1584 3803 1636 remuneratio-

2260 1677 2422 1730 nem?
2448 1689 2626 1748 annon
2668 1689 2736 1728 ex
2783 1672 2893 1726 sola
2928 1672 3033 1727 ﬁde
3081 1671 3245 1741 elegit
3271 1671 3561 1724 virtutem?
3589 1672 3707 1737 Quid
3744 1685 3805 1729 est

2260 1768 2412 1835 illud,
2443 1768 2509 1820 Et
2538 1783 2626 1829 per
2656 1765 2804 1817 illam
2830 1764 3100 1817 defunctus
3131 1763 3297 1816 adhuc
3319 1760 3580 1827 loquitur?
3604 1762 3671 1818 Ne
3698 1765 3807 1834 ipsos

2261 1863 2315 1917 in
2344 1860 2565 1916 multam
2608 1859 2853 1929 injiceret
2879 1857 3334 1926 desperationem,
3381 1853 3614 1910 ostendit
3636 1870 3737 1909 eum
3758 1873 3804 1910 ex

2259 1965 2410 2026 parte
2430 1952 2705 2022 accepisse
2734 1949 3249 2019 compensationem.
3282 1946 3605 2015 Quomodo?
3631 1946 3799 2017 Magna,

2261 2046 2452 2118 inquit,
2479 2044 2596 2115 ejus
2644 2042 2874 2098 habetur
2916 2054 3043 2095 cura
3071 2049 3127 2094 et
3152 2039 3517 2094 censideratio
3544 2055 3557 2091 :
3580 2038 3673 2093 hoc
3697 2042 3803 2093 enim

2265 2137 2623 2195 subindicavit
2651 2134 2857 2199 dicens,
2889 2130 2956 2185 Et
2984 2129 3153 2184 adhuc
3182 2129 3423 2200 loquitur.
3458 2129 3569 2183 Hoc
3594 2139 3687 2193 est,
3713 2145 3803 2204 enm

2261 2231 2501 2296 sustulit,
2534 2228 2630 2284 sed
2661 2242 2769 2281 non
2811 2240 2932 2280 cum
2973 2239 3041 2281 eo
3079 2225 3297 2279 sustulit
3341 2224 3571 2294 gloriam
3601 2233 3648 2277 et
3673 2222 3805 2278 henn-

2279 2338 2394 2379 rem
2420 2341 2434 2377 :
2462 2334 2568 2375 non
2594 2329 2674 2376 est
2706 2319 2792 2374 ille
2816 2325 3061 2373 mortuus
3093 2335 3107 2373 :
3138 2333 3236 2372 nec
3261 2332 3357 2373 vos
3384 2332 3517 2385 ergo
3539 2317 3804 2370 moriemini.

2269 2404 2478 2469 Quanto
2503 2404 2645 2458 enim
2672 2402 2918 2470 graviora
2950 2402 3071 2471 quis
3102 2412 3289 2468 passus
3322 2398 3509 2460 fuerit,
3544 2409 3605 2449 eo
3628 2402 3701 2448 est
3725 2408 3806 2445 nia-

2266 2493 2349 2564 jor
2370 2494 2488 2564 ejus
2502 2493 2688 2565 gloria.
2715 2492 3180 2564 Quomodoadhuc
3206 2490 3443 2560 loquitur
3458 2488 3481 2541 ’ἐ
3496 2488 3603 2542 Hoc
3622 2496 3748 2540 estet
3763 2485 3808 2538 si-

2266 2601 2429 2657 gnum
2450 2586 2680 2655 vivendi,
2695 2596 2748 2642 et
2767 2585 2907 2658 quod
2928 2587 2995 2640 ab
3015 2583 3263 2640 omnibus
3289 2598 3417 2636 cana
3430 2590 3538 2645 tur,
3554 2581 3604 2633 in
3626 2578 3805 2633 admira~

2271 2678 2414 2733 tione
2450 2678 2707 2734 habeatur
2755 2687 2810 2734 et
2847 2678 3036 2734 beatus
3074 2683 3390 2730 censeatur:
3419 2673 3513 2744 qui
3557 2670 3685 2725 enim
3723 2670 3810 2722 aliis

2272 2770 2459 2826 suadet
2475 2771 2659 2825 ntsint
2677 2771 2827 2840 justi,
2854 2767 3110 2839 loquitur.
3144 2766 3259 2822 Non
3304 2774 3511 2819 tantum
3531 2762 3661 2818 enim
3686 2758 3811 2814 ellicit

2272 2860 2463 2933 oratio,
2492 2870 2743 2931 quantum
2767 2859 2906 2914 illius
2961 2858 3255 2928 perpessio.
3300 2856 3450 2910 Sicut
3493 2854 3629 2908 enim
3665 2849 3808 2905 calum

2278 2952 2649 3007 tantummodo
2678 2950 2938 3023 apparens
2997 2948 3250 3019 loquitur,
3289 2946 3357 3000 ita
3390 2945 3555 3000 etiam
3590 2942 3688 3009 ille,
3720 2940 3811 2994 dum

2276 3040 2502 3097 habetur
2543 3042 2596 3098 in
2654 3040 2931 3097 memoria.
2970 3038 3086 3094 Non
3128 3037 3173 3093 si
3211 3041 3448 3107 seipsum
3509 3032 3813 3105 pra-diemet.

2277 3149 2385 3189 non
2411 3134 2457 3189 si
2487 3134 2633 3190 mille
2676 3134 2881 3204 linguas
2907 3132 3201 3196 habuisset,
3232 3139 3289 3185 et
3337 3128 3586 3192 vixisset,
3616 3126 3664 3180 in
3705 3132 3813 3177 tanta

2280 3226 2489 3293 fuisset,
2535 3236 2595 3281 ut
2625 3242 2766 3282 nunc
2790 3235 2896 3289 est,
2926 3224 3298 3280 admiratione.
3330 3222 3446 3277 Hoc
3493 3229 3592 3285 est,
3622 3218 3719 3273 huc
3739 3233 3815 3271 non

2281 3319 2414 3375 ﬁunt
2465 3319 2681 3390 impune
2723 3333 2821 3374 nec
2865 3326 3090 3382 temere,
3123 3330 3225 3371 nec
3269 3321 3621 3386 praetereunt.
3647 3311 3694 3366 5.
3722 3308 3817 3362 Fide

2282 3414 2461 3469 Enoclt
2487 3413 2764 3467 translatus
2791 3420 2863 3466 est
2887 3452 2903 3475 ,
2949 3426 3013 3464 ne
3038 3409 3225 3464 videret
3262 3419 3478 3463 mortem
3501 3422 3520 3471 ;
3549 3416 3593 3461 et
3616 3422 3701 3459 non
3727 3403 3817 3455 inre-

2282 3505 2532 3572 niebatur,
2564 3506 2683 3576 quia
2709 3502 2823 3557 tulit
2851 3502 2996 3557 illum
3034 3500 3284 3555 Dominus
3318 3515 3336 3554 :
3362 3516 3485 3554 nam
3516 3508 3627 3551 ante
3651 3492 3819 3547 translao

2286 3599 2469 3652 tionem
2504 3597 2841 3650 testimonium
2871 3594 3017 3648 habet
3044 3593 3180 3664 quod
3220 3592 3471 3662 placuerit
3501 3589 3627 3643 Deo.
3656 3586 3702 3642 6.
3731 3584 3820 3639 Situ

2286 3690 2389 3760 [ide
2425 3698 2594 3744 autem
2626 3686 2937 3754 impossibile
2979 3695 3052 3739 est
3082 3685 3283 3755 placere
3313 3682 3420 3737 Deo
3453 3698 3472 3735 :
3502 3681 3688 3735 credere
3724 3677 3821 3729 enim

2286 3789 2482 3849 oportet
2511 3778 2828 3833 accedentem
2853 3777 2921 3830 ad
2950 3775 3113 3831 Deum
3137 3775 3258 3845 quia
3297 3783 3389 3837 est,
3420 3784 3470 3826 et
3514 3768 3822 3840 inquirentibus

2288 3888 2339 3927 se
2367 3880 2713 3927 remunerator
2743 3870 2819 3939 ﬁt.
2858 3868 2953 3923 llic
2980 3866 3234 3937 majorem
3265 3864 3503 3920 ostendit
3534 3862 3679 3917 ﬁdem
3704 3872 3821 3929 quam

2290 3962 2447 4018 Abel.
2476 3961 2691 4030 Quare?
2741 3959 3006 4028 Quoniam
3052 3956 3263 4013 etiamsi
3304 3964 3424 4026 post
3477 3955 3623 4009 illum
3664 3947 3823 4009 fuerit.

2293 4064 2468 4109 tamen
2499 4068 2618 4122 quae
2643 4052 2697 4106 in
2733 4052 2825 4105 illo
2852 4050 2988 4104 facta
3022 4048 3234 4103 fuerant
3281 4045 3619 4101 sufﬁciebant
3656 4041 3711 4094 ad
3736 4052 3821 4091 eum

2291 4143 2661 4199 avertendum.
2686 4141 2966 4210 Quomodo
2988 4141 3011 4194 ?
3040 4138 3391 4194 Praesciverat
3412 4136 3555 4191 Deus
3576 4131 3701 4204 quod
3719 4136 3823 4184 esset

2294 4236 2558 4306 periturus
2591 4252 2603 4288 :
2636 4233 2770 4288 dixit
2798 4232 2941 4287 enim
2969 4230 3033 4286 ad
3072 4229 3201 4285 Cain
3236 4246 3248 4283 :
3287 4226 3538 4292 Peccasli,
3571 4242 3628 4279 ne
3657 4220 3823 4289 antplt'ut

2293 4328 2563 4397 adjeceris.
2595 4326 2678 4380 Ab
2708 4325 2824 4395 ipso
2854 4324 2950 4378 fuit
2977 4322 3288 4387 honoratus,
3329 4331 3385 4376 et
3428 4320 3599 4389 ipsum
3641 4331 3731 4370 non
3766 4320 3822 4364 est

2296 4419 2456 4471 ultus.
2488 4416 2557 4471 Et
2581 4430 2678 4470 nec
2705 4417 2806 4469 hoc
2834 4429 2954 4468 eum
2994 4413 3174 4482 injecit
3202 4414 3251 4466 in
3279 4412 3508 4481 aliquam
3536 4408 3686 4463 animi
3707 4404 3821 4473 τεῇ·

2296 4510 2550 4563 tudinem.
2570 4506 2684 4561 Non
2711 4506 2844 4560 dixit
2868 4504 3007 4575 apud
3037 4519 3117 4569 se,
3149 4504 3279 4570 Quis
3346 4517 3476 4555 usus
3528 4510 3609 4556 est
3639 4497 3821 4552 laborum

2296 4610 2349 4655 et
2373 4597 2771 4669 periculorum?
2798 4597 2933 4650 Abel
2949 4596 3113 4649 Deum
3132 4593 3431 4659 honoravit,
3458 4603 3511 4647 et
3537 4592 3582 4646 ei
3607 4604 3737 4659 opem
3752 4600 3823 4637 nun

2299 4690 2514 4747 tulit.Ei
2543 4690 2684 4745 enim
2710 4689 2796 4758 qui
2818 4695 3144 4751 excesserat,
3175 4684 3299 4755 quid
3332 4683 3530 4753 profuit
3559 4678 3822 4751 supplicium

2297 4798 2403 4856 quo
2425 4782 2706 4836 damnatus
2734 4777 3043 4833 fuitfrater?
3071 4774 3339 4846 quomodo
3364 4783 3539 4828 autem
3570 4772 3673 4827 ﬁeri
3700 4774 3823 4839 potiri

2299 4885 2355 4928 nt
2384 4875 2495 4944 ipse
2532 4873 2656 4929 inde
2698 4873 2929 4942 aliquam
2976 4869 3236 4940 acceperit
3284 4865 3825 4921 utilitatemiPonimus

2299 4983 2421 5023 cum
2439 4981 2627 5038 graves
2640 4964 2853 5020 dedisse
2872 4978 3055 5032 pugnas
3077 4980 3089 5015 ;
3105 4959 3243 5029 Quid
3260 4959 3469 5015 adeum
3493 4958 3576 5027 qui
3594 4964 3667 5012 est
3684 4954 3736 5007 de
3752 4964 3825 5004 me-

2303 5062 2391 5115 dio
2416 5058 2698 5114 sublatus?
2724 5056 2866 5112 Nihil
2901 5055 3007 5110 tale
3038 5068 3136 5108 nec
3160 5052 3313 5119 dixit,
3361 5067 3459 5106 nec
3497 5047 3738 5120 cogitavit.
3759 5038 3823 5094 sed

2305 5154 2389 5208 his
2417 5152 2667 5207 omnibus
2706 5146 3079 5219 praetermissis
3108 5144 3357 5216 cognovit
3388 5142 3526 5213 quod
3556 5142 3595 5195 si
3612 5149 3683 5195 est
3708 5136 3821 5190 Deus

2310 5258 2461 5315 ptane
2473 5254 2553 5299 est
2567 5245 2726 5299 etiam
2741 5248 3114 5297 remunerator
3132 5254 3145 5291 :
3164 5251 3483 5307 quamquam
3500 5231 3708 5287 nondum
3723 5224 3823 5293 quiil-

2309 5339 2448 5407 piam
2471 5335 2713 5391 sciebant
2728 5333 2796 5389 de
2828 5329 3239 5387 resurrectione.
3269 5330 3323 5384 Si
3341 5338 3515 5383 autem
3538 5325 3601 5379 de
3644 5331 3823 5376 resurre-

2376 5448 2449 5513 (a)
2467 5444 2707 5497 Hebralca
2726 5440 2888 5513 verba,
2906 5445 3020 5487 sunt
3038 5442 3156 5513 δτι-τη
3171 5440 3301 5495 3mm
3321 5435 3403 5483 ubi
3421 5431 3696 5513 'l‘lieorlotiou

2316 5490 2782 5581 ,αιΐνίςεῖρῐείἐῖῖέδέι
2812 5518 2858 5561 ει
2873 5490 3110 5581 mea
3126 5490 3281 5581 ῥέπων
3316 5513 3384 5581 ιιι.
3402 5504 3563 5552 "ide
3587 5502 3637 5581 β’)
3654 5490 3828 5581 ἓξὲξ.ῗὶἕέ

2316 5562 2663 5639 [Tus-iisiiss“).
2681 5562 2815 5633 ι,ἰ;
2843 5580 2895 5623 et
2914 5572 3222 5622 conﬁrmatur
3246 5562 3306 5617 ex
3328 5564 3597 5639 hieronymi
3621 5562 3829 5639 ιςδιξίιξξῇξ

2541 5617 3097 5700 “siiiié’anieiii'i'éiin
3119 5617 3195 5680 sui.
3216 5638 3412 5691 ηὖδὸιιηαιν
3435 5638 3455 5677 ὀ
3478 5617 3575 5685 ιὼς,
3617 5626 3657 5675 ει
3683 5617 3827 5668 libelli“

2317 5702 2505 5765 excepit
2528 5708 2675 5753 Deus.
