3988 6588
265 376 340 431 155
990 406 995 411 ι
1028 368 1097 425 ΙΝ
1132 368 1351 425 EPIST.
1392 366 1814 425 AD-HEBBA‘ZO

1923 368 2076 423 CXP.
2120 369 2225 423 Xl'.’
2252 364 2484 421 HOMIL.
2528 364 2695 420 XXII.

258 488 348 541 tot:
387 482 474 536 καὶ
502 482 796 554 ἀγέννητος
819 500 833 515 ο
868 484 896 536 0
930 483 1039 556 γάρ
1086 485 1346 556 λογισμὸς
1376 485 1475 553 οὐχ
1507 483 1797 539 ὑποϐάλλει

258 572 403 633 τοῦτο,
434 569 569 623 ἀλλά
606 570 940 624 τούναντίον.
977 571 1086 625 Θέα
1115 570 1171 625 δέ
1226 589 1315 642 μοι
1347 571 1444 625 καλ⁸
1469 571 1567 641 τὴν
1600 570 1801 641 πολλὴν

256 656 437 727 μωρίαν
464 656 663 709 αὐτῶν.
700 655 803 708 Τὸν
856 656 990 711 Θεὸν
1027 659 1264 729 ἄναρχον
1305 658 1557 737 λέγουσιν
1587 674 1597 687 ·
1634 658 1662 711 0
1706 657 1800 711 106

254 744 298 809 ἐξ
351 744 443 797 οὐκ
499 742 672 796 ὄντων
702 744 912 819 ,πολλῷ
975 743 1449 816 θαυμασιώτερον.
1531 745 1640 799 Τοῦ
1693 744 1801 816 γὰρ

251 835 416 895 εἰπεῖν,
446 833 526 885 ὅτι
566 832 627 896 ὲξ
672 832 774 886 οὐκ
811 832 981 885 ὄντων
1022 833 1092 886 τὰ
1134 833 1263 886 ὅντα
1305 836 1334 887 0
1378 833 1511 897 Θεὸς
1552 832 1799 904 ἐποίησε,

250 919 489 982 τὸείπεῖν,
517 918 601 972 ὅτι
631 919 870 989 ἀναρχός
895 922 1060 984 ἐστιν,
1088 921 1169 974 ὅτι
1201 920 1517 991 ἀγέννητος,
1555 918 1679 974 οὔτε
1710 918 1802 989 ὑφ’

248 1006 435 1070 ἑαυτοῦ,
464 1007 588 1059 οὔτε
610 1006 699 1077 ὑφ’
725 1009 917 1077 ἐτέρου
947 1007 1251 1077 γεννηθεὶς,
1278 1008 1645 1079 ἀπορώτερον.
1688 1009 1805 1063 Ἐν-

246 1093 396 1149 ταῦθα
423 1093 517 1165 μὲν
547 1094 657 1165 γὰρ
681 1095 852 1148 πολλά
879 1095 947 1148 τά
970 1096 1136 1149 πιστά
1157 1112 1172 1128 ⁸
1196 1089 1329 1161 οἷον,
1356 1096 1436 1149 ὅτι
1468 1095 1694 1167 ἐποίησέ
1725 1113 1801 1163 τι,

244 1181 314 1235 δτι
354 1180 520 1251 ἀρχὴν
569 1180 697 1252 ἔσχε
744 1182 804 1235 τὸ
847 1182 1192 1253 ποιούμενον,
1227 1183 1310 1236 ὅτι
1358 1183 1591 1253 ἐποιήθη
1629 1183 1801 1247 ὄλωςο

245 1272 345 1322 ἐκεῖ
373 1269 424 1321 δὲ
451 1269 531 1333 τό,
556 1271 881 1340 αὐτόματος,
915 1262 1232 1343 ἀγέννητος,
1264 1271 1389 1326 οὔτε
1423 1272 1599 1344 ἀρχὴν
1624 1271 1803 1343 ἔσχεν,

246 1356 352 1410 οὗτε
383 1357 589 1426 χρόνον,
637 1357 812 1412 ταῦτα
848 1360 968 1429 οὐχὶ
1013 1359 1251 1424 πίστεως
1298 1360 1491 1425 δεῖται,
1525 1360 1646 1413 εἰπέ
1679 1376 1802 1430 μοι;

256 1444 378 1496 Ἀλλ’
406 1445 501 1497 οὐκ
533 1444 699 1515 ἔθηκε
738 1446 898 1499 τοῦτο
944 1447 973 1500 ὃ
1025 1447 1208 1517 πολλῷ
1257 1448 1422 1501 πλέον
1445 1443 1535 1519 ἦν,
1574 1447 1713 1501 ἀλλὰ
1746 1447 1807 1501 τὸ

245 1531 463 1595 ἔλαττον,
492 1530 664 1584 είπών
691 1550 705 1564 ·
736 1535 943 1587 Πίστει
966 1535 1227 1603 νοοῦμεν
1255 1536 1645 1604 κατηρτίσθαι
1664 1534 1808 1600 τοὺς

243 1619 442 1685 αἰῶνας
468 1619 688 1690 ῥήματι
718 1621 886 1676 Θεοῦ.
914 1622 1085 1675 Πόθεν
1115 1617 1208 1676 οὖν
1234 1622 1414 1691 λέγεις
1448 1624 1631 1695 δῆλον,
1665 1624 1755 1677 ὅτε
1778 1624 1808 1677 0

243 1708 364 1770 Θεὸς
413 1708 617 1777 ῥήματι
675 1711 854 1764 πάντα
898 1709 1165 1780 ὲποίησε;
1203 1710 1461 1781 λογισμὸς
1506 1711 1614 1781 γάρ
1645 1711 1806 1765 10610

242 1792 380 1867 [205]
405 1796 501 1865 οὐχ
535 1796 850 1860 ὑποϐάλλει,
882 1797 1001 1851 οὐδὲ
1036 1798 1218 1868 παρῆν
1246 1814 1330 1861 τις
1367 1798 1455 1850 ὅτε
1484 1797 1657 1852 ταῦτα
1694 1798 1809 1867 ὲγί-

242 1900 372 1937 νετο.
405 1884 538 1937 ’Υπὸ
584 1885 859 1949 πίστεως·
910 1886 1146 1951 πίστεως
1202 1887 1312 1959 γὰρ
1355 1887 1515 1958 ἔργον
1558 1889 1592 1958 ἡ
1640 1904 1809 1941 κατα-

244 1972 434 2040 νόησις.
482 1975 575 2027 Διὸ
627 1976 723 2028 καὶ
775 1975 948 2039 οὕτως
994 1971 1136 2039 εἷπε,
1175 1976 1379 2030 Πίστει
1428 1976 1707 2045 νοοῦμεν.
1742 1975 1809 2028 Τί

245 2058 458 2129 νοοῦμεν
485 2061 690 2128 πίστει,
724 2062 881 2127 είπέ;
916 2062 1042 2115 Ὅτι
1094 2062 1169 2133 μὴ
1222 2064 1288 2116 ὲκ
1345 2061 1684 2132 φαινομένων
1741 2061 1811 2115 τὰ

246 2146 539 2217 βλεπόμενα
563 2149 756 2219 γέγονε
781 2166 794 2180 ·
815 2149 980 2203 τοῦτο
1010 2150 1120 2220 γάρ
1146 2152 1179 2222 ὴ
1215 2150 1413 2214 πίστις.
1452 2150 1634 2202 Εἰπὼν
1657 2149 1722 2221 δὴ
1748 2148 1811 2203 τὸ

244 2236 427 2300 κοινὸν,
474 2235 660 2290 λοιπὸν
704 2237 798 2290 ἐπὶ
837 2237 1146 2307 προσώπων
1194 2238 1325 2291 αὐτὸ
1371 2237 1662 2307 γυμνάζει.
1702 2236 1811 2290 Καὶ

241 2322 344 2391 γάρ
372 2323 464 2393 τῆς
494 2325 827 2395 οἰκουμένης
879 2327 1028 2381 ἐστὶν
1075 2326 1327 2392 ἀντάξιος
1378 2326 1588 2391 ἔνδοξος
1647 2326 1807 2396 ἀνήρ.

240 2409 405 2463 Τοῦτο
434 2411 565 2478 γοῦν
613 2412 708 2465 καὶ
762 2411 991 2483 ὕστερον
1022 2413 1261 2483 ᾐνίξατο.
1312 2414 1531 2483 Ἐπειδὴ
1580 2413 1689 2484 γὰρ
1718 2411 1812 2465 ἐπὶ

240 2498 539 2567 προσώπων
566 2499 700 2553 αὐτὸ
725 2500 921 2553 ἑκατὸν
949 2500 980 2569 ἥ
1003 2500 1292 2555 διακοσίων
1320 2502 1671 2567 ἀντέστησεν,
1695 2494 1811 2553 εἷτα

239 2578 341 2636 εἶδε
366 2586 450 2637 τὸν
474 2584 709 2654 ἀριθμὸν
734 2586 915 2654 ὀλίγον
948 2590 1015 2657 τῇ
1060 2590 1342 2657 ποσότητι,
1372 2587 1557 2640 λοιπόν
1608 2604 1774 2656 φησιν
1793 2604 1807 2617 ·

238 2664 342 2722 ’.Ωι-
374 2675 480 2726 οὐκ
504 2669 585 2741 ἦν
610 2673 780 2739 ἄξιος
816 2678 849 2728 ὀ
878 2674 1129 2743 κόσμος.
1168 2676 1372 2729 Πίστει
1408 2675 1661 2729 πλείονα
1706 2676 1810 2728 θυ-

240 2761 379 2811 σίαν
408 2762 587 2815 Ἅϐελ
629 2763 790 2828 παρὰ
829 2762 978 2817 Κάϊν
1017 2763 1395 2831 προσήνεγκε
1423 2762 1502 2827 τῷ
1528 2761 1668 2827 Θεῷ.
1703 2761 1813 2814 Θέα

244 2845 355 2898 τίνα
395 2846 609 2913 πρῶτον
639 2848 843 2918 τίθησι,
880 2848 969 2901 τὸν
1014 2848 1258 2901 παθόντα
1294 2848 1499 2914 κακῶς,
1533 2851 1627 2903 καὶ
1662 2849 1813 2918 παρά

240 2934 456 3002 ἀδελφοῦ
486 2936 640 2989 οὐδὲν
670 2937 1025 3006 ἠδικημένου,
1057 2935 1192 2989 ἀλλὰ
1217 2936 1306 2990 διά
1335 2937 1425 2989 τὸν
1459 2936 1589 2989 Θεὸν
1616 2936 1814 3007 φθονη-

242 3019 434 3086 θέντος.
466 3022 678 3075 Οὐκοῦν
718 3025 918 3075 οἰκεῖον
946 3024 1007 3075 τὸ
1039 3023 1232 3086 πάθος.
1262 3024 1370 3078 Καὶ
1405 3024 1515 3093 γὰρ
1546 3023 1715 3093 ὑμεῖς
1744 3024 1814 3077 τὰ

239 3109 406 3175 αὐτὰ,
432 3112 619 3180 φησὶν,
646 3111 897 3166 ἐπάθετε
926 3111 1043 3164 ὑπὸ
1069 3111 1186 3165 τῶν
1231 3111 1461 3166 οἰκείων
1501 3114 1813 3181 συμφυλε-

247 3194 375 3248 τῶν.
409 3198 561 3267 ’Δμα
610 3200 707 3253 καὶ
744 3199 1017 3252 δείκνυσιν
1044 3201 1126 3252 ὅτι
1162 3199 1257 3252 καὶ
1298 3199 1452 3252 αὐτοὶ
1492 3199 1812 3268 βασκαίνον-

245 3298 328 3335 ται
366 3285 454 3338 καὶ
482 3285 830 3353 φθονοῦνται.
866 3289 1157 3358 Ἐτίμησεν
1187 3288 1396 3350 ἐκεῖνος
1424 3287 1514 3340 τὸν
1543 3286 1695 3351 Θεὸν,
1721 3287 1816 3339 καὶ

246 3375 505 3431 ἀπέθανεν
544 3377 666 3431 ἀνθ’
701 3371 779 3431 ὧν
810 3378 1062 3449 ἐτίμησε,
1095 3380 1189 3432 καὶ
1219 3378 1434 3432 οὐδέπω
1464 3374 1814 3436 ἀναστάσεως

245 3462 422 3533 ἔτυχεν
454 3482 467 3497 ο
507 3465 623 3519 ἀλλ’
655 3466 687 3536 ἡ
734 3466 835 3537 μὲν
878 3465 1159 3537 προθυμία
1200 3465 1365 3519 αὐτοῦ
1418 3463 1574 3534 δήλη,
1612 3461 1707 3515 καὶ
1747 3461 1816 3514 τὰ

248 3553 371 3622 παρ’
398 3555 561 3608 αὐτοῦ
588 3554 806 3624 γέγονε,
842 3556 909 3608 τά
938 3555 994 3608 δὲ
1024 3556 1173 3626 παρὰ
1205 3555 1298 3608 106
1333 3552 1470 3606 Θεοῦ
1500 3551 1713 3605 οὐδέπω
1736 3552 1815 3613 εἰς

245 3641 399 3694 αὐτὸν
429 3644 823 3713 εἰσενήνεκται.
858 3643 1063 3696 Θυσίαν
1096 3642 1153 3695 δὲ
1194 3642 1429 3696 ἐνταῦθα
1459 3639 1682 3692 πλείονα
1715 3638 1816 3708 τὴν

245 3730 592 3800 ἐντιμοτέραν
621 3731 789 3799 λέγει,
818 3730 917 3801 τὴν
946 3730 1361 3801 λαμπροτέραν,
1392 3727 1489 3798 τὴν
1524 3729 1817 3794 ἀναγκαιο-

248 3817 422 3885 τέραν.
448 3819 559 3871 Καὶ
596 3819 698 3871 οὐκ
739 3819 957 3889 ἔχομεν,
995 3818 1184 3889 φησὶν,
1222 3818 1419 3879 εἰπεῖν,
1470 3816 1551 3868 ὅτι
1584 3816 1685 3866 οὐκ
1713 3814 1817 3866 ἀπ-

246 3908 460 3979 εδέχθηο
502 3910 805 3976 ἀπεδέξατο
860 3910 990 3978 γάρ,
1034 3909 1130 3962 καὶ
1157 3903 1274 3961 εἶπε
1330 3907 1466 3977 πρὸς
1510 3905 1600 3957 τὸν
1654 3906 1813 3958 Κάῖν·

251 3996 387 4060 οὐκ,
409 3996 483 4050 ἂν
504 3995 696 4065 ὀρθῶς
713 3996 1149 4066 προσενέγκῃς,
1175 3994 1358 4063 ὀρθῶς
1385 3993 1454 4045 δὲ
1474 3992 1559 4061 μὴ
1590 3989 1812 4058 διέλῃς-

244 4084 447 4137 υύκοῦν
480 4086 509 4136 0
540 4084 710 4137 Ἀϐελ
748 4085 848 4137 καὶ
889 4084 1063 4155 ὀρθῶς
1108 4077 1471 4154 προσήνεγκε,
1510 4080 1604 4133 καὶ
1642 4078 1818 4150 ὀρθῶς

244 4170 450 4224 διεῖλεν.
495 4172 637 4223 Ἀλλ’
673 4174 822 4243 ὅμως
878 4172 1000 4225 ἀντὶ
1048 4170 1255 4224 τούτων
1302 4170 1423 4222 τίνα
1454 4167 1551 4239 τὴν
1582 4167 1819 4238 ἀμοιϐὴν

245 4257 466 4324 Elusa];
510 4260 759 4330 Ἐσφάγη
791 4260 942 4330 παρά
993 4260 1094 4328 τῆς
1135 4256 1431 4326 ἀδελφικῆς
1483 4256 1695 4327 χειρός·
1728 4255 1823 4308 καὶ

246 4344 347 4417 τὴν
370 4346 690 4419 καταδίκην,
720 4350 786 4418 ἢν
821 4350 850 4399 0
882 4347 1066 4417 πατὴρ
1104 4346 1365 4417 ὑπέμεινε
1400 4344 1487 4397 διά
1516 4344 1614 4414 τὴν
1643 4344 1823 4413 ἀμαρ-

245 4436 389 4502 τξαν,
426 4437 631 4507 ταύτην
679 4436 896 4507 πρῶτος
952 4436 1171 4501 ἐδέξατο
1215 4434 1328 4497 υἱὸς
1371 4435 1399 4486 0
1445 4430 1818 4503 κατορθώσας,

251 4524 346 4575 καὶ
369 4524 606 4595 τοσούτῳ
640 4524 856 4593 χαλεπά
888 4522 1090 4577 ἔπαθεν
1117 4523 1227 4592 ὅσῳ
1270 4523 1364 4574 καὶ
1404 4520 1558 4591 ποιρά
1590 4518 1821 4589 ἀδελφοῦ

253 4613 349 4664 καὶ
373 4613 607 4681 πρῶτος.
630 4613 746 4665 Καὶ
765 4611 939 4664 ταῦτα
960 4609 1324 4680 κατώρθωσεν
1348 4610 1426 4668 εἰς
1447 4608 1636 4662 οὐδένα
1666 4606 1789 4662 ἰδών
1804 4622 1819 4637 ⁸

256 4699 337 4760 είς
363 4699 480 4753 τίνα
506 4699 618 4770 γάρ
651 4694 779 4763 εἶδε,
808 4699 903 4751 καὶ
937 4697 1108 4760 οὕτως
1145 4697 1374 4767 ἐτίμησε
1405 4697 1495 4751 τὸν
1528 4696 1699 4759 Θεόν;
1745 4696 1826 4757 εἰς

256 4784 347 4837 τὸν
381 4788 588 4858 πατέρα
635 4787 728 4839 καὶ
759 4787 859 4855 τὴν
911 4786 1156 4855 μητέρα;
1199 4784 1314 4837 ἀλλ’
1346 4786 1541 4837 ἐκεῖνοι
1598 4783 1826 4856 ὕϐρισαν

259 4871 409 4925 αὐτὸν
434 4876 551 4929 ἀντὶ
584 4874 695 4926 τῶν
723 4872 1076 4944 εὐεργεσιῶν.
1123 4871 1262 4923 Ἀλλ’
1311 4874 1391 4933 είς
1430 4872 1521 4924 τὸν
1558 4870 1822 4939 ἀδελφόν;

262 4959 387 5014 ἀλλά
416 4963 510 5015 καὶ
531 4957 687 5025 οὗτος
715 4962 1006 5032 ἠτίμασεν.
1038 4960 1202 5013 Ὥστε
1232 4960 1358 5032 παρ’
1384 4957 1580 5016 ἑαυτοῦ
1608 4958 1669 5017 τὸ
1690 4960 1829 5026 ἀγα-

265 5047 349 5099 θὸν
382 5049 588 5121 ἐξεῦρε.
622 5050 734 5103 Καὶ
761 5052 789 5102 0
819 5048 1089 5119 τοσαύτης
1142 5046 1219 5101 ὢν
1266 5046 1436 5121 τιμῆς
1470 5046 1642 5112 ἄξιος,
1679 5046 1731 5099 τί
1762 5046 1827 5117 δὴ

267 5136 486 5207 uinea;
520 5139 875 5209 Ἀναιρεῖται.
902 5132 1037 5191 Εἶτα
1059 5137 1155 5188 καὶ
1185 5136 1313 5193 ἄλλο
1340 5132 1620 5205 ἐγκώμιον
1644 5134 1828 5204 τίθησι

266 5224 453 5293 λέγων·
486 5227 565 5279 Δι’
589 5222 663 5295 ἧς
695 5225 1069 5295 ἐμαρτυρήθη
1121 5220 1274 5278 εἶναι
1318 5224 1567 5289 δίκαιος,
1602 5240 1826 5293 μαρτυ-

258 5313 502 5381 ροῦντος
528 5315 627 5367 ἐπὶ
658 5314 783 5379 τοῖς
812 5313 1021 5381 δώροις
1054 5313 1238 5366 αὐτοῦ
1270 5312 1375 5366 τοῦ
1413 5311 1587 5365 Θεοῦο
1631 5312 1723 5365 καὶ
1754 5310 1827 5364 δι’

265 5400 439 5467 αὐτῆς
489 5400 815 5457 ἀποθανὼν
865 5401 954 5455 ἔτι
996 5400 1189 5454 λαλεῖ.
1225 5399 1348 5464 Πῶς
1396 5399 1454 5451 δὲ
1514 5400 1609 5453 καὶ
1648 5398 1832 5462 ’ἄλλως

265 5488 606 5559 ἐμαρτυρήθη
636 5484 777 5542 εἶναι
822 5487 1064 5554 δίκαιος;
1120 5488 1349 5556 Λέγεται
1404 5487 1523 5557 πῦρ,
1572 5485 1830 5539 κατελθὸν

265 5573 404 5648 Ιέθεί]
439 5577 735 5632 ἀναλαϐεῖν
771 5575 869 5638 τὰς
912 5574 1108 5638 θυσίας
1143 5592 1154 5604 ⁸
1201 5576 1322 5629 ἀντὶ
1374 5574 1481 5646 γὰρ
1539 5574 1660 5641 106,
1705 5574 1830 5627 Ἐπὶ

268 5667 421 5721 Ἅϐελ
451 5666 775 5735 ἐπέϐλεψε,
806 5665 903 5719 καὶ
936 5665 1035 5719 ἐπὶ
1068 5663 1174 5730 τὰς
1208 5666 1424 5731 θυσίας
1450 5664 1635 5719 αὐτοῦ
1659 5667 1692 5720 ό
1714 5666 1831 5720 Κύ-

257 5771 395 5824 ριος,
436 5756 549 5812 Καὶ
603 5756 985 5824 ἐνεπύρισεν,
1040 5750 1212 5809 εἶπεν.
1261 5755 1319 5808 '0
1368 5754 1547 5809 τοίνυν
1598 5754 1692 5810 καὶ
1744 5754 1832 5809 διὰ

3378 364 3480 425 158

1902 482 2097 550 λόγων,
2155 484 2249 536 καὶ
2314 482 2381 534 δι’
2447 481 2625 553 ἔργων
2698 483 3059 554 μαρτυρήσας
3118 480 3194 548 τῷ
3266 480 3478 551 δικαίῳ,

1901 572 1996 623 καὶ
2027 571 2097 622 δι’
2132 570 2294 623 αὐτὸν
2326 569 2469 641 όρῶν
2512 568 2926 640 ἀναιρούμενον,
2967 570 3066 624 οὐκ
3114 568 3318 640 ἤμυνεν
3366 569 3480 623 ἀλλ’

1905 675 2077 711 ειασε.

1975 856 2042 926 β’.
2087 856 2159 910 Τὸ
2188 856 2246 910 δὲ
2277 856 2543 927 ὑμέτερον
2572 857 2633 910 οὐ
2669 857 2911 911 τοιοῦτον
2931 874 2945 891 ·
2978 856 3096 922 πῶς
3136 858 3265 929 γὰρ,
3315 861 3365 913 οι
3396 860 3489 915 καὶ

1905 944 2301 1013 προφήταςὸιαὶ
2313 943 2732 1014 παραδείγματα
2751 944 2987 1014 ἔχοντες,
3000 946 3092 998 καὶ
3109 946 3491 1017 παρακλήσεις

1907 1031 2130 1101 μυρίας,
2160 1034 2253 1085 καὶ
2284 1035 2486 1103 σημεῖα
2520 1034 2616 1085 καὶ
2655 1031 2910 1101 θαύματα
2958 1034 3229 1103 γενόμενα
3258 1052 3272 1099 ;
3323 1036 3489 1088 Ὥστε

1903 1120 2080 1172 έκεῖνο
2126 1118 2295 1182 ὅντως
2340 1102 2524 1182 πίστίς
2559 1115 2649 1190 ἦν.
2691 1120 2828 1173 Ποῖα
2876 1120 2984 1190 γάρ
3035 1102 3293 1190 θαύματα
3348 1120 3490 1175 εἶδεν

1905 1208 2131 1273 ἐκεῖνος,
2166 1206 2255 1259 ἵνα
2301 1206 2570 1278 πιστεύσῃ
2608 1206 2690 1259 ὅτι
2739 1206 2893 1259 ἔσται
2920 1223 3006 1269 τις
3041 1208 3188 1277 αὐτῷ
3219 1209 3489 1271 ἀντίδοσις

1903 1292 2013 1346 τῶν
2046 1292 2266 1361 ἀγαθῶν
2292 1312 2305 1359 ;
2334 1294 2458 1363 οὐχὶ
2495 1293 2603 1346 ἀπὸ
2651 1292 2888 1356 πίστεως
2937 1294 3111 1364 μόνης
3153 1294 3251 1363 τὴν
3288 1295 3490 1365 ἀρετὴν

1906 1381 2108 1447 εἴλετος
2134 1380 2199 1433 Τί
2221 1383 2356 1445 ἐστι,
2385 1381 2494 1437 Καὶ
2517 1380 2591 1433 δι’
2617 1380 2808 1448 αὐτῆς
2829 1380 3149 1434 ἀποθανὼν
3172 1380 3260 1433 ἔτι
3279 1380 3489 1442 λαλεῖς

1910 1468 2026 1521 Ἵνα
2068 1469 2143 1539 μὴ
2186 1469 2264 1531 είς
2302 1466 2505 1538 πολλὴν
2536 1468 2848 1535 ἀπόγνωσιν
2882 1468 3082 1529 αὐτοὺς
3114 1466 3348 1538 ἐμϐάλῃ,
3383 1466 3493 1519 δεί-

1908 1573 2095 1609 κνυσιν
2122 1555 2284 1609 αὐτὸν
2315 1556 2373 1609 ὲν
2406 1555 2564 1626 μέρει
2618 1553 3008 1608 ἀπολαύσαντα
3035 1553 3295 1623 ἀμοιϐῆς.
3324 1552 3489 1620 Πῶς;

1919 1643 1984 1697 Ἦ
2039 1643 2309 1713 ὲπισκοπὴ
2355 1644 2388 1713 ἡ
2435 1642 2575 1713 ὑπὲρ
2628 1641 2794 1695 αὐτοῦ
2832 1655 2881 1703 ι,
2911 1641 3068 1711 φησὶ,
3122 1641 3292 1711 πολλή
3325 1642 3444 1695 ἐστι
3476 1659 3489 1672 ο

1906 1730 2066 1785 τοῦτο
2087 1732 2196 1803 γάρ
2222 1731 2442 1803 ᾐνίξατο
2469 1730 2658 1797 είπὼν,
2694 1731 2799 1785 Καὶ
2831 1730 2919 1784 ἐτι
2948 1730 3129 1785 λαλεῖ
3151 1749 3164 1761 ·
3188 1730 3492 1796 τουτέστιν,

1908 1820 2117 1873 ἀνεῖλεν
2150 1820 2335 1881 αὐτὸν,
2373 1818 2509 1871 ἀλλὰ
2535 1819 2595 1871 οὐ
2629 1818 2944 1871 συνανεῖλεν
2984 1817 3134 1889 αὐτῷ
3186 1817 3289 1888 τὴν
3336 1818 3495 1883 δόξαν

1909 1906 2003 1959 καὶ
2036 1906 2135 1976 τὴν
2184 1907 2349 1975 τιμήν
2374 1922 2387 1936 ·
2417 1907 2479 1958 οὐ
2532 1904 2796 1977 τέθνηκεν
2838 1907 3045 1968 ἐκεῖνος
3073 1922 3086 1934 ο
3127 1905 3327 1959 οὐκοῦν
3374 1904 3497 1959 οὐδὲ

1911 1995 2068 2060 ὑμεῖς
2120 1992 2465 2059 τεθνήξεσθε.
2517 1994 2672 2065 Ὀσῳ
2725 1993 2834 2064 γὰρ
2884 1993 2950 2047 ἄν
3000 2010 3083 2056 τις
3131 1992 3497 2064 χαλεπώτερα

1913 2083 2083 2152 πάθῃ,
2128 2081 2433 2153 τοσούτῳή
2488 2081 2614 2146 δόξα
2652 2081 2872 2151 μείζων.
2928 2080 3054 2143 Πῶς
3107 2076 3201 2134 οὖν
3249 2080 3329 2134 ἔτι
3387 2081 3495 2151 γάρ

1911 2172 2094 2237 λαλεῖς
2138 2169 2309 2223 Τοῦτο
2356 2171 2451 2223 καὶ
2495 2171 2593 2224 τοῦ
2642 2170 2740 2240 ζῇν
2793 2170 3018 2239 σημεῖόν
3069 2171 3205 2235 ἐστι,
3268 2168 3363 2222 καὶ
3401 2169 3497 2223 106

1913 2260 2065 2328 παρά
2108 2260 2330 2313 πάντων
2368 2259 2613 2329 ᾅδεσθαι,
2673 2256 3058 2326 θαυμάζεσθαι
3108 2258 3205 2311 καὶ
3263 2257 3499 2327 μακαρί-

1912 2348 2101 2411 ζεσθαι
2122 2364 2135 2377 ·
2179 2350 2207 2400 0
2240 2346 2348 2417 γὰρ
2380 2346 2660 2417 παραινῶν
2704 2349 2816 2408 τοῖς
2849 2345 3030 2408 ἄλλοις
3063 2344 3294 2408 δικαίοις
3333 2341 3498 2410 εἶναι,

1910 2435 2079 2489 λαλεῖ.
2119 2435 2192 2487 Οὐ
2222 2433 2478 2487 τοσοῦτον
2506 2435 2614 2505 γὰρ
2657 2433 2808 2486 ἀνύει
2839 2432 3020 2500 λόγος,
3050 2432 3175 2485 ὅσον
3222 2432 3284 2484 τὸ
3326 2431 3499 2495 πάθος

1910 2525 1972 2578 τὸ
2000 2523 2231 2578 ἐκείνου.
2263 2524 2472 2594 Ὥσπερ
2509 2518 2603 2576 οὖν
2646 2522 2675 2574 0
2719 2521 2949 2592 οὐρανὸς
2972 2522 3302 2591 φαινόμενος
3338 2521 3500 2591 μόνον

1912 2614 2083 2677 λαλεῖ,
2118 2612 2261 2666 οὕτω
2284 2613 2381 2665 καὶ
2402 2613 2611 2674 ἐκεῖνος
2650 2628 2754 2680 μνη
2766 2611 3151 2680 μονευόμενος.
3184 2610 3300 2663 Οὐκ
3333 2608 3422 2673 ἂν,
3450 2610 3500 2661 ει

1911 2702 2246 2772 ἀνεκήρυξεν
2277 2701 2489 2765 ἑαυτὸν,
2514 2699 2615 2753 οὐκ
2639 2699 2727 2762 ἂν,
2760 2701 2809 2752 εί
2841 2699 3041 2769 μυρίας
3074 2698 3199 2769 ἔσχε
3220 2697 3499 2765 γλώσσας,

1913 2790 2007 2843 καὶ
2036 2789 2155 2859 ἔζη,
2188 2788 2361 2852 οὕτως
2393 2787 2737 2858 ἐθαυμάζετο
2784 2786 2861 2850 ώς
2898 2786 3013 2840 νῦν.
3049 2785 3363 2853 Τουτέστιν,
3399 2785 3503 2839 οὐκ

1913 2878 2222 2950 ἀτιμωρητὶ
2256 2875 2432 2930 ταῦτα
2480 2876 2696 2943 γίνεται
2731 2874 2852 2928 οὐδὲ
2890 2872 3099 2937 ἁπλῶς,
3134 2872 3257 2927 οὐδὲ
3291 2872 3501 2942 παρέρ-

1912 2983 2091 3036 χεται.
2122 2965 2343 3031 Πίστει,
2370 2963 2558 3032 Ἑνὼχ
2590 2961 2874 3032 μετετέθη
2900 2961 3007 3015 τοῦ
3032 2960 3118 3030 μὴ
3150 2959 3303 3014 ιδεῖν
3321 2959 3503 3013 θάνα-

1913 3071 2020 3109 τον
2043 3071 2055 3084 ·
2092 3053 2190 3106 καὶ
2234 3054 2346 3121 οὐχ
2386 3051 2727 3120 εὑρίσκετο,
2762 3048 2911 3102 διότι
2950 3048 3283 3118 μετέθηκεν
3314 3047 3505 3102 αὑτὸν

1846 3192 1849 3193 ν
1914 3146 1947 3197 ό
1987 3142 2131 3205 Θεός
2156 3157 2169 3169 ο
2208 3139 2323 3208 πρὸ
2352 3140 2463 3209 γὰρ
2495 3137 2607 3206 τῆς
2634 3136 3008 3206 μεταθέσεως
3052 3135 3241 3191 αὐτοῦ
3280 3151 3506 3204 μεμαρ-

1913 3230 2157 3297 τύρηται
2175 3224 2646 3294 εὐηρεστηκέναι
2675 3223 2755 3288 τῷ
2779 3222 2921 3288 Θεῷ.
2949 3224 3137 3291 Χωρὶς
3156 3222 3225 3275 δὲ
3246 3224 3506 3287 πίστεως

1913 3317 2217 3372 ἀδύνατον
2248 3312 2657 3381 εὐαρεστῆσαι
2691 3325 2703 3338 ³
2730 3310 3057 3363 πιστεῦσαι
3085 3309 3197 3377 γὰρ
3240 3307 3337 3360 δεῖ
3352 3306 3507 3375 πρῶ-

1914 3422 2020 3458 τον
2039 3403 2147 3457 τὸν
2176 3402 2668 3470 προσερχόμενον
2688 3396 2769 3462 τῷ
2794 3396 2938 3462 Θεῷ,
2963 3397 3055 3450 ὅτι
3083 3396 3238 3461 ἐστι,
3262 3393 3508 3460 καὶτοῖς

1914 3488 2270 3556 ἐκζητοῦσιν
2300 3486 2493 3542 αὐτὸν
2538 3485 2999 3556 μισθαποδότης
3055 3484 3299 3555 γίνεται.
3337 3475 3507 3543 Οὗτος

1919 3578 2139 3650 μείζονα
2176 3576 2359 3629 πίστιν
2410 3574 2504 3629 106
2562 3574 2730 3628 Ἀϐελ
2790 3573 3129 3637 ἐπεδείξατο.
3163 3572 3228 3624 Τί
3266 3571 3504 3641 δήποτε;

1920 3666 2042 3718 Ὅτι
2073 3666 2121 3717 εί
2150 3664 2241 3717 καὶ
2271 3662 2389 3733 μετ’
2415 3662 2625 3715 ἐκεῖνον
2650 3661 2897 3729 γέγονεν,
2926 3660 3064 3713 ἀλλά
3090 3659 3158 3712 τὰ
3192 3660 3271 3722 εἰς
3303 3660 3509 3712 ἐκεῖνον

1916 3754 2182 3823 γενόμενα
2210 3752 2370 3805 ἱκανὰ
2396 3747 2465 3821 ἦν
2498 3752 2661 3805 αὐτὸν
2699 3748 3065 3821 ἀποστρέψαι.
3103 3749 3128 3787 δ
3170 3748 3329 3813 Πῶς;
3369 3749 3509 3818 Προ-

1916 3842 2035 3913 ῄδει
2065 3842 2093 3892 0
2121 3840 2253 3903 Θεὸς
2280 3841 2361 3893 ὃτι
2390 3839 2697 3893 ἀπολεῖται*
2717 3834 2836 3890 εἷπε
2868 3837 2978 3908 γὰρ
3004 3836 3081 3907 τῷ
3110 3836 3272 3889 Κάῖν·
3295 3837 3509 3905 Ἥμαρ-

1918 3946 2036 3994 τες,
2075 3928 2161 3997 μὴ
2203 3926 2477 3995 προσθῇς
2517 3927 2625 3981 ἔτι.
2674 3925 2942 3996 Ἐτιμήθη
2998 3924 3131 3997 παρ’
3180 3922 3371 3989 αὐτοῦ,
3407 3924 3510 3976 οὐκ

1921 4012 2069 4088 [205]
2092 4014 2298 4083 ήμυνεν
2319 4013 2489 4084 αὐτῷ.
2516 4014 2623 4066 Καὶ
2646 4014 2768 4066 οὐδὲ
2792 4011 2953 4065 τοῦτο
2982 4013 3062 4075 είς
3095 4011 3372 4085 ρᾳθυμίαν
3424 4014 3510 4063 ὲν-

1919 4102 2110 4155 έϐαλεν
2136 4118 2151 4133 ο
2186 4101 2285 4154 οὐκ
2316 4097 2439 4155 εἷπε
2477 4102 2614 4172 πρὸς
2646 4100 2864 4165 ἑαυτὸν,
2901 4100 2999 4164 Τίς
3024 4101 3183 4172 χρεία
3208 4099 3384 4153 πόνων
3414 4098 3510 4153 καὶ

1921 4190 2213 4255 κινδύνων;
2239 4192 2266 4244 0
2297 4190 2464 4243 Ἀϐελ
2494 4189 2851 4261 ὲτίμησετὸν
2879 4189 3031 4250 Θεὸν,
3057 4189 3153 4242 καὶ¹
3174 4189 3275 4242 οὐκ
3304 4189 3510 4258 ἤμυνεν

1923 4279 2091 4350 αὐτῷ.
2128 4279 2192 4332 Τί
2218 4278 2327 4351 γάρ
2352 4278 2546 4348 όφελος
2567 4277 2645 4348 τῷ
2671 4278 2965 4332 ἀπελθόντι
2990 4280 3090 4348 τῆς
3111 4277 3383 4348 τιμωρίας
3410 4276 3512 4347 τῆς

1923 4367 2018 4421 106
2045 4366 2275 4437 ἀδελφοῦ
2300 4367 2387 4433 ;τί
2407 4366 2465 4419 δὲ
2490 4365 2700 4421 ἐκεῖθεν
2729 4364 3037 4419 ἀπόνασθαι
3063 4364 3225 4418 αὐτὸν
3252 4364 3508 4429 δυνατόν;

1924 4456 2118 4526 Θῶμεν
2156 4457 2239 4509 ὅτι
2270 4454 2514 4526 χαλεπὴν
2540 4453 2723 4507 δίδωσι
2757 4452 2915 4523 δίκην
2939 4470 2952 4485 ο
2996 4454 3049 4506 τί
3088 4454 3225 4523 πρὸς
3271 4451 3372 4505 τὸν.
3411 4452 3509 4513 άν-

1924 4542 2235 4618 ῃρημένονς
2265 4542 2430 4595 Οὐδὲν
2460 4541 2702 4595 τοιοῦτον
2728 4541 2828 4594 οὐκ
2860 4538 3035 4603 εἶπεν,
3072 4541 3173 4592 οὐκ
3202 4538 3509 4609 ἐνενόησεν,

1926 4632 2063 4686 ἀλλά
2088 4630 2263 4685 ταῦτα
2301 4632 2479 4685 πάντα
2512 4630 2781 4699 ὑπερϐάς,
2816 4628 2958 4698 ἔγνω
2991 4630 3098 4692 ὅτι,
3130 4630 3178 4680 εί
3207 4628 3339 4689 Θεὸς
3368 4626 3506 4689 ἐστι,

1927 4720 2147 4782 πάντως
2177 4719 2273 4773 καὶ
2325 4718 2694 4789 ἀνταποδότης
2730 4717 2845 4770 ἐστι
2878 4732 2895 4748 ’
2933 4716 3114 4770 καίτοι
3160 4713 3315 4767 οὔπω
3357 4713 3511 4766 οὐδὲν

1928 4809 2058 4877 περὶ
2086 4808 2436 4870 ἀναστάσεως
2464 4806 2707 4877 ᾔδεισαν.
2754 4805 2817 4856 ΕΞ
2866 4803 2923 4856 δὲ
2968 4804 3017 4855 οί
3072 4801 3242 4871 μηδὲν
3280 4798 3511 4870 μηδέπω

1928 4898 2059 4969 περὶ
2103 4896 2463 4959 ἀναστάσεως
2492 4894 2715 4956 εἰδότες,
2751 4890 2891 4944 ἀλλά
2919 4891 3012 4943 καὶ
3041 4888 3280 4943 ἐνταῦθα
3310 4889 3512 4941 τάναν-

1927 4987 2017 5040 τία
2034 4987 2270 5057 ὁρῶντες
2290 4984 2463 5047 οὕτως
2481 4983 2577 5052 εὐη
2587 4983 2858 5052 ρέστησαν
2876 4996 2890 5011 ·
2915 4979 3069 5049 πόσῳ
3088 4977 3289 5048 μᾶλλον
3312 4977 3473 5047 ἡμεῖς
3494 4992 3510 5040 ;

1928 5074 2052 5129 οὐτε
2081 5075 2191 5146 γάρ
2232 5072 2359 5144 περὶ
2392 5072 2743 5131 ἀναστάσεως
2770 5067 2992 5139 ⁴ᾔδεισαν
3023 5068 3242 5130 ἐκεῖνοι,
3274 5064 3399 5118 οὔτε
3430 5068 3510 5126 εἰς

1930 5163 2348 5239 παραδείγματα
2376 5154 2519 5229 εἶχον
2548 5158 2693 5212 ἰδεῖν.
2722 5157 2864 5213 Αὐτὸ
2908 5157 3004 5228 μὲν
3040 5155 3136 5215 οὖν
3162 5156 3321 5210 τοῦτο
3348 5153 3512 5208 αὐτὸν

1994 5450 2020 5478 ⁸
2042 5446 2125 5496 Sic
2147 5443 2298 5495 Edili.
2325 5444 2465 5495 Colb.
2488 5446 2673 5505 aulem,
2707 5444 2818 5505 παρ’
2846 5439 3012 5505 00106,

1996 5510 2022 5549 ι·
2046 5505 2303 5572 εεᾳιιεηιία
2326 5520 2426 5572 ms:
2445 5502 2546 5572 alio
2556 5499 2741 5572 gfd'ine
2766 5499 2789 5572 ς’
2818 5506 2957 5563 Πῶς
2982 5502 3097 5572 Ὅτι
3120 5502 3221 5572 00::
3251 5500 3375 5572 εἶπε,
3394 5499 3512 5563 πρὸς

1932 5562 2135 5628 ἑαυτὸν,’
2158 5570 2277 5632 ἅπερ
2322 5570 2509 5633 πολλοί⁵
2555 5568 2645 5633 Τίς,
2679 5568 2915 5633 χρεία-μοι
2936 5628 2947 5633 _
2964 5566 3121 5633 πόνων
3144 5564 3226 5633 καὶ
3250 5562 3479 5633 κινδύνων
3496 5575 3511 5617 ς

1931 5622 2136 5711 ξίροῄδει
2158 5634 2183 5679 0
2340 5632 2411 5707 δτι
2435 5622 2793 5711 ἀναιρεθήσεταξ
2815 5622 2961 5711 ’ᾆξϐελ
2981 5626 3187 5711 τιμηθεὶς
3209 5622 3505 5711 «00:00:06:

1932 5686 2063 5746 Εἶπέ
2083 5695 2171 5756 γὰρ
2194 5697 2262 5755 τῷ
2287 5686 2422 5742 Κάῑν·
2441 5686 2702 5756 νΗμοιρτες,
2715 5691 2796 5756 καὶ
2818 5690 2881 5751 μή
2898 5686 3218 5756 προσθῇς-ἔτι.
3256 5686 3511 5756 Ἱξτίμησιν

1936 5747 2195 5813 αὐτὸν,’καὶ
2216 5747 2305 5805 οὐκ
2339 5757 2422 5817 ἡμ.
2445 5747 2594 5817 αὐτῷί
2618 5754 2655 5805 Τ
2661 5747 2680 5802 ί
2691 5747 2850 5801 ’τοίνυν
2893 5747 3146 5813 όῴιλοςτῴ
3168 5749 3250 5796 ἀπ.
3273 5747 3509 5797 Βυιιιυς,
