4002 6426
157 335 264 394 157

144 448 323 499 ctione
350 444 477 497 nihil
505 442 679 497 adhuc
700 442 935 498 sciebam
956 450 1011 497 et
1046 442 1130 495 hic
1159 440 1408 496 videbant
1431 443 1720 520 contraria,

155 538 235 589 sic
266 537 374 590 Deo
403 536 759 604 placuerunt:
796 544 996 603 quanto
1020 533 1186 603 magis
1215 531 1347 586 nos?
1378 548 1549 598 neque
1579 532 1719 585 enim

158 630 234 683 illi
261 625 503 682 sciebant
546 622 618 678 de
662 620 1095 682 resurrectione,
1150 632 1324 689 neque
1371 617 1437 672 ad
1491 617 1733 685 exempla

158 725 403 788 poterant
436 716 725 784 respicere.
751 712 860 767 lloc
879 708 1093 779 quidem
1122 710 1293 779 ipsum
1327 706 1453 763 fecit
1480 724 1599 763 eum
1626 708 1737 777 pla-

157 824 279 863 cere
301 849 316 875 ,
350 805 492 876 quod
527 804 660 859 nihil
690 803 995 872 receperit,
1027 801 1121 855 Dic
1152 800 1283 854 mihi
1313 819 1325 852 :
1360 800 1565 855 sciebat
1591 797 1733 869 quod

158 899 299 952 Deus
350 904 496 949 esset
558 900 949 948 remuneratur.
1018 890 1335 947 Undenam?
1390 889 1541 945 Abeli
1590 891 1733 944 enim

155 991 392 1043 nondum
465 986 792 1041 reddiderat.
852 984 1209 1050 Quamobrem
1264 982 1365 1036 alia
1420 983 1731 1052 suggerebat

156 1085 330 1146 ratio,
389 1081 521 1135 ﬁdes
564 1088 745 1133 autem
798 1075 1066 1131 contraria
1122 1076 1186 1128 iis
1233 1086 1351 1142 qnac
1397 1074 1732 1128 videbantur.

156 1172 269 1229 Etsi
308 1187 436 1243 ergo
460 1186 551 1224 vos
576 1211 592 1235 ,
625 1169 811 1235 inquit,
839 1167 1058 1222 videatis
1085 1180 1179 1219 vos
1206 1166 1289 1218 liic
1321 1165 1448 1218 nihil
1473 1166 1731 1234 recipere,

154 1281 224 1317 ne
255 1260 655 1330 perturbemini.
683 1257 960 1326 Quomodo
980 1257 1083 1311 ﬁde
1110 1254 1396 1310 translatus
1413 1253 1736 1310 iuitEnocb?

149 1355 415 1423 Quaniam
456 1350 811 1406 translationis
836 1364 992 1404 causa
1023 1347 1122 1403 fuit
1148 1349 1287 1418 quod
1327 1349 1435 1403 Deo
1457 1349 1732 1419 placuerit.

148 1446 295 1516 quod
321 1453 495 1498 autem
539 1441 650 1496 Deo
671 1440 965 1511 placuerit,
1012 1452 1171 1494 causa
1208 1438 1308 1492 fuit
1341 1438 1493 1494 ﬁdes.
1526 1438 1657 1494 Natn
1688 1436 1734 1494 si

147 1539 467 1593 nescivisset
492 1534 634 1604 quod
676 1543 993 1602 accepturus
1031 1543 1175 1587 esset
1205 1533 1693 1587 remunerationem
1716 1573 1731 1599 ,

143 1631 425 1703 quomodo
457 1631 565 1683 Deo
588 1628 917 1697 placuisset?
946 1624 1073 1680 Sine
1101 1624 1202 1693 ﬁde
1226 1635 1396 1679 autem
1424 1624 1735 1694 impossibile

142 1735 222 1778 est
252 1726 454 1791 placere
492 1720 617 1774 Deo.
664 1716 980 1786 Quomodo?
1023 1716 1077 1773 Si
1103 1716 1244 1772 enim
1284 1716 1572 1773 crediderit
1591 1717 1736 1788 quis-

142 1820 289 1885 piam
321 1826 444 1870 esse
472 1814 637 1869 Deum
663 1819 718 1866 et
746 1810 1256 1875 remunerationem,
1319 1810 1404 1864 hic
1431 1811 1733 1865 mercedem

140 1907 400 1975 accipiet,
428 1904 565 1959 Hinc
595 1902 775 1958 evenit
823 1910 879 1956 ut
911 1900 1019 1955 Deo
1051 1901 1331 1971 placuerit.
1362 1899 1577 1955 Credere
1601 1903 1735 1955 enim

138 2006 347 2068 oportet
371 1995 691 2049 accedentem
726 1992 792 2046 ad
834 1990 995 2045 Deum
1018 1992 1154 2062 quod
1183 2004 1288 2059 est,
1352 2007 1458 2047 non
1484 1976 1610 2064 quid
1640 1994 1728 2048 sit.

139 2092 256 2146 Sed
278 2093 347 2156 si,
377 2089 443 2144 ad
474 2087 804 2143 credendum
821 2087 959 2157 quod
978 2087 1066 2153 sit,
1086 2101 1217 2157 opus
1238 2087 1307 2142 sit
1329 2086 1427 2141 tide
1445 2099 1496 2143 et
1518 2104 1620 2143 non
1645 2104 1730 2143 ra-

145 2184 414 2248 tionibus;
457 2194 524 2235 an
562 2180 687 2251 quid
713 2180 783 2235 sit
809 2180 1012 2234 ratione
1032 2178 1409 2249 comprehendi
1431 2190 1603 2251 potest
1623 2182 1645 2235 ?
1664 2181 1731 2248 si,

138 2276 294 2345 quod
314 2276 379 2330 sit
400 2280 783 2336 renumerator,
811 2271 912 2327 ﬁde
930 2286 1062 2342 opus
1083 2271 1262 2339 habet,
1304 2282 1356 2327 et
1385 2291 1489 2328 non
1527 2274 1736 2330 rationi-

136 2372 245 2427 bus
265 2387 279 2423 :
299 2368 570 2440 quomodo
584 2382 703 2438 quae
720 2366 1099 2421 suntessentiae
1115 2367 1492 2435 comprehendi
1513 2377 1736 2438 possunt

134 2461 598 2520 ratiocinatione?
646 2474 890 2531 quaenam
918 2460 1059 2514 enim
1088 2460 1427 2514 ratiocinatio
1454 2475 1517 2515 ea
1562 2470 1735 2530 potest

133 2550 413 2626 assequi?
461 2554 675 2625 quidam
734 2553 876 2606 enim
934 2551 1120 2605 dicunt
1162 2566 1289 2630 casu
1352 2552 1475 2607 ferri
1526 2553 1727 2607 omnia.

131 2645 309 2701 Vides
341 2645 485 2715 quod
513 2644 556 2698 si
583 2645 634 2698 in
666 2642 917 2697 omnibus
948 2656 1052 2695 non
1084 2641 1389 2708 credamus,
1423 2658 1528 2696 non
1560 2642 1732 2698 solum

135 2736 191 2791 in
252 2737 726 2797 remuneratione,
802 2730 897 2787 sed
945 2732 1199 2787 etiamin
1257 2731 1358 2787 hoc
1409 2733 1525 2802 ipso
1588 2733 1730 2804 quod

131 2830 209 2885 sit
269 2824 450 2888 Deus.
517 2834 743 2895 pereunt
842 2824 996 2878 nobis
1055 2824 1273 2879 omnia?
1341 2824 1494 2880 Multi
1557 2838 1733 2881 autem

132 2929 395 2993 quarunt
417 2919 686 2991 quomodo
715 2917 1003 2971 translatus
1029 2916 1097 2970 sit
1118 2915 1326 2981 Enocb,
1360 2925 1414 2970 et
1433 2931 1528 2970 cur
1550 2925 1728 2971 trans-

134 3015 321 3076 latus,
373 3024 427 3068 et
453 3026 550 3067 cur
593 3025 698 3064 non
746 3018 986 3062 mortuus
1038 3007 1107 3061 sit
1152 3022 1325 3076 neque
1370 3006 1519 3075 ipse,
1564 3022 1737 3077 neque

136 3106 334 3168 Elias;
365 3111 418 3159 et
464 3101 507 3157 si
548 3100 721 3157 adhuc
774 3100 994 3167 vivunt,
1039 3097 1309 3168 quomodo
1351 3098 1565 3165 vivant,
1595 3108 1647 3152 et
1679 3097 1732 3152 in

135 3206 255 3260 quo
274 3189 609 3245 habitu..Sed
630 3188 849 3243 omnino
874 3196 1327 3256 supervacaneum
1350 3191 1432 3237 est
1455 3182 1569 3235 hac
1593 3193 1739 3251 qua-

138 3294 291 3337 rere.
333 3281 469 3336 Nam
515 3279 658 3350 quod
711 3279 801 3333 ille
846 3276 1096 3347 quidem,
1149 3289 1342 3346 nempe
1389 3270 1578 3328 Enoch
1606 3312 1621 3335 ,
1669 3264 1738 3325 sit

141 3372 446 3429 translatus
471 3390 486 3439 ;
542 3372 628 3426 hic
664 3386 792 3426 vero
809 3412 825 3437 ,
869 3385 1059 3437 nempe
1081 3364 1226 3422 Elias
1247 3410 1261 3430 ,
1288 3367 1359 3421 sit
1387 3369 1696 3431 assumptus
1721 3401 1737 3424 ,

144 3466 415 3520 dixerunt
459 3464 757 3532 Scripturie
789 3481 803 3518 :
832 3462 919 3517 ubi
962 3471 1140 3515 autem
1182 3461 1327 3526 sint,
1387 3464 1440 3512 et
1470 3452 1742 3525 quomodo

146 3560 281 3624 sint,
315 3574 422 3613 non
441 3559 621 3613 itidem
650 3556 962 3631 adjecerunt
983 3570 996 3607 :
1018 3568 1123 3607 non
1142 3551 1368 3619 amplius
1395 3549 1536 3603 enim
1558 3546 1745 3600 dicunt

148 3668 313 3720 quam
341 3666 461 3719 qute
488 3660 611 3704 sunt
639 3646 959 3703 necessaria.
984 3644 1115 3700 Nam
1140 3643 1254 3697 inec
1278 3639 1490 3711 quidem
1515 3630 1743 3692 transla-

150 3741 228 3795 tio
273 3740 413 3795 i'acta
441 3739 541 3794 fuit
586 3739 766 3795 statim
801 3738 868 3791 ab
902 3735 1158 3800 exordio;
1207 3741 1264 3787 at
1293 3733 1523 3785 humana
1554 3736 1739 3781 natura

151 3848 310 3902 Spem
364 3833 671 3900 acciperet,
719 3828 863 3899 quod
917 3832 970 3882 et
1018 3838 1166 3880 mors
1214 3823 1631 3882 dissolveretur,
1692 3826 1748 3871 et

146 3923 358 3979 diaboli
433 3923 671 3994 tyrannis
728 3921 1000 3975 deleretur
1046 3932 1060 3970 :
1103 3916 1279 3987 quod,
1331 3915 1545 3983 inquam
1598 3922 1746 3965 mors

151 4014 549 4068 disSolveretur
602 4030 616 4066 :
683 4010 975 4065 translatus
1050 4007 1193 4062 enim
1260 4005 1359 4059 fuit
1426 4018 1532 4058 non
1605 4014 1747 4055 mor-

154 4114 318 4169 tuus,
377 4101 473 4157 sed
519 4116 586 4155 ne
642 4100 848 4155 videret
892 4106 1138 4152 mortem.
1183 4096 1468 4164 Pr0pterea
1504 4089 1746 4157 addidit,

153 4194 329 4247 Vivus
394 4199 479 4247 est
556 4191 879 4253 translatus,
946 4188 1069 4257 quia
1142 4185 1346 4256 placuit
1399 4184 1529 4237 Deo.
1601 4182 1752 4237 Sicut

159 4291 311 4343 enim
344 4295 498 4357 pater
524 4284 789 4355 quiSpiam
818 4282 1050 4336 minatus
1073 4278 1182 4332 ﬁlio
1207 4319 1222 4343 ,
1263 4278 1379 4331 vult
1399 4275 1614 4346 quidem
1640 4284 1751 4328 sta-

159 4382 259 4434 tim
291 4380 468 4432 minas
496 4377 779 4431 remittere
801 4415 816 4439 ,
849 4371 1061 4442 quando
1090 4370 1248 4425 fuerit
1276 4370 1542 4432 minatus;
1588 4366 1751 4421 susti:

158 4483 254 4527 net
307 4480 488 4525 autem
545 4479 598 4523 et
636 4475 947 4523 constanter
997 4464 1272 4535 perdurat,
1298 4471 1356 4517 ut
1381 4462 1594 4517 interim
1626 4473 1756 4516 eum

157 4568 394 4635 castiget
423 4570 478 4618 et
506 4562 828 4625 admoneat,
870 4541 1091 4613 stabiles
1117 4566 1171 4613 et
1223 4557 1406 4611 ﬁrmas
1433 4556 1614 4610 sinens
1642 4568 1759 4608 ma-

161 4670 300 4712 nere
325 4655 501 4709 minas
527 4670 541 4718 ;
580 4655 651 4707 ita
683 4653 845 4707 etiam
874 4651 1014 4705 Deus
1034 4692 1049 4717 ,
1080 4662 1229 4704 more
1258 4648 1370 4703 iere
1396 4647 1621 4701 dixerim
1650 4646 1754 4699 Ιιιι-

161 4764 334 4804 mano
355 4789 372 4811 ,
409 4762 514 4802 non
544 4745 818 4809 sustinuit,
847 4743 942 4799 sed
968 4742 1148 4797 statim
1179 4740 1411 4796 ostendit
1445 4738 1583 4809 quod
1613 4752 1761 4792 mors

163 4845 237 4898 sit
266 4842 473 4897 soluta.
530 4839 596 4893 Et
628 4836 855 4907 primum
898 4835 1027 4890 sinit
1057 4850 1177 4890 esse
1209 4828 1336 4903 justi
1366 4842 1625 4896 mortem,
1667 4844 1763 4898 per

165 4936 343 4988 tilium
372 4932 563 4985 volens
596 4938 801 4984 terrere
823 4934 1048 4997 patrem.
1078 4924 1277 4979 Volens
1305 4923 1446 4977 enim
1474 4921 1761 4976 ostendere

166 5026 319 5097 quod
353 5036 543 5079 revera
573 5029 653 5077 est
683 5021 832 5073 ﬁrma
877 5028 931 5074 et
956 5018 1163 5073 stabilis
1190 5017 1450 5072 sententia
1474 5062 1488 5079 ,
1518 5030 1621 5071 non
1651 5022 1764 5068 sta-

168 5119 270 5173 tim
319 5115 493 5170 malos
519 5154 533 5177 ,
576 5112 670 5167 sed
700 5112 861 5166 etiam
904 5124 1026 5166 eum
1053 5109 1142 5179 qui
1174 5108 1274 5178 ipsi
1306 5107 1505 5177 placuit
1535 5106 1767 5175 subjecit

168 5209 448 5280 supplicio
468 5250 485 5273 ,
516 5206 730 5261 beatum
757 5246 770 5268 ,
795 5205 1012 5274 inquam
1032 5245 1047 5268 ,
1079 5202 1223 5255 illum
1248 5200 1472 5255 Abelem
1508 5217 1520 5252 :
1551 5210 1602 5254 et
1636 5213 1774 5269 pene

171 5306 361 5359 statim
397 5309 515 5369 post
543 5299 694 5351 illum
725 5296 998 5351 transtulit
1028 5292 1211 5348 Enoch
1238 5295 1529 5347 viventem.
1569 5292 1636 5346 Et
1666 5306 1772 5346 non

174 5394 329 5448 illum
376 5388 698 5451 suscitavit,
737 5402 806 5440 ne
838 5385 1083 5455 protinus
1134 5383 1357 5438 nimium
1408 5373 1774 5447 coitﬁderent;

177 5487 274 5540 sed
304 5483 452 5538 hunc
499 5477 769 5534 transtulit
802 5477 1104 5541 viventem;
1151 5488 1247 5544 per
1289 5473 1511 5530 Abelem
1552 5473 1772 5544 quidem

182 5586 436 5640 terrens,
491 5586 585 5641 per
615 5571 757 5625 hunc
798 5579 977 5625 autem
1014 5564 1149 5623 dans
1175 5567 1353 5624 zelum
1378 5577 1432 5623 et
1475 5567 1778 5623 aemulatio-

184 5682 308 5723 nem
335 5674 399 5720 ut
438 5660 551 5719 Deo
578 5663 875 5732 placerent.
906 5659 1028 5727 Quo
1056 5659 1111 5713 ﬁt
1140 5668 1202 5713 ut
1231 5658 1340 5714 Deo
1362 5674 1470 5714 non
1493 5659 1740 5730 placeant
1765 5702 1778 5725 ,

185 5759 272 5829 qui
298 5751 487 5811 omnia
519 5767 644 5807 casu
698 5752 779 5825 agi
832 5761 887 5808 et
941 5750 1066 5807 ferri
1096 5750 1298 5815 dicunt,
1331 5754 1385 5804 et
1433 5759 1538 5800 non
1583 5754 1775 5811 exspe-

821 336 885 392 IN
925 333 1140 391 EPIST.
1181 333 1273 388 AD
1314 326 1669 390 HEBR/EOS.
1711 332 1864 391 CAP.
1908 333 1996 391 Xi.
2041 339 2270 395 iIOMIL.
2319 339 2481 396 XXII.
2520 368 2523 371 η

3294 329 3399 388 158

1825 446 1973 494 ctant
2004 448 2526 512 remunerationem,
2577 452 2634 498 ut
2660 454 2714 500 et
2741 452 2949 516 gentes.
3003 444 3071 500 iis
3118 446 3261 499 enim
3309 446 3399 514 qui

1823 530 1995 600 ipsum
2022 532 2295 600 inquirunt
2324 549 2420 603 per
2447 552 2611 605 opera
2641 546 2697 593 et
2721 538 3083 610 cognitionem
3112 547 3195 593 est
3223 552 3403 593 remu-

1829 634 2045 679 nerator
2076 624 2173 696 (a).

1899 718 1954 771 3.
1982 717 2114 772 Cum
2157 731 2285 788 ergo
2313 716 2572 772 habemus
2600 731 3081 787 remuneratorem,
3111 721 3288 775 omnia
3320 718 3402 774 l'a-

1827 809 2052 876 ciamus,
2076 823 2142 862 ne
2170 809 2438 878 privemur
2460 810 2701 864 mercede
2719 827 2834 880 qum
2859 812 3015 866 datur
3031 812 3101 867 ob
3119 814 3362 867 virtutem
3386 829 3401 867 :

1826 908 1905 953 est
1932 900 2071 953 enim
2096 897 2272 953 multis
2303 900 2728 969 prosequendum
2766 903 3013 973 lacrymis
3037 904 3195 957 talem
3223 903 3403 971 chpi-

1825 1007 1947 1048 cere
1970 997 2477 1049 retnuneratimicm.
2496 992 2565 1050 Ut
2585 996 2725 1049 enim
2745 995 2809 1050 iis
2824 997 2909 1065 qui
2939 996 3109 1065 ipsum
3129 1007 3402 1066 quaerunt,

1835 1096 1914 1138 est
1961 1086 2202 1140 redditor
2227 1088 2489 1142 mercedis
2511 1128 2524 1149 ,
2555 1086 2623 1141 ita
2655 1087 2740 1149 iis,
2778 1090 2868 1156 qui
2908 1088 3080 1156 ipsum
3115 1103 3217 1141 non
3261 1104 3405 1156 quae-

1826 1186 1983 1242 runt,
2023 1178 2396 1241 contrarium;
2476 1177 2736 1244 Quwrite,
2788 1178 2990 1247 inquit,
3047 1188 3095 1231 et
3148 1178 3405 1232 invenietis

1828 1265 2017 1337 (Mat/3.
2046 1269 2097 1322 7.
2124 1269 2203 1338 7).
2235 1268 2516 1347 Quomodo
2542 1280 2717 1322 autem
2752 1278 2925 1338 potest
2956 1266 3181 1324 inveniri
3217 1267 3405 1322 Domi-

1826 1362 1962 1415 nus?
1988 1359 2169 1431 Cogita
2200 1361 2471 1431 quomodo
2512 1362 2779 1416 invenitur
2806 1376 2994 1415 aurum
3021 1401 3037 1426 ,
3070 1376 3191 1414 cum
3222 1360 3405 1413 multis

1826 1450 2115 1506 laboribus.
2148 1450 2417 1515 Manibus,
2447 1452 2637 1521 inquit,
2668 1452 2791 1505 nteis
2820 1459 2965 1503 noctu
2994 1459 3169 1503 contra
3190 1466 3325 1514 eum,
3359 1457 3406 1502 et

1827 1561 1925 1597 non
1951 1559 2061 1596 sum
2091 1542 2327 1611 deceptus
2372 1542 2541 1614 (Psal.
2570 1544 2659 1597 76.
2686 1544 2765 1613 5).
2797 1541 2910 1597 Hoc
2936 1550 3015 1596 est
3039 1582 3055 1607 ,
3087 1541 3227 1595 sicut
3256 1556 3406 1607 quze-

1830 1637 1998 1690 rinms
2025 1635 2166 1705 quod
2197 1636 2373 1705 periit,
2395 1637 2466 1689 ita
2488 1637 2650 1689 Deum
2679 1649 3004 1704 quaeramus.
3025 1635 3215 1687 Annon
3242 1640 3404 1685 totam

1830 1738 2061 1783 mentem
2100 1729 2223 1784 illuc
2250 1728 2654 1783 convertimus?
2696 1743 2874 1781 annon
2903 1741 3093 1781 omnes
3135 1725 3407 1780 examinaa

1830 1819 1987 1873 mus?
2012 1834 2188 1872 annon
2212 1833 2435 1887 peregre
2460 1815 2879 1886 proﬁciscimur?
2918 1830 3095 1869 annon
3131 1814 3406 1884 pecuniam

1828 1911 2179 1983 pollicemur?
2228 1910 2294 1967 Ut
2319 1911 2551 1981 exempli
2573 1925 2732 1965 causa
2756 1951 2769 1974 ,
2799 1910 2843 1965 si
2874 1910 3095 1979 perierit
3123 1908 3276 1964 nobis
3304 1909 3405 1961 ali-

1831 2003 1951 2073 quis
1994 2002 2134 2057 ﬁlins
2154 2042 2170 2070 ,
2215 2001 2343 2073 quid
2368 2016 2477 2055 non
2500 2002 2753 2072 agimus?
2804 2016 2963 2072 quam
2991 2009 3187 2055 terram
3208 2041 3221 2063 ,
3265 1997 3409 2069 quod

1834 2113 1981 2152 mare
2010 2113 2115 2153 non
2141 2096 2386 2153 abimus?
2439 2111 2617 2151 annon
2646 2095 2903 2166 pecunias
2924 2136 2940 2160 ,
2995 2102 3048 2149 et
3086 2092 3275 2147 domos
3295 2132 3310 2157 ,
3355 2100 3410 2145 et

1832 2191 2010 2244 omnia
2037 2189 2267 2259 denique
2286 2187 2443 2260 hujus
2470 2188 2781 2243 inventione
2806 2184 3099 2257 posteriora
3124 2183 3409 2238 ducimus?

1830 2292 1888 2338 et
1912 2284 1955 2337 si
1983 2282 2347 2338 invenerimus
2370 2322 2386 2345 ,
2434 2280 2775 2343 detinemus,
2817 2278 3268 2346 constringimus,
3303 2288 3411 2327 non

1832 2375 2203 2442 relinquimus.
2256 2371 2328 2428 Et
2354 2372 2632 2443 quaesituri
2664 2370 2842 2425 omnia
2889 2369 3126 2439 gerimus
3176 2367 3410 2420 utinve-

1833 2469 2042 2521 niamus
2065 2465 2117 2519 id
2138 2463 2278 2535 quod
2304 2464 2557 2534 quieritur
2584 2480 2599 2518 :
2628 2470 2829 2533 quanto
2847 2459 3011 2529 magis
3040 2458 3089 2511 id
3114 2459 3165 2511 in
3197 2458 3304 2511 Deo
3331 2465 3414 2510 est

1833 2560 2161 2626 faciendum,
2191 2574 2313 2613 eum
2360 2555 2650 2628 qumrendo
2687 2564 2951 2621 tamquam
2975 2550 3171 2621 aliquid
3210 2567 3277 2605 ex
3321 2565 3414 2604 ne.

1832 2653 2114 2709 cessariis!
2166 2652 2273 2707 imo
2302 2664 2427 2706 vero
2459 2664 2561 2703 non
2611 2647 2717 2713 ita,
2758 2645 2852 2701 sed
2900 2646 3066 2699 multo
3088 2643 3272 2713 magis.
3309 2642 3414 2696 Sed

1834 2748 2086 2815 quomatn
2122 2757 2308 2797 sumus
2357 2738 2649 2803 imbecilli,
2703 2737 2897 2791 saltem
2947 2735 3088 2788 sicut
3132 2745 3186 2787 tu
3216 2734 3414 2801 quzcris

1842 2838 2091 2906 pecunias
2124 2844 2279 2901 tuas,
2301 2842 2393 2889 aut
2421 2832 2608 2896 ﬁlium,
2642 2844 2823 2900 quaere
2856 2829 3042 2883 Deum.
3100 2826 3202 2881 Pro
3229 2840 3293 2879 co
3317 2840 3411 2878 an-

1841 2944 1945 2982 non
1980 2924 2371 2997 peregrinaris?
2420 2938 2599 2977 annon
2631 2936 2725 2993 pro
2768 2918 3009 2990 pecuniis
3035 2932 3097 2972 es
3122 2916 3409 2986 aliquando

1843 3025 2067 3081 peregre
2097 3008 2406 3079 proiectus?
2431 3023 2609 3063 annon
2655 3006 2837 3060 omnia
2875 3004 3085 3058 curiose
3119 3003 3418 3059 scrutaris?

1842 3109 2018 3155 annon
2060 3099 2273 3169 quando
2325 3098 2591 3153 inveneris
2616 3138 2631 3161 ,
2675 3104 2800 3150 tunc
2839 3090 3100 3149 conﬁdis?
3153 3090 3413 3159 Quaerite,

1843 3188 2050 3261 inquit,
2102 3199 2150 3244 et
2194 3189 2455 3243 invenietis
2484 3188 2695 3259 (Matth.
2733 3185 2785 3239 7.
2812 3185 2889 3256 7).
2938 3186 3068 3239 Nam
3116 3200 3233 3254 qua:
3275 3200 3422 3253 qtae-

1843 3291 2055 3346 runtur,
2084 3295 2269 3350 magna
2298 3288 2453 3349 egent
2478 3275 2830 3332 sollicitudine
2853 3316 2867 3339 ,
2922 3275 2975 3328 in
3006 3274 3116 3327 Deo
3145 3272 3374 3326 ttiaxime
3401 3289 3413 3323 :

1845 3373 2010 3429 multa
2077 3373 2218 3429 enim
2282 3379 2406 3426 sunt
2475 3384 2594 3441 quae
2661 3366 2988 3439 prohibent,
3048 3366 3214 3421 multa
3285 3375 3412 3420 sunt

1847 3478 1966 3535 qua:
2009 3463 2288 3518 oil‘unddnt
2334 3459 2616 3526 tenebras,
2666 3459 2831 3512 multa
2869 3467 2993 3511 sunt
3038 3472 3157 3527 quae
3203 3471 3423 3528 sensum

1849 3562 2090 3612 nostrum
2130 3560 2333 3608 arcent.
2356 3552 2507 3606 Sicut
2550 3550 2693 3605 enim
2740 3549 2822 3604 sol
2863 3559 2945 3606 est
2980 3546 3331 3612 manifestus,
3376 3553 3436 3601 et

1849 3649 2097 3704 omnibus
2128 3648 2179 3700 in
2217 3646 2393 3699 medio
2424 3644 2773 3712 proponitur,
2802 3658 2903 3697 nec
2942 3656 3077 3711 opus
3105 3650 3191 3696 est
3220 3649 3279 3695 ut
3307 3656 3433 3695 eum

1852 3754 2153 3811 quaeramus
2184 3755 2199 3805 ;
2228 3739 2309 3792 sin
2341 3749 2520 3790 autem
2550 3751 2646 3790 nos
2677 3736 2822 3805 ipsos
2845 3734 3191 3798 infodiamus,
3218 3732 3435 3788 etiamsi

1853 3832 2030 3886 omnia
2063 3831 2425 3893 invertamus,
2465 3826 2633 3882 multo
2664 3827 2845 3882 labore
2894 3827 3048 3881 nobis
3086 3841 3220 3896 opus
3260 3835 3341 3881 est
3378 3837 3438 3880 nt

1853 3924 2017 3979 solem
2034 3923 2332 3976 intueamur
2354 3940 2367 3975 :
2386 3921 2455 3974 ita
2484 3918 2569 3973 hic
2593 3932 2823 3989 quoque,
2847 3918 2889 3971 si
2922 3917 2972 3971 in
3000 3916 3259 3986 profundo
3284 3917 3442 3970 mala-

1855 4030 1969 4072 rum
1999 4015 2363 4085 cupiditatum,
2386 4013 2431 4068 si
2458 4011 2762 4066 intenebris
2791 4008 2951 4065 animi
2987 4008 3442 4077 perturbationum

1857 4117 1910 4162 et
1937 4122 2113 4161 rerum
2158 4120 2278 4175 quan
2298 4104 2363 4159 ad
2384 4104 2523 4158 hanc
2544 4103 2701 4157 vitam
2734 4102 3000 4171 pertinent
3052 4115 3150 4155 nos
3198 4099 3446 4154 infoderi-

1857 4214 1998 4264 mus,
2032 4197 2119 4252 vix
2139 4210 2347 4252 sursum
2369 4195 2675 4265 aspicimus,
2695 4193 2779 4246 vix
2804 4206 2902 4246 nos
2927 4192 3199 4261 erigimus.
3229 4190 3327 4257 Qui
3358 4198 3441 4243 est

1860 4291 2069 4347 inferne
2095 4289 2346 4354 infossus,
2367 4302 2471 4358 quo
2498 4286 2666 4356 magis
2684 4299 2896 4340 sursum
2926 4282 3216 4352 aspexerit,
3242 4297 3307 4336 eo
3335 4294 3447 4334 ma-

1861 4387 1942 4456 gis
1979 4381 2128 4438 venit
2179 4378 2245 4436 ad
2301 4382 2494 4436 solem.
2543 4380 2826 4434 Pulverem
2875 4391 3003 4446 ergo
3061 4371 3398 4430 excutiamus
3430 4413 3446 4433 .

1863 4475 2017 4531 nobis
2034 4473 2330 4544 impositam
2359 4471 2635 4542 caliginem
2660 4468 3046 4540 perfringamus
3069 4482 3084 4521 τ
3109 4465 3273 4519 densa
3298 4474 3452 4518 estet

1866 4567 2184 4635 constipata,
2210 4574 2265 4619 et
2279 4579 2380 4619 non
2403 4563 2529 4617 sinit
2556 4576 2652 4617 nos
2668 4575 2878 4616 sursum
2896 4559 3157 4627 aspicere.
3173 4555 3453 4621 Quomodo

1868 4668 2075 4719 autem.
2109 4657 2296 4727 inquit,
2327 4654 2672 4724 perfringitur
2718 4664 2780 4705 ea
2809 4648 3013 4703 nubes?
3060 4646 3116 4701 Si
3164 4646 3452 4700 attraxeri-

1870 4767 1989 4807 mus
2015 4746 2193 4804 radios
2240 4745 2492 4818 spiritalis
2519 4744 2650 4799 solis
2675 4784 2691 4809 ,
2743 4741 2873 4795 solis
2904 4736 3146 4809 justiti-ae,
3193 4737 3235 4790 si
3266 4749 3456 4789 manus

1872 4844 1937 4899 ad
1958 4842 2145 4897 cmlum
2177 4841 2484 4894 attollamus
2509 4854 2523 4891 :
2557 4834 2807 4897 Elevatio,
2834 4831 3023 4901 inquit,
3045 4842 3283 4882 manuum
3312 4843 3452 4879 inen-

1873 4952 1987 4991 rum
2024 4932 2326 5001 sacriﬁcium
2376 4928 2707 4999 vespertinum
2747 4922 2919 4995 (Psai.
2952 4916 3079 4976 ΗΟ.
3108 4919 3168 4986 2)
3200 4936 3212 4973 :
3241 4919 3284 4972 si
3333 4934 3453 4972 cum

1884 5028 2128 5083 manibus
2174 5033 2404 5077 mentem
2450 5033 2663 5090 quoque
2710 5015 3078 5070 sustollamus.
3124 5010 3287 5067 Scitis
3340 5024 3455 5078 quze

1878 5118 2020 5184 dico,
2071 5132 2167 5171 vos
2196 5116 2284 5185 qui
2324 5112 2588 5183 mysteriis
2619 5110 2747 5164 estis
2782 5104 3011 5161 initiati:
3042 5103 3263 5158 fortasse
3294 5116 3453 5171 agno.

1880 5213 2028 5269 scitis
2066 5207 2207 5279 quod
2250 5206 2447 5260 dictum
2474 5209 2575 5268 est,
2608 5198 2906 5270 perspicitis
2932 5193 3074 5267 quod
3100 5193 3259 5248 tacite
3288 5190 3456 5244 inuni.

1883 5306 2105 5359 Sursum
2135 5299 2376 5354 tollamus
2398 5302 2628 5349 nostram
2646 5286 3190 5361 cogitzitioncm.i\‘ot'i
3211 5299 3307 5353 ego
3337 5282 3455 5335 mul-

1887 5407 1968 5453 tos
1982 5396 2126 5450 viros
2151 5406 2181 5446 a
2201 5402 2336 5448 terra
2353 5386 2463 5445 fere
2480 5384 2795 5459 pendentes,
2809 5392 2862 5439 et
2880 5381 3016 5437 ultra
3037 5376 3252 5435 modum
3277 5386 3465 5429 manus

1888 5487 2262 5548 extendentes,
2308 5491 2361 5537 et
2404 5495 2545 5550 agre
2584 5476 2817 5532 ferentes
2858 5471 2998 5544 quod
3028 5484 3131 5525 non
3160 5467 3325 5537 possit
3356 5460 3469 5518 Ιὶιυί

1890 5593 1949 5639 ιιι
1973 5582 2079 5638 sint
2110 5582 2161 5635 in
2195 5592 2318 5633 aere
2350 5573 2595 5639 sublimo,
2642 5578 2697 5626 et
2719 5571 2789 5625 ita
2811 5570 3089 5638 precantes
3123 5573 3456 5623 cummagna

1964 5681 2036 5743 (ιι)
2060 5679 2115 5730 In
2144 5679 2256 5743 inec
2278 5678 2427 5727 verba
2464 5673 2644 5743 desinit
2672 5668 2885 5743 homilia.
2923 5668 2985 5720 Et
3016 5663 3232 5729 quaedam
3258 5674 3307 5711 ιη
3341 5657 3460 5710 Colb

1902 5740 2027 5794 mire
2046 5740 2239 5793 confusa
2264 5748 2312 5790 et
2338 5740 2575 5801 permixta
2599 5742 2726 5785 sunt.
