4002 6426
630 229 733 286 159

636 332 1205 390 animialacritate.Sic
1230 347 1321 388 vo;
1350 334 1470 387 volo
1490 346 1701 401 semper
1728 344 1877 393 esse;
1912 327 1991 380 sin
2027 334 2209 380 autem

634 440 742 482 non
782 440 1012 496 semper,
1063 424 1248 479 saltem
1302 424 1587 492 sarpezsin
1641 436 1744 475 non
1792 433 1965 487 smpe,
2013 416 2199 471 saltem

628 526 821 591 rarius,
868 523 1056 579 saltem
1087 534 1264 585 mane,
1297 518 1486 574 saltem
1515 516 1746 585 vesperi.
1778 512 1908 568 Nam
1941 511 2029 568 dic
2056 510 2209 577 mihi,

630 634 823 675 manus
851 631 953 671 non
984 623 1134 684 potes
1178 609 1522 667 extendere?
1571 606 1799 662 extende
1836 614 2095 675 quantum
2134 603 2214 658 vis

630 711 850 765 liberam
901 704 1066 760 animi
1121 702 1488 763 voluntatem;
1520 714 1639 754 eam
1689 695 1918 752 extende
1948 710 2116 765 usque
2147 692 2215 748 ad

629 802 802 872 ipsum
833 798 1024 854 caelum
1052 812 1067 851 :
1096 794 1302 851 etiamsi
1331 793 1461 847 velis
1486 792 1656 861 ipsum
1681 798 1897 859 tangere
1924 787 2211 857 fastigium,

634 904 687 948 et
723 890 974 961 superius
1014 887 1321 952 ambulare,
1352 885 1474 939 licet
1516 882 1609 937 tibi
1655 898 1667 934 :
1712 880 1896 951 quavis
1924 878 2068 933 enim
2115 891 2214 931 ave

627 984 797 1040 levior
841 990 895 1037 et
932 981 1094 1034 altior
1162 986 1246 1033 est
1291 992 1442 1029 mens
1497 983 1698 1028 neStra.
1759 971 1981 1038 Quando
2030 977 2211 1023 autem

626 1077 788 1131 etiam
834 1072 1106 1142 acceperit
1136 1085 1254 1125 eam
1289 1083 1411 1138 qua:
1453 1081 1482 1119 a
1532 1065 1735 1135 Spiritu
1765 1063 1920 1116 datur
1951 1060 2173 1131 gratiam
2197 1099 2211 1125 ,

629 1184 815 1239 papae,
843 1181 1001 1237 quam
1033 1173 1111 1219 est
1144 1162 1302 1217 velox
1324 1201 1336 1222 ,
1371 1174 1526 1228 quam
1557 1158 1693 1211 acris
1721 1198 1734 1221 ,
1768 1166 1823 1209 ut
1853 1155 2033 1209 omnia
2062 1152 2212 1217 obit,

631 1271 689 1316 ut
733 1276 837 1314 non
888 1259 1054 1312 fertur
1101 1255 1388 1317 deorsum,
1446 1264 1618 1319 neque
1662 1248 1806 1301 humi
1858 1247 2035 1301 cadit!
2093 1245 2200 1298 llas

635 1367 835 1424 pennas
873 1349 1028 1405 nobis
1056 1358 1459 1412 comparemus;
1507 1356 1599 1411 per
1629 1354 1722 1394 eas
1754 1340 2050 1409 poterimus
2083 1351 2217 1404 pra:-

635 1442 903 1500 tervolare
937 1440 1095 1494 etiam
1128 1436 1343 1505 pelagus
1372 1432 1628 1486 ﬂuctuum
1655 1429 1810 1497 hujus
1840 1426 2043 1481 mundi.
2070 1428 2214 1479 Aves

637 1534 1023 1607 peruicissimaa
1050 1540 1104 1585 et
1142 1537 1351 1583 montes
1403 1534 1457 1578 et
1486 1524 1656 1577 saltus
1684 1532 1737 1575 et
1789 1520 1955 1575 maria
2000 1529 2055 1574 et
2098 1534 2220 1573 sco-

638 1627 788 1695 pulos
810 1626 954 1679 brevi
994 1630 1264 1677 momento
1310 1616 1564 1686 temporis
1610 1614 1787 1667 illaesa:
1821 1610 2213 1682 prsetcrvolant.

638 1718 786 1772 Talis
814 1725 895 1770 est
940 1714 1099 1768 etiam
1131 1726 1281 1765 tuens
1312 1727 1326 1762 :
1358 1724 1478 1763 cum
1506 1706 1665 1761 fuerit
1691 1706 1846 1769 alata,
1883 1702 2094 1771 quando
2120 1702 2216 1755 ab-

636 1809 892 1864 scesserit
935 1807 1002 1861 ab
1032 1806 1098 1859 iis
1120 1819 1241 1872 quae
1263 1803 1328 1856 ad
1372 1802 1509 1855 hanc
1533 1801 1692 1852 vitam
1725 1798 2033 1868 pertinent,
2085 1795 2217 1850 nihil

636 1916 752 1956 eam
779 1907 951 1969 potest
971 1895 1410 1966 apprehendere,
1444 1893 1695 1945 omnibus
1736 1900 1818 1945 est
1844 1890 2024 1954 altior,
2054 1888 2217 1942 etiam

640 1991 818 2061 ignitis
843 1990 1034 2061 jaculis
1061 1988 1281 2042 diaboli.
1331 1980 1445 2041 Non
1476 1994 1580 2039 tam
1618 1992 1759 2038 recte
1789 1983 1948 2038 telum
1998 1982 2222 2050 conjicit

638 2085 902 2147 diabolus,
948 2092 1005 2137 ut
1062 2081 1228 2152 possit
1256 2079 1395 2134 hanc
1436 2080 1699 2147 attingere
1728 2074 2219 2138 altitudinem;sed

634 2178 807 2247 jaeula
839 2176 1051 2243 quidem
1097 2172 1329 2236 emittit,
1360 2180 1443 2226 est
1463 2171 1605 2224 enim
1637 2168 1952 2239 impudens:
1985 2184 2090 2222 non
2119 2182 2216 2220 au—

643 2277 748 2319 tem
786 2264 1110 2334 assequitur,
1165 2262 1260 2317 sed
1294 2261 1457 2316 telum
1486 2258 1550 2313 ad
1580 2260 1752 2329 ipsmn
1796 2259 1953 2312 inane
1993 2256 2225 2311 reverti-

645 2368 753 2424 tur,
784 2367 838 2412 et
869 2373 972 2410 non
1009 2355 1183 2410 solum
1222 2355 1380 2407 inane
1403 2394 1417 2418 ,
1450 2351 1544 2407 sed
1579 2352 1739 2406 etiam
1770 2351 1820 2403 in
1855 2360 2014 2417 caput
2060 2349 2225 2418 ipsius

644 2449 971 2505 revertitur:
1007 2447 1159 2501 feriat
1199 2446 1340 2499 enim
1384 2443 1602 2499 omnino
1637 2453 1853 2511 oportet
1899 2441 1948 2495 id
1980 2439 2119 2510 quod
2161 2441 2227 2495 ab

647 2541 766 2611 ipso
806 2540 1050 2594 mittitur.
1080 2537 1229 2593 Sicut
1253 2550 1381 2606 ergo
1402 2534 1539 2606 quod
1559 2535 1758 2604 jacttnn
1790 2542 1872 2588 est
1898 2532 1964 2587 ab
1992 2531 2226 2585 homini-

647 2637 763 2699 bus,
789 2643 879 2687 aut
900 2631 1020 2686 ferit
1045 2646 1167 2686 eum
1196 2629 1458 2685 adversus
1479 2643 1637 2699 quem
1663 2627 1909 2690 mittitur,
1933 2636 2024 2679 aut
2048 2639 2227 2689 avem,

646 2744 738 2789 aut
767 2734 1061 2803 parietem,
1114 2740 1207 2785 aut
1232 2738 1460 2795 vestem,
1502 2737 1593 2781 aut
1642 2727 1876 2797 lignum,
1919 2734 2011 2779 aut
2049 2725 2219 2793 ipsum

649 2838 795 2883 secat
816 2840 995 2881 aerem
1027 2842 1039 2877 :
1090 2823 1161 2877 ita
1185 2822 1347 2878 etiam
1389 2819 1627 2891 jaculum
1655 2816 1876 2880 diaboli,
1931 2815 2090 2869 feriat
2113 2814 2227 2883 qni-

656 2918 777 2970 dem
806 2920 1025 2970 omnino
1047 2925 1258 2988 oportet
1284 2932 1299 2979 ;
1338 2915 1380 2968 si
1405 2923 1582 2970 autem
1610 2915 1757 2968 illum
1781 2927 1938 2984 quem
1967 2912 2100 2983 petit
2126 2925 2231 2965 non

659 3008 1025 3079 percusserit,
1077 3008 1298 3062 omnino
1329 3007 1453 3061 ferit
1492 3023 1613 3061 eum
1666 3006 1757 3076 qui
1799 3005 2015 3059 emittit.
2069 3003 2136 3058 Et
2164 3017 2231 3059 ex

656 3101 838 3154 multis
865 3099 1081 3169 quidem
1107 3099 1210 3154 hoc
1229 3108 1402 3169 potest
1428 3098 1673 3168 intelligi,
1708 3096 1848 3167 quod
1881 3095 2095 3167 quando
2133 3108 2236 3150 nos

655 3210 761 3248 non
796 3195 1050 3247 fuerimus
1076 3191 1313 3260 percussi
1342 3232 1356 3256 ,
1386 3191 1475 3244 ille
1502 3192 1723 3244 omnino
1752 3190 2050 3260 percutitur
2079 3205 2092 3241 :
2128 3194 2184 3241 ut
2209 3226 2224 3251 ,

653 3285 884 3353 exempli
910 3299 1093 3346 causa,
1128 3283 1408 3337 insidiatus
1429 3294 1512 3336 est
1538 3282 1711 3345 Jobo;
1755 3296 1877 3335 eum
1922 3296 2025 3333 non
2061 3276 2227 3341 feriit,

654 3378 747 3430 sed
777 3378 890 3448 ipse
917 3377 1015 3431 fuit
1043 3376 1182 3430 ictus
1214 3393 1227 3426 :
1254 3375 1533 3429 insidiatus
1556 3384 1637 3428 est
1666 3373 1871 3438 Paulo;
1915 3373 2088 3442 ipsum
2119 3382 2227 3424 non

655 3468 822 3533 feriit,
854 3465 947 3521 sed
978 3467 1101 3556 ipse.
1122 3463 1221 3518 fuit
1259 3463 1552 3519 sauciatus.
1605 3462 1675 3516 Et
1698 3462 1824 3526 hoc,
1869 3461 1914 3517 si
1940 3461 2235 3531 sapiamus,

1368 234 1421 291 S.
1452 233 1733 290 JOAN‘NIS
1763 230 2244 289 CHRYSOSTOMI
2270 230 2588 288 ARCIIIEP.
2622 233 3166 297 CONSTANTINOP.

3738 239 3809 298 l60

2315 324 2441 380 licet
2468 325 2650 381 videre
2673 328 2865 399 ubique
2896 331 3031 386 fieri.
3079 336 3303 401 Quando
3341 340 3482 396 enim
3514 358 3788 413 percusserit

2316 413 2537 479 feritur;
2568 418 2734 470 multo
2761 429 2937 474 autem
2981 424 3181 494 magis,
3213 431 3423 496 quando
3448 398 3813 498 adversus'illsx.

2316 506 2531 562 ensibus
2561 518 2615 564 et
2656 519 2808 564 scuto
2833 512 2953 567 fidei
2977 519 3165 571 armati
3194 530 3247 575 et
3273 525 3462 580 muniti
3483 568 3497 591 ,
3543 538 3646 586 tuto
3679 550 3820 593 eam.

2318 615 2436 654 mus
2468 617 2534 654 ne
2576 602 2851 671 capiamur
2888 614 2944 660 et
2988 622 3374 680 expugnemur.
3423 614 3651 673 Jaculum
3688 635 3820 683 autem

2315 689 2511 744 diaboli
2541 701 2625 745 est
2651 692 2786 746 mala
2816 695 3100 764 cupiditas.
3148 699 3227 755 Ira
3260 706 3491 761 maxime
3512 718 3589 763 est
3614 711 3743 780 ignis.
3764 732 3823 773 est

2315 785 2522 837 ﬂamma
2543 827 2556 850 ,
2585 788 2810 856 arripit,
2836 790 2977 844 tollit
3003 832 3016 855 ,
3072 793 3307 851 incendit
3336 816 3348 851 :
3396 816 3496 855 nos
3519 819 3635 859 vero
3662 809 3827 865 lenitate

2314 886 2367 929 et
2415 878 2667 945 patientia
2711 895 2831 934 eam
2872 884 3298 955 exstinguamus.
3345 890 3418 947 Ut
3464 896 3601 949 enim
3646 902 3826 958 candens

2317 966 2515 1021 ferrum
2544 985 2681 1040 aqua
2735 973 2957 1027 tinctum
3006 976 3178 1042 ignem
3210 982 3423 1049 perdit:
3452 984 3520 1039 ita
3552 987 3623 1041 ira
3657 991 3696 1043 si
3717 994 3758 1046 in
3778 995 3830 1049 le-

2313 1073 2435 1111 nem
2484 1069 2539 1114 et
2584 1062 2876 1130 patientem
2910 1066 3199 1134 inciderit,
3256 1071 3386 1126 nihil
3432 1089 3552 1128 enm
3579 1056 3735 1146 lmdit,
3765 1086 3831 1139 sed

2312 1153 2479 1222 magis
2512 1153 2685 1223 juvat,
2732 1163 2787 1209 et
2840 1156 2953 1224 ipse
2996 1160 3176 1213 evadit
3213 1161 3370 1233 longe
3408 1164 3614 1221 fortior.
3658 1170 3828 1227 Leniuti

2311 1244 2453 1298 enim
2494 1253 2548 1298 et
2601 1246 2871 1315 patientiae
2923 1248 3051 1303 nihil
3110 1262 3283 1319 potest
3338 1257 3653 1326 :equiparari
3690 1278 3700 1314 :
3743 1280 3828 1320 nam

2311 1336 2399 1405 qni
2456 1346 2539 1390 est
2591 1336 2873 1406 ejusmodi,
2904 1344 3226 1398 contumelia
3277 1360 3572 1416 numquam
3616 1352 3825 1420 afﬁcitur;

2311 1427 2405 1481 sed
2433 1427 2571 1481 sicut
2609 1444 2712 1482 non
2753 1430 3062 1486 sanciantur
3109 1448 3335 1505 corpora
3386 1437 3741 1509 adamantina,
3780 1446 3829 1502 ita

2313 1534 2412 1574 nec
2432 1518 2736 1591 bujusmodi
2779 1523 2972 1578 animae
3006 1542 3019 1577 :
3049 1536 3176 1580 sunt
3221 1529 3365 1583 enim
3397 1534 3694 1600 superiores
3726 1537 3835 1601 jacu-

2313 1610 2395 1664 lis.
2448 1612 2703 1667 Excelsus
2735 1615 2876 1668 cnim
2899 1656 2913 1681 ,
2961 1624 3015 1671 et
3060 1617 3197 1673 adeo
3224 1623 3473 1676 excelsus
3500 1632 3581 1678 est
3616 1625 3657 1679 is
3681 1629 3754 1696 qui
3782 1641 3835 1684 est

2314 1702 2452 1757 lenis
2502 1712 2557 1757 et
2613 1705 2854 1773 patiens,
2910 1716 2965 1761 ut
3022 1723 3091 1763 ne
3155 1711 3363 1781 plagam
3408 1714 3620 1783 quidem
3667 1732 3692 1769 a
3734 1718 3835 1785 jactu

2311 1794 2558 1862 accipiat.
2590 1794 2812 1861 Quando
2835 1796 2927 1852 ille
2962 1797 3236 1867 efferatur,
3281 1811 3335 1855 tu
3384 1804 3502 1858 ride
3533 1824 3546 1859 :
3577 1806 3681 1861 ride
3703 1821 3831 1866 autem

2313 1903 2418 1941 non
2481 1901 2698 1959 aperte,
2746 1900 2805 1946 ut.
2851 1909 2956 1948 non
3018 1898 3233 1966 irrites,
3288 1903 3385 1957 sed
3446 1904 3499 1958 in
3556 1906 3715 1961 anima
3772 1926 3834 1966 sui

2313 1982 2453 2052 apud
2488 1992 2537 2037 te
2583 1984 2698 2039 ride
2738 1987 2956 2056 propter
2998 1997 3069 2045 te.
3120 1991 3332 2049 Etenim
3378 1996 3448 2052 de
3475 1998 3651 2068 pueris
3670 2000 3832 2071 quando

2317 2088 2412 2126 nos
2435 2088 2557 2127 cum
2588 2090 2660 2127 Ira
2696 2078 3055 2144 percnsserint
3077 2118 3093 2142 ,
3144 2089 3414 2149 tamquam
3450 2094 3509 2133 se
3540 2080 3832 2137 ulciscentes.

2316 2163 2570 2219 ridemus.
2608 2164 2663 2220 Si
2686 2181 2812 2234 ergo
2854 2168 3035 2222 riseris
3056 2211 3069 2234 ,
3095 2178 3297 2224 tantum
3332 2172 3473 2225 inter
3502 2178 3554 2223 te
3578 2167 3763 2223 ctillum
3784 2168 3833 2219 iu-

2321 2257 2509 2310 tererit
2531 2298 2545 2323 ,
2574 2269 2828 2327 quantum
2858 2260 2997 2313 inter
3023 2276 3242 2329 puerum
3271 2270 3327 2316 et
3359 2263 3535 2315 virum
3564 2278 3577 2313 ε
3614 2260 3685 2313 sin
3708 2268 3833 2311 autem

2319 2347 2581 2413 ell‘eraris,
2606 2350 2773 2405 factus
2802 2367 2859 2405 es
2913 2368 3045 2422 puer
3075 2370 3089 2407 :
3122 2354 3299 2423 pueris
3325 2355 3475 2408 enim
3514 2351 3836 2422 insipientiores

2322 2440 2571 2510 suntqui
2624 2441 2946 2496 irascuntur.
3001 2444 3092 2498 Dic
3139 2446 3284 2499 enim
3334 2444 3509 2509 mihi,
3548 2444 3594 2498 si
3642 2442 3836 2513 qiiispinm

2325 2546 2549 2600 puerum
2589 2532 2783 2588 viderit
2802 2535 3083 2591 ell'eratum
3105 2577 3119 2601 ,
3142 2552 3323 2592 nonne
3351 2537 3584 2592 irridet?
3613 2535 3710 2589 [loc
3729 2536 3838 2588 etiam

2328 2623 2379 2677 in
2414 2624 2565 2679 iratis
2591 2624 2910 2681 observatur
2944 2646 2956 2681 :
2983 2630 3118 2683 tales
3148 2640 3271 2684 sunt
3307 2630 3478 2683 etiam
3510 2626 3838 2699 pusillanimes:

2324 2716 2367 2770 si
2402 2725 2580 2772 autem
2606 2718 2973 2787 pusillanimes
3003 2729 3146 2786 sunt,
3188 2721 3335 2776 stulti
3363 2734 3584 2789 quoque
3621 2726 3751 2771 sunt:
3775 2715 3839 2780 Qui

2326 2810 2489 2854 autem
2511 2804 2703 2871 pusilli,
2725 2805 2910 2872 inquit,
2936 2815 3007 2859 est
3024 2808 3200 2870 animi,
3215 2818 3285 2861 est
3306 2811 3460 2863 valde
3480 2811 3701 2881 insipiens
3716 2808 3841 2881 (Pm.

2333 2890 2416 2943 l4.
2447 2890 2764 2962 9.9).Quiest
2788 2894 2943 2963 igitur
2973 2896 3248 2965 insipiens,
3268 2910 3350 2953 est
3379 2900 3578 2954 infans.
3611 2901 3669 2953 Et
3693 2904 3841 2969 quiest,

2326 2982 2514 3051 inquit,
2534 2988 2746 3054 patiens,
2769 2998 2842 3040 est
2863 2988 3051 3043 multus
3066 2990 3115 3043 in
3131 2992 3425 3061 prudentia.
3447 2993 3590 3048 Hanc
3607 2994 3739 3063 igitur
3749 2995 3843 3047 mul-

2329 3084 2433 3129 tam
2477 3090 2859 3147 persequamur
2888 3082 3214 3149 patientiam,
3261 3083 3399 3138 unde
3449 3086 3613 3138 multa
3654 3101 3679 3138 a
3722 3084 3842 3153 probis

2328 3167 2460 3223 viris
2485 3170 2777 3241 acquiritur
2800 3174 3089 3243 sagacitas;
3137 3184 3192 3227 ut
3212 3191 3565 3246 assequamur
3598 3178 3712 3232 bona
3740 3176 3842 3231 nobis

2332 3260 2591 3329 promissa
2615 3302 2629 3327 ,
2656 3261 2709 3316 in
2734 3262 2950 3318 Christo
2978 3264 3105 3320 Jesu
3138 3265 3365 3320 Domino
3385 3277 3581 3322 nostro
3601 3309 3614 3333 ,
3651 3284 3753 3323 cum
3774 3281 3842 3334 quo

2336 3350 2473 3405 Patri
2504 3366 2605 3406 una
2640 3368 2760 3408 cum
2797 3363 2985 3409 sancto
3014 3356 3218 3425 Spiritu
3247 3358 3417 3427 gloria
3442 3402 3457 3424 ,
3486 3361 3756 3430 imperium,
3777 3359 3840 3411 ho-

2336 3456 2436 3495 nor
2461 3458 2604 3498 nunc
2624 3455 2679 3500 et
2704 3461 2937 3517 semper,
2961 3458 3016 3502 et
3044 3448 3095 3502 in
3118 3450 3313 3503 sarcula
3346 3454 3684 3504 saeculorum.
3710 3454 3841 3503 Amen.

3492 3553 3857 3573 ———-——_

1960 3620 2307 3682 HOMILIA
2350 3624 2591 3685 XXIII.

662 3748 792 3805 Ctr.
830 3752 914 3806 ll.
948 3766 999 3804 v.
1027 3751 1079 3806 7.
1112 3749 1242 3803 Fide
1283 3746 1419 3814 Noe,
1460 3762 1704 3815 responso
1733 3752 1934 3814 accepto
1960 3743 2023 3796 de
2050 3744 2113 3797 iis
2137 3758 2250 3812 quae

736 3846 903 3898 adhuc
949 3860 1050 3898 non
1098 3842 1412 3905 videbantur,
1471 3850 1695 3893 metuens
1747 3840 1939 3907 aptavit
1979 3852 2151 3888 arcam
2198 3836 2251 3888 in

737 3936 951 3990 salutem
980 3934 1161 3987 domus
1185 3948 1327 3998 sua;
1371 3948 1459 4001 per
1497 3947 1648 4001 quam
1675 3928 1931 3981 damnavit
1962 3926 2207 3979 mundum
2240 3942 2252 3955 ⁸

740 4038 786 4082 et
817 4027 1044 4090 iustitim,
1068 4040 1183 4096 qum
1208 4006 1297 4095 per
1322 4024 1474 4091 ﬁdem
1500 4030 1592 4087 est,
1619 4021 1759 4073 lieres
1787 4029 1861 4073 est
1886 4019 2161 4071 institutus.

743 4120 796 4173 l.
843 4117 990 4182 Fide,
1024 4133 1283 4188 responso,
1310 4115 1498 4185 inquit,
1525 4121 1727 4181 accepto
1756 4109 1889 4165 Noe.
1915 4111 2064 4166 Sicut
2090 4109 2257 4164 Filius

679 4209 771 4263 Dei
800 4210 867 4263 de
898 4223 997 4261 suo
1040 4208 1264 4277 loquens
1294 4205 1523 4259 adventu
1552 4203 1785 4267 dicebat,
1825 4200 1892 4255 In
1927 4202 2101 4255 diebus
2144 4199 2259 4253 Noe

673 4303 921 4356 tmbebmit
952 4310 999 4355 et
1028 4309 1236 4371 nuptum
1266 4298 1454 4352 dabant
1491 4296 1642 4368 (Luc.
1675 4280 1762 4350 i7.
1801 4296 1910 4364 27)
1944 4312 1955 4346 :
1991 4294 2060 4347 ita
2093 4303 2143 4348 et
2172 4291 2261 4346 hic

677 4395 830 4449 dicit.
858 4393 1046 4448 Merito
1073 4390 1360 4463 Apostolus
1382 4404 1593 4460 quoque
1635 4389 1713 4443 eis
1752 4387 2158 4443 convenientem
2208 4386 2259 4438 in

673 4488 983 4543 memoriam
1002 4480 1915 4541 revocavitsitnililudinem.Enoclii
1931 4480 2070 4535 enim
2090 4494 2262 4533 exem-

673 4584 817 4650 plum
833 4588 952 4636 erat
976 4579 1147 4634 solum
1172 4576 1471 4647 exemplum
1500 4574 1642 4640 fidei,
1666 4574 1779 4629 Noe
1796 4589 1921 4628 vero
1953 4571 2260 4641 exemplum

671 4674 832 4733 etiam
863 4669 1264 4726 incredulitatis.
1301 4667 1375 4722 Ea
1416 4675 1595 4722 autem
1646 4674 1729 4721 est
1775 4663 2012 4735 perfecta
2067 4678 2264 4718 conso-

674 4766 800 4820 latio
848 4772 903 4819 et
954 4761 1288 4825 exhortatio,
1319 4759 1532 4829 quando
1561 4772 1666 4813 non
1699 4758 1871 4811 solum
1911 4757 1999 4826 qui
2019 4754 2264 4809 credide-

677 4863 801 4909 runt
840 4855 1181 4909 inveniuntur
1213 4851 1425 4923 probari
1456 4852 1590 4906 etin
1641 4850 1780 4904 bona
1825 4864 1943 4904 esse
1994 4847 2266 4903 existima-

679 4948 824 5001 tione
848 4945 999 5012 ,,sed
1039 4946 1199 4999 etiam
1249 4943 1338 5012 qui
1372 4958 1474 4997 non
1504 4940 1730 4995 credunt
1760 4939 2032 5009 patiuntur
2051 4945 2265 4993 contra-

680 5038 780 5091 ria.
830 5035 966 5104 Quid
1007 5036 1151 5089 enim
1198 5034 1366 5089 dicit?
1413 5032 1543 5087 Fide
1585 5048 1828 5102 respltnso
1873 5040 2076 5099 accepto
2126 5028 2262 5084 Noe.

683 5126 815 5196 Quid
841 5127 941 5180 hoc
967 5127 1087 5180 est?
1118 5124 1439 5180 Praedictum
1467 5124 1539 5178 illi
1570 5124 1760 5189 fuerat,
1790 5122 1978 5192 inquit.
2017 5122 2266 5191 Respon-

685 5235 797 5274 sum
829 5224 1006 5271 autem
1040 5212 1304 5285 significat
1335 5211 1664 5282 prophetiam
1700 5230 1712 5263 :
1752 5226 1871 5265 nam
1906 5209 2030 5263 alibi
2057 5222 2269 5279 quoque

686 5314 755 5365 ita
783 5310 913 5364 dicit
944 5306 1170 5362 :Fuerat
1208 5306 1251 5360 ei
1286 5320 1582 5371 responsum
1615 5304 1855 5371 aSpiritu
1901 5311 2074 5356 sancto
2117 5300 2267 5371 (Luc.

688 5406 739 5461 2.
771 5404 842 5458 26
868 5405 926 5472 );
973 5411 1029 5457 et
1075 5412 1281 5465 rursus,
1336 5396 1397 5451 Et
1432 5397 1555 5465 quid
1594 5395 1714 5448 dicit
1754 5411 2049 5466 responsum
2092 5394 2268 5464 (Rom.

694 5499 779 5551 ll.
808 5496 841 5551 4
862 5493 917 5565 )?
944 5491 1110 5547 Vides
1142 5505 1321 5560 parem
1363 5487 1624 5542 honorem
1663 5486 1933 5555 Spiritus?
1961 5486 2100 5540 sicut
2128 5484 2270 5539 enim

696 5593 833 5647 Deus
864 5586 1174 5660 respondet,
1201 5586 1270 5640 ita
1301 5583 1462 5640 etiam
1504 5581 1736 5652 Spiritus
1762 5588 1996 5637 sanctus.
2038 5579 2147 5637 Cur
2176 5594 2274 5634 au-

2354 3752 2460 3797 tem
2500 3740 2577 3796 sic
2606 3737 2777 3794 dixit?
2806 3735 2873 3792 Ut
2897 3734 3143 3790 ostendat
3180 3746 3504 3802 reSponsum
3544 3743 3655 3784 esse
3687 3725 3853 3797 prophe-

2356 3835 2503 3887 tiam.
2533 3830 2676 3884 Deiis
2705 3844 2817 3899 qua:
2838 3828 3001 3881 adhuc
3026 3841 3127 3878 non
3151 3823 3468 3883 videbantur,
3490 3822 3674 3889 inquit;
3700 3819 3776 3871 hoc
3791 3826 3855 3877 esi,

2356 3926 2423 3980 de
2466 3922 2639 3995 pluvia
2665 3939 2678 3976 :
2700 3920 2902 3976 veritus
2927 3929 2981 3974 et
3022 3917 3123 3972 sibi
3153 3929 3348 3971 cavens
3393 3913 3687 3970 Construxit
3718 3924 3855 3964 arcam.

2361 4016 2515 4070 Ratio
2558 4013 2770 4083 quidem
2817 4010 2949 4064 nihil
2996 4008 3099 4063 tale
3150 4006 3413 4076 suggessit
3471 4023 3485 4059 :
3538 4014 3733 4075 nuptum
3764 4001 3856 4053 enim

2355 4110 2552 4164 dabant
2579 4113 2632 4161 et
2660 4104 2949 4167 nubebant,
2980 4116 3074 4155 aer
3090 4108 3203 4154 erat
3232 4113 3417 4167 purus,
3449 4102 3599 4167 signa
3622 4110 3711 4148 non
3730 4100 3855 4147 erant;

2358 4200 2451 4254 sed
2480 4192 2655 4253 tamen
2680 4196 2772 4250 ille
2792 4203 2874 4250 est
2898 4192 3103 4247 veritus
3134 4207 3148 4241 :
3187 4189 3308 4244 ideo
3337 4189 3417 4243 sic
3446 4188 3579 4242 dixit
3609 4204 3621 4239 :
3648 4179 3853 4238 Fiderl'oe.

2359 4307 2599 4362 responso
2646 4297 2852 4356 accepto
2897 4287 2960 4340 de
3009 4286 3073 4339 iis
3114 4299 3226 4350 qua:
3266 4281 3435 4335 adhuc
3486 4298 3585 4334 non
3628 4277 3856 4332 ridebantur.

2360 4395 2601 4444 metuens,
2627 4380 2910 4436 construxit
2936 4394 3107 4432 arcam
3132 4378 3186 4430 in
3212 4376 3425 4429 salutem
3451 4376 3626 4427 domus
3650 4388 3752 4426 suis.
3769 4368 3861 4432 000-

2363 4474 2559 4530 modo?
2598 4472 2702 4526 Per
2733 4488 2885 4542 quam
2912 4468 3263 4523 condemnavit
3292 4467 3558 4519 mundum.
3586 4460 3859 4517 Ostenditeos

2363 4567 2554 4636 dignos
2581 4563 2866 4633 supplicio,
2908 4561 2999 4630 qui
3040 4574 3139 4613 nec
3166 4572 3263 4627 per
3291 4557 3438 4610 illam
3467 4555 3672 4624 quidem
3692 4560 3860 4606 consim-

2363 4659 2594 4712 etionem
2626 4653 3050 4722 corrigebantur,
3084 4662 3186 4702 nec
3211 4646 3616 4714 resipiscebant.
3651 4643 3705 4698 Et
3715 4640 3860 4711 justiti!

2377 4763 2491 4821 qua:
2521 4763 2609 4818 per
2635 4746 2790 4810 ﬁdem
2818 4750 2910 4805 est,
2942 4741 3081 4793 lieres
3106 4746 3176 4790 est
3203 4735 3496 4797 institutus;
3523 4731 3619 4784 hoc
3650 4734 3735 4786 est,
3757 4735 3802 4774 ex
3821 4728 3859 4768 οο

2365 4814 2544 4913 justus
2589 4836 2856 4908 apparuit,
2908 4831 3051 4903 quod
3095 4830 3207 4884 Deo
3247 4824 3495 4881 credidit.
3537 4814 3861 4913 [loceuim

2371 4894 2566 4987 animae
2611 4894 2820 4984 sincere
2849 4925 2899 4978 in
2927 4894 3052 4978 eum
3086 4918 3311 4982 affectte,
3356 4922 3411 4969 et
3445 4928 3565 4983 quae
3588 4906 3757 4978 judicat
3778 4894 3861 4952 nihil

2372 5038 2493 5080 esse
2522 5002 2638 5090 ejus
2666 5016 2844 5073 verbis
2872 5009 3206 5073 credibilius,
3252 5007 3391 5061 sicut
3417 4999 3721 5059 contrarium
3747 4993 3861 5043 incre'

2372 5087 2589 5171 dubias.
2621 5112 2714 5167 Est
2748 5118 2926 5164 autem
2956 5104 3318 5175 perspicuum,
3357 5095 3498 5168 quod
3542 5091 3664 5146 fides
3688 5087 3861 5175 aperanti

2370 5208 2651 5278 justitiam.
2679 5202 2829 5257 Sicut
2862 5199 3003 5254 enim
3046 5209 3145 5250 nos
3189 5203 3506 5261 responsum
3550 5167 3860 5278 accepitallsd“

2373 5266 2640 5371 gehenna,
2688 5295 2758 5347 ita
2810 5291 2897 5344 ille
2945 5300 3182 5358 quoque.
3226 5280 3389 5351 Atqui
3438 5288 3561 5333 tunc
3604 5266 3861 5371 irridcln‘llllf.

2377 5355 2500 5447 tunc
2541 5355 2751 5458 probris
2791 5355 3125 5437 afﬁciebatur
3155 5384 3210 5430 et
3246 5370 3690 5428 subsannabatur;
3727 5355 3793 5410 θεά
3814 5362 3859 5402 ω’

2376 5498 2497 5538 men
2539 5455 2605 5534 ad
2645 5476 2771 5531 nihil
2820 5474 3007 5527 horum
3065 5466 3274 5537 aSpexit
3305 5482 3318 5518 :
3349 5463 3401 5519 8.
3458 5459 3582 5513 Fide
3617 5455 3692 5523 qui
3722 5456 3856 5501 τοωιω

2376 5576 2632 5632 Abraham
2655 5570 2867 5627 obedivit
2894 5568 2946 5621 in
2972 5566 3137 5620 locum
3158 5561 3315 5625 exire,
3342 5573 3489 5630 quem
3515 5558 3771 5619 acceptum
3792 5543 3857 5589 cn"
