4002 6426
146 370 240 427 iiii

145 511 202 546 ιη
232 492 594 557 hereditatem;
637 500 685 547 et
723 491 845 546 exiit
873 492 1098 547 nesciens
1121 509 1220 564 quo
1243 493 1356 547 iret.
1384 494 1439 550 9.
1478 492 1611 549 Fide
1638 494 1730 549 deo

142 594 372 638 moratus
396 591 467 637 est
491 582 543 636 in
572 590 706 636 terra
734 581 1141 652 repromissionis
1170 593 1425 655 tamquam
1453 586 1506 639 in
1536 586 1725 653 aliena,

139 674 196 729 in
224 675 411 729 casulis
450 673 726 727 habitando
759 689 876 726 cum
914 670 1066 727 Isaac
1104 682 1152 728 et
1192 672 1353 729 Jacob
1390 676 1722 731 coheredibus

136 764 547 835 repromissionis
571 762 815 833 ejusdem.
844 763 1012 830 Quem
1036 763 1177 818 enim
1206 764 1359 833 vidit,
1382 764 1469 821 dic
1493 766 1643 833 mihi,
1668 778 1725 823 ut

134 872 258 910 eum
286 854 675 910 aemularetur?
703 863 907 921 patrem
956 853 1142 909 habuit
1179 856 1431 925 gentilem
1470 868 1525 913 et
1555 857 1726 912 idolo-

135 946 347 1012 latram,
381 961 485 1000 non
518 945 760 1000 audierat
796 943 1105 1015 prophetas,
1150 946 1423 1001 nesciebat
1452 964 1558 1017 quo
1598 948 1720 1005 iret.

129 1037 263 1091 Nam
291 1037 542 1107 quoniam
580 1035 645 1089 ad
681 1050 775 1090 eos
799 1035 1134 1105 aspiciebant
1163 1038 1252 1107 qui
1284 1038 1626 1093 crediderant
1655 1056 1719 1095 cx

126 1127 414 1194 Hebraeis,
458 1136 517 1182 ut
558 1126 648 1197 qui
687 1126 823 1181 bona
868 1127 1240 1196 percepissent
1284 1129 1716 1197 innumerabilia,

121 1219 369 1275 ostendit
401 1218 542 1289 quod
571 1219 745 1273 nullus
772 1218 946 1273 adhuc
974 1219 1263 1290 quidquam
1294 1223 1579 1293 acceperit,
1620 1224 1718 1280 sed

118 1327 319 1367 omnes
362 1312 468 1366 sint
494 1327 522 1365 a
554 1310 775 1380 prmmio
807 1311 1097 1379 immunes,
1129 1320 1184 1367 et
1220 1313 1400 1368 nullus
1428 1314 1605 1371 adhuc
1637 1317 1717 1370 ul-

116 1404 231 1457 lam
276 1402 525 1458 habuerit
558 1403 1068 1457 remunerationem.
1112 1402 1326 1458 Excidit
1368 1404 1457 1459 ille
1484 1414 1539 1461 et
1565 1422 1596 1461 a
1624 1422 1716 1477 pa-

113 1497 225 1549 tria
256 1505 314 1551 et
340 1513 369 1551 a
398 1496 578 1561 domo,
623 1506 678 1552 et
723 1498 853 1552 exiit
892 1497 1141 1552 nesciens
1180 1513 1287 1568 quo
1322 1499 1442 1555 iret.
1480 1500 1546 1556 Et
1586 1501 1712 1571 quid

112 1587 321 1640 mirum
352 1588 393 1642 si
428 1589 559 1656 ipse,
592 1603 711 1642 cum
737 1587 852 1653 ejus
877 1602 1091 1658 quoque
1116 1603 1299 1643 semen
1325 1590 1405 1645 sic
1425 1589 1713 1646 habitarit?

112 1678 328 1735 Videns
356 1681 567 1749 quidem
597 1690 743 1734 certe
774 1694 877 1733 non
908 1680 1113 1749 impleri
1140 1682 1570 1751 promissionem,
1600 1700 1704 1739 non

108 1771 394 1841 elanguit;
426 1771 558 1825 dixit
588 1772 729 1826 enim
764 1789 777 1825 :
814 1770 924 1824 Tibi
946 1771 1074 1824 dabo
1097 1781 1280 1825 terram
1296 1772 1445 1839 hanc,
1466 1782 1509 1827 et
1530 1776 1710 1829 semini

102 1876 197 1919 tuo
230 1861 385 1934 (Gen.
420 1863 506 1918 12.
530 1863 607 1931 7).
633 1860 776 1915 Vidit
806 1860 972 1916 ﬁlium
1012 1861 1120 1915 illic
1147 1860 1498 1931 habitantem,
1527 1874 1581 1917 et
1611 1880 1706 1919 ne—

98 1972 209 2025 pos
240 1971 429 2010 rursus
452 1969 511 2009 se
541 1954 670 2009 vidit
698 1954 1021 2007 habitantem
1067 1953 1119 2006 in
1152 1953 1347 2019 aliena,
1380 1962 1432 2008 et
1487 1969 1590 2008 non
1623 1965 1705 2010 est

97 2049 385 2101 turbatus.
423 2045 555 2100 Nam
593 2044 735 2114 quod
761 2043 827 2098 ad
852 2043 1125 2098 Abraham
1158 2043 1374 2114 quidem
1403 2045 1615 2111 attinet,
1650 2045 1701 2100 id

92 2138 211 2191 fuit
256 2140 386 2190 satis
426 2148 866 2201 consentaneum,
910 2142 1095 2204 utpote
1133 2133 1275 2203 quod
1307 2134 1589 2201 promissio
1618 2136 1685 2189 ad

89 2228 363 2280 effectum
394 2236 574 2295 postea
618 2233 763 2279 esset
807 2222 1123 2279 deducenda
1155 2223 1207 2277 in
1247 2237 1446 2294 genere
1489 2225 1696 2294 ipsius;

97 2319 444 2378 quamquam
484 2311 581 2380 ipsi
628 2326 842 2381 quoque
887 2311 1086 2365 dictum
1131 2319 1234 2380 est,
1278 2311 1395 2367 Tibi
1438 2325 1484 2370 et
1519 2314 1703 2371 semini

98 2409 195 2451 tuo
233 2417 252 2453 :
280 2416 411 2465 non,
443 2401 546 2454 Per
573 2416 757 2455 semen
790 2412 934 2455 tuum
967 2400 1083 2465 tibi,
1115 2401 1231 2466 sed,
1278 2400 1394 2456 Tibi
1428 2414 1475 2456 et
1520 2401 1706 2454 semini

99 2501 197 2544 tuo
232 2508 252 2544 :
281 2502 465 2547 etnec
503 2490 635 2561 ipse,
687 2508 786 2547 nec
828 2491 993 2556 Isaac,
1041 2507 1142 2547 nec
1167 2480 1333 2548 Jaco‘b
1359 2489 1538 2561 adepti
1580 2500 1705 2544 sunt

100 2583 555 2652 promissionem.
608 2583 743 2638 Nam
793 2583 881 2639 hic
924 2582 1138 2654 quidem
1194 2581 1444 2638 mercede
1497 2581 1701 2644 servlit,

95 2674 251 2730 alios
281 2690 415 2730 vero
444 2685 523 2729 est
548 2676 819 2744 expulsus,
853 2675 990 2730 alius
1016 2689 1144 2729 vero
1181 2675 1342 2729 etiam
1384 2673 1577 2727 timens
1605 2686 1702 2725 ex-

93 2748 285 2831 cidit;
316 2776 373 2821 et
402 2766 503 2820 alia
536 2768 749 2837 quidem
781 2766 925 2821 bello
967 2766 1129 2835 cepit,
1158 2766 1260 2820 alia
1289 2773 1467 2820 autem
1512 2761 1705 2833 periis-

92 2866 259 2923 scnt,
292 2856 401 2910 nisi
442 2857 535 2911 Dei
571 2858 671 2926 ipsi
716 2856 975 2911 admisset
1004 2857 1256 2910 auxilium
1286 2853 1383 2929 (a).
1413 2854 1705 2923 Propterea

90 2949 244 3003 dicit
277 2966 291 3002 :
327 2948 456 3001 Cum
485 2947 753 3002 heredibus
776 2947 1000 3016 ejusdem
1030 2946 1397 3017 promissionis.
1425 2944 1540 3000 Non
1567 2944 1704 3014 ipse,

92 3043 313 3111 inquit,
361 3042 526 3108 solus,
560 3041 653 3099 sed
694 3042 853 3096 etiam
886 3042 1003 3110 ejus
1032 3039 1277 3095 heredes.
1321 3036 1526 3093 Deinde
1563 3034 1703 3095 aliud

88 3151 163 3188 ex
202 3133 381 3189 dictis
417 3133 612 3188 clarius
649 3132 910 3195 enuntiat,
956 3131 1142 3186 dicens
1171 3148 1184 3184 :
1213 3129 1376 3184 Juxta
1416 3129 1569 3199 fidem
1614 3128 1705 3183 de-

88 3227 275 3296 functi
320 3235 440 3280 sunt
483 3242 656 3282 omnes
696 3225 782 3279 isti
829 3242 929 3278 non
975 3225 1194 3293 acceptis
1236 3220 1710 3294 repromissionibus

89 3317 269 3389 (Cen.
292 3317 381 3372 12.
404 3318 488 3386 15)
503 3316 711 3386 .Opcra:
735 3317 961 3385 pretium
972 3330 1055 3373 est
1073 3315 1158 3370 hic
1178 3315 1284 3369 duo
1303 3329 1564 3383 qumrere,
1578 3328 1711 3383 quo-

90 3409 281 3463 modo
318 3424 441 3463 eum
482 3408 678 3463 dixerit
703 3407 843 3477 quod
877 3407 1145 3465 transtulit
1172 3405 1379 3472 Enoch,
1410 3414 1467 3459 ut
1498 3419 1601 3459 non
1631 3404 1710 3459 vi-

86 3503 269 3555 deret
320 3507 571 3564 mortem,
614 3509 668 3554 et
722 3514 826 3552 non
882 3498 1272 3562 inveniebatur,
1330 3496 1461 3553 dicit
1498 3495 1705 3551 :Juxta

88 3595 268 3661 ﬁdem
312 3592 540 3662 defuncti
581 3602 699 3647 sunt
729 3608 899 3645 omnes
928 3591 1033 3645 isti.
1062 3590 1130 3649 Et
1160 3605 1366 3653 rursus,
1395 3604 1515 3644 cum
1554 3588 1704 3643 dixe-

88 3687 197 3748 rit,
242 3683 371 3737 Νοη
402 3685 618 3753 acceptis
650 3682 1087 3753 promissionibus,
1130 3681 1258 3736 dicit
1284 3680 1398 3736 Noe
1436 3680 1708 3748 accepisse

89 3776 426 3831 mercedem
459 3774 683 3828 salutem
710 3773 902 3827 domus
929 3788 1061 3836 sum,
1092 3784 1145 3828 et
1174 3772 1357 3827 Enoch
1387 3786 1507 3826 csse
1536 3778 1708 3823 trans-

88 3870 305 3931 latum,
345 3876 401 3921 et
442 3866 573 3920 Abel
616 3864 793 3918 adhuc
831 3865 995 3934 loqui,
1042 3873 1095 3919 ct
1124 3862 1389 3918 Abraham
1426 3856 1701 3931 accepisse

87 3972 342 4021 terram.
400 3966 454 4012 ct
494 3956 665 4011 dicit:
698 3955 860 4009 Juxta
903 3957 1058 4024 ﬁdem
1103 3954 1330 4026 defuncti
1377 3962 1495 4008 sunt
1537 3969 1708 4006 omnes

81 4054 202 4117 isti,
243 4067 355 4104 non
392 4049 606 4119 acceptis
654 4046 1088 4118 promitsiouibus.
1129 4045 1267 4112 Quid
1314 4060 1442 4115 ergo
1478 4043 1592 4097 vult
1620 4043 1705 4096 di-

80 4158 228 4196 cere
250 4139 278 4191 ?
300 4139 534 4193 Necesse
560 4136 893 4205 estprimum
921 4136 1151 4200 solvere,
1179 4133 1372 4189 deinde
1390 4131 1704 4188 secundum.

76 4238 275 4292 Juxta
315 4234 474 4304 ﬁdem
518 4231 704 4286 mortui
744 4239 882 4298 sunt,
916 4228 1108 4300 inquit,
1150 4244 1321 4282 omnes
1358 4228 1459 4281 isti.
1499 4226 1704 4293 Omnes,

76 4324 202 4383 non
240 4326 504 4396 quoniam
532 4337 723 4378 omnes
767 4330 889 4376 sunt
921 4320 1136 4383 mortui,
1182 4318 1275 4374 sed
1321 4318 1572 4387 quoniam
1613 4317 1709 4371 illo

70 4438 142 4475 ex
152 4428 339 4487 cepto
351 4431 543 4471 omnes
562 4414 649 4469 isti
674 4413 1036 4475 suntmortui,
1050 4424 1187 4480 quos
1200 4408 1403 4463 scimus
1419 4420 1539 4460 esse
1553 4418 1701 4457 mor-

74 4523 255 4566 tuos.
281 4506 421 4561 lllud
442 4505 776 4569 autem,Nou
790 4505 1015 4573 acceptis
1038 4496 1589 4570 promissionibus,est
1606 4510 1699 4549 ve-

68 4620 209 4659 rum
239 4618 258 4653 :
284 4614 398 4653 non
417 4597 514 4651 hoc
530 4594 672 4651 enim
691 4594 923 4649 futurum
953 4588 1385 4645 enuntiabatNoe
1398 4586 1703 4659 promissio.

146 4695 216 4748 2.
276 4691 428 4758 Quas
459 4697 637 4741 autem
674 4684 805 4740 dicit
840 4680 1260 4753 promissiones?
1301 4681 1449 4734 Isaae
1482 4676 1697 4747 quidem

64 4799 119 4841 et
153 4783 357 4841 Jacob
390 4784 711 4847 acceperunt
734 4784 890 4829 terrae
913 4772 1331 4842 promissiones;
1356 4768 1467 4824 Noe
1494 4776 1700 4832 autem,

64 4865 236 4919 Abel
294 4872 351 4916 et
386 4858 572 4914 Enocb
613 4872 869 4928 quasnam
913 4863 1236 4924 acceperunt
1276 4851 1708 4923 promissiones?

65 4965 193 5015 Aut
231 4969 380 5025 ergo
423 4953 553 5007 dicit
595 4951 661 5006 de
706 4951 788 5005 his
821 4949 991 5003 tribus
1024 4966 1037 5001 ε
1070 4956 1159 5001 aut
1192 4947 1237 5001 si
1269 4947 1430 5002 etiam
1471 4945 1538 4999 de
1578 4943 1704 5010 illis,

66 5067 197 5104 non
242 5048 357 5100 hoc
386 5054 503 5099 erat
547 5041 856 5114 promissio,
905 5040 1048 5110 quod
1088 5040 1222 5095 Abel
1266 5039 1364 5094 fuit
1400 5038 1611 5092 habitus
1655 5038 1705 5092 in

68 5138 510 5201 admiratione,
580 5135 723 5205 quod
781 5134 970 5188 Enoch
1038 5132 1138 5187 fuit
1189 5132 1497 5199 translatus,
1563 5130 1706 5202 quod

69 5242 372 5289 servatus
423 5229 520 5282 fuit
548 5227 699 5291 Noe;
730 5226 826 5282 sed
874 5226 991 5280 haec
1038 5224 1252 5296 quidem
1305 5225 1384 5279 eis
1414 5234 1706 5279 evenerunt

80 5334 336 5395 propter
358 5322 639 5384 virtutem,
671 5327 823 5373 erant
846 5326 1025 5371 autem
1050 5316 1265 5386 quidam
1293 5323 1479 5389 gustus
1500 5315 1709 5369 futuro-

94 5430 251 5469 rum.
286 5413 441 5466 Deus
479 5411 622 5464 enim
663 5425 784 5463 cum
821 5409 1024 5462 videret
1049 5408 1116 5462 ab
1146 5407 1300 5461 initio
1326 5420 1497 5477 genus
1517 5404 1709 5460 huma-

99 5523 235 5561 num
270 5520 420 5574 Opus
446 5502 647 5556 habere
672 5509 730 5555 ut
758 5499 824 5554 ad
855 5499 974 5569 ejus
998 5509 1212 5568 captum
1244 5512 1303 5552 se
1332 5496 1709 5571 accommoda-

100 5608 210 5667 ret,
245 5613 365 5653 non
414 5596 589 5649 solum
635 5592 830 5657 futura,
860 5591 955 5647 scd
1000 5601 1055 5646 et
1097 5606 1217 5650 qua:
1259 5588 1346 5645 hic
1386 5596 1511 5644 sunt
1555 5587 1709 5643 nobis

158 5792 230 5851 (ο)
253 5787 357 5839 Hic
386 5783 554 5845 incipit
574 5779 769 5831 homilia
786 5792 926 5838 xxut,
940 5777 991 5826 in
1011 5775 1186 5828 Codice
1205 5773 1337 5826 Colb.

916 368 977 421 IN
1022 367 1227 423 EPIST.
1274 369 1363 421 AD
1400 368 1760 426 lll'ZBREOS.
1802 368 1956 426 CAP.
1999 370 2088 426 XI.
2132 372 2363 431 HOMIL.
2407 378 2595 435 XXIII.

3304 381 3412 440 16!

1821 482 2032 546 donat:
2068 496 2126 543 ut
2170 487 2312 559 quod
2358 488 2605 546 Christus
2649 491 2862 548 dicebat
2914 492 3194 565 discipulis
3234 512 3249 549 :
3300 497 3405 563 Qut

1821 579 2013 633 dimisit
2052 578 2250 643 domos,
2297 589 2385 633 aut
2417 584 2624 651 fratres,
2670 592 2760 637 aut
2799 600 3016 651 sorores,
3060 596 3147 640 aut
3186 597 3401 657 patrem,

1819 678 1909 722 aut
1934 677 2164 735 matrem,
2192 672 2485 740 centuplum
2507 673 2734 742 accipiet,
2762 685 2810 728 et
2835 675 3251 732 vitamteteruam
3280 696 3400 748 pos-

1819 760 1996 813 sidebit
2024 758 2239 830 (Matth.
2273 759 2361 815 l9.
2399 760 2547 831 29);
2591 771 2647 817 et
2674 779 2881 831 rursus,
2932 766 3155 833 Quaerite
3192 786 3405 839 regnum

1820 848 1938 925 Dei,
1981 861 2028 904 et
2071 852 2179 906 haec
2220 855 2392 905 omnia
2430 853 2739 923 adjiciantur
2772 858 2908 912 vobis
2946 859 3158 928 (Matth.
3190 863 3243 916 6.
3287 862 3398 931 55).

1824 944 1981 998 Vides
2010 943 2124 998 lucc
2147 943 2306 999 etiam
2336 945 2389 999 in
2416 954 2567 1014 parte
2587 950 2912 1003 accessionis
2936 952 3002 1004 ab
3024 968 3087 1005 eo
3115 968 3234 1007 esse
3254 954 3398 1021 data,

1824 1052 1889 1089 nc
1927 1035 2325 1105 defatigemur?
2354 1035 2484 1090 Nam
2518 1046 2575 1090 ut
2605 1037 2846 1105 athleta,
2879 1041 3039 1094 etiam
3072 1044 3285 1112 quando
3310 1045 3404 1099 de-

1821 1136 2063 1193 certant,
2107 1128 2352 1182 l'ruuntur
2394 1128 2608 1197 quidem
2647 1131 2942 1196 curatione,
2982 1133 3075 1188 sed
3124 1150 3229 1189 non
3278 1144 3402 1190 tunc

1819 1219 1964 1271 ounii
2023 1216 2207 1286 requie
2248 1225 2304 1271 et
2348 1218 2676 1276 relaxatione
2718 1220 2981 1287 fruuntur,
3030 1224 3266 1278 viventes
3304 1226 3404 1281 sub

1816 1310 1953 1377 lege,
1987 1307 2079 1363 sed
2111 1317 2292 1377 postea
2311 1306 2558 1363 fruuntur
2583 1310 2826 1367 universa
2860 1330 2872 1366 :
2904 1313 2982 1368 sic
3014 1316 3154 1369 Deus
3192 1330 3402 1386 quoque

1817 1415 1921 1453 non
1969 1398 2060 1453 dat
2093 1398 2180 1453 hic
2226 1407 2284 1452 ut
2342 1398 2508 1455 simus
2547 1402 2831 1472 participes
2875 1406 3047 1460 omnis
3099 1407 3293 1476 quietis
3348 1415 3404 1461 et

1816 1490 2178 1544 relaxationis.
2222 1488 2355 1543 Nam
2398 1489 2486 1544 hic
2526 1493 2685 1546 etiam
2729 1494 2819 1549 dat
2869 1495 3102 1565 quidem,
3141 1508 3198 1552 at
3237 1508 3399 1554 totam

1816 1583 2224 1652 promissionem
2252 1582 2302 1635 in
2339 1579 2575 1639 futurum
2615 1589 2926 1644 reservavit.
2955 1589 3022 1644 Et
3048 1591 3185 1661 quod
3218 1607 3303 1648 res
3330 1593 3401 1651 ita

1816 1675 1905 1739 sit,
1934 1675 2221 1731 declaravit
2256 1678 2337 1734 bis
2367 1680 2542 1735 verbis
2566 1697 2579 1735 :
2607 1681 2713 1735 Sed
2751 1698 2834 1736 eas
2863 1698 2894 1734 a
2933 1684 3079 1754 longe
3108 1687 3402 1753 aspicientes

1816 1774 1862 1818 et
1909 1766 2204 1822 salutantes.
2252 1768 2349 1825 Hic
2401 1772 2684 1842 mysticum
2724 1772 2991 1843 quidpiam
3049 1775 3348 1832 subindicat
3379 1817 3396 1843 ,

1819 1870 2011 1925 nempe
2038 1857 2178 1926 quod
2207 1872 2527 1929 acceperunt
2554 1861 2730 1916 omnia
2770 1880 2888 1932 qum
2926 1864 2993 1919 de
3048 1865 3235 1921 futuris
3260 1868 3397 1921 dicta

1814 1955 1956 2009 sunt,
1984 1946 2051 2001 de
2071 1950 2479 2017 resurrectione,
2499 1952 2566 2007 de
2588 1968 2750 2022 regno
2772 1955 3044 2019 caelorum,
3067 1955 3134 2010 de
3163 1955 3300 2021 aliis,
3330 1957 3401 2016 de

1814 2037 2285 2107 quibustristus,
2317 2058 2439 2099 cum
2486 2044 2739 2113 venisset,
2784 2046 3401 2115 prtedicavitzliasouim

1814 2126 1941 2181 dicit
1971 2130 2374 2197 promissioucs.
2415 2134 2521 2187 Aut
2550 2135 2651 2189 hoc
2676 2135 2822 2202 dicit,
2855 2146 2945 2191 aut
2982 2139 3121 2209 quod
3159 2154 3252 2195 eas
3279 2144 3401 2213 qui-

1816 2217 1939 2271 dem
1986 2234 2093 2274 non
2132 2233 2479 2293 acceperunt,
2521 2236 2667 2280 certa
2695 2236 2871 2283 autem
2922 2228 2990 2284 de
3019 2231 3097 2285 eis
3142 2246 3399 2303 concepta

1816 2307 2006 2364 ﬁducia
2060 2324 2442 2381 excesserunt;
2492 2317 2605 2371 sola
2658 2327 2835 2373 autem
2867 2319 2969 2374 ﬁde
2996 2333 3197 2379 certam
3218 2326 3286 2379 de
3324 2328 3402 2383 eis

1812 2411 2184 2469 conceperuut
2234 2402 2505 2473 ﬁduciam,
2565 2409 2751 2476 procul
2795 2424 2887 2463 eas
2934 2410 3200 2482 videntes,
3232 2418 3402 2487 inquit

1822 2500 2020 2555 nempe
2062 2500 2189 2545 ante
2240 2502 2468 2561 quatuor
2506 2498 2880 2564 generationes
2925 2514 2940 2553 :
2990 2519 3110 2557 nam
3160 2515 3278 2573 post
3326 2515 3402 2559 tot

1814 2578 2184 2647 generationes
2221 2580 2575 2635 ascenderunt
2607 2597 2673 2637 ex
2703 2581 2955 2655 Egypte.
2987 2584 3055 2639 Et
3082 2589 3363 2642 salutantes
3383 2616 3398 2643 ι

1812 2666 2001 2736 inquit,
2030 2678 2077 2721 et
2106 2668 2280 2722 lmtati.
2309 2669 2440 2725 Tam
2468 2681 2614 2727 certa
2642 2672 2710 2727 de
2753 2671 2883 2743 ipsis
2911 2684 3029 2730 erat
3056 2676 3140 2731 eis
3168 2692 3394 2747 persua-

1810 2757 1913 2821 sio,
1944 2768 2003 2813 ut
2030 2774 2124 2815 eas
2159 2761 2320 2816 etiam
2350 2763 2649 2818 salutarent
2681 2781 2695 2817 :
2725 2778 2756 2818 a
2786 2765 3098 2837 metaphora
3137 2769 3395 2839 navigan-

1812 2850 1941 2904 tium
1970 2851 2118 2917 dicit,
2150 2862 2203 2907 et
2232 2856 2415 2923 procul
2462 2855 2755 2912 videntium
2796 2859 3042 2915 civitates
3081 2876 3213 2931 quas
3257 2861 3400 2916 desi—

1811 2939 2021 3006 derant,
2072 2957 2208 3013 quas
2259 2944 2567 3016 priusquam
2620 2946 2671 3001 in
2721 2948 2865 3019 ipsas
2906 2950 3132 3020 ingressi
3179 2951 3397 3017 fuerint,

1811 3033 2216 3100 compellatione
2235 3044 2418 3105 captas
2437 3036 2536 3091 sibi
2564 3039 2882 3093 attribuunt.
2911 3041 2998 3095 10.
3024 3040 3399 3110 Exspectabam

1810 3124 1965 3189 enim,
2013 3124 2203 3195 inquit,
2251 3128 2582 3198 fundamenta
2626 3133 2888 3186 habentem
2929 3134 3211 3200 civitatem,
3252 3137 3401 3207 cujus

1810 3214 1997 3284 artifex
2016 3224 2063 3268 et
2082 3217 2315 3271 conditor
2340 3216 2503 3274 Deus.
2532 3221 2695 3277 Vides
2717 3223 2857 3292 quod
2885 3224 3035 3289 illud,
3060 3226 3397 3295 Acceperunt,

1810 3314 1891 3360 est
1917 3318 2227 3377 exspectare
2256 3320 2310 3365 et
2343 3312 2411 3366 de
2446 3312 2525 3366 eis
2554 3313 2862 3370 conlidere?
2890 3315 2944 3372 Si
2970 3330 3099 3387 ergo
3128 3319 3401 3376 conlidere

1810 3406 1891 3453 est
1917 3400 2209 3469 accepisse,
2243 3401 2400 3456 nobis
2434 3419 2645 3476 quoque
2674 3405 2796 3460 licet
2825 3406 3090 3477 accipere.
3115 3408 3204 3465 lsti
3228 3410 3399 3477 enim,

1808 3490 1908 3544 etsi
1940 3489 2005 3543 iis
2032 3506 2138 3544 non
2170 3500 2294 3547 sunt
2323 3494 2497 3562 potiti,
2527 3494 2798 3550 desiderio
2826 3506 3001 3554 tamen
3034 3513 3125 3555 eas
3152 3510 3397 3555 contem-

1808 3579 2115 3650 plabantur.
2157 3579 2266 3636 Cur
2313 3592 2493 3637 autem
2543 3584 2656 3638 haec
2704 3586 2880 3639 ﬁunt?
2920 3586 2986 3642 Ut
3034 3602 3132 3642 nos
3179 3588 3396 3657 pudeat,

1808 3670 1949 3739 quod
1994 3670 2068 3725 illi
2115 3671 2351 3740 quidem,
2386 3687 2507 3727 cum
2540 3675 2984 3743 promitterentur
3027 3692 3146 3746 qua:
3184 3691 3307 3739 sunt
3340 3681 3396 3735 in

1809 3769 1970 3824 terra,
1999 3777 2104 3815 non
2134 3761 2501 3827 attendebant,
2541 3763 2635 3818 sed
2668 3764 2898 3821 futuram
2938 3766 3208 3825 civitatem
3247 3786 3393 3841 quie—

1808 3850 1995 3903 rebant
2028 3868 2039 3904 :
2075 3851 2231 3906 nobis
2259 3862 2438 3906 autem
2479 3853 2620 3909 Deus
2645 3868 2842 3926 susque
2863 3854 3037 3929 deque
3063 3858 3130 3914 de
3159 3877 3392 3930 superna

1808 3941 2041 4010 loquitur
2064 3941 2300 4005 civitate,
2332 3953 2385 3997 ct
2425 3959 2542 3998 eam
2580 3959 2700 4013 qua:
2734 3954 2818 3999 est
2842 3944 2930 4002 hic
2957 3951 3269 4018 qua-rimus.
3302 3950 3393 4004 Di-

1807 4033 1883 4086 xlt
1924 4033 2000 4088 eis
2034 4052 2047 4087 :
2077 4032 2223 4091 Dabo
2252 4035 2387 4088 vobis
2428 4052 2542 4106 qua:
2589 4046 2709 4091 sunt
2749 4037 2802 4095 in
2833 4042 3070 4110 praesenti
3096 4058 3113 4095 :
3143 4043 3395 4112 quoniam

1807 4134 1984 4179 autem
2012 4125 2161 4191 vidit,
2206 4127 2287 4180 vel
2322 4128 2498 4196 potius
2527 4129 2782 4199 quoniam
2810 4134 3019 4202 seipsos
3046 4134 3397 4189 ostenderunt

1806 4215 1995 4285 dignos
2038 4231 2159 4272 esse
2201 4218 2516 4288 majoribus,
2564 4231 2688 4279 tunc
2730 4240 2837 4278 non
2869 4227 3098 4297 amplius
3127 4227 3253 4285 sinit
3279 4226 3396 4284 haec

1806 4305 2067 4374 accipere,
2112 4305 2208 4361 sed
2254 4308 2346 4363 illa
2392 4310 2635 4381 majora;
2689 4314 2877 4368 volens
2918 4316 3071 4371 nobis
3110 4317 3398 4373 ostendere

1805 4396 1946 4465 quod
1977 4396 2119 4467 digni
2152 4406 2281 4455 sunt
2303 4401 2617 4470 majoribus,
2655 4412 2711 4457 ut
2734 4405 2825 4473 qui
2857 4405 3125 4461 noluerint
3157 4407 3239 4461 his
3279 4410 3399 4463 alli-

1806 4486 1917 4555 gari
1953 4502 1965 4538 :
2001 4495 2058 4540 ut
2082 4487 2129 4545 si
2158 4491 2279 4561 quis
2306 4491 2623 4563 intelligenti
2654 4494 2997 4564 polliceretur
3019 4498 3265 4566 puerilia,
3290 4516 3395 4555 non

1808 4584 1865 4630 ut
1911 4576 2157 4649 accipiat,
2206 4581 2302 4637 sed
2333 4583 2451 4652 ejus
2496 4586 2791 4641 ostendens
2837 4586 3254 4657 philosophiam,
3306 4590 3396 4645 illo

1809 4679 2022 4738 petente
2052 4673 2276 4743 majora.
2310 4675 2421 4731 Hoc
2446 4677 2589 4731 enim
2617 4688 2698 4732 est
2724 4679 3058 4735 ostendentis
3084 4682 3223 4751 quod
3249 4691 3397 4737 tanto

1807 4762 1987 4817 studio
2011 4762 2353 4821 abstinebant
2380 4781 2410 4820 a
2443 4775 2606 4832 terra,
2635 4779 2695 4822 ut
2725 4784 2823 4824 nec
2857 4786 2976 4839 quae
3016 4771 3281 4827 dabantur
3307 4790 3397 4828 ac-

1807 4856 2071 4925 cipereut.
2123 4857 2414 4927 PrOptcrea
2464 4874 2595 4930 ergo
2650 4861 2922 4933 accipiunt
2974 4874 3239 4934 nepotes;
3295 4866 3394 4935 ipsi

1808 4948 1948 5000 enim
1982 4956 2130 5003 erant
2167 4948 2314 5019 digni
2340 4960 2501 5005 terra.
2528 4953 2663 5020 Quid
2691 4964 2775 5008 est
2807 4964 3007 5022 autem,
3043 4957 3398 5017 Fundamenta

1810 5039 2069 5093 habentem
2097 5041 2346 5094 civitatem
2365 5042 2390 5094 ?
2416 5042 2529 5097 haec
2559 5044 2701 5098 enim
2729 5061 2831 5101 non
2856 5058 2979 5109 sunt
3011 5048 3397 5107 fundamenta?

1810 5132 1923 5186 Non
1966 5141 2088 5185 sunt
2131 5133 2174 5187 si
2216 5135 2557 5189 conferantur
2602 5153 2721 5191 cum
2755 5138 2876 5196 illis.
2922 5141 3081 5212 Cujus
3122 5144 3307 5213 artifex
3339 5156 3386 5198 et

1810 5224 2040 5279 conditor
2067 5235 2137 5277 est
2188 5224 2341 5281 Deus.
2386 5226 2561 5297 Papae,
2600 5230 2755 5299 quale
2791 5240 2873 5288 est
2916 5234 3213 5291 encomiom
3257 5235 3398 5291 illius

1810 5313 2077 5369 civitatis?
2126 5315 2211 5368 ll.
2271 5313 2402 5369 Fide
2463 5328 2508 5371 et
2552 5325 2665 5389 ipsa
2708 5319 2861 5377 Sara.
2908 5324 3042 5391 Apte
3091 5323 3178 5381 hic
3234 5328 3396 5391 cmpit

1811 5404 1877 5460 ad
1934 5404 2188 5473 pudorem
2248 5406 2704 5476 sulfuudendum,
2750 5411 3009 5480 siquidem
3054 5418 3399 5482 apparuerint

1805 5498 1965 5551 animi
2022 5496 2190 5567 magis
2250 5495 2423 5567 pusilli
2464 5507 2518 5550 et
2560 5496 2751 5569 abjecti
2804 5513 2963 5568 quam
3008 5500 3216 5555 mulier.
3274 5500 3380 5555 Sed

1808 5590 2002 5644 dixerit
2045 5588 2636 5661 quispiam:Quomodo
2672 5590 2839 5646 ﬁdelis
2875 5607 2991 5661 quae
3021 5592 3176 5646 risit?
3223 5593 3379 5647 ltisus

1806 5682 2019 5752 quidem
2068 5693 2214 5738 certe
2257 5692 2339 5738 est
2380 5698 2446 5737 ex
2494 5681 2880 5747 incredulitate,
2925 5693 3095 5737 metus
3140 5693 3314 5736 autem
3347 5700 3376 5736 a

1809 5773 1911 5830 ﬁde
1940 5792 1951 5829 :
1983 5774 2163 5831 dicere
2187 5775 2350 5842 enim,
2380 5772 2499 5828 Non
2524 5774 2616 5828 risi
2644 5773 2795 5845 (Cen.
2828 5772 2911 5829 18.
2938 5774 3047 5843 15),
3078 5773 3271 5829 factum
3294 5788 3377 5829 est
