4002 6426
594 348 710 405 ιϐ’ἔι

614 475 646 514 a
675 456 799 512 ﬁde.
825 453 1107 520 Propterea
1128 436 1553 512 ergo,exinauita
1575 428 1960 490 incredulitate,
1980 423 2183 492 ingres-

614 563 673 602 sa
713 554 795 602 est
837 514 984 595 ﬁdes.
1002 534 1129 590 Fide
1155 544 1202 588 et
1227 533 1339 601 ipsa
1364 528 1497 583 Sara
1522 524 1748 577 virtutem
1785 518 1839 571 in
1864 514 2184 582 conceptione

616 638 817 694 seminis
858 630 1066 699 accepit,
1119 627 1266 680 etiam
1322 629 1503 690 praeter
1540 626 1731 685 tempus
1783 609 1945 665 «etatis
1977 606 2182 676 peperit.

616 727 754 796 Quid
799 732 898 788 est,
925 696 989 775 1
1009 696 1351 786 ’τοησεριὶοηε
1394 708 1636 765 seminis?
1662 705 1738 759 Ad
1754 716 1939 758 semen
1956 699 2191 753 retinen-

618 794 744 873 dum
775 833 788 874 :
815 815 881 870 ad
913 807 1301 878 susceptioaem
1334 803 1580 855 virtutem
1615 794 1837 863 accepit,
1874 806 1991 857 qum
2020 795 2191 841 morte

619 910 806 964 aﬂecta
856 912 993 966 erat,
1023 915 1142 970 quze
1188 890 1610 959 sterilis.l)uplcx
1632 888 1770 941 enim
1793 890 1908 938 erat
1932 878 2189 936 defectus.

621 1015 761 1055 unus
789 995 1002 1066 quidem
1025 1007 1089 1043 cx
1114 998 1385 1055 tempore;
1420 995 1601 1035 revera
1634 977 1773 1030 enim
1802 977 2191 1030 consenuerat;

625 1054 758 1143 alter
788 1054 1061 1143 allatura;
1104 1054 1385 1133 eratrenim
1431 1068 1646 1125 sterilis.
1690 1064 1776 1119 12.
1823 1062 2039 1130 Propter
2061 1054 2195 1127 quod

627 1183 775 1237 etiam
814 1179 875 1233 ab
902 1192 999 1231 uno
1037 1173 1132 1228 orti
1160 1179 1273 1225 sunt
1302 1181 1489 1226 omnes,
1520 1175 1769 1227 tamquam
1808 1156 1975 1210 sidera
2003 1151 2112 1205 caeli
2146 1151 2199 1203 in

629 1272 1017 1330 multitudinem,
1055 1276 1100 1319 et
1134 1264 1261 1317 sicut
1289 1274 1441 1311 arena
1484 1269 1593 1324 qua:
1638 1260 1708 1305 est
1751 1248 1817 1301 ad
1863 1262 2005 1300 oram
2047 1242 2201 1296 maris

630 1358 1024 1416 innumerabilis.
1056 1354 1270 1420 Propter
1297 1350 1445 1418 quod,
1478 1343 1663 1411 inquit,
1692 1340 1839 1393 etiam
1876 1352 1938 1390 ea:
1965 1350 2066 1388 uno
2102 1330 2201 1385 orti

632 1460 747 1507 sunt
771 1463 960 1503 omnes.
988 1444 1099 1499 Non
1130 1440 1255 1494 dicit
1281 1438 1451 1493 solum
1483 1448 1600 1488 eam
1635 1430 1883 1500 genuisse
1911 1468 1925 1492 ,
1958 1422 2052 1478 sed
2096 1432 2200 1476 tam

633 1541 921 1595 multorum
954 1535 1113 1588 fuisse
1151 1540 1396 1591 matrem,
1446 1535 1571 1593 quot
1604 1537 1702 1575 nec
1745 1518 1974 1575 fmcundi
2017 1514 2151 1568 uteri
2190 1529 2202 1565 :

638 1634 915 1699 Tamquam
942 1626 1105 1679 sidera
1136 1620 1284 1695 (Gen.
1316 1620 1401 1672 15.
1430 1617 1540 1685 16),
1568 1612 1755 1682 inquit.
1781 1608 2057 1677 Quomodo
2080 1620 2206 1674 ergo

637 1738 731 1777 cos
762 1735 903 1788 saepe
932 1724 1193 1777 numerat,
1240 1710 1447 1765 etiamsi
1490 1705 1681 1760 dixerit
1712 1722 1723 1757 :
1754 1698 2206 1769 Quemadmodum

642 1830 748 1867 non
780 1807 1200 1865 numerabuntur
1240 1802 1411 1856 sidera
1453 1798 1568 1852 caeli
1600 1814 1612 1849 :
1645 1797 1713 1847 ita
1765 1808 1863 1847 nec
1903 1805 2084 1845 semen
2128 1802 2212 1840 ve-

638 1914 832 1955 strum.
863 1901 971 1953 Aut
1000 1896 1129 1950 dicit
1158 1909 1250 1960 per
1274 1889 1622 1962 hyperbolen,
1652 1894 1742 1937 aut
1774 1892 1987 1953 promer
2010 1894 2102 1934 eos
2124 1878 2211 1947 qui

638 2005 851 2059 semper
866 1988 961 2041 sibi
976 1980 1457 2039 succedunt.Unius
1473 1979 1663 2047 quippe
1680 1975 1869 2028 domus
1882 1971 2110 2039 majores
2126 1983 2217 2021 nu-

640 2082 834 2135 mcrari
855 2075 1245 2148 possunt,verbi
1268 2072 1432 2142 gratia
1456 2070 1609 2138 hujus
1628 2068 1708 2121 vel
1733 2066 1891 2129 illius;
1915 2063 1997 2116 hic
2014 2070 2210 2126 autem,

650 2172 735 2226 ubi
765 2184 931 2241 genus
952 2167 1074 2221 illud
1104 2179 1325 2219 numero
1355 2161 1523 2217 Stellis
1549 2168 1905 2237 comparatur,
1938 2169 2040 2208 non
2070 2154 2213 2207 item.

711 2230 953 2315 5.vTales
984 2268 1103 2337 sqnt
1148 2256 1240 2310 Dei
1284 2251 1727 2324 pollicitatioiies,
1762 2257 1864 2300 tam
1882 2230 2138 2314 ~expedita
2167 2252 2222 2297 et

646 2360 750 2405 tam
778 2350 841 2402 ad
876 2347 1164 2417 parandum
1196 2345 1363 2400 facilia
1395 2355 1516 2399 sunt
1540 2343 1629 2395 Dei
1652 2340 1928 2409 promissa.
1959 2338 2013 2392 Si
2044 2344 2221 2389 autem

646 2458 764 2509 quce
783 2438 1123 2493 additameuti
1141 2439 1255 2492 loco
1276 2434 1535 2506 promisit,
1564 2441 1685 2485 sunt
1714 2429 1848 2484 adeo
1867 2426 2222 2492 admirabilia,

647 2530 781 2585 adeo
793 2529 1066 2599 magniﬁca
1093 2538 1146 2583 et
1162 2525 1455 2596 splendida,
1474 2521 1768 2593 cujusmodi
1795 2529 1947 2575 erunt
1973 2520 2080 2582 illa,
2101 2518 2227 2588 qui-

651 2622 749 2675 bus
781 2621 894 2675 haec
923 2631 1046 2675 sunt
1090 2619 1443 2673 additamenta
1484 2631 1550 2670 ex
1588 2610 2066 2683 superabundantia
2108 2609 2227 2678 (a)?

636 2702 774 2768 Quid
798 2717 924 2769 ergo
944 2701 1150 2756 beatius
1170 2711 1252 2755 est
1282 2702 1345 2755 iis
1375 2700 1461 2770 qui
1495 2702 1885 2768 assequuntur?
1910 2699 2033 2769 quid
2057 2698 2223 2755 misc—

636 2794 748 2847 rius
765 2793 827 2846 iis
844 2793 929 2861 qui
953 2808 1058 2846 non
1080 2802 1430 2862 assequuntur
1446 2792 1469 2844 ?
1483 2791 1535 2846 Si
1555 2792 1693 2845 enim
1725 2793 1840 2859 ejus
1859 2791 1946 2860 qui
1963 2799 2045 2844 est
2068 2804 2098 2843 e
2120 2804 2217 2857 ps-

640 2884 740 2938 tria
769 2885 968 2952 ejectus
983 2898 1170 2937 omnes
1189 2883 1524 2947 miserentur,
1545 2894 1596 2935 et
1625 2881 1713 2951 qui
1740 2881 1917 2935 amisit
1944 2880 2216 2934 herediu-

640 2983 750 3030 tem
783 2974 990 3028 videtur
1009 2975 1255 3028 omnibus
1278 2974 1592 3028 miserabilis
1615 2992 1627 3026 :
1646 2973 1733 3042 qui
1755 2987 1783 3024 a
1805 2972 1937 3024 Caelo
1953 2971 2149 3026 excidit
2163 2978 2216 3025 et

641 3083 670 3122 a
702 3068 851 3121 bonis
876 3083 994 3136 qua:
1022 3067 1131 3120 illic
1156 3076 1277 3120 sunt
1307 3066 1533 3134 reposita
1562 3106 1577 3129 ,
1614 3079 1770 3134 quam
1802 3063 1981 3117 multis
2013 3061 2207 3129 plorari

638 3158 799 3213 debet
824 3156 1114 3229 lacrymis?
1143 3158 1249 3210 imo
1271 3171 1400 3211 vero
1428 3171 1525 3211 nec
1554 3154 1748 3225 plorari
1772 3173 1784 3219 ;
1812 3154 2051 3223 ploratur
2073 3152 2214 3207 enim

637 3249 900 3319 quispiam
930 3247 1143 3317 quando
1173 3246 1372 3317 aliquid
1403 3246 1451 3300 ei
1479 3246 1756 3311 acciderit,
1785 3245 1937 3314 cujus
1968 3244 2081 3313 ipse
2108 3257 2216 3297 non

638 3350 721 3395 est
748 3355 906 3394 causa
929 3357 944 3405 ',
974 3339 1188 3409 quando
1213 3348 1391 3393 autem
1417 3337 1584 3392 libero
1612 3352 1709 3391 suo
1734 3336 1955 3390 arbitrio
1979 3335 2214 3402 seipsum

587 3467 591 3471 -
642 3431 775 3484 vitio
797 3430 1059 3499 quispiam
1090 3427 1374 3490 dediderit,
1410 3442 1514 3480 non
1542 3426 1815 3496 lacrymis,
1841 3423 1934 3479 sed
1967 3426 2215 3478 lamenta-

640 3521 876 3575 tionibus
905 3529 1065 3587 atque
1092 3518 1237 3571 luctu
1267 3527 1391 3571 tunc
1417 3518 1521 3571 erit
1557 3516 1769 3585 dignus.
1798 3514 1928 3569 Nam
1962 3514 2219 3568 Dominus

640 3625 851 3682 quoque
876 3618 1057 3664 noster
1083 3608 1238 3663 Jcsus
1265 3606 1510 3661 Christus
1545 3605 1860 3669 Jerusalem,
1889 3605 2011 3658 licet
2056 3602 2216 3673 impie

641 3720 700 3760 se
723 3713 996 3774 gerentem
1018 3743 1033 3767 ,
1064 3702 1198 3755 luxit
1223 3710 1279 3755 et
1307 3701 1473 3755 ﬂevit.

714 3795 845 3860 Quot
877 3792 1113 3864 lacrymis
1140 3792 1296 3862 digna
1322 3791 1609 3860 futurorum
1639 3789 1883 3842 bonorum
1912 3784 2224 3838 amissio.—

642 3884 1126 3941 lnuumerabilibus
1172 3896 1355 3935 revera
1398 3880 1712 3949 cjulatibus,
1745 3875 2222 3930 innumerabilibus

642 3974 1116 4031 lamentationibus
1163 3972 1306 4042 digni
1356 3985 1561 4024 smnus.
1616 3968 1673 4024 Si
1733 3967 2013 4022 universus
2072 3965 2221 4019 orbis

645 4076 820 4131 terrae,
853 4074 906 4119 et
936 4063 1159 4132 lapides,
1188 4073 1239 4115 et
1272 4062 1446 4131 ligna,
1478 4070 1532 4115 et
1568 4060 1786 4114 arbores
1810 4100 1825 4124 ,
1863 4066 1917 4111 et
1961 4055 2090 4111 ferte
2114 4096 2129 4121 ,
2172 4064 2226 4110 ct

643 4171 791 4221 aves,
819 4166 890 4220 et,
921 4165 977 4208 ut
1004 4155 1172 4208 semel
1204 4152 1399 4215 dicam,
1432 4162 1570 4205 totus
1592 4152 1736 4206 orbis
1762 4159 1936 4213 terrae,
1969 4162 2100 4209 voce
2129 4162 2223 4200 ac-

644 4259 798 4319 cepta
838 4262 935 4302 nos
960 4246 1153 4300 deﬂeat
1199 4247 1286 4315 qui
1320 4261 1350 4299 a
1382 4245 1534 4299 bonis
1562 4245 1665 4297 illis
1693 4242 1989 4298 excidimus
2011 4282 2026 4308 ,
2056 4239 2223 4303 nihil,

646 4350 705 4395 ut
733 4356 828 4410 par
863 4348 947 4393 est
970 4380 983 4402 ,
1013 4338 1231 4392 deﬂebit
1274 4337 1357 4391 vel
1398 4334 1799 4389 lamentabitur.
1843 4332 1973 4386 Nam
1997 4347 2115 4401 qua:
2140 4330 2224 4383 di-

648 4430 803 4485 cendi
849 4428 1109 4493 facultas,
1159 4442 1277 4496 qua:
1317 4426 1666 4491 intelligentia
1712 4423 1912 4493 poterit
1958 4422 2228 4489 explicare

648 4521 792 4575 illam
834 4519 1216 4575 beatitudinem
1257 4529 1311 4573 et
1340 4518 1588 4571 virtutem
1634 4517 1816 4580 illam,
1856 4514 2186 4583 voluptatem
2211 4552 2226 4575 ,

647 4614 894 4684 gloriam,
927 4612 1190 4675 laetitiam,
1216 4610 1581 4680 splendorem.
1615 4607 1740 4675 Qua?
1761 4606 1935 4659 oculus
1957 4622 2054 4658 non
2082 4603 2227 4666 vidit,

649 4705 847 4774 inquit,
879 4719 991 4773 qua:
1035 4704 1173 4757 auris
1209 4718 1310 4755 non
1351 4699 1580 4763 audivit,
1618 4709 1663 4752 et
1690 4698 1743 4750 in
1774 4712 1859 4749 cor
1887 4695 2103 4747 hominis
2131 4710 2231 4746 non

648 4797 1005 4859 ascenderunt,
1035 4810 1149 4863 qua:
1176 4793 1478 4863 praeparavit
1504 4790 1637 4843 Deus
1666 4789 1729 4842 iis
1756 4788 1841 4858 qui
1871 4787 2090 4855 diligunt
2119 4800 2231 4837 eum

653 4886 733 4957 (l.
761 4886 880 4941 Cor.
907 4885 963 4939 Ξ.
998 4885 1097 4954 9)?
1126 4883 1240 4938 Non
1270 4882 1403 4938 dixit
1429 4881 1603 4936 solum
1630 4892 1988 4947 exsuperare,
2018 4876 2110 4930 sed
2134 4888 2233 4928 nec

651 4978 820 5032 ullum
851 4992 1102 5043 umquam
1140 4976 1469 5031 intellexisse
1497 4988 1615 5043 qua:
1644 4973 1780 5027 Deus
1812 4973 2019 5039 paravit
2048 4968 2115 5023 iis
2140 4968 2230 5037 qui

654 5069 829 5137 ipsum
851 5066 1095 5136 diligunt.
1128 5064 1436 5135 Cujusmodi
1473 5063 1615 5117 enim
1647 5062 1785 5116 bona
1814 5067 2229 5115 consentaneum

654 5169 739 5215 est
766 5173 886 5214 esse
912 5174 973 5213 ea
1004 5173 1122 5227 quae
1152 5158 1291 5211 Deus
1330 5163 1597 5225 praeparat
1642 5162 1699 5208 et
1729 5150 1941 5207 instruit
1959 5149 1989 5209 ?_
2006 5148 2060 5204 Si
2092 5148 2233 5203 enim

655 5264 777 5303 cum
807 5263 907 5303 nos
938 5247 1169 5311 fecisset,
1202 5246 1383 5301 statim
1414 5245 1559 5299 nulla
1586 5260 1645 5300 re
1671 5242 1845 5299 adhuc
1882 5257 1913 5296 a
1956 5240 2111 5295 nobis
2136 5254 2230 5309 pe-

659 5349 827 5399 racta.
864 5348 1006 5393 tanta
1036 5348 1118 5394 est
1148 5339 1385 5409 largitus,
1412 5337 1740 5409 paradisum,
1772 5350 1890 5391 cum
1921 5335 2036 5403 ipso
2062 5331 2230 5386 collo-

662 5422 1015 5491 quutionem,
1078 5415 1529 5470 immortalitatem
1574 5421 1658 5469 est
1718 5412 2025 5482 pollicitus,
2074 5413 2238 5463 vitam

665 5513 876 5569 beatam
905 5518 959 5565 et
985 5522 1016 5562 a
1050 5507 1195 5561 curis
1236 5505 1455 5560 liberam
1485 5522 1497 5559 :
1528 5505 1592 5559 iis
1630 5503 1720 5573 qui
1752 5513 1858 5558 tam
1898 5502 2062 5556 multa
2095 5498 2236 5555 fece-

762 5738 834 5797 (a)
855 5735 947 5788 Hie
967 5736 1145 5788 desinit
1164 5733 1359 5788 homilia
1383 5735 1614 5795 vigesima
1638 5732 1784 5789 tertia
1806 5730 1853 5781 in
1876 5730 2053 5783 Codice
2076 5729 2208 5788 Colb.

1344 328 1399 386 S.
1438 319 1712 381 10thle
1750 305 2221 373 CllBYSOSTOlll
2290 302 2598 358 ARCHIEP.
2641 290 3171 355 CONSTANTINOP.
3746 291 3823 347 ιω

2294 427 2416 476 runt
2440 458 2455 482 ,
2485 417 2573 489 qui
2596 414 2731 471 adeo
2755 421 2969 467 strenue
2992 410 3343 463 deccrtarunt
3367 411 3418 458 et
3438 415 3537 473 pro
3559 398 3671 470 ipso
3694 404 3823 455 susti-

2294 519 2546 575 nuerunt,
2569 507 2694 579 quid
2719 521 2822 560 non
2863 501 3124 557 donabit?
3154 496 3435 567 Unigenito
3466 508 3563 563 pro
3588 492 3725 546 nobis
3748 508 3827 549 non

2296 603 2558 674 pepercit,
2586 610 2903 670 germanum
2930 607 2991 646 ac
3020 590 3296 661 pr0prium
3325 585 3517 640 Filium
3541 595 3831 654 propternos

2298 694 2363 749 ad
2395 701 2621 747 mortem
2652 688 2799 743 dedit
2827 703 2839 738 :
2869 685 2915 738 si
2946 698 3044 737 nos
3072 696 3192 735 cum
3238 678 3439 733 inimici
3468 689 3715 736 essemus,
3743 675 3833 729 talio

2300 787 2398 839 bus
2422 782 2665 851 dignatus
2687 787 2771 834 est
2812 776 2987 837 bonis,
3016 788 3265 843 quonam.
3297 784 3395 824 nos
3439 782 3547 822 non
3577 766 3833 835 dignabitur

2300 874 2387 944 qui
2423 870 2546 926 facti
2590 884 2775 924 sumus
2825 864 3026 920 amici?
3059 853 3303 931 quamam
3350 872 3457 912 non
3504 857 3835 924 impertietur,

2301 981 2422 1019 cum
2465 978 2564 1017 nos
2606 961 2704 1015 sibi
2754 953 3157 1013 reconciliant?
3215 952 3309 1005 Est
3346 964 3506 1020 supra
3544 947 3739 1001 modum
3779 950 3839 1003 di-

2301 1071 2416 1123 ves,
2449 1065 2504 1110 et
2543 1052 2813 1108 desiderat
2854 1058 2908 1104 et
2935 1047 3113 1103 studet
3160 1053 3395 1097 nostram
3439 1041 3648 1109 assequi
3688 1041 3836 1094 amici-

2302 1151 2434 1205 tiam
2462 1164 2475 1198 ε
2507 1161 2605 1201 uos
2634 1155 2813 1200 autem
2844 1157 2911 1197 ne
2939 1142 3022 1196 vel
3055 1138 3323 1193 tantillum
3354 1134 3632 1190 studemus
3654 1176 3667 1199 ,
3691 1135 3841 1191 odile-

2308 1248 2377 1301 cti
2410 1265 2422 1301 :
2456 1242 2579 1313 quid
2613 1241 2732 1294 dico
2756 1280 2771 1303 ,
2804 1252 2910 1292 non
2942 1233 3264 1290 studemus?
3311 1233 3567 1287 nolumus
3594 1230 3734 1297 plane
3754 1230 3841 1296 ejus

2310 1336 2446 1389 bona
2474 1331 2681 1400 assequi
2708 1372 2723 1395 ,
2768 1341 2827 1383 ut
2852 1327 2963 1381 vult
3015 1328 3151 1395 ipse.
3182 1322 3335 1391 Quod
3378 1331 3558 1376 autem
3600 1319 3841 1373 admodum

2306 1427 2435 1483 velit
2484 1425 2535 1479 id
2579 1421 2721 1493 quod
2768 1420 2895 1475 fecit
2938 1417 3188 1473 ostendit.
3236 1415 3369 1469 Nam
3421 1429 3523 1468 nos
3560 1411 3754 1482 quidem
3776 1427 3844 1480 pro

2308 1519 2462 1572 nobis
2508 1515 2636 1586 ipsis
2683 1513 2769 1566 vix
2815 1524 2999 1581 parum
3038 1509 3151 1562 auri
3200 1506 3564 1575 despicimus;
3620 1504 3723 1571 ipse
3766 1519 3836 1556 au-

2328 1618 2433 1663 tem
2465 1622 2559 1676 pro
2586 1604 2738 1659 nobis
2762 1603 2922 1656 etiam
2965 1614 3124 1653 suum
3152 1597 3298 1651 dedit
3340 1595 3561 1649 Filium.
3591 1592 3788 1648 Utamur
3807 1604 3849 1647 ut

2314 1705 2523 1765 Oportet
2549 1678 2970 1749 Dei'dilectione
2996 1730 3010 1754 ,
3046 1688 3285 1743 fruamur
3312 1686 3429 1754 ejus
3474 1682 3741 1738 amicitia:
3777 1681 3848 1737 γυ.

2319 1788 2483 1851 enim,
2514 1785 2683 1854 inquit
2702 1824 2718 1849 ,
2745 1782 2892 1835 amici
2918 1781 3013 1833 mei
3039 1779 3175 1839 estis,
3202 1777 3246 1830 si
3271 1777 3474 1847 faciatis
3499 1790 3613 1843 qua:
3633 1774 3733 1825 dico
3749 1776 3848 1826 vobis

2312 1877 2493 1947 (Joan.
2525 1876 2609 1930 15.
2642 1874 2751 1944 14).
2788 1873 2946 1941 Papa:
2970 1911 2986 1937 ,
3013 1867 3259 1923 inimicos
3280 1866 3369 1936 qui
3397 1864 3609 1918 inﬁnito
3633 1864 3782 1932 spatio
3803 1864 3850 1916 ab

2312 1986 2378 2026 eo
2405 1977 2561 2026 erant
2583 1966 2855 2037 disjuncti,
2880 1977 3016 2033 quos
3044 1958 3544 2029 incomparabiliter
3572 1957 3622 2009 in
3652 1956 3851 2009 omnibus

2313 2060 2671 2118 antecellebat
2694 2101 2709 2120 ,
2742 2067 2797 2113 et
2841 2054 2968 2110 fecit
3010 2061 3065 2108 et
3090 2051 3303 2106 vocavit
3331 2047 3586 2104 amicos?
3613 2045 3738 2113 Quid
3759 2061 3851 2113 ergo

2315 2171 2420 2210 non
2450 2163 2534 2209 est
2570 2168 2599 2207 a
2629 2150 2786 2206 nobis
2812 2148 3062 2202 lubenter
3092 2141 3400 2215 patiendum
3442 2155 3549 2211 pro
3595 2140 3689 2193 hac
3714 2140 3853 2192 amici-

2319 2245 2435 2300 tia?
2485 2246 2556 2298 At
2595 2257 2696 2296 nos
2742 2253 2841 2310 pro
2891 2237 3167 2291 hominum
3212 2233 3446 2287 amicitia
3494 2244 3640 2299 saepe
3668 2230 3851 2299 pericula

2316 2337 2563 2401 adimus;
2591 2347 2689 2404 pro
2727 2330 2821 2385 Dei
2852 2338 3029 2382 autem
3056 2324 3290 2381 amicitia
3340 2338 3439 2379 nec
3487 2323 3735 2391 pecunias
3761 2337 3851 2389 pro-

2315 2426 2603 2482 fundimus.
2632 2423 2837 2477 Revera
2864 2420 3007 2473 luctu
3036 2416 3209 2486 digna:
3232 2424 3356 2469 sunt
3383 2427 3472 2468 res
3498 2420 3712 2475 nostrae,
3734 2412 3845 2465 lucut

2322 2528 2376 2571 et
2404 2514 2657 2586 lacrymis
2699 2519 2756 2568 et
2799 2507 3179 2579 ejulationibus
3224 2513 3280 2560 et
3325 2503 3779 2558 lamentationibus
3816 2511 3854 2555 et

2320 2608 2559 2679 planctu.
2592 2606 2631 2659 A
2661 2618 2758 2673 spe
2780 2609 2960 2655 nostra
2985 2597 3283 2657 excidimus
3307 2638 3321 2658 ,
3351 2610 3380 2647 a
3409 2602 3597 2648 nostra
3625 2591 3854 2646 altitudine

2324 2697 2515 2767 dejecti
2546 2708 2751 2757 sumus,
2786 2692 2875 2745 Dci
2902 2691 3103 2744 honore
3134 2686 3332 2755 indigni
3378 2684 3749 2753 apparuimus,
3787 2683 3857 2733 im-

2316 2804 2579 2844 memores
2606 2796 2659 2841 et
2680 2784 2870 2855 ingrati
2896 2782 3161 2838 evasimus
3191 2788 3246 2835 et
3274 2778 3398 2832 mali
3424 2778 3590 2832 etiam
3615 2785 3723 2845 post
3741 2776 3858 2828 benc-

2317 2879 2457 2941 iicia,
2486 2878 2638 2932 bouis
2657 2875 2905 2931 onmibus
2928 2888 3026 2927 nos
3048 2870 3294 2940 Spoliavit
3319 2868 3568 2924 diabolus
3598 2886 3611 2922 :
3638 2867 3718 2935 qui
3754 2865 3858 2935 digni

2325 2963 2593 3017 fueramus
2611 2961 2774 3015 habiti
2806 2969 2863 3014 ut
2884 2972 3123 3013 essemus
3152 2955 3265 3018 ﬁlii,
3284 2954 3475 3007 fratres
3503 2961 3560 3005 et
3588 2951 3854 3011 coheredes,

2319 3052 2386 3106 ab
2414 3052 2532 3121 ejus
2552 3052 2779 3106 inimicis
2808 3050 2940 3104 nihil
2972 3046 3265 3102 diﬂ‘erimus
3288 3084 3304 3110 ,
3332 3044 3419 3113 qui
3465 3042 3642 3112 ipsum
3668 3041 3858 3095 afﬁciunt

2320 3143 2662 3197 contumelia.
2687 3142 2940 3209 Quaenam
2963 3139 3065 3193 erit
3090 3136 3244 3191 nobis
3265 3134 3331 3189 dc
3351 3142 3551 3189 caetero
3572 3128 3856 3187 consolatio?

2323 3233 2439 3303 Ipse
2462 3249 2558 3288 nos
2586 3233 2794 3287 vocavit
2817 3230 2882 3285 ad
2906 3230 3092 3284 crelum
3116 3245 3131 3293 ;
3163 3242 3260 3282 nos
3303 3223 3552 3295 nosipsos
3578 3221 3859 3279 detrudimus

2325 3325 2377 3379 in
2400 3323 2725 3392 gehennam.
2748 3321 3053 3379 Exsecratio
3101 3329 3154 3375 et
3202 3318 3563 3381 mendacium,
3618 3316 3793 3369 furtum
3821 3321 3859 3365 et

2325 3414 2639 3469 adulterium
2658 3414 2905 3467 diﬂusum
2922 3422 3004 3467 est
3021 3405 3180 3480 super
3193 3420 3384 3464 terram
3403 3428 3416 3463 :
3434 3408 3526 3462 alii
3558 3407 3859 3477 quidemsan-

2325 3509 2538 3580 guinem
2567 3508 2791 3563 miscent
2817 3507 3093 3580 sanguine,
3120 3504 3209 3558 alii
3238 3512 3412 3558 autem
3433 3518 3521 3557 res
3552 3509 3733 3571 gerunt
3752 3499 3863 3552 dcte-

2328 3602 2497 3656 riores
2536 3600 2812 3668 sanguine.
2840 3597 2986 3652 Multi
3017 3579 3085 3650 ex
3130 3596 3194 3649 iis
3223 3594 3313 3664 qui
3344 3593 3537 3662 injuria
3568 3592 3860 3649 afficiuntur,

2328 3696 2477 3749 multi
2523 3696 2611 3765 qui
2636 3710 2730 3764 per
2746 3693 3023 3748 avaritiam
3046 3691 3426 3745 detrimentum
3450 3686 3739 3756 patiuntur,
3756 3681 3864 3735 mille

2329 3798 2531 3842 mortes
2558 3787 2727 3855 magis
2747 3774 2934 3855 optant
2953 3798 3110 3854 quam
3138 3782 3251 3835 haec
3274 3780 3405 3851 pati,
3433 3787 3488 3832 et
3515 3778 3615 3832 nisi
3644 3777 3729 3830 Dei
3749 3776 3865 3827 timo.

2330 3895 2443 3934 rem
2498 3879 2648 3933 veriti
2676 3886 2876 3941 essent,
2918 3875 3017 3929 sibi
3059 3883 3282 3927 mortem
3328 3868 3729 3945 conscivissent,
3768 3864 3865 3917 adeo

2331 3972 2553 4040 cupiunt
2574 3980 2799 4023 mortem
2827 3967 2924 4020 sibi
2956 3964 3167 4019 aﬂ’errc.
3190 3964 3379 4021 Annon
3420 3968 3548 4015 sunt
3595 3958 3704 4012 haec
3730 3955 3864 4025 pejora

2333 4062 2619 4131 sanguine?
2672 4059 2769 4114 Ilei
2803 4059 2925 4111 mihi
2971 4057 3160 4119 anima,
3184 4053 3392 4108 dicebat
3412 4051 3606 4104 dolens
3638 4048 3865 4118 prepheta.

2336 4155 2483 4223 periit
2500 4154 2575 4205 vir
2601 4153 2712 4219 pius
2739 4168 2769 4203 a
2799 4162 2950 4215 terra,
2969 4158 3015 4201 et
3044 4148 3095 4200 in
3118 4145 3401 4198 hominibus
3427 4158 3528 4195 non
3558 4150 3631 4194 est
3658 4140 3733 4207 qui
3754 4136 3868 4203 faciat

2338 4245 2523 4298 bonum
2549 4242 2733 4311 (Mich.
2762 4242 2815 4295 7.
2837 4240 2916 4310 2).
2942 4237 3090 4292 Nunc
3105 4246 3280 4289 autem
3300 4248 3395 4286 nos
3416 4246 3631 4300 quoque
3650 4229 3711 4283 de
3729 4225 3868 4280 nobis-

2343 4334 2473 4401 ipsis
2498 4336 2722 4401 primum
2748 4330 2849 4383 hoc
2869 4327 3238 4382 clamabimus.
3263 4320 3369 4380 Sed
3396 4321 3462 4375 ad
3486 4318 3867 4374 lamentationem

2341 4442 2436 4480 vos
2460 4425 2588 4479 mihi
2617 4424 2751 4479 ferte
2778 4438 2957 4493 opem.
2987 4419 3255 4475 Fortassis
3281 4417 3498 4487 quidam
3525 4413 3868 4469 abominantur,

2339 4529 2394 4573 et
2419 4517 2631 4581 rident;
2673 4524 2891 4586 pr0pter
2938 4513 3042 4567 hoc
3089 4520 3268 4566 autem
3324 4506 3646 4563 intendenda
3694 4512 3767 4558 est
3815 4499 3869 4551 la-

2342 4611 2618 4674 mentatio,
2659 4608 2801 4679 quod
2832 4609 2966 4662 adeo
2996 4606 3218 4660 furimus
3246 4612 3296 4657 et
3328 4601 3625 4670 desipimus
3650 4608 3701 4654 et
3727 4609 3805 4651 nos
3826 4606 3870 4645 ne

2342 4701 2520 4757 furere
2567 4700 2778 4770 quidem
2824 4699 3062 4763 scimus,
3110 4695 3203 4751 sed
3256 4702 3475 4762 prOpter
3504 4707 3624 4761 quae
3651 4690 3871 4758 oporteret

2344 4810 2443 4848 nos
2466 4806 2705 4862 gemere,
2730 4789 2989 4844 ridemus.
3023 4786 3297 4840 Revelatur
3318 4826 3333 4849 ,
3364 4800 3393 4837 ο
3424 4784 3596 4844 homo,
3626 4782 3698 4833 ira
3721 4794 3744 4832 e
3764 4774 3871 4831 ario.

2343 4903 2495 4956 super
2514 4901 2709 4940 onmem
2731 4882 3036 4951 impietatem
3060 4889 3105 4932 et
3129 4878 3433 4949 injustitiam
3457 4874 3712 4928 hominum
3738 4866 3872 4938 (Rom.

2346 4981 2399 5034 l.
2432 4979 2543 5047 18).
2577 4976 2712 5029 Deus
2750 4974 3016 5044 manifeste
3036 4970 3215 5023 veniet.
3242 4967 3384 5037 Ignis
3408 4976 3527 5018 ante
3547 4966 3707 5032 ipsum
3734 4971 3868 5030 parte

2347 5069 2463 5132 det,
2491 5077 2538 5120 et
2566 5066 2701 5119 circa
2742 5080 2856 5117 eum
2886 5069 3155 5131 tempestas
3184 5056 3375 5111 valida.
3407 5054 3554 5125 Ignis
3582 5054 3633 5106 in
3658 5056 3872 5117 conspectu

2348 5163 2456 5230 ejus
2497 5156 2691 5211 ardebit
2729 5164 2776 5209 et
2824 5151 3158 5223 inﬂammabit
3197 5151 3251 5203 in
3293 5147 3507 5200 circuitu
3546 5144 3762 5197 inimicos
3795 5136 3872 5205 τίω

2353 5252 2525 5324 (Psal.
2557 5250 2647 5305 49.
2676 5250 2731 5303 5.
2759 5247 2919 5303 et'96.
2949 5243 3026 5314 5).
3060 5244 3184 5300 Dies
3202 5239 3407 5293 Domini
3428 5248 3678 5306 tamquam
3700 5232 3872 5324 clibauut

2350 5316 2532 5400 ardens
2562 5341 2717 5414 (Mal.
2747 5341 2801 5395 4.
2831 5339 2905 5408 1).
2938 5337 3006 5391 Ει
3049 5348 3210 5389 ncmo
3242 5333 3356 5386 haec
3400 5340 3580 5386 mente
3602 5329 3751 5398 agitat
3771 5364 3783 5386 ,

2354 5437 2520 5507 magis
2549 5410 2707 5504 quam
2763 5431 2955 5485 fabul-.c
3002 5423 3299 5495 despicatui
3354 5422 3616 5476 habentur
3659 5431 3737 5471 res
3774 5410 3871 5463 adeo

2355 5503 2656 5585 horrendae.
2689 5524 2790 5592 Qui
2821 5520 3020 5583 audiat,
3055 5531 3213 5572 nemo
3242 5523 3363 5574 est;
3396 5513 3484 5583 qui
3530 5520 3696 5565 autem
3739 5503 3872 5559 rident

2353 5634 2405 5680 et
2427 5623 2773 5683 subsannant,
2797 5629 3003 5669 omnes.
3026 5613 3281 5679 Quaenam
3304 5607 3517 5662 dabitur
3538 5603 3680 5659 nobis
3702 5600 3771 5652 via
3797 5607 3869 5683 qui

2360 5734 2459 5775 nos
2522 5710 2904 5786 expediamus?
2943 5706 3219 5766 Undenam
3293 5702 3617 5759 inveniemus
3659 5680 3871 5747 salutent!
