3988 6592
176 434 252 494 ια’)
896 422 965 478 ΙΝ
998 421 1213 479 EPIST.
1256 421 1345 476 AD
1383 418 1749 478 HEBREOS.
1791 418 2055 475 CARXI.
2098 421 2331 480 IIOMIL.
2358 425 2546 483 XXIII.

177 545 256 600 ἀπὸ
276 543 361 614 τῆς
390 540 625 609 φύσεως.
660 541 849 607 στεῖρα
876 539 985 609 γὰρ
1005 535 1093 607 ἦν.
1127 540 1324 604 Ὅθεν,
1350 538 1447 592 καὶ
1470 536 1537 601 ἐξ
1563 533 1700 597 ἐνὸς

177 630 539 702 ἐγεννήθησαν
560 625 711 698 [214]
733 631 787 682 οί
814 628 1059 693 πάντες,
1081 629 1177 683 καὶ
1204 627 1391 680 ταῦτα
1414 641 1700 692 νενεκρωο

173 719 331 788 μένου,
360 716 436 781 ὠς
465 715 536 768 τὰ
574 713 770 781 ἄστρα
790 713 899 768 τοῦ
937 714 1197 784 οὐρανοῦ
1221 715 1300 780 τῷ
1332 713 1571 779 πλήθει,
1601 711 1699 765 καί

177 806 279 859 ὡσεί
321 804 507 871 ἄμμος
540 803 577 870 ἡ
624 802 784 869 παρὰ
813 801 877 855 τὸ
912 801 1119 870 χεῖλος
1158 799 1266 867 τῆς
1315 800 1633 867 θαλάσσης
1660 799 1698 867 ἦ

178 892 542 959 ἀναρίθμητος.
588 890 781 956 Ὅθεν,
820 889 975 957 φησὶ,
1010 888 1110 941 καὶ
1150 887 1218 952 ἐξ
1271 887 1411 954 ἑνὸς
1456 885 1702 956 ἐγεννή-

179 983 331 1046 θησαν
355 979 409 1029 οἱ
440 975 685 1039 πάντες.
726 976 801 1028 06
836 974 993 1027 τοῦτο
1027 975 1186 1044 μόνον
1242 973 1478 1027 ἐνταῦθα
1528 973 1699 1041 λέγει,

178 1073 234 1122 ὅτι
254 1066 543 1137 ἐγέννησεν,
575 1063 692 1116 ἀλλ’
713 1064 798 1116 ὅτι
830 1065 923 1115 καὶ
954 1063 1224 1117 τοσούτων
1246 1062 1464 1131 ἐγένετο
1493 1063 1697 1133 μήτηρ,

176 1157 278 1206 ὅσων
308 1151 421 1204 οὑδέ
470 1152 525 1203 αῖ
572 1148 797 1222 εὔφοροι
848 1149 1115 1219 γαστέρες
1143 1167 1157 1180 ·
1216 1150 1311 1216 Ὦς
1360 1149 1434 1203 τὰ
1486 1149 1698 1218 ἄστρα,

176 1239 289 1309 φησί.
329 1237 447 1299 Πῶς
468 1232 562 1290 οῦν
594 1237 795 1300 αὐτοὺς
826 1235 1055 1307 ἀριθμεῖ
1104 1236 1387 1302 πολλάκις,
1421 1236 1598 1291 καίτοι
1636 1253 1700 1306 γε

174 1326 319 1387 είπὼν,
340 1326 395 1377 δν
421 1325 625 1396 τρόπον
649 1325 750 1377 οὑκ
778 1323 1283 1395 ἐξαριθμηθήσεται
1306 1324 1377 1378 τὰ
1404 1324 1582 1395 ἄστρα
1603 1325 1698 1378 τοῦ

172 1414 376 1485 οὐρανοῦ,
418 1413 595 1476 οὕτως
620 1412 743 1465 οὑδέ
772 1411 834 1464 τὸ
877 1413 1099 1484 σπέρμα
1134 1412 1332 1483 ὑμῶν;
1374 1414 1534 1465 Ἤτοι
1575 1412 1699 1466 καθ’

172 1500 429 1572 ὑπερϐολήν
459 1502 578 1552 ἐστι
605 1499 788 1565 τοῦτο,
816 1500 960 1570 ἢδιὰ
989 1500 1117 1563 τοὺς
1165 1501 1252 1554 ἀεὶ
1284 1500 1702 1570 ἐπιγινομένους

170 1590 303 1650 οὕτως
336 1584 473 1640 εἷπε.
494 1589 641 1650 Μιᾶς
671 1588 770 1657 μὲν
807 1588 916 1659 γὰρ
945 1588 1123 1650 οίκίας
1152 1587 1376 1639 δυνατὸν
1409 1588 1537 1650 τοὺς
1564 1604 1700 1657 7:90-

166 1679 317 1742 γόνους
343 1688 368 1715 ι
411 1664 900 1745 ἀριθμῆσαι,ὀῗον,
941 1677 969 1728 ὀ
996 1676 1143 1728 δεῖνα
1187 1674 1282 1728 τοῦ
1325 1675 1516 1741 δεῖνος,
1548 1676 1640 1728 καὶ
1671 1675 1701 1727 ὀ

165 1765 278 1816 δεῖνα
302 1762 389 1815 τοῦ
417 1764 588 1825 δεῖνος
615 1778 629 1791 ο
668 1761 901 1815 ἐνταῦθα
927 1761 1004 1825 δὲ,
1033 1756 1108 1815 ὧν
1126 1762 1187 1814 τὸ
1222 1761 1378 1829 γένος
1401 1760 1479 1831 τῷ
1502 1760 1698 1831 πλήθει

164 1850 247 1904 τῶν
275 1851 479 1920 ἄστρων
510 1848 930 1920 παρεικάξεται,
963 1850 1065 1901 οὐκ
1106 1849 1242 1904 ἐστι.

214 2053 272 2115 γ’.
282 2045 539 2099 Τοιαῦται
562 2046 618 2098 αί
638 2044 963 2113 ἐπαγγελίαι
982 2041 1076 2097 τοῦ
1094 2042 1251 2108 Θεοῦ,
1275 2041 1447 2103 οὑτως
1465 2041 1523 2093 εὑ
1534 2041 1701 2111 μήχα·

162 2151 223 2188 νοι
244 2134 396 2188 αὑτοῦ
439 2137 497 2186 αί
530 2134 875 2203 ὑποσχέσεις.
921 2134 985 2186 El
1018 2133 1076 2185 δέ
1109 2132 1256 2201 άπερ
1291 2132 1349 2183 ἐν
1380 2131 1700 2201 προσθήκης

165 2224 288 2292 μέρει
324 2222 608 2291 ὑπέσχετο,
640 2220 782 2274 οῦτω
833 2220 1145 2290 Θαυμαστὰ,
1203 2218 1347 2271 οὑτω
1394 2215 1695 2288 παράδοξα,

162 2310 273 2363 οὕτω
322 2309 712 2380 μεγαλόδωρα,
757 2309 880 2361 τίνα
935 2307 1087 2361 ἔσται
1142 2310 1348 2371 ἐκεῖνα,
1412 2325 1487 2361 ων
1529 2304 1701 2359 ταῦτα

163 2397 433 2468 προσθήκη,
459 2390 535 2450 ὧν
563 2399 628 2449 ἐκ
657 2396 979 2467 περιουσίας
1007 2393 1178 2448 ταῦτα
1202 2411 1216 2458 ;
1244 2394 1272 2433 δ
1301 2394 1367 2446 Τί
1388 2394 1565 2446 τοίνυν
1592 2393 1701 2445 τῶν

164 2485 596 2554 ἐπιτυγχανόντων
654 2483 1104 2554 μακαριώτερον;
1151 2482 1206 2534 τί
1254 2482 1362 2533 τῶν
1389 2481 1701 2550 ἀποτυγχαο

164 2574 326 2626 νόντων
358 2572 727 2641 ἁθλιώτερον;
773 2571 838 2625 Εί
868 2571 978 2641 γάρ
1027 2570 1290 2640 πατρίδος
1319 2587 1404 2631 τις
1428 2567 1699 2637 ἐκϐεϐλη-

167 2663 311 2730 μένος,
343 2662 448 2713 ὑπὸ
478 2660 700 2712 πάντων
733 2658 984 2720 ἐλεεῖται,
1020 2661 1114 2710 καὶ
1163 2656 1530 2728 κληρονομίαν
1563 2657 1701 2708 ἀπο-

166 2750 291 2812 λέσας
312 2749 458 2801 δοκεῖ
488 2749 642 2818 παρὰ
667 2748 833 2799 πᾶσιν
871 2745 1103 2807 ἐλεεινὸς
1137 2739 1277 2798 εἶναι
1305 2758 1319 2773 ⁸
1349 2746 1377 2796 ό
1408 2742 1501 2796 τοῦ
1538 2742 1702 2814 ούρα-

168 2838 235 2891 νοῦ
258 2838 533 2891 ἐκπίπτων
583 2835 819 2891 καὶτῶν
873 2835 1257 2904 ἀποκειμένων
1289 2832 1510 2900 ἀγαθῶν
1563 2834 1699 2896 ἐκεῖ,

167 2930 316 2991 πόσοις
343 2926 550 2997 ὀφείλει
583 2928 817 2998 δάκρυσι
845 2922 1204 2995 δακρύεσθαι;
1245 2922 1443 2993 μᾶλλον
1481 2922 1538 2974 δὲ
1580 2920 1702 2973 οὑδὲ

165 3014 453 3085 δακρύεσθαι
481 3029 496 3042 ’
558 3013 858 3083 δακρύεται
892 3013 1000 3081 γάρ
1051 3028 1137 3073 τις
1170 3011 1299 3063 ὅταν
1333 3027 1387 3061 τι
1422 3008 1591 3080 πάθῃ,
1625 3002 1701 3062 ὧν

164 3102 241 3154 οὐκ
262 3102 414 3165 αὑτός
448 3102 599 3153 ἐστιν
625 3101 797 3162 αίτιος
828 3114 842 3129 ο
889 3100 1018 3151 ὅταν
1050 3097 1107 3150 δὲ
1146 3097 1206 3161 εξ
1230 3096 1436 3159 οἰκείας
1475 3095 1703 3165 γνώμης

163 3189 321 3242 ἑαυτὸν
344 3188 643 3260 περιπείρῃ
657 3189 723 3257 τῇ
750 3186 941 3254 κακία,
972 3185 1092 3238 οὑδέ
1111 3184 1385 3254 δακρύων,
1414 3182 1551 3236 ἀλλὰ
1569 3182 1705 3253 θρήο

164 3294 247 3329 νων
269 3276 407 3329 ἐστὶν
446 3274 623 3339 ἄξιος,
660 3273 861 3343 μᾶλλον
888 3271 946 3324 δὲ
976 3273 1070 3324 καὶ
1090 3286 1093 3287 ⁷
1113 3270 1235 3323 τότε
1266 3270 1498 3333 πένθους
1525 3286 1539 3300 ο
1582 3270 1705 3322 ἐπεὶ

162 3363 284 3417 καλό
316 3363 518 3434 Κύριος
567 3360 729 3429 ἡμῶν
776 3359 985 3430 Ἰησοῦς
1014 3359 1248 3429 Χριστὸς
1286 3358 1385 3428 τὴν
1428 3357 1702 3426 Ἰερουσα-

160 3451 267 3524 λήμ,
298 3453 473 3507 καίτοι
494 3446 829 3515 ἀσεϐοῦσαν,
860 3448 1126 3520 ἐπένθησε
1153 3447 1249 3502 καὶ
1279 3446 1596 3518 ἐδάκρυσεν.

211 3666 406 3730 Ὄντως
434 3663 647 3737 μυρίων
680 3662 929 3734 ὀδυρμῶν
955 3660 1095 3726 ἄξιοί
1123 3662 1314 3731 ἐσμεν,
1353 3657 1560 3730 μυρίων
1581 3656 1708 3728 θρή-

151 3768 254 3808 νων.
270 3754 389 3806 Ἐάν
416 3754 566 3806 πᾶσα
584 3754 617 3821 ἡ
636 3748 927 3820 οἰκουμένη
954 3748 1194 3801 λαϐοῦσα
1219 3746 1419 3816 φωνὴν,
1440 3747 1533 3799 καὶ
1548 3745 1703 3812 λίθοι,

150 3841 385 3908 καὶξύλα,
399 3838 829 3910 καλδένδρα,κα“ι
841 3836 1023 3907 θηρία,
1038 3834 1375 3906 καὶδρνιθες,
1390 3837 1485 3887 καὶ
1506 3833 1705 3903 ίχθύες,

146 3933 225 3982 καὶ
237 3930 420 3993 ἁπλῶς
438 3930 592 3981 πᾶσα
606 3930 639 3997 ή
661 3925 977 3995 οἰκουμένη,
994 3924 1089 3977 ἐὰν
1106 3922 1346 3976 λαϐοῦσα
1363 3920 1546 3991 φωνὴν
1562 3922 1708 3990 ἡμᾶς

143 4017 388 4088 ὀδύρηται
428 4015 559 4076 τοὺς
587 4012 1018 4075 ἐκπεπτωκότας
1044 4011 1153 4064 τῶν
1202 4009 1424 4079 ἀγαθῶν
1459 4006 1706 4070 ἐκείνων,

140 4106 277 4159 οὐδὲν
303 4107 429 4159 κατ’
463 4104 624 4169 ἀξίαν
647 4103 922 4173 ὀδυρεῖται
949 4100 1071 4153 οὑδέ
1103 4099 1384 4171 θρηνήσει.
1419 4098 1577 4159 Ποῖος
1600 4095 1708 4166 γάρ

138 4194 280 4262 λόγος
308 4194 671 4265 παραστῆσαι
693 4191 1005 4262 δυνήσεται,
1032 4191 1187 4252 ποῖος
1216 4185 1342 4247 νοῦς
1370 4186 1585 4252 ἐκείνην
1610 4185 1707 4254 τὴν

136 4285 543 4355 μακαριότητα,
575 4281 673 4334 καὶ
699 4279 799 4349 τὴν
831 4278 1035 4349 ἀρετὴν
1079 4277 1317 4345 ἐκείνην,
1361 4274 1459 4344 τὴν
1489 4270 1704 4342 ἡδονὴν,

130 4372 221 4442 τὴν
262 4372 452 4438 δόξαν,
505 4369 609 4440 τὴν
644 4366 1010 4437 εὐφροσύνην,
1050 4364 1148 4434 τὴν
1176 4362 1541 4432 λαμπρότητα
1582 4376 1613 4401 ’ρ
1638 4361 1704 4413 Ἀ

130 4462 455 4530 ὀφθαλμὸς,
488 4459 679 4527 φησὶν,
707 4459 817 4511 οὐκ
848 4452 989 4519 εἶδε,
1035 4453 1135 4507 καί
1161 4448 1271 4518 οὖς
1296 4453 1407 4505 οὐκ
1457 4449 1705 4517 ἤκουσε,

131 4550 219 4603 καὶ
250 4550 355 4604 ἐπὶ
395 4548 652 4617 καρδίαν
677 4545 991 4612 ἀνθρώπου
1022 4544 1135 4595 οὐκ
1164 4538 1369 4606 ἀνέϐη,
1406 4536 1444 4592 ἂ
1469 4537 1709 4604 ἡτοίμα-

130 4655 234 4693 σεν
256 4643 290 4693 ό
319 4639 468 4703 Θεὸς
511 4635 637 4701 τοῖς
661 4632 980 4703 ἀγαπῶσιν
1027 4631 1248 4692 αὑτόν;
1295 4628 1409 4681 Οὑκ
1441 4622 1594 4679 εἶπεν
1625 4625 1708 4676 ὃτι

141 4724 492 4799 Ὑπερϐαίνει
526 4725 737 4787 ἁπλῶς,
780 4722 919 4784 ἀλλ’,
948 4721 1069 4773 οὑδὲ
1105 4716 1359 4786 ἐνενόησέ
1412 4714 1542 4768 ποτέ
1600 4730 1704 4799 τις,

133 4794 284 4887 [215]⁷
304 4816 343 4869 ἃ
373 4815 676 4886 ἡτοίμασεν
705 4814 733 4864 ὁ
756 4809 890 4871 Θεὸς
917 4812 1030 4869 τοῖς
1076 4804 1361 4874 ἀγαπῶσιν
1400 4802 1580 4854 αὑτόν.
1609 4794 1707 4852 Ὦν

131 4900 232 4969 γὰρ
268 4900 609 4973 έτοιμαστὴς
633 4898 729 4952 καὶ
766 4893 1226 4966 παρασκευαστὴς
1253 4894 1282 4945 ὀ
1307 4891 1439 4953 Θεὸς
1466 4889 1706 4957 ἀγαθῶν,

135 4995 251 5043 ποῖα
286 4992 435 5054 εἰκὸς
478 4987 621 5042 ιῖναι
651 4985 827 5038 ταῦτα
851 5000 866 5047 ;
893 4982 954 5035 Et
997 4982 1106 5053 γὰρ
1153 4981 1384 5052 ποιήσας
1412 4980 1580 5050 ἡμᾶς,
1618 4976 1710 5029 εὑ·

136 5076 283 5143 θέως,
330 5078 549 5139 οὐδενὸς
581 5076 713 5145 παρ’
745 5072 905 5145 ήμῶν
938 5071 1424 5143 προῦπηργμένου,
1474 5065 1709 5120 τοσαῦτα

139 5168 445 5236 ἐχαρίσατο,
505 5164 874 5236 παράδεισον,
930 5159 1147 5229 ὁμιλίαν
1200 5156 1301 5229 τὴν
1346 5157 1465 5227 μετ’
1518 5153 1705 5216 αὑτοῦ,

140 5253 428 5309 ἀθανασίαν
481 5252 778 5321 ὑπέσχετο,
811 5249 926 5321 βίον
983 5247 1251 5318 μακάριον
1288 5244 1381 5297 καὶ
1414 5241 1709 5313 φροντίδων

143 5341 552 5413 ἀπηλλαγμένον
573 5357 587 5370 ο
620 5342 735 5403 τοῖς
762 5336 999 5391 τοσαῦτα
1037 5334 1364 5405 πεποιηκόσι
1405 5333 1500 5385 καὶ
1546 5330 1711 5399 ἠθλη-

147 5432 274 5497 κὸτι,
315 5433 412 5486 καὶ
445 5432 589 5500 ὑπὲρ
613 5426 779 5483 αὑτοῦ
818 5426 1167 5496 ὑπομείνασι,
1202 5424 1255 5476 τί
1288 5422 1349 5475 οὑ
1395 5422 1706 5492 χαριεῖται;

208 5725 229 5753 ⁸
250 5722 459 5789 Coniecit
510 5723 753 5783 Danaus,
777 5719 887 5776 τοὺς
937 5716 1254 5779 ἀπογόνους...
1277 5714 1440 5769 δεῖνος·
1495 5713 1560 5761 ὧν
1581 5712 1633 5764 δὶ
1656 5710 1711 5759 τὸ

156 5786 440 5901 ﬁlex-ﬁdem
472 5857 641 5900 notam
660 5840 1070 5909 luxerprelalioni
1102 5840 1290 5892 Latina
1320 5838 1611 5899 subiectam.

3266 435 3371 492 Ιϐι

1805 531 1911 585 Τοῦ
1944 534 2281 605 Μονογενοῦς
2296 541 2396 594 οὑκ
2424 544 2677 611 ἐφείσατο
2708 543 2777 597 δι’
2803 544 2969 616 ἡμᾶς,
3009 543 3100 598 τδν
3123 546 3248 600 Υίδν
3271 551 3370 604 αὑ-

1801 618 1895 673 τοῦ
1925 622 2017 675 τὸν
2049 626 2267 695 γνήσιον
2316 629 2397 691 είς
2426 628 2653 684 θάνατον
2705 631 2873 684 ἔδωκε
2906 631 2974 684 δι’
3004 633 3149 703 ἡμᾶς
3175 650 3191 666 ο
3230 637 3278 689 εί
3311 637 3370 689 δὲ

1802 707 2031 778 ἐχθροὺς
2084 710 2243 775 δντας
2291 713 2545 769 τοιούτων
2589 718 2916 788 κατηξίωσε,
2952 718 3095 783 τίνος
3135 720 3197 773 οὑ
3240 738 3373 775 κατ-

1802 795 2023 861 αξιώσει
2051 797 2239 867 φίλους
2268 802 2620 871 γενομένους;
2643 805 2786 868 τίνος
2815 807 2874 858 οὑ
2909 806 3209 874 μεταδώσει
3232 826 3368 862 κατ-

1803 884 2039 949 αλλάξας
2084 886 2302 956 ἐαυτῷ;
2350 888 2476 942 ’Καὶ
2528 890 2783 954 πλούσιός
2818 892 2936 944 ἐστι
2986 894 3218 964 σφόδρα,
3270 896 3367 949 καὶ

1801 973 2043 1043 ἀπείρως
2063 974 2325 1045 ἐπιθυμεῖ
2346 976 2444 1029 καὶ
2460 978 2753 1041 σπουδάζει
2776 979 2872 1048 τῆς
2892 980 3169 1051 ήμετέρας
3187 982 3369 1051 φιλίας

1802 1063 1988 1130 τυχεῖν
2016 1076 2032 1092 ⁸
2067 1062 2230 1132 ἡμεῖς
2262 1062 2318 1114 δὲ
2353 1063 2472 1116 ούδέ
2504 1065 2566 1117 τὸ
2616 1064 2903 1118 πολλοστὸν
2954 1066 3165 1120 ἐκείνου
3197 1086 3367 1122 σπου-

1801 1146 2055 1219 δάζομεν,
2098 1150 2408 1219 ἀγαπητοί·
2436 1152 2488 1203 τί
2548 1151 2712 1218 λέγω,
2750 1152 2811 1205 06
2865 1152 3272 1224 σπουδάζομενς
3306 1157 3367 1209 06

1804 1233 2031 1305 θέλομεν
2071 1235 2213 1290 οὓτω
2244 1240 2428 1308 τυχεῖν
2466 1239 2632 1293 αὑτοῦ
2687 1239 2795 1292 τῶν
2835 1240 3078 1308 ἀγαθῶν,
3107 1242 3183 1305 ὡς
3207 1244 3370 1307 αὑτὸς

1803 1322 1970 1375 θέλει.
2005 1324 2113 1376 Καὶ
2144 1324 2225 1377 ὅτι
2262 1325 2422 1379 πλέον
2456 1326 2661 1390 ἐκεῖνος
2693 1326 2858 1391 θέλει,
2894 1326 2959 1380 δι’
2992 1322 3053 1382 οῦ
3085 1329 3370 1400 ἐποίησεν,

1802 1411 2023 1478 ἔδειξεν.
2073 1412 2265 1482 Ἡμεῖς
2300 1414 2401 1481 μὲν
2442 1414 2549 1484 γὰρ
2590 1414 2731 1485 ὑπὲρ
2776 1415 2933 1485 ήμῶν
2987 1417 3169 1469 αὑτῶν
3220 1416 3373 1487 μόλις

1801 1498 1981 1568 ὀλίγου
2017 1500 2465 1571 καταφρονοῦμεν
2485 1500 2709 1571 χρυσίου
2741 1518 2755 1534 ·
2784 1502 2944 1565 αὑτὸς
2971 1502 3028 1554 δέ
3051 1501 3191 1574 ὑπὲρ
3214 1502 3373 1573 ήμῶν
3472 1516 3477 1521 “

1803 1589 1899 1641 καὶ
1926 1588 2017 1641 τὸν
2046 1587 2169 1641 Υίδν
2195 1589 2363 1641 ἔδωκε
2405 1588 2494 1641 τὸν
2532 1588 2722 1642 αὑτοῦ.
2758 1588 3107 1659 Χρησώμεθα
3144 1591 3225 1653 είς
3253 1590 3372 1644 δέον

1800 1676 1867 1744 τῇ
1895 1674 2084 1745 ἀγάπῃ
2117 1675 2211 1727 τοῦ
2243 1673 2398 1739 Θεοῦ,
2428 1675 2719 1745 ἀγαπητοὶ,
2766 1674 3162 1746 ἀπολαύσωμεν
3203 1678 3371 1731 αὑτοῦ

1801 1761 1897 1830 τῆς
1938 1762 2157 1830 φιλίας’
2222 1763 2418 1832 ’Υμεῖς
2444 1762 2553 1831 γὰρ
2584 1764 2749 1831 φίλοι
2798 1764 2917 1832 μού
2961 1764 3124 1827 ἐστε,
3183 1766 3369 1835 φησὶν,

1800 1849 1909 1904 ἐὰν
1961 1849 2171 1918 ποιῆτε
2229 1850 2265 1904 ἆ
2307 1850 2462 1920 λέγω
2506 1850 2669 1919 ὑμῖν.
2734 1852 2929 1915 Βαϐαὶ,
2961 1852 3087 1915 τοὺς
3143 1852 3374 1923 ἐχθροὺς

1800 1938 1926 2000 τοὺς
1953 1938 2194 2007 ἀπείρως
2237 1938 2400 1990 αὑτοῦ
2443 1939 2814 2008 διεστηκότας,
2850 1934 2924 1992 ὧν
2957 1940 3275 2011 ἀσυγκρίτῳ
3302 1943 3370 2011 τῇ

1804 2027 2076 2097 ὑπερϐολῇ
2129 2028 2271 2081 κατὰ
2315 2028 2491 2081 πάντα
2553 2028 2847 2099 διενήνοχε,
2911 2029 3134 2093 τούτους
3186 2029 3371 2097 φίλους

1802 2115 2023 2184 ἐποίησε
2058 2115 2153 2167 καὶ
2181 2115 2336 2167 καλεῖ
2357 2114 2572 2183 φίλους;
2597 2115 2661 2166 Τί
2687 2111 2779 2167 οῦν
2808 2115 2904 2185 οὑχ
2928 2116 3141 2185 αἱρετὸν
3177 2116 3372 2169 παθεῖν

1804 2201 1943 2271 ὑπὲρ
1975 2201 2182 2269 ταύτης
2215 2202 2316 2268 τῆς
2348 2201 2564 2269 φιλίας;
2609 2202 2747 2255 Ἀλλ’
2786 2204 2947 2271 ἡμεῖς
2978 2203 3118 2270 ὑπὲρ
3164 2203 3372 2275 άνθρώυ

1803 2308 1920 2343 πων
1957 2289 2053 2359 μὲν
2090 2289 2274 2357 φιλίας
2329 2288 2592 2351 πολλάκις
2634 2289 2728 2341 καὶ
2767 2288 3172 2358 κινδυνεύομεν,
3230 2288 3372 2360 ὑπὲρ

1801 2378 1857 2431 δὲ
1887 2376 1987 2446 τῆς
2023 2375 2117 2429 τοῦ
2147 2377 2283 2429 Θεοῦ
2314 2376 2433 2429 οὑδέ
2463 2376 2724 2446 χρήματα
2766 2375 3087 2445 προϊέμεθα.
3138 2375 3372 2439 Πένθους

1799 2464 1972 2528 ὅντως
2004 2463 2129 2528 ἄξια
2154 2463 2223 2517 τὰ
2260 2463 2525 2534 ἡμέτερα,
2565 2462 2819 2529 πένθους,
2848 2464 2940 2516 καὶ
2974 2461 3246 2533 δακρύων,
3280 2463 3374 2515 καὶ

1801 2551 2074 2623 ὀδυρμῶν,
2105 2552 2198 2604 καὶ
2223 2549 2533 2620 ὀλοφυρμοῦ
2577 2549 2816 2619 μεγάλου
2846 2549 2940 2603 καὶ
2973 2548 3228 2602 κοπετοῦ.
3260 2549 3375 2619 Τῆς

1803 2639 2017 2702 ἐλπίδος
2066 2638 2223 2709 ἡμῶν
2280 2638 2633 2707 ἐξεπέσομεν,
2667 2635 3115 2706 ἐταπεινώθημεν
3138 2636 3247 2689 ἀπὸ
3273 2633 3370 2689 τοῦ
3450 2671 3452 2673 ›

1803 2727 1971 2789 ὕψους
2006 2725 2185 2797 ήμῶν,
2218 2725 2428 2788 ἀνάξιοι
2448 2725 2548 2795 τῆς
2576 2724 2743 2795 τιμῆς
2771 2723 3055 2793 ἐφάνημεν
3080 2722 3175 2776 τοῦ
3211 2722 3369 2788 Θεοῦ,

1802 2816 2137 2884 ἀγνώμονες,
2167 2815 2262 2868 καὶ
2279 2814 2418 2883 μετὰ
2441 2812 2538 2876 τὰς
2558 2812 2877 2883 εὐεργεσίας
2903 2812 3182 2881 ἐφάνημεν
3203 2811 3376 2880 ἄχρη-

1805 2921 1942 2969 στοι,
1963 2903 2278 2973 ἐγύμνωσεν
2303 2902 2448 2971 ήμάς
2472 2902 2688 2953 πάντων
2704 2902 2731 2953 ὁ
2745 2898 2989 2961 διάϐολος
3005 2897 3114 2952 τῶν
3133 2898 3373 2965 ἀγαθῶν·

1804 2995 1855 3046 οί
1881 2990 2313 3056 καταξιωθέντες
2335 2988 2475 3044 εἶναι
2512 2990 2638 3053 υἱοὶ,
2667 2990 2716 3041 οἱ
2750 2988 2968 3056 ἀδελφοὶ
3010 2988 3105 3040 καὶ
3146 2986 3378 3057 συγκλη⁸

1807 3081 2045 3150 ρονόμοι,
2076 3079 2184 3131 τῶν
2210 3077 2420 3147 ἐχθρῶν
2468 3075 2633 3129 αὑτοῦ
2654 3074 2806 3127 οὐδὲν
2832 3073 3242 3144 διενηνόχαμεν,
3266 3072 3376 3125 τῶν

1805 3163 2137 3236 ὑϐριζόντων
2174 3164 2355 3216 αὐτόν.
2407 3161 2502 3223 Τίς
2555 3162 2686 3230 ἡμῖν
2719 3160 2873 3213 ἔσται
2914 3159 3237 3229 παραμυθία
3265 3157 3377 3212 λοι-

1807 3256 1936 3319 πόν;
1967 3255 2138 3315 Αὐτὸς
2167 3253 2315 3322 ἡμᾶς
2355 3250 2582 3303 ἐκάλεσε
2614 3248 2750 3318 πρὸς
2792 3248 2884 3301 τὸν
2932 3249 3181 3314 οὐρανὸν,
3212 3249 3377 3319 ἡμεῖς

1805 3344 1862 3398 δέ
1892 3343 2117 3403 ἐαυτοὺς
2147 3340 2282 3410 πρὸς
2310 3337 2410 3408 τὴν
2458 3336 2687 3405 γέενναν
2742 3334 3059 3406 ώθήσαμεν.
3107 3335 3240 3405 Ἀρά
3282 3336 3377 3387 καὶ

1806 3430 2025 3500 ψεῦδος,
2055 3429 2151 3482 καὶ⁸
2179 3426 2356 3496 κλοπὴ
2382 3425 2475 3478 καὶ
2503 3422 2719 3495 μοιχεία
2747 3423 2973 3492 κέχυται
3012 3422 3105 3474 ἐπὶ
3126 3422 3225 3492 τῆς
3247 3421 3372 3491 γῆς·

1805 3522 1855 3574 οἱ
1895 3518 1995 3590 μὲν
2027 3518 2237 3586 αἵματα
2270 3513 2354 3583 ἐφ’
2398 3514 2595 3583 αἵμασι
2656 3511 2995 3583 μιγνύουσιν,
3041 3511 3091 3563 οί
3145 3509 3202 3562 δέ
3234 3510 3377 3581 πρά-

1806 3623 1995 3679 γματα
2050 3604 2383 3675 πράττουσιν
2438 3600 2687 3671 αἱμάτων
2743 3599 2985 3670 χείρονα.
3029 3596 3221 3650 Πολλοὶ
3266 3596 3377 3651 τῶν

1807 3692 2200 3763 ἀδικούμενων,
2255 3687 2405 3762 [216]
2469 3687 2655 3741 πολλοῖ⁹
2686 3686 2795 3739 τῶν
2840 3685 3374 3754 πλεονεκτουμένων,

1811 3781 2038 3854 μυρίους
2065 3777 2312 3847 εὔχονται
2343 3775 2607 3837 θανάτους
2633 3773 2666 3844 ἢ
2696 3771 2870 3827 ταῦτα
2922 3769 3112 3826 παθεῖν
3137 3786 3150 3800 ·
3204 3772 3299 3824 καὶ
3327 3771 3377 3823 εί

1810 3871 1884 3943 μὴ
1912 3869 2004 3923 τὸν
2051 3865 2146 3920 τοῦ
2181 3864 2312 3918 Θεοῦ
2365 3863 2529 3933 φόϐον
2584 3860 2939 3922 ἐδεδοίκεσαν,
2979 3858 3077 3912 καὶ
3120 3856 3379 3929 διεχειρί-

1809 3977 1971 4015 σαντο
1999 3957 2245 4019 ἑαυτοὺς,
2291 3954 2434 4007 οὕτω
2465 3952 2734 4020 φονῶντες
2768 3948 2889 4002 καθ’
2944 3947 3169 4002 ἐαυτῶν.
3211 3944 3378 4000 Ταῦτ’

1807 4044 1900 4103 οῦν
1931 4047 2029 4116 οὑχ
2057 4041 2304 4113 αἱμάτων
2348 4041 2552 4112 χείρω;
2592 4039 2781 4108 Οίμοι,
2806 4036 3000 4105 ψυχὴ,
3025 4035 3207 4104 ἔλεγεν
3241 4046 3380 4087 απο-

1806 4136 2089 4191 δυσπετῶν
2144 4136 2172 4187 ὀ
2229 4131 2539 4201 προφήτης,
2602 4128 2691 4181 ὅτι
2745 4128 3066 4181 ἀπόλωλεν
3115 4119 3381 4188 εὐλαϐὴς

1807 4224 1926 4279 ἀπὸ
1964 4221 2075 4290 τῆς
2106 4220 2239 4290 γῆς,
2272 4218 2365 4271 καὶ
2388 4220 2420 4271 ὁ
2450 4213 2755 4283 κατορθῶν
2791 4214 2858 4267 ὲν
2894 4210 3245 4279 ἀνθρώποις,
3266 4209 3380 4277 οὐχ

1812 4312 2089 4379 ὑπάρχει.
2128 4307 2243 4360 Νῦν
2271 4307 2328 4360 δὲ
2379 4306 2474 4358 καὶ
2508 4304 2669 4373 ἡμεῖς
2715 4300 2874 4355 τοῦτο
2929 4300 3195 4369 βοήσομεν
3250 4294 3382 4365 περὶ

1808 4401 1967 4474 ἡμῶν
1999 4397 2180 4452 αὑτῶν
2210 4395 2447 4467 πρῶτον.
2495 4391 2657 4446 Ἀλλά
2688 4408 2777 4461 μοι
2827 4388 2922 4442 τοῦ
2953 4387 3153 4457 θρήνου
3180 4382 3379 4474 συλλά-

1809 4469 1992 4543 ϐεσθε.
2054 4486 2209 4554 Τάχα
2248 4482 2394 4545 τινὲς
2449 4481 2545 4533 καὶ
2600 4475 2937 4541 οἱωνίζονται
2999 4472 3094 4525 καὶ
3127 4469 3330 4537 γελῶσι
3365 4484 3379 4499 ·

1808 4577 1948 4647 πλὴν
1971 4575 2063 4629 καὶ
2088 4573 2175 4626 διὰ
2190 4571 2349 4624 τοῦτο
2372 4568 2664 4622 ἐπιτείνειν
2685 4564 2884 4638 μᾶλλον
2904 4561 3011 4632 χρὴ
3041 4559 3134 4647 τὸν
3159 4555 3380 4647 θρῆνον,

1809 4668 1892 4720 ὅτι
1930 4663 2073 4719 οὕτω
2109 4659 2412 4732 μαινόμεθα
2460 4657 2554 4711 καὶ
2605 4651 3016 4724 παραπαίομεν,
3052 4646 3133 4698 ὅτι
3172 4641 3296 4695 οὑδέ
3319 4642 3382 4732 εί

1814 4727 2121 4824 μαινόμεθα
2153 4727 2331 4819 ίσμενν,
2360 4746 2475 4800 ἀλλ’
2515 4744 2598 4812 ἐφ’
2630 4738 2712 4802 οἷς
2747 4736 2915 4808 ἐχρῆν
2949 4732 3179 4824 στένειν,
3210 4727 3384 4824 γελῶ-

1815 4820 1934 4915 μεν.
1980 4820 2503 4899 Ἆποκαλύπτεται,
2554 4832 2846 4915 ἄνθρωπε,
2882 4823 3028 4915 ὀργὴ
3056 4820 3173 4915 ἀπ’
3206 4820 3383 4915 969a-

1809 4904 1943 4995 νοῦ,
1969 4931 2067 4985 ἐπὶ
2102 4929 2310 4984 πᾶσαν
2337 4924 2619 4980 ἀσέϐειαν
2642 4916 2740 4979 καί
2768 4912 3009 4969 ἀδικίαν
3038 4904 3383 4975 ἀνθρώπων.

1824 5022 1885 5075 '0
1915 4994 2057 5085 Θεὸς
2080 5015 2356 5087 ἐμφανῶς
2378 5012 2511 5080 ἥξει
2539 5026 2552 5039 ο
2576 5006 2695 5074 πῦρ
2721 5002 2979 5057 ἐνώπιον
3027 4994 3213 5087 αὑτοῦ
3243 5010 3386 5087 και)-

1813 5082 2081 5179 θήσεται,
2106 5082 2210 5159 καὶ
2244 5104 2447 5164 κύκλῳ
2468 5094 2654 5152 αὐτοῦ
2685 5090 2953 5179 καταιγίς
2980 5082 3387 5179 «evagatam-3p

1813 5171 2093 5254 ἐναντίον
2110 5189 2295 5245 αὑτοῦ
2312 5185 2803 5255 προπορεύσεται,
2819 5178 2916 5231 καί
2935 5172 3173 5246 φλογιεῖ
3186 5171 3388 5235 κύκλῳ

1814 5289 1958 5353 τοὺς
1980 5281 2235 5354 ἐχθροὺς
2257 5276 2464 5334 αὑτοῦ.
2509 5275 2579 5329 Ἠ
2599 5271 2786 5341 ἡμέρα
2813 5266 3043 5354 Kvplov~
3066 5259 3389 5354 (asyla;-
3436 5300 3441 5315 ,

1814 5396 1922 5441 νος
1934 5346 2277 5441 καιόμενος.
2307 5364 2420 5418 Καὶ
2442 5361 2615 5423 οὐδεὶς
2644 5356 2818 5411 ταῦτα
2847 5356 2926 5417 είς
2952 5350 3078 5405 νοῦν
3110 5346 3386 5441 βάλλεται,

1814 5431 1952 5520 ἀλλὰ
1993 5431 2176 5533 μύθων
2229 5431 2429 5527 μᾶλλον
2484 5444 2965 5533 καταπεφρόνηται
3018 5437 3093 5533 τά
3143 5431 3388 5533 φρικώδη
3426 5435 3429 5441 ‘

1813 5520 2006 5610 ταῦτα⁸
2040 5520 2341 5622 πράγματα
2390 5541 2486 5594 καὶ
2533 5536 2762 5608 φοϐερά,
2816 5532 2912 5586 καὶ
2939 5526 3283 5622 ⁸πεειτάτητ-αι.
3332 5520 3391 5571 '0

1814 5641 2055 5705 ἀκούων,
2086 5609 2284 5696 ὀὐδείς
2315 5647 2330 5663 ·
2372 5630 2420 5682 οἱ
2459 5627 2515 5680 δὲ
2557 5623 2825 5694 γελῶντες
2867 5618 2963 5672 καὶ
3010 5609 3386 5705 χλευάζοντες,

1814 5693 2156 5793 πάντες.,Τίς
2179 5693 2331 5776 ἔσται
2352 5720 2484 5790 ἡμῖν
2506 5693 2672 5785 πόρος
2690 5729 2706 5777 ;
2726 5708 2887 5764 πόθεν
2916 5700 3189 5793 σωτηρίαν
3214 5693 3390 5791 εὑρω-

1821 5838 1957 5893 μεν;
1997 5789 2416 5881 ⁷Ἀπολώλοιμεν,
2444 5797 2906 5874 παρανηλώμεθα,
2942 5789 3246 5861 γεγόναμεν
3274 5789 3385 5835 τῶν
