4002 6426
232 226 345 284 163

216 334 507 401 Periimus,
534 336 835 403 consumati
858 351 1063 401 sumus,
1101 340 1332 411 lulibrio
1358 357 1454 398 nos
1477 342 1671 397 habent
1693 342 1794 396 ini-

211 424 431 489 mici,et
452 440 547 485 nos
564 427 890 483 subsannant
906 437 963 483 et
985 440 1169 501 gentes
1192 442 1245 484 et
1270 431 1555 489 tltemones.

294 516 350 570 ὁ.
378 517 631 587 Ingentes
650 520 876 589 spiritus
895 537 1041 576 nunc
1063 523 1294 592 suscipit
1317 522 1584 589 diabolus,
1602 523 1799 594 gloria-

214 612 381 660 tnret
398 608 714 673 essultat,et
726 611 1173 669 laetaturJ’udore
1187 623 1237 669 et
1256 614 1473 672 tristitia
1492 614 1627 670 allici
1636 624 1801 669 untur
1884 658 1885 661 η

213 697 399 767 angeli
419 700 619 770 quibus
635 716 733 759 nos
749 704 1141 760 sumuscrediti
1158 723 1173 760 :
1189 714 1441 762 nemoest
1461 706 1553 776 qui
1572 720 1798 763 conver-

213 790 578 851 tatur,omnia
594 800 794 848 temere
812 804 939 855 sunt
956 805 1358 869 eonsumpta,et
1373 812 1470 854 nos
1487 797 1797 854 vobisvide-

212 893 348 933 mur
369 880 958 952 uugari.0pportunum
977 895 1219 941 estnunc
1238 902 1452 958 quoque
1472 902 1666 943 vocare
1683 902 1795 943 cm-

212 963 354 1029 lum,
372 968 629 1036 quoniam
650 985 806 1027 nemo
824 974 1013 1041 estqui
1048 976 1253 1041 audiat,
1274 975 1459 1035 testari
1482 976 1744 1032 elementa
1772 992 1790 1034 :

207 1055 372 1122 Audi,
394 1056 595 1123 uelum,
608 1067 655 1113 et
667 1059 873 1115 auribus
884 1062 1104 1130 percipe,
1121 1072 1274 1132 terra,
1290 1066 1528 1135 quoniam
1544 1065 1792 1123 Dominus

205 1156 282 1199 est
309 1148 545 1217 loquutus
581 1147 735 1217 (lsai.
782 1152 833 1205 1.
861 1150 938 1221 2).
974 1151 1125 1217 Date,
1171 1156 1422 1226 porrigite
1446 1161 1791 1230 manum,qui

207 1239 450 1294 nondum
466 1241 595 1296 estis
620 1240 815 1307 obruti,
832 1244 895 1296 iis
910 1244 998 1314 qui
1019 1245 1287 1314 perierunt
1314 1249 1381 1303 ab
1408 1247 1682 1317 ebrietate,
1702 1254 1789 1323 qui

205 1330 330 1383 sani
358 1331 487 1386 estis
514 1332 873 1389 laborantibus
902 1376 915 1395 ,
962 1336 1050 1404 qui
1082 1336 1266 1403 sapitis
1314 1338 1611 1396 furentibus
1637 1382 1650 1406 ,
1699 1344 1788 1412 qui

204 1421 368 1474 statis
403 1422 467 1475 iis
501 1424 589 1492 qui
629 1423 1102 1493 circumaguntur:
1136 1441 1323 1495 nemo,
1352 1429 1595 1498 obsecro,
1630 1435 1757 1505 quid

202 1529 369 1580 quain
410 1514 655 1582 prmferat
682 1516 840 1570 saluti
881 1518 1038 1572 amici
1065 1535 1079 1573 :
1108 1528 1162 1573 et
1188 1520 1487 1592 objurgatio
1514 1532 1569 1578 et
1602 1541 1785 1595 repre-

204 1602 400 1659 hensio
427 1620 590 1660 uuum
623 1606 792 1660 solum
838 1617 1071 1676 spectet,
1116 1626 1312 1680 nempe
1338 1614 1455 1681 ejus
1487 1615 1784 1670 utilitatem.

198 1695 431 1761 Quando
452 1696 612 1751 febris
637 1696 848 1763 invasit,
878 1698 1036 1752 etiam
1065 1702 1205 1755 servi
1234 1704 1514 1773 imperium
1537 1707 1786 1763 obtinent

201 1786 252 1837 in
272 1784 683 1845 dominos.Nam
701 1788 912 1860 quando
924 1790 1013 1845 illa
1029 1792 1241 1862 quidem
1260 1805 1410 1866 urget
1424 1796 1654 1854 animam
1667 1816 1790 1856 con-

199 1877 599 1943 turbatis,adest
613 1892 790 1936 autem
810 1897 996 1952 agmen
1018 1886 1188 1940 manci
1195 1887 1603 1956 piorum,nullus
1617 1892 1786 1966 legem

194 1970 778 2038 agnoscitdominicam
809 1974 860 2028 in
879 1974 1076 2032 damno
1088 1977 1309 2036 domini.
1323 1979 1787 2053 Nos,quteso,con-

196 2070 473 2116 vertamus
498 2079 513 2116 :
540 2063 672 2117 bella
696 2065 1021 2135 quotidiana,
1045 2066 1464 2141 submersiones,
1481 2072 1788 2132 innumera-

195 2150 338 2205 biles
364 2153 707 2210 circmncirca
752 2156 1028 2226 interitus,
1060 2168 1115 2214 et
1156 2160 1233 2215 ira
1278 2162 1373 2218 Dei
1409 2179 1509 2220 nos
1553 2168 1788 2240 undique

191 2243 514 2298 circumdat.
535 2244 640 2300 Nos
654 2256 830 2302 autem
861 2264 1045 2305 sumus
1071 2266 1259 2308 omnes
1281 2262 1387 2310 tant
1404 2260 1659 2327 securi,et
1679 2270 1783 2317 tam

192 2342 346 2387 metu
366 2336 539 2401 vacui,
575 2353 729 2406 quam
758 2339 802 2393 si
843 2341 952 2398 Deo
982 2344 1310 2413 placeremus
1339 2365 1351 2399 :
1381 2363 1567 2408 omnes
1596 2371 1783 2410 tnanus

193 2439 455 2492 paramus
488 2426 552 2480 ad
583 2428 730 2496 plura
776 2430 1014 2487 habenda
1061 2449 1160 2505 per
1190 2436 1493 2505 avaritiam.
1528 2458 1687 2499 nemo
1715 2446 1780 2499 ad

188 2528 352 2583 npem
381 2516 649 2572 ferendam
664 2532 678 2582 ;
692 2533 882 2574 omnes
893 2520 959 2576 ad
976 2540 1236 2596 rapinam,
1262 2544 1416 2584 nemo
1436 2531 1502 2587 ad
1523 2532 1781 2591 defensio-

189 2619 317 2658 nem
338 2624 350 2658 :
372 2609 734 2679 unusquisque
750 2612 982 2667 studium
1003 2629 1154 2671 suum
1170 2619 1317 2687 ponit
1336 2624 1603 2692 quomodo
1623 2626 1781 2682 facul-

188 2702 331 2749 tates
347 2710 472 2753 suas
492 2699 998 2772 reddatampliores,
1015 2722 1169 2763 nemo
1187 2714 1453 2780 quomodo
1476 2730 1632 2788 apem
1646 2718 1781 2783 ferat

182 2799 361 2853 egeno
385 2805 399 2843 :
421 2790 780 2863 unusquisque
804 2804 887 2849 est
913 2796 1066 2853 valde
1089 2799 1343 2859 sollicitus
1366 2807 1633 2874 quomodo
1669 2812 1779 2866 suis

181 2878 353 2933 addat
373 2883 632 2951 pecuniis,
656 2899 816 2941 nemo
836 2890 1104 2957 quomodo
1122 2907 1270 2949 suam
1300 2908 1476 2953 servet
1502 2899 1731 2957 animam
1759 2921 1770 2956 :

184 2988 330 3026 unus
350 2990 536 3031 omnes
566 2985 711 3033 tenet
746 2988 944 3048 metus,
963 2981 1038 3037 Ne
1066 2984 1252 3056 simus,
1270 2986 1459 3060 inqbit,
1476 3007 1771 3064 pauperes;

175 3064 250 3158 rte
306 3063 481 3109 autem
516 3057 566 3112 in
595 3063 893 3132 gehennam
940 3069 1230 3132 incidamus
1251 3119 1265 3143 ,
1296 3057 1455 3139 nemo
1476 3057 1694 3158 angitur
1715 3057 1770 3149 et

173 3139 465 3242 horrescit.
500 3148 619 3206 Haec
639 3153 795 3231 digna
824 3168 947 3214 sunt
972 3139 1764 3242 lamentationibus,turbaret;

167 3234 407 3302 Satione,
434 3237 544 3295 hanc
573 3246 1005 3314 reprehensione.
1038 3253 1141 3311 Sed
1164 3257 1280 3316 hazc
1306 3234 1546 3322 uolebam
1563 3269 1764 3343 dicere,

167 3336 363 3379 verum
402 3327 559 3384 dolor
602 3349 688 3389 me
725 3338 870 3408 cogit
901 3358 915 3395 :
950 3341 1244 3415 ignoscite;
1287 3355 1431 3425 cogit
1467 3373 1554 3413 me
1592 3327 1765 3418 luctus

166 3414 343 3519 multa
374 3416 553 3475 dicere
578 3438 696 3493 qua:
729 3414 997 3487 nolebam.
1029 3434 1198 3493 Video
1224 3414 1413 3512 graves
1441 3414 1759 3519 minas,

167 3504 472 3566 latinitatem
501 3515 585 3569 cui
624 3517 799 3574 afferri
837 3538 942 3578 non
986 3538 1164 3596 potest
1205 3504 1529 3605 consolatio,
1556 3504 1758 3612 majora.

162 3612 268 3692 nos
315 3615 644 3673 occuparunt
685 3612 823 3668 mala
857 3631 1015 3685 quam
1059 3631 1116 3676 ut
1153 3627 1324 3693 possit
1351 3628 1577 3688 inveniri
1610 3636 1756 3692 sola-

157 3688 297 3741 tium
321 3705 336 3751 ;
372 3693 648 3760 periimus.
678 3698 803 3765 Quis
830 3704 967 3760 dabit
996 3688 1169 3780 capiti
1188 3731 1298 3770 meo
1324 3734 1529 3787 aquam,
1560 3688 1757 3781 etfacit-

254 3780 380 3836 meis
409 3784 599 3878 {autem
628 3792 971 3864 lacrymarum
1004 3777 1138 3872 (Jer.
1167 3806 1219 3862 9.
1254 3810 1327 3878 1),
1359 3777 1415 3867 ut
1451 3777 1757 3875 lamenteri

149 3867 498 3967 Fleamus,‘o
522 3877 719 3948 dilecti,
753 3867 1451 3965 fleamuspingetnisca'mus.
1483 3904 1619 3963 Sunt
1643 3910 1750 3967 for-

150 3967 305 4073 tasse
329 3964 543 4066 quidam
571 3972 661 4040 qui
677 3972 871 4073 dicunt
898 3997 911 4034 :
938 3979 1076 4038 Nihil
1098 3964 1240 4043 aliud
1268 3993 1421 4049 nobis
1441 3997 1568 4053 dicit
1587 3964 1745 4073 quam

142 4048 571 4115 lamentationes
588 4101 606 4131 ,
632 4063 768 4121 nihil
791 4068 937 4126 aliud
966 4089 1127 4145 quam
1152 4078 1326 4136 ﬂetus.
1355 4048 1567 4144 Nollem

1008 225 1070 287 ΙΝ
1108 227 1325 286 EPIST.
1369 229 1458 286 AD
1496 229 1852 287 HEBRAZOS.
1899 232 2050 287 CAP.
2095 233 2185 287 XI.
2233 233 2458 291 IlOMlL.
2505 237 2691 296 XXIV.

3378 264 3491 327 16ῐῖ¹

1905 339 2015 395 tlite
2035 383 2049 407 ,
2080 344 2274 399 nollem
2298 386 2311 409 ,
2341 346 2434 402 sed
2467 349 2652 407 laudes
2679 357 2928 427 persequi
2959 365 3014 414 et
3040 362 3314 433 encomia;
3348 356 3489 422 nunc

1904 442 2080 486 autem
2122 445 2204 490 est
2243 436 2436 493 horum
2469 451 2699 513 tempus.
2730 446 2843 502 Non
2871 458 2953 504 est
2987 467 3181 520 grave,
3213 470 3246 509 ο
3270 456 3480 523 dilecti,

1903 803 2151 858 moriaris
2172 846 2185 868 ,
2229 815 2284 862 et
2326 822 2429 862 non
2460 808 2653 865 deﬂeo.
2683 814 2785 869 Sed
2817 819 2860 871 si
2886 834 3080 889 corpus
3106 803 3319 893 quidem
3342 827 3487 897 jacet

1902 906 2191 963 mortuum,
2222 912 2410 955 omnes
2439 900 2672 959 hortaris
2700 915 2759 961 ut
2783 912 3280 985 commisereantur,
3309 930 3363 974 et
3389 937 3485 976 eos

1899 987 1988 1056 qui
2018 1004 2122 1042 non
2154 989 2334 1060 lugent
2362 1008 2521 1049 vocas
2562 995 3014 1056 itnmisericoriles
3042 1022 3054 1056 :
3091 1020 3345 1073 pereunte
3384 1027 3482 1065 au-

1901 1085 2006 1131 tem
2047 1080 2222 1134 anima
2254 1081 2408 1150 jubes
2444 1100 2548 1138 non
2592 1086 2812 1156 lugere?
2844 1090 2948 1146 Sed
2977 1109 3082 1149 non
3122 1112 3337 1167 possum
3364 1119 3485 1161 esse

1901 1178 2047 1237 pater
2083 1171 2126 1225 si
2174 1186 2276 1227 non
2308 1172 2464 1228 ﬂeam
2500 1191 2513 1229 :
2545 1186 2696 1246 pater
2721 1193 2837 1233 sum
2868 1196 3053 1239 amans
3082 1197 3137 1242 et
3167 1189 3479 1250 benevolus.

1899 1260 2091 1315 Audite
2118 1264 2386 1333 quomodo
2412 1266 2607 1322 clamet
2638 1269 2832 1325 Paulus
2858 1314 2871 1334 ,
2906 1272 3085 1330 Filioli
3105 1319 3118 1339 ,
3147 1295 3272 1349 quos
3302 1283 3483 1338 iterum

1897 1352 2125 1421 μανίαν-ἕο
2146 1352 2289 1422 (Gai.
2314 1355 2366 1409 4.
2393 1355 2505 1425 19).
2533 1356 2785 1423 Qumnam
2812 1373 2982 1417 mater
3009 1371 3311 1435 parturiens
3333 1389 3483 1442 reque

1895 1446 2115 1502 acerbas
2146 1461 2304 1502 voces
2329 1449 2489 1504 mittit
2515 1460 2675 1521 atque
2702 1453 2827 1508 ille?
2852 1454 3060 1513 Utinam
3088 1460 3273 1518 liceret
3303 1464 3483 1521 videre

1896 1537 2065 1606 ipsum
2111 1539 2356 1596 ardorem
2399 1542 2593 1597 mentis
2613 1584 2626 1608 ,
2657 1553 2711 1599 et
2742 1546 2952 1604 videres
2987 1553 3127 1621 quod
3161 1558 3329 1626 magis
3357 1574 3483 1614 uror

1894 1646 2051 1701 quam
2072 1633 2273 1702 quaevis
2293 1634 2499 1700 mulier,
2519 1645 2573 1691 et
2593 1640 2791 1707 qumvis
2814 1643 2984 1710 puella
3003 1660 3121 1715 quae
3146 1648 3480 1707 immaturam

1895 1741 2047 1795 passa
2070 1736 2153 1783 est
2173 1727 2505 1783 viduitatem.
2532 1729 2645 1784 Non
2670 1732 2739 1785 ita
2764 1733 2905 1802 luget
2925 1735 3009 1789 illa
3034 1752 3185 1793 suum
3205 1744 3477 1813 maritum,

1894 1833 2069 1888 neque
2094 1826 2246 1889 pater
2274 1819 2441 1873 lilium
2467 1862 2481 1885 ,
2512 1829 2567 1874 ut
2606 1836 2708 1894 ego
2753 1824 2888 1880 lianc
2921 1843 3040 1896 qua:
3077 1838 3160 1884 est
3201 1834 3339 1901 apud
3383 1852 3480 1891 nos

1892 1909 2309 1965 nmltitudinem.
2328 1910 2437 1966 Nec
2458 1912 2657 1968 nullum
2683 1914 2836 1971 video
2863 1917 3176 1989 profectum,
3203 1936 3479 1983 vertuntur

1893 2002 2069 2055 omnia
2112 2001 2164 2054 in
2209 2000 2505 2058 calumnias
2546 2012 2601 2058 et
2636 2006 3040 2066 criminationes
3073 2029 3086 2068 :
3116 2014 3292 2071 nullus
3321 2034 3475 2074 suum

1903 2101 2049 2159 ducit
2085 2116 2206 2159 esse
2242 2101 2475 2161 ofﬁcium
2511 2113 2568 2157 ut
2604 2103 2715 2159 Deo
2743 2105 2975 2175 placeat;
3007 2106 3101 2161 sed
3128 2106 3195 2162 de
3225 2108 3360 2175 huc,
3391 2108 3477 2164 in-

1899 2195 2043 2269 quit,
2074 2202 2130 2250 et
2157 2193 2224 2250 de
2266 2194 2360 2249 illo
2397 2195 2538 2250 male
2567 2195 2805 2252 dicamus
2835 2214 2848 2250 :
2880 2198 2969 2253 ille
2994 2209 3077 2254 est
3110 2199 3357 2270 indignus
3383 2198 3473 2271 qut

1897 2286 1967 2341 sit
1991 2285 2216 2341 clericus
2236 2323 2253 2349 ,
2287 2284 2372 2339 hic
2399 2285 2621 2354 turpiter
2653 2287 2780 2341 vivit
2808 2299 2861 2342 et
2890 2288 3187 2343 inhoneste.
3217 2291 3347 2345 Cum
3378 2292 3474 2346 de-

1893 2376 2145 2430 beremus
2174 2374 2311 2427 mala
2352 2372 2532 2428 nostra
2574 2375 2785 2445 lugere,
2816 2377 2950 2431 alios
2981 2377 3316 2447 judicamus,
3350 2397 3471 2438 cum

1891 2478 1992 2520 nec
2018 2463 2231 2535 quando
2266 2465 2447 2520 mundi
2477 2478 2662 2520 sumus
2698 2481 2728 2521 a
2768 2470 2999 2537 peccatis
3021 2468 3338 2527 deberemus
3368 2472 3471 2529 hoc

1889 2553 2085 2611 facere.
2118 2556 2242 2623 Quis
2262 2556 2394 2610 enim
2416 2566 2464 2610 te
2484 2555 2759 2639 discernit?
2781 2557 2953 2629 inquit
2974 2575 2990 2621 ;
3018 2560 3140 2627 quid
3165 2562 3315 2617 habes
3334 2564 3469 2631 quod

1834 2664 1837 2667 ‘
1885 2665 1987 2703 non
2014 2650 2289 2720 accepisti?
2312 2650 2357 2704 si
2393 2659 2562 2704 autem
2601 2652 2873 2733 accepisti,
2901 2652 3024 2723 quid
3051 2654 3284 2724 gloriaris
3320 2658 3468 2726 quasi

1883 2757 1985 2795 non
2011 2740 2261 2812 acceperis
2293 2740 2369 2813 (l.
2398 2740 2515 2795 Cor.
2543 2741 2595 2795 4.
2627 2742 2727 2811 7)?
2759 2742 2836 2797 Tu
2874 2754 3051 2799 autem
3092 2746 3217 2816 quid
3256 2747 3464 2817 judicas

1881 2832 2099 2887 fratrem
2128 2841 2296 2898 tuum,
2321 2847 2439 2887 cum
2471 2832 2582 2902 ipse
2610 2833 2683 2887 sis
2713 2832 2901 2903 plenus
2926 2836 3078 2890 malis
3105 2836 3462 2894 innumerabi-

1879 2924 2064 2980 libus?
2090 2923 2313 2992 Quando
2342 2922 2568 2999 dixeris,
2603 2924 2695 2979 Ille
2724 2933 2804 2979 est
2847 2927 3017 2979 malus
3046 2935 3100 2981 et
3129 2929 3458 2997 perniciosus

1877 3025 1932 3073 et
1956 3017 2269 3082 sceleratus,
2298 3016 2366 3071 de
2388 3025 2440 3071 te
2468 3016 2661 3087 cogita,
2684 3026 2738 3071 et
2759 3026 2845 3071 tua
2867 3017 3147 3088 diligenter
3175 3020 3380 3089 inquire
3402 3034 3457 3076 et

1869 3108 2137 3175 examina,
2164 3118 2219 3165 et
2245 3117 2294 3163 te
2320 3110 2603 3178 ptenitebit
2629 3124 2815 3165 eorum
2851 3126 2968 3183 qua:
2996 3111 3195 3166 dixisti.
3226 3111 3340 3167 Non
3365 3123 3448 3167 est

1867 3200 2030 3264 enim,
2064 3215 2170 3255 non
2195 3209 2277 3255 est
2312 3201 2413 3254 ulla
2446 3200 2565 3255 talis
2592 3201 2916 3269 adhortatio,
2949 3204 3119 3273 qualis
3146 3211 3229 3258 est
3258 3220 3445 3273 pecca-

1866 3299 2044 3346 torum
2090 3292 2410 3347 recordatio.
2454 3292 2509 3349 Si
2553 3293 2667 3347 huic
2702 3293 2810 3349 duo
2836 3294 2976 3364 apud
3009 3309 3106 3349 nos
3131 3310 3404 3350 versemus
3428 3337 3453 3365 ,η
3525 3342 3536 3354 ,

1863 3382 2157 3453 poterimus
2196 3382 2451 3452 consequi
2495 3383 2631 3438 bona
2680 3385 2980 3453 promissa,
3022 3384 3312 3457 poterimus
3345 3401 3444 3442 nos

1863 3475 2153 3532 emundare
2193 3486 2248 3532 et
2287 3478 2592 3546 abstergere
2622 3494 2633 3528 :
2662 3477 2833 3530 solum
2874 3477 2924 3530 id
2969 3476 3123 3532 nobis
3162 3478 3339 3532 veniat
3382 3478 3437 3532 in

1860 3574 2127 3631 mentem,
2164 3576 2220 3621 et
2252 3564 2318 3620 de
2352 3566 2451 3621 hac
2484 3580 2542 3620 re
2571 3566 2737 3620 simus
2763 3565 3006 3630 solliciti,
3035 3581 3068 3619 ο
3092 3565 3289 3621 dilecti.
3336 3566 3431 3620 llic

1858 3656 2136 3713 doleamus
2161 3659 2360 3722 animo,
2389 3672 2455 3712 ne
2484 3658 2592 3712 illic
2620 3656 2898 3712 doleamus
2924 3652 3202 3727 suppliCiu,
3227 3657 3321 3712 sed
3346 3657 3434 3710 bo-

1858 3748 1941 3805 nis
1982 3747 2221 3804 fruamur
2261 3749 2511 3812 internis,
2555 3747 2641 3802 ubi
2680 3746 2810 3818 fugit
2851 3747 3025 3812 dolor,
3066 3747 3239 3801 luctus
3267 3757 3319 3799 et
3346 3763 3439 3816 ge-

1856 3838 2051 3902 mitus,
2093 3847 2153 3892 ut
2195 3837 2330 3892 bona
2376 3852 2767 3906 consequamur
2804 3844 3002 3892 tit-terna
3040 3852 3160 3906 qua:
3204 3843 3434 3891 mentem

1854 3937 2178 3998 exsuperant
2220 3928 2539 3995 humanam,
2569 3926 2621 3981 in
2655 3927 2868 3981 Christo
2904 3925 3028 3980 .Iesu
3074 3926 3297 3979 Domino
3335 3920 3443 3979 no?

1855 4027 1968 4074 stro
1998 4036 2011 4073 :
2046 4019 2144 4092 ipsi
2172 4016 2241 4073 sit
2268 4017 2436 4089 gloria
2467 4017 2518 4071 in
2548 4018 2741 4073 saecula
2772 4018 3103 4073 smculorum.
3144 4018 3337 4074 Amen.

152 4282 3416 4395 ψ

143 4442 290 4499 (ise.
319 4445 408 4499 11.
441 4459 495 4498 v.
528 4443 614 4497 15.
644 4442 806 4497 Juxta
830 4441 985 4511 ﬁdem
1015 4440 1244 4513 defuncti
1278 4449 1398 4496 sunt
1433 4457 1605 4498 omnes
1631 4444 1737 4512 isti,

223 4554 334 4592 non
362 4537 579 4607 acceptis
604 4534 1093 4605 repromissionibus,
1122 4534 1213 4588 sed
1249 4551 1283 4588 a
1310 4535 1460 4606 longe
1484 4551 1572 4590 eas
1597 4537 1741 4606 aspi-

220 4628 415 4680 cientes
466 4634 513 4677 et
556 4626 849 4686 salutantes,
900 4634 947 4678 et
983 4626 1274 4692 conﬁtentes
1318 4624 1454 4699 quod
1490 4627 1741 4697 peregrini

216 4728 417 4774 suntet
444 4719 663 4789 hospites
688 4733 840 4787 super
866 4727 1071 4771 terram.
1112 4716 1199 4772 14.
1236 4716 1333 4784 Qui
1361 4718 1493 4771 enim
1519 4721 1626 4771 haec
1654 4718 1738 4771 di-

215 4820 360 4875 cunt,
390 4810 681 4880 signiﬁcant
705 4825 759 4862 se
773 4809 991 4879 patriam
1028 4807 1301 4880 inquirere.
1334 4809 1420 4864 15.
1457 4807 1523 4862 Et
1552 4810 1597 4863 si
1619 4809 1735 4878 qui-

214 4904 337 4958 dem
371 4903 533 4972 ipsius
564 4899 903 4954 meminissent
950 4898 1014 4953 de
1050 4915 1150 4968 qua
1194 4898 1441 4965 exierunt,
1490 4899 1738 4954 habebant

214 4994 393 5061 utique
421 5002 620 5059 tempus
642 4988 920 5042 revertendi
938 5004 957 5041 .'
988 4987 1073 5043 16.
1108 5005 1242 5041 nunc
1281 4998 1449 5042 autem
1478 4991 1734 5044 meliorem

212 5094 495 5155 appetunt,
549 5084 601 5136 id
652 5092 724 5137 est
768 5082 1034 5135 Cratestem.
1085 5078 1212 5134 Ideo
1256 5097 1356 5133 non
1405 5081 1734 5152 confunditur

212 5180 356 5234 Deus
382 5176 548 5231 uocari
569 5174 709 5233 Deus
728 5190 902 5228 eorum
923 5188 942 5226 :
968 5174 1165 5244 paravit
1184 5173 1314 5227 enim
1339 5174 1441 5227 illis
1462 5175 1727 5229 civitatem.

211 5274 266 5327 1.
306 5271 385 5342 (a)
426 5269 602 5323 Prima
640 5274 722 5321 est
755 5266 943 5331 virtus,
975 5274 1134 5334 atque
1163 5262 1299 5318 adeo
1331 5264 1574 5319 universa
1613 5263 1725 5318 vir-

133 5378 244 5431 tus,
276 5377 405 5419 esse
436 5362 490 5415 in
519 5359 620 5416 hoc
666 5358 865 5413 mundo
904 5356 1165 5426 hospitem
1193 5365 1248 5412 ct
1274 5358 1638 5427 peregrinum,
1670 5367 1727 5413 et

199 5566 278 5623 (η)
304 5562 447 5625 Initii_
481 5559 962 5625 homiljagvigcsimze
985 5568 1169 5622 quartae
1189 5566 1293 5611 tres
1329 5564 1516 5625 paginze
1539 5564 1731 5614 deside-

138 5620 315 5677 ran'.ur
339 5626 389 5673 iu
416 5622 591 5674 Codice
614 5620 749 5672 Coll).

469 5725 743 5787 PATltOI..
789 5726 903 5787 Gn.
961 5723 1185 5785 LXIII.

1851 4465 1972 4507 cum
2002 4452 2066 4507 iis
2107 4468 2226 4524 quae
2255 4456 2343 4511 hic
2370 4465 2495 4513 sunt
2522 4460 2685 4516 rebus
2722 4470 2777 4516 et
2806 4465 3032 4532 negotiis
3064 4464 3194 4519 nihil
3237 4465 3431 4520 habere.

1845 4556 2150 4611 cnmmunc,
2188 4545 2282 4601 sed
2308 4548 2374 4603 ab
2398 4549 2479 4603 eis
2509 4551 2746 4619 pendere
2775 4561 3043 4623 tamquam
3072 4555 3139 4608 ab
3168 4558 3426 4639 externis,

1845 4634 1983 4689 sicut
2010 4636 2148 4692 beati
2182 4637 2257 4692 illi
2285 4637 2534 4709 discipuli
2576 4641 2644 4696 de
2687 4642 2882 4711 quibus
2912 4643 3039 4697 dicit
3073 4661 3085 4697 :
3114 4634 3429 4699 Circuierant

1841 4725 1894 4778 in
1913 4726 2127 4790 metatis,
2150 4729 2203 4781 in
2226 4729 2440 4798 pellibus
2456 4733 2700 4800 caprinis,
2726 4742 2943 4802 egentes,
2966 4735 3265 4801 angustiati,
3296 4736 3425 4805 ami-

1840 4815 1928 4875 cti,
1981 4816 2160 4884 quibus
2204 4817 2391 4887 dignus
2432 4810 2533 4872 non
2575 4830 2685 4872 erat
2720 4820 2940 4874 mundus
2968 4820 3153 4891 (Hebr.
3188 4824 3273 4878 11.
3303 4824 3419 4892 37).
3446 4866 3466 4881 .

1839 4908 2011 4975 Atque
2038 4905 2113 4960 illi
2140 4907 2357 4976 quidem
2386 4907 2639 4963 dicebant
2681 4924 2740 4963 se
2767 4925 2887 4964 esse
2922 4912 3158 4981 hospites
3185 4922 3239 4967 et
3270 4928 3423 4983 pere-

1838 4996 2018 5067 grinos
2066 5014 2080 5048 :
2138 4997 2337 5052 Paulus
2382 5008 2561 5053 autem
2604 4999 2734 5055 dicit
2785 5002 2942 5072 longe
2992 5004 3117 5073 quid
3170 5007 3415 5075 amplius.

1835 5087 1952 5142 Non
1995 5088 2135 5142 enim
2199 5104 2258 5144 se
2301 5103 2420 5145 esse
2459 5091 2595 5147 dixit
2644 5091 2904 5163 hospitem
2945 5104 2999 5149 et
3053 5100 3416 5167 peregrinum,

1835 5178 1928 5232 sed
1960 5179 2159 5233 mundo
2189 5190 2481 5248 mortuum,
2514 5191 2569 5238 et
2616 5183 2715 5239 sibi
2760 5185 3055 5241 mundum:
3091 5187 3224 5241 Mihi
3251 5190 3416 5255 enim,

1835 5268 2026 5339 inquit.
2059 5271 2278 5324 mundus
2318 5273 2719 5342 cruciﬁxus'est,
2763 5284 2811 5328 et
2839 5291 2929 5345 ego
2966 5277 3155 5331 mundo
3182 5277 3318 5349 (Gal.
3359 5280 3412 5334 6.

1836 5360 1947 5431 14).
1976 5360 2080 5416 Sed
2114 5376 2211 5416 nos
2240 5363 2325 5418 hic
2363 5365 2539 5419 omnia
2580 5365 2819 5436 gerimus
2848 5376 3117 5437 tamquam
3163 5370 3329 5433 cives,
3363 5381 3413 5422 et

1836 5454 1992 5523 plane
2017 5456 2256 5510 viventes
2295 5464 2355 5512 ut
2386 5456 2532 5512 cives
2560 5474 2573 5511 :
2605 5467 2660 5514 et
2684 5456 2829 5531 quod
2851 5458 2979 5526 justi
3007 5469 3159 5513 erant
3186 5460 3406 5522 mundo,

1832 5561 2025 5616 nempe
2071 5548 2307 5621 hospites
2350 5563 2405 5607 et
2452 5558 2669 5621 mortui,
2712 5556 2813 5613 nos
2849 5559 2951 5613 hoc
2994 5573 3179 5614 sumus
3227 5559 3403 5614 cmlo:

1830 5636 1972 5707 quod
2002 5648 2178 5695 autem
2209 5652 2364 5698 erant
2392 5643 2467 5698 illi
2495 5645 2629 5700 caelo
2669 5648 2913 5708 viventes
2956 5658 3009 5703 et
3048 5649 3117 5703 ibi
3148 5650 3411 5704 rationem

3021 5729 3089 5789 11
