4002 6426
616 321 638 374 ι

616 320 717 376 ιω
1317 320 1380 367 δ.
1416 320 1690 365 mamma
1723 320 2176 360 nummatum

600 401 814 461 vivendi
864 401 1223 468 instituentes,
1262 392 1369 456 hoc
1413 417 1511 456 nos
1555 415 1738 457 sumus
1781 400 1998 456 mundo.
2046 399 2176 455 Pro~

601 504 784 566 pterea
825 496 1020 551 mortui
1063 509 1268 560 sumus,
1300 493 1423 565 quia
1454 509 1571 549 eam
1605 510 1729 550 vere
1756 511 1873 564 qua:
1904 503 1985 549 est
2012 494 2172 548 vitam

598 588 998 656 abnegavimus,
1046 594 1102 640 et
1150 585 1285 640 hanc
1326 586 1673 655 temporalem
1713 585 1970 656 elegimus
2003 603 2015 639 :
2045 599 2174 654 pro-

600 689 779 746 pterea
807 678 970 731 Dcum
1003 676 1352 742 irritavimus,
1377 676 1517 746 quod
1546 690 1666 731 cum
1699 677 1850 731 nobis
1879 685 2023 731 esset
2047 691 2173 745 pro-

596 768 828 837 positum
859 765 961 821 frui
1000 765 1062 820 iis
1090 781 1209 834 qua:
1235 775 1361 820 sunt
1389 766 1444 820 in
1480 766 1646 828 cadis,
1680 781 1747 821 ne
1775 765 1842 820 ab
1872 767 1933 820 iis
1958 766 2173 835 quidem

593 873 715 928 qua:
740 865 866 912 sunt
893 857 945 911 in
977 866 1118 911 terra
1151 857 1396 912 volumus
1422 855 1733 922 discedere;
1765 857 1858 911 sed
1882 872 1987 911 non
2020 872 2174 912 secus

591 966 656 1005 ac
698 949 914 1020 quidam
949 964 1167 1005 vermes
1194 965 1224 1004 a
1270 960 1412 1004 terra
1441 950 1495 1004 in
1525 959 1741 1015 terram,
1788 958 1843 1004 et
1885 964 2069 1004 rursus
2108 949 2175 1005 ab

595 1042 697 1098 hac
726 1043 777 1096 in
807 1042 951 1098 illam
984 1041 1434 1111 circumagimur;
1478 1050 1533 1097 et
1560 1041 1714 1111 plane
1743 1056 1810 1096 ne
1842 1057 2026 1111 parum
2053 1043 2173 1112 qui-

594 1136 720 1191 dem
749 1135 996 1189 volumus
1026 1149 1325 1204 emergere,
1350 1148 1522 1203 neque
1561 1148 1655 1187 nos
1684 1147 1713 1186 a
1742 1133 1901 1188 rebus
1929 1131 2176 1187 humanis

594 1224 885 1290 abducere,
918 1223 1014 1279 sed
1041 1223 1202 1278 veluti
1244 1237 1273 1276 a
1303 1223 1530 1293 quodam
1557 1233 1781 1278 veterno
1809 1233 1861 1277 et
1904 1237 2095 1277 somno
2122 1233 2176 1277 et

595 1317 855 1372 ebrietate
879 1316 1076 1380 obruti,
1098 1315 1528 1386 obstupescimus
1550 1316 1658 1368 visa
1687 1314 2171 1385 apprehendentes.

595 1409 663 1464 Et
692 1410 830 1464 sicut
857 1409 890 1462 ii
917 1409 1007 1478 qui
1035 1408 1183 1463 suavi
1213 1417 1464 1464 tenentur
1490 1423 1701 1473 somno,
1745 1423 1850 1463 non
1879 1409 2052 1464 solum
2081 1425 2179 1462 uo-

595 1509 707 1565 ctu,
736 1499 828 1554 sed
856 1499 1014 1553 etiam
1050 1513 1174 1553 cum
1203 1499 1376 1568 ipsum
1409 1513 1566 1553 mane
1593 1497 1892 1565 advenerit,
1923 1509 1976 1555 et
2000 1499 2176 1555 clarus

598 1589 758 1644 fuerit
784 1590 919 1653 dies,
945 1590 1127 1659 jaceut
1152 1588 1206 1644 in
1237 1588 1417 1653 lecto;
1450 1604 1550 1643 nec
1573 1603 1668 1643 eos
1697 1589 1860 1660 pudet
1899 1590 2177 1661 indulgere

595 1679 877 1750 voluptati,
930 1689 983 1734 et
1023 1690 1237 1750 tempus
1281 1679 1538 1750 Operandi
1589 1689 1642 1735 et
1694 1680 1940 1734 studendi
1999 1680 2176 1735 facere

596 1778 806 1838 tempus
834 1769 1008 1824 somni
1040 1780 1086 1825 et
1111 1770 1316 1824 inertia:
1341 1785 1402 1824 ac
1427 1769 1766 1825 bebetudinis
1791 1790 1805 1826 :
1829 1771 1897 1825 ita
1920 1785 2018 1826 nos
2037 1787 2174 1842 quo-

594 1877 698 1930 que
727 1862 814 1915 die
843 1863 1324 1932 appropinquante,
1357 1872 1512 1917 nocte
1540 1861 1882 1930 procedente,
1911 1862 2019 1916 imo
2049 1878 2177 1918 vero

593 1953 680 2005 die
708 1953 1032 2022 (Operamini
1067 1953 1234 2018 enim,
1281 1953 1473 2022 inquit,
1507 1953 1628 2005 dum
1668 1963 1742 2006 est
1769 1953 1875 2008 dies
1909 1952 2088 2025 [Ιοαη.
2117 1953 2175 2009 9.

593 2040 722 2114 4]),
765 2045 943 2097 omnia
972 2041 1197 2097 facimus
1235 2059 1353 2112 qure
1394 2052 1518 2097 sunt
1558 2045 1730 2098 noctis
1756 2084 1770 2108 ,
1803 2043 2132 2098 dormientes
2159 2085 2172 2107 ,

593 2135 800 2188 somnia
845 2134 1108 2202 videntes,
1155 2133 1281 2188 visis
1321 2133 1670 2203 deliciantcs;
1715 2144 1769 2188 et
1811 2135 1977 2189 clausi
2023 2136 2178 2190 nobis

593 2235 717 2278 sunt
745 2226 882 2279 oculi
913 2225 1106 2279 utentis
1146 2235 1200 2279 et
1229 2225 1491 2294 corporis,
1526 2241 1802 2296 perperam
1831 2227 2100 2296 loquimur
2124 2238 2178 2283 et

596 2324 796 2370 temere
821 2317 1107 2385 gari-imus,
1135 2325 1190 2371 et
1218 2315 1262 2371 si
1292 2317 1412 2386 quis
1443 2316 1758 2386 profundam
1788 2319 1939 2372 nobis
1969 2319 2175 2389 plagam

594 2408 865 2472 iullixerit,
887 2423 954 2463 ne
976 2408 1238 2462 sentimus
1258 2407 1494 2478 quidem,
1524 2407 1733 2463 etiamsi
1760 2417 1970 2463 nostras
1989 2424 2177 2466 onmes

593 2500 874 2570 diripuerit
893 2501 1192 2568 facultates,
1215 2499 1424 2556 etiamsi
1452 2500 1620 2569 ipsam
1643 2500 1860 2554 domum
1875 2503 2136 2557 exusserit
2160 2521 2172 2557 :

595 2593 702 2644 imo
737 2607 864 2646 vero
902 2607 969 2646 ne
995 2601 1366 2660 exspectamus
1391 2589 1605 2660 quidem
1633 2602 1690 2645 ut
1715 2592 1802 2646 alii
1831 2592 1932 2646 hoc
1959 2595 2174 2660 faciant,

597 2683 688 2737 sed
714 2683 810 2751 ipsi
837 2683 936 2737 hoc
952 2681 1193 2749 facimus,
1218 2696 1316 2738 nos
1342 2682 1578 2752 quotidie
1602 2692 1897 2754 pttngentes
1916 2694 1967 2740 et
1990 2685 2177 2744 ferien-

591 2777 692 2832 tes,
719 2772 942 2840 turpiter
961 2782 1018 2828 et
1038 2774 1287 2829 inderore
1310 2776 1568 2845 jacentes,
1595 2780 1843 2835 etnudati
1862 2780 2006 2836 omni
2033 2783 2171 2837 bona

589 2859 1005 2926 existimatione,
1032 2873 1086 2917 et
1115 2866 1282 2932 turpia
1316 2877 1495 2922 nostra
1544 2882 1708 2939 opera
1755 2887 1925 2942 neque
1956 2874 2053 2945 ipsi
2085 2884 2170 2930 te-

591 2959 797 3018 gentes,
845 2967 1015 3022 nequc
1046 2953 1166 3008 aliis
1195 2954 1295 3010 hoc
1325 2957 1501 3015 facere
1538 2963 1941 3032 permittentes;
1991 2966 2085 3021 sed
2117 2968 2169 3023 in

589 3041 765 3095 media
809 3043 1138 3113 turpitudine
1164 3055 1219 3100 et
1257 3047 1319 3101 iis
1348 3050 1434 3118 qui
1467 3050 1668 3118 vident,
1701 3062 1754 3108 et
1784 3054 1849 3110 iis
1892 3057 1979 3125 qui
2017 3072 2172 3114 acce-

589 3130 726 3185 dunt
757 3134 1013 3203 propositi
1041 3136 1106 3190 ad
1133 3137 1296 3192 risum
1319 3149 1371 3193 et
1390 3140 1456 3194 ad
1488 3140 1714 3200 ludibria
1743 3146 2171 3206 innumerabilia.

585 3219 814 3278 Nescitis
857 3223 1000 3293 ipsos
1038 3242 1255 3297 quoque
1304 3230 1474 3286 malos
1523 3233 1750 3291 irridere
1793 3252 1887 3293 eos
1938 3255 2168 3310 quorum

585 3323 710 3402 sunt
742 3314 900 3370 iidem
955 3333 1156 3385 mores,
1201 3329 1257 3376 et
1298 3336 1392 3377 eos
1422 3323 1716 3382 damnare?
1757 3328 1889 3385 Nam
1917 3334 2169 3402 quoniam

587 3401 732 3459 Deus
760 3405 946 3462 indidit
972 3410 1124 3466 nobis
1142 3410 1419 3480 judicium,
1445 3417 1585 3486 quod
1605 3417 1914 3477 labefactari
1936 3401 1996 3479 et
2017 3441 2170 3482 num-

585 3509 744 3564 quam
785 3500 1056 3568 corrumpi
1089 3511 1286 3569 potest,
1320 3505 1526 3559 etiamsi
1569 3507 1793 3577 ingressi
1827 3512 2081 3569 fuerimus
2113 3517 2168 3572 in

592 3584 767 3653 ipsum
819 3587 933 3642 vitii
986 3590 1306 3659 profundum
1343 3613 1354 3645 :
1387 3595 1505 3650 ideo
1546 3607 1599 3652 et
1647 3600 1745 3669 ipsi
1794 3604 1918 3658 mali
1966 3608 2171 3677 seipsos

585 3677 976 3747 condemnant;
1008 3693 1061 3736 et
1104 3685 1146 3738 si
1177 3687 1442 3756 quispiam
1472 3703 1566 3743 eos
1596 3691 1647 3745 id
1677 3694 1820 3762 quod
1861 3705 1986 3752 sunt
2013 3715 2172 3756 voca-

585 3767 741 3835 verit,
776 3783 871 3825 eos
902 3772 1083 3841 pudet,
1136 3791 1279 3845 :rgre
1321 3777 1518 3844 ferunt,
1549 3789 1604 3835 et
1657 3797 1769 3838 rem
1820 3801 1938 3842 eam
1991 3789 2174 3848 dicunt

584 3872 709 3914 esse
751 3864 1160 3920 contumeliam.
1209 3868 1302 3932 Ita,
1357 3869 1403 3922 si
1453 3885 1561 3925 non
1602 3871 1775 3942 factis,
1808 3880 1984 3935 verbis
2026 3893 2172 3940 certe

584 3952 943 4009 condemnant
972 3972 1090 4024 quae
1123 3959 1320 4014 faciunt
1349 3977 1445 4032 per
1469 3967 1873 4037 conscientiam,
1905 3972 2012 4028 imo
2040 3990 2170 4031 vero

585 4042 750 4097 etiam
782 4045 959 4100 factis.
1005 4047 1138 4104 Cum
1171 4052 1312 4105 enim
1343 4053 1646 4112 clanculum
1677 4068 1729 4114 et
1763 4061 1813 4116 in
1853 4066 2063 4122 occulto
2089 4066 2170 4123 fa.

587 4133 761 4201 ciunt,
791 4139 1071 4227 sentcntiae
1091 4157 1245 4209 quam
1269 4143 1334 4198 de
1361 4160 1417 4200 re
1445 4145 1649 4214 habent
1674 4153 1961 4209 maximum
1986 4156 2168 4227 profe-

587 4234 715 4279 runt
737 4226 1013 4282 indicium.
1047 4231 1239 4286 Vitium
1271 4237 1414 4292 enim
1445 4247 1529 4294 est
1557 4240 1691 4298 adeo
1716 4226 2081 4315 manifestum,
2112 4260 2170 4308 ut

584 4328 774 4370 omnes
803 4317 920 4386 ejus
949 4320 1054 4374 sint
1081 4333 1437 4393 accusatores,
1467 4329 1628 4385 etiam
1650 4333 1683 4386 ii
1704 4336 1793 4404 qui
1820 4335 1990 4406 ipsum
2017 4353 2171 4396 usur-

586 4413 752 4474 pant:
785 4415 926 4461 tanta
954 4420 1129 4465 autem
1178 4428 1264 4468 res
1293 4425 1375 4470 est
1403 4419 1595 4484 virtus,
1637 4430 1696 4478 ut
1732 4424 1785 4479 in
1814 4427 2169 4489 admiratione

587 4496 844 4553 habeatur
862 4500 1022 4554 etiam
1047 4503 1115 4556 ab
1139 4504 1266 4570 illis,
1293 4509 1380 4575 qui
1404 4524 1521 4565 eam
1545 4529 1652 4570 non
1673 4519 2012 4576 aemulantur.
2038 4525 2170 4584 Nan:

584 4595 640 4640 et
663 4597 926 4645 scortator
957 4591 1191 4648 laudabit
1219 4602 1625 4667 temperantiam
1663 4616 1716 4660 et
1757 4612 2164 4684 continentiam,

583 4688 641 4733 et
658 4695 852 4736 avarus
875 4685 1256 4742 condemnabit
1283 4689 1633 4762 injustitiam;
1676 4707 1730 4754 et
1761 4700 2047 4760 iracundus
2074 4709 2168 4762 ad-

547 4769 866 4857 'mirabitur
912 4776 1246 4844 patientiam,
1290 4789 1345 4835 et
1389 4784 1711 4854 vituperabit
1757 4792 2043 4850 simultatis
2097 4801 2172 4854 \i-

584 4859 738 4958 tium,
783 4873 838 4917 et
869 4864 1099 4958 lascivus
1142 4867 1434 4928 lasciviam.
1466 4875 1746 4942 Quomodo
1786 4895 1933 4953 ergo.
1968 4886 2161 4958 inquit,

586 4947 705 5003 hac
747 4956 1012 5022 usurpat?
1041 4955 1118 5010 Ex
1164 4958 1328 5016 multa
1375 4966 1641 5033 socordia,
1674 4982 1796 5024 cum
1840 4947 2014 5032 tamen
2043 4947 2166 5037 ἠοῆ

583 5055 705 5096 esse
729 5041 927 5098 bonum
951 5045 1271 5115 judicaverit
1301 5071 1316 5105 :
1344 5053 1542 5128 alioqui
1565 5073 1688 5114 eum
1713 5062 1792 5118 rei
1818 5079 1922 5120 non
1949 5069 2171 5139 puduis-

581 5141 686 5198 set,
715 5148 894 5229 neque
920 5149 1167 5208 negasset
1193 5141 1298 5199 alio
1324 5158 1627 5206 accusante.
1660 5152 1809 5208 Multi
1835 5157 1998 5212 etiam
2031 5177 2169 5229 pra:-

581 5226 846 5296 oecupati,
879 5241 1001 5284 cum
1031 5231 1264 5290 dedecus
1289 5251 1398 5294 non
1439 5239 1661 5308 ferrent,
1695 5257 1756 5301 se
1779 5226 2112 5308 sull'ocarunt
2146 5274 2160 5310 :

578 5329 784 5377 tantum
808 5323 962 5378 nobis
989 5326 1125 5381 inest
1155 5327 1366 5387 honesti
1393 5343 1448 5388 et
1470 5334 1652 5392 decori
1676 5342 2060 5401 testimonium.
2088 5346 2164 5405 ita

572 5429 694 5483 qua:
729 5414 866 5469 bona
898 5427 1040 5481 sunt,
1072 5417 1188 5488 ipso
1216 5422 1333 5476 sole
1373 5425 1760 5498 splendidiora,
1805 5441 1860 5488 et
1884 5450 2007 5505 quas
2035 5448 2162 5495 sunt

569 5505 649 5560 eis
676 5509 968 5572 contraria,
991 5521 1116 5563 sunt
1143 5513 1381 5568 omnium
1411 5514 1727 5576 foedissima.

636 5598 690 5650 2.
705 5598 951 5668 Hospites
970 5609 1024 5655 et
1042 5605 1306 5672 peregrini
1322 5617 1470 5661 erant
1487 5611 1673 5665 sancti.
1694 5612 1972 5678 Quomodo
1984 5627 2036 5672 ct
2049 5635 2153 5690 qua

561 5694 808 5746 ratione?
839 5693 924 5747 ubi
953 5696 1239 5758 confitetur
1269 5698 1535 5755 Abraham
1577 5717 1636 5758 se
1671 5720 1788 5761 esse
1817 5708 2077 5779 hospitem
2096 5722 2151 5768 et

1317 309 1380 367 S.
1416 301 1690 365 JOANNIS
1723 295 2184 360 CIIRYSOSTOMI
2225 292 2534 356 ARCH‘IEP.
2572 284 3101 352 CONSTANTINOP.
3704 296 3776 356 ιω

2299 395 2628 467 peregrinum
2649 393 2672 446 ?
2692 390 2940 446 Fortasse
2967 386 3180 458 quidem
3203 383 3319 455 ipse
3343 395 3620 456 quoqueest
3638 397 3791 449 centes.

2294 505 2425 555 sus;
2457 489 2627 558 palam
2660 485 2712 540 id
2761 481 3039 538 confessus
3082 489 3164 534 est
3192 487 3366 533 autem
3393 478 3557 544 David,
3600 494 3645 536 ut
3667 488 3789 552 quit-is

2295 582 2441 638 novit
2472 599 2485 634 :
2518 578 2638 633 audi
2667 576 2814 630 illum
2843 573 3108 628 dicentem
3139 587 3152 624 :
3180 569 3435 637 Quoniam
3457 571 3629 624 aduena
3651 591 3736 627 nun
3760 591 3791 632 rt

2290 673 2606 746 peregrinus,
2633 669 2762 723 sicut
2786 681 2957 720 omnes
2984 672 3152 733 patres
3189 662 3285 715 mei
3308 659 3427 733 (Ps.
3469 661 3550 715 58.
3577 663 3671 729 i3).
3698 667 3790 722 Nam

2287 766 2378 834 qui
2401 762 2708 818 habitabant
2727 757 2780 813 in
2802 752 3180 817 tabernaculis,
3201 750 3290 823 qui
3310 751 3525 822 pecunia
3541 753 3791 812 etiautetue-

2288 860 2415 912 bant
2439 854 2705 924 sepulcra,
2734 848 2973 919 hospites
3012 846 3193 914 utique
3230 853 3283 899 et
3312 843 3564 913 peregrini
3588 857 3728 910 erant,
3754 861 3794 904 ut

2286 951 2375 1021 qui
2421 964 2490 1004 ne
2530 945 2792 1000 haberent
2816 939 3033 1010 quidem
3077 936 3168 991 ubi
3209 948 3337 990 suos
3375 935 3658 1004 sepelirent.
3693 939 3792 1006 Quid

2287 1043 2450 1112 ergo?
2479 1037 2796 1093 dicebantne
2839 1045 2899 1087 se
2943 1043 3064 1084 esse
3093 1026 3331 1097 hospites
3360 1032 3557 1079 tantum
3594 1025 3639 1079 in
3665 1027 3792 1083 Ριιω.

2285 1131 2466 1190 stitia?
2496 1129 2862 1199 Nequaquam,
2891 1121 2986 1177 sed
3014 1119 3066 1175 in
3098 1128 3210 1173 toto
3235 1117 3403 1180 orbe;
3445 1125 3497 1170 et
3522 1117 3704 1171 merito.
3726 1120 3792 1173 Ni-

2284 1226 2360 1280 hil
2380 1223 2523 1279 enim
2549 1221 2604 1276 itt
2630 1233 2696 1274 eo
2720 1214 2972 1271 videbant
3000 1225 3186 1267 eorum
3207 1225 3326 1280 quae
3348 1209 3612 1272 volebant,
3638 1211 3713 1264 sed
3730 1229 3796 1266 ex-

2284 1325 2435 1372 terna
2467 1310 2645 1366 omnia
2675 1318 2729 1364 et
2757 1306 2951 1361 aliena.
2985 1301 3089 1372 Ipsi
3133 1300 3293 1370 igitur
3317 1298 3562 1352 volebant
3595 1314 3794 1356 exercere

2283 1406 2536 1461 virtutem
2561 1418 2576 1466 ;
2607 1400 2692 1454 hic
2715 1407 2892 1452 autem
2921 1391 3272 1449 eratmultum
3301 1388 3508 1452 vitium,
3537 1391 3714 1458 etapud
3729 1408 3797 1446 eos

2280 1506 2436 1555 erant
2453 1511 2538 1552 res
2554 1508 2741 1549 omnes
2761 1497 2996 1545 externa:
3022 1495 3077 1540 et
3096 1485 3305 1538 alienae.
3348 1481 3554 1537 Nullum
3589 1482 3796 1538 habebant

2276 1591 2506 1647 amicum
2537 1627 2553 1652 ,
2597 1583 2799 1639 nullum
2840 1575 3238 1634 necessitudine
3285 1572 3618 1642 conjunetnm
3651 1586 3797 1642 praeter

2288 1695 2503 1753 paucos.
2526 1672 2804 1745 Quomodo
2849 1681 3023 1724 autem
3056 1673 3206 1722 erant
3225 1663 3498 1734 hospites?
3524 1663 3692 1717 Eorum
3713 1679 3798 1734 qua

2280 1774 2368 1830 bic
2408 1780 2531 1825 sunt
2567 1766 2765 1822 nullam
2789 1761 3044 1833 gerebant
3071 1773 3289 1821 curam;
3323 1755 3481 1824 idque
3505 1755 3798 1810 ostendebant

2282 1880 2388 1920 non
2405 1860 2599 1923 verbis,
2614 1856 2706 1911 sed
2725 1856 2882 1909 rebus
2894 1852 3039 1921 ipsis.
3058 1847 3372 1918 Quomodo?
3391 1847 3528 1900 Dixit
3541 1847 3663 1902 Deus
3679 1848 3800 1901 Abra-

2278 1956 2458 2020 hamo,
2489 1951 2705 2006 Dimitte
2742 1962 2858 2000 eam
2904 1959 3021 2015 qu:e
3055 1941 3265 1998 videtur
3290 1941 3534 2010 patriam.
3565 1949 3614 1993 et
3633 1940 3731 1993 veni
3751 1941 3798 1994 ad

2272 2047 2499 2102 alienam
2522 2041 2673 2112 (Gen.
2713 2039 2796 2094 1‘2.
2823 2037 2911 2106 1);
2937 2048 3262 2102 suorumque
3292 2032 3690 2086 domesticorum
3721 2047 3797 2084 non

2269 2147 2355 2196 est
2376 2149 2560 2191 amore
2587 2130 2893 2202 impeditus,
2923 2127 3017 2181 sed
3042 2124 3317 2180 eoati'ectu
3339 2138 3458 2176 eam
3489 2120 3678 2176 dimisit
3693 2130 3741 2175 ut
3766 2122 3798 2175 si

2268 2239 2415 2289 esset
2443 2226 2762 2284 dimissurus
2787 2221 3040 2274 alienam.
3069 2216 3208 2271 Dixit
3243 2215 3314 2280 ei,
3360 2213 3508 2268 Oﬂ'er
3536 2213 3652 2266 mihi
3678 2212 3798 2264 lilium

2269 2319 2421 2394 (Gen.
2452 2323 2541 2375 22.
2568 2321 2665 2392 2);
2709 2330 2762 2378 et
2790 2335 2912 2376 eum
2971 2317 3193 2390 perinde
3222 2317 3412 2373 obtulit
3456 2326 3611 2386 atque
3645 2314 3684 2370 si
3723 2327 3800 2366 nou

2272 2413 2493 2470 haberet
2537 2413 2727 2479 illium,
2759 2421 2815 2467 et
2839 2426 2901 2466 ac
2929 2411 2973 2466 si
2995 2418 3181 2465 natura
3212 2426 3317 2464 non
3350 2407 3566 2462 indutus
3585 2415 3725 2469 esset,
3750 2405 3800 2457 ita

2269 2506 2479 2560 obtulit.
2511 2504 2825 2560 Possidebat
2852 2504 3107 2575 pecunias
3148 2516 3463 2556 communes
3492 2499 3716 2554 omnibus
3735 2510 3802 2548 ac-

2267 2598 2598 2663 cedentibus,
2623 2607 2669 2652 et
2696 2612 2807 2651 rem
2837 2595 2983 2650 nihili
3007 2594 3343 2649 existimabat
3370 2611 3382 2645 :
3414 2593 3611 2662 primas
3629 2588 3802 2642 cedelut

2268 2692 2406 2755 aliis,
2460 2691 2512 2745 in
2565 2688 2800 2760 pericula
2855 2702 2914 2742 se
2941 2687 3112 2756 ipsum
3156 2683 3501 2752 conjicicbat,
3557 2679 3803 2750 patiebatur

2279 2782 2416 2836 mala
2443 2782 2717 2836 innumera
2740 2793 2873 2833 :non
2895 2774 3195 2831 aediﬁcabat
3212 2773 3399 2828 domos
3431 2769 3806 2840 spiendidas,ne-

2267 2889 2374 2944 que
2404 2872 2703 2942 indulgebat
2728 2869 2950 2934 deliciis,
2977 2880 3149 2937 neque
3172 2880 3352 2918 curam
3373 2861 3593 2933 gerebat
3627 2858 3804 2911 vestium

2269 2981 2444 3036 neque
2460 2964 2684 3019 aliarum
2706 2960 3038 3017 saecularium
3061 2957 3280 3011 rerum?
3305 2955 3409 3010 Sed
3432 2953 3607 3007 omnia
3635 2950 3805 3020 gerebat

2268 3073 2386 3128 qua:
2405 3057 2675 3127 pertinent
2690 3053 2754 3107 ad
2772 3068 2889 3108 eam
2903 3066 3021 3121 qua:
3039 3049 3147 3129 illic
3167 3058 3270 3113 est,
3289 3047 3586 3101 civitatem.
3610 3039 3805 3109 llospita-

2265 3150 2466 3205 litatem
2503 3146 2801 3210 exercebat,
2819 3142 3154 3198 dilectionem
3184 3140 3235 3194 in
3273 3137 3521 3202 fratrem,
3551 3133 3807 3188 misericm-

2265 3241 2429 3307 diam,
2459 3237 2789 3310 patientiam,
2841 3232 3078 3304 pecunia:
3134 3228 3540 3299 despicientiam
3592 3221 3806 3292 etgluria:

2269 3331 2545 3403 praesentis
2571 3337 2626 3385 et
2651 3327 2874 3382 aliorum
2899 3319 3335 3378 omnium.Filius
3359 3331 3576 3389 quoque
3603 3315 3703 3384 ejus
3725 3321 3810 3365 ent

2268 3421 2571 3493 huiusmodi
2595 3437 2609 3473 :
2636 3433 2756 3473 cum
2782 3416 3091 3486 agitaretur,
3111 3410 3253 3466 bello
3293 3410 3660 3479 impeteretur,
3694 3403 3809 3456 cede-

2267 3517 2356 3572 bat
2381 3523 2432 3569 et
2455 3514 2628 3568 locum
2654 3508 2836 3574 dabat,
2862 3515 2918 3560 ut
2961 3504 3050 3575 qui
3091 3509 3235 3557 esset
3285 3499 3336 3554 in
3372 3499 3591 3553 aliena:
3621 3494 3812 3562 hoSpites

2267 3610 2409 3665 enim
2469 3605 2648 3659 omnia
2711 3602 3000 3671 patiuntur,
3043 3595 3202 3650 veluti
3232 3593 3324 3665 qui
3367 3607 3482 3647 non
3523 3591 3626 3645 sint
3651 3589 3697 3643 in
3740 3601 3810 3655 pa-

2270 3701 2390 3755 tria.
2449 3698 2515 3753 Et
2565 3710 2686 3750 cum
2738 3690 3040 3747 auferretur
3092 3701 3245 3751 uxor,
3291 3683 3392 3738 hoc
3449 3695 3660 3753 quoque
3703 3677 3814 3731 fere-

2267 3796 2360 3850 bat
2393 3802 2659 3861 tamquam
2684 3784 2993 3857 peregrinus
3025 3800 3038 3836 :
3067 3794 3185 3850 qua:
3227 3791 3465 3847 superna
3513 3781 3683 3828 autem
3716 3776 3812 3822 sunt

2267 3887 2490 3943 curabat
2519 3880 2719 3947 omnia,
2765 3875 3082 3934 modestiam
3125 3871 3446 3933 ostendens,
3494 3869 3816 3924 honestatem-

2265 3993 2372 4050 que
2417 3983 2473 4031 et
2516 3969 2881 4028 omnimodam
2927 3962 3360 4036 temperantiam.
3408 3959 3548 4014 Nam
3579 3966 3814 4050 postquam

2271 4048 2778 4142 procreavitfilium,
2803 4075 2908 4115 non
2937 4057 3123 4112 habuit
3144 4054 3372 4124 amplius
3404 4048 3816 4142 consuetudinem

2269 4141 2390 4217 cum
2419 4172 2584 4214 uxore
2607 4173 2620 4211 τ
2645 4165 2697 4211 et
2717 4170 2836 4208 cum
2855 4150 3201 4223 praeteriisset
3219 4147 3368 4215 vigor
3385 4141 3701 4214 iuventutis.
3723 4148 3816 4191 tunc

2269 4269 2388 4310 eam
2407 4251 2577 4316 duxit,
2594 4246 2879 4304 ostendens
2896 4256 3078 4297 senon
3107 4239 3208 4294 hoc
3234 4237 3412 4292 facere
3443 4242 3660 4306 propter
3684 4227 3818 4284 libidio

2271 4340 2528 4410 nem,sed
2549 4349 2607 4395 ut
2636 4337 2728 4392 Dei
2750 4332 3087 4407 promissioni
3104 4325 3498 4394 serviret.Quid
3524 4317 3818 4379 verolacob?

2271 4452 2448 4494 annon
2491 4433 2761 4505 quazrebat
2814 4428 2985 4482 solum
3011 4437 3200 4494 panem
3223 4428 3278 4475 et
3296 4429 3534 4483 vestem,
3562 4430 3675 4486 qua:
3701 4413 3817 4483 plane

2273 4539 2397 4588 sunt
2426 4525 2691 4594 hospitum
2721 4516 2983 4574 desideria
3009 4514 3099 4585 qui
3125 4511 3190 4568 ad
3209 4521 3511 4566 extremam
3538 4507 3819 4562 devenerunt

2275 4613 2678 4692 paupertatem?
2717 4624 2894 4665 annon
2932 4605 3119 4670 pulsus
3148 4610 3202 4659 et
3217 4601 3456 4671 agitatus
3475 4596 3699 4696 cedebat.
3715 4601 3819 4647 taut-

2268 4722 2428 4780 quam
2456 4705 2690 4776 hospes?
2713 4717 2891 4759 annon
2915 4709 3030 4756 erat
3057 4695 3458 4753 mercenarius?
3485 4706 3661 4747 annon
3690 4695 3809 4780 utnu-

2272 4779 2546 4856 merahilia
2571 4796 2767 4866 ubique
2803 4791 3100 4864 patiebatur
3119 4787 3279 4853 maia,
3312 4786 3518 4855 ubique
3537 4779 3815 4838 circumiens

2273 4900 2538 4959 tamquam
2561 4887 2756 4956 hospes
2769 4887 2795 4936 ἲ
2806 4884 2930 4938 Πιτθεῖ
2942 4890 3120 4936 autem
3139 4877 3421 4948 patientes,
3444 4872 3822 4959 ostendebantsf

2272 4955 2432 5037 aliam
2471 4955 2712 5050 quaerere
2752 4975 2998 5046 patriam.
3046 4972 3226 5038 Papae,
3263 4977 3468 5038 quanta
3516 4955 3812 5018 (ἥσει-επιὴὶ

2274 5072 2350 5128 illi
2376 5071 2591 5142 quidem
2617 5068 2856 5139 quotidie
2899 5061 3280 5135 parturiebant,
3309 5059 3565 5112 volentes
3592 5055 3707 5109 hinc
3736 5050 3818 5103 dis-

2273 5162 2505 5229 cedere,
2557 5169 2614 5215 et
2661 5157 2837 5213 redire
2893 5155 2958 5209 ad
3013 5167 3163 5209 suam
3213 5148 3498 5220 patriam:
3534 5160 3631 5201 nos
3674 5149 3817 5196 autem

2275 5266 2483 5318 contra,
2516 5255 2560 5307 si
2586 5251 2746 5307 febris
2769 5249 3004 5314 irruerit,
3027 5246 3272 5302 omnibus
3297 5241 3566 5303 dimissis,
3591 5248 3816 5307 tamquam

2277 5346 2486 5418 parvuli
2514 5344 2746 5400 infantes
2774 5339 3092 5412 plorabundi
3130 5346 3354 5392 mortem
3380 5331 3816 5405 pertimescimus:

2274 5447 2328 5493 et
2356 5435 2548 5492 merito
2574 5435 2728 5490 nobis
2775 5433 2876 5487 hoc
2902 5430 3111 5486 accidit.
3138 5428 3268 5483 Nam
3299 5427 3562 5496 quoniam
3595 5438 3692 5478 non
3715 5430 3820 5474 tam-

2274 5546 2434 5600 quam
2459 5527 2700 5596 hospites
2732 5525 2821 5579 hic
2847 5523 3108 5593 degimus,
3136 5529 3190 5574 et
3217 5533 3321 5573 non
3356 5527 3637 5586 tamquam
3665 5512 3722 5566 ad
3750 5523 3818 5577 pa-

2278 5618 2785 5682 triamfestinamus,
2809 5613 2900 5668 sed
2921 5621 3186 5681 tamquam
3204 5617 3388 5665 euntes
3412 5607 3484 5661 ad
3507 5602 3818 5691 supplicium;

2278 5721 2559 5782 propterea
2586 5706 2850 5772 dolemus,
2883 5702 3025 5775 quod
3055 5700 3215 5756 rebus
3252 5714 3355 5755 non
3396 5706 3458 5752 ut
3504 5693 3724 5764 Oportuit
3761 5705 3817 5741 us;
