3988 6554
228 389 307 448 16⁸1
968 384 1035 443 ΙΝ
1075 387 1294 445 ειηετ.
1367 388 1460 445 AD
1495 386 1770 446 ΠΕΒΒΛΕ(

1901 385 2056 443 CAP.
2093 387 2183 445 XI.
2225 387 2461 446 IIOMIL.
2505 389 2695 448 XXW.

228 512 365 570 εντως
383 502 523 576 ζωὴν
544 503 931 576 ἡρνησάμεθα,
957 505 1053 559 καὶ
1075 506 1176 575 τὴν
1201 505 1537 577 πρόσκαιρον
1551 503 1760 571 ταύτην

231 592 475 663 εἱλόμεθαο
522 592 615 645 διά
657 590 820 645 τοῦτο
879 592 1259 663 παροξύνομεν
1299 592 1393 645 τδν
1448 592 1582 646 Θεὸν
1605 631 1622 657 ,
1682 590 1766 645 ὅτι

231 680 562 751 προκειμένης
584 678 717 749 ἡμῖν
741 679 844 749 τῆς
872 679 934 732 ἐν
969 681 1084 743 τοῖς
1109 680 1361 751 οὐρανοῖς
1388 679 1765 745 ἀπολαύσεως,

230 769 323 823 οὐδέ
354 766 486 819 οὕτω
518 764 628 818 τῶν
667 766 763 818 ἐπὶ
808 765 910 836 τῆς
959 766 1066 837 γῆς
1098 767 1403 839 ἀποστῆναι
1442 766 1766 837 βουλόμεθα,

230 858 357 919 ἀλλὰ,
385 855 630 925 καθάπερ
646 855 795 919 τινὲς
822 854 1127 926 σκώληκες,
1160 856 1269 910 ἀπὸ
1293 856 1393 927 τῆς
1430 858 1534 927 γῆς
1561 856 1642 919 είς
1668 855 1768 925 τὴν

230 948 330 1016 γῆν,
358 944 445 997 καὶ
476 942 639 996 πάλιν
664 942 774 995 ἀπὸ
797 942 1003 1012 ταύτης
1033 944 1113 1007 είς
1161 942 1367 1012 ταύτην
1409 941 1771 1014 περιστρεφό-

234 1034 363 1103 μεθα,
410 1031 500 1083 καὶ
531 1028 671 1093 δλως
726 1028 847 1084 οὐδὲ
896 1029 1092 1101 μικρὸν
1122 1028 1397 1096 ἀνακύψαι
1444 1027 1767 1099 βουλόμεθα,

231 1118 327 1173 οὐδὲ
351 1117 645 1187 ἀποστῆσαι
665 1114 893 1179 ἐαυτοὺς
912 1113 1020 1168 τῶν
1035 1114 1392 1186 ἀνθρωπίνων
1403 1116 1766 1186 πραγμάτων,

230 1204 325 1259 ἀλλ’
352 1203 529 1272 ὥσπερ
574 1203 680 1255 ύπό
724 1219 867 1265 τινος
909 1202 1084 1272 κάρου
1143 1202 1240 1255 καὶ
1275 1200 1446 1256 ὕπνου
1469 1202 1564 1255 καὶ
1596 1202 1770 1272 μέθης

232 1288 752 1351 καταδαπτισθέντες,
797 1287 1311 1359 καταπεπλὴγμεθα
1349 1288 1765 1360 φανταζόμενοι.

231 1379 319 1433 Καὶ
343 1378 580 1448 καθάπερ
603 1379 651 1429 οἱ
684 1376 879 1445 γλυκεῖ
923 1376 1277 1447 κατεχόμενοι
1308 1374 1484 1446 ὕπνῳ,
1516 1377 1577 1430 οὐ
1608 1376 1769 1445 μόνον

230 1469 276 1519 ἐν
299 1465 458 1528 νυκτὶ,
504 1463 642 1517 ἀλλά
672 1464 766 1517 καὶ
803 1463 968 1518 αὐτοῦ
999 1463 1093 1516 τοῦ
1120 1463 1319 1535 δρθρου
1348 1463 1766 1527 καταλαϐόντος,

230 1555 305 1607 καὶ
328 1553 572 1622 λαμπρᾶς
614 1552 916 1622 γενομένης
942 1552 1158 1622 ἡμέρας
1186 1554 1392 1606 κεῖνται
1441 1554 1534 1605 ἐπὶ
1559 1552 1767 1619 κλίνης,

228 1643 303 1695 καὶ
342 1642 434 1694 οὐκ
459 1640 809 1711 αἰσχύνονται
842 1643 907 1711 τῇ
936 1642 1099 1712 ἡδονῇ
1137 1639 1507 1712 χαριζόμενοι,
1552 1641 1648 1695 καὶ
1679 1640 1770 1694 τὸν

227 1728 390 1799 καιρὸν
419 1728 514 1797 τῆς
536 1727 801 1797 ἐργασίας
834 1727 932 1782 καὶ
961 1728 1063 1799 τῆς
1083 1728 1339 1797 σπουδῆς,
1363 1728 1551 1783 τοῦτον
1580 1728 1771 1798 καιρὸν

226 1817 508 1885 Ιποιούμενοι
545 1814 716 1869 ῦπνου
752 1814 847 1868 καλ⁵
886 1814 1145 1879 νωθείας·
1183 1815 1329 1871 οῦτω
1350 1817 1414 1888 δὴ
1448 1817 1543 1870 καὶ
1574 1817 1758 1887 ἡμεῖς,

225 1904 308 1971 τῆς
338 1902 543 1975 ἡμέρας
584 1901 934 1973 ἐγγιζούσης,
967 1904 1067 1973 τῆς
1096 1902 1289 1966 νυκτὸς
1329 1903 1767 1975 προκοπτούσης,

228 1990 404 2059 μᾶλλον
449 1989 505 2041 δέ
563 1990 665 2058 τῆς
725 1990 959 2061 ἡμέρας·
1005 1988 1350 2060 Ἐργάζεσθε
1404 1991 1537 2060 γὰρ,
1576 1992 1765 2062 φησὶν,

225 2077 317 2143 ἕως
345 2077 511 2130 ἐστίν
536 2077 730 2145 ἡμέρα
757 2088 772 2105 ’
806 2076 1019 2147 ἡμέρας
1058 2075 1225 2147 οὔσης
1246 2117 1262 2143 ,
1315 2076 1388 2131 τά
1421 2077 1523 2148 τῆς
1578 2078 1769 2142 νυκτὸς

226 2164 508 2233 πράττομεν
529 2164 770 2227 ἅπαντα,
790 2161 1161 2227 καθεύδοντες,
1178 2163 1431 2234 ὀνείρατα
1454 2163 1766 2234 βλέποντες,

227 2249 521 2318 φαντασίαις
546 2248 926 2319 ἐντρυφῶντες
952 2264 966 2278 ·
994 2248 1089 2301 καὶ
1114 2248 1425 2319 μεμύκασιν
1442 2252 1577 2320 ἡμῖν
1599 2251 1647 2304 οί
1668 2250 1770 2321 τῆς

227 2338 434 2402 διανοίας
466 2337 737 2407 ὀφθαλμοὶ
783 2336 880 2390 καὶ
916 2337 965 2390 οί
1001 2336 1096 2390 τοῦ
1129 2336 1403 2408 σώματος,
1445 2338 1769 2408 παραφθεγ-

228 2425 438 2496 musa,
471 2423 899 2496 παραλαλοῦμεν
923 2441 937 2455 ·
970 2425 1076 2478 κᾶν
1126 2424 1349 2494 βαθεῖαν
1386 2427 1539 2496 ἡμᾶς
1592 2425 1769 2497 πλήξῃ

230 2530 296 2575 τις
321 2512 545 2582 πληγὴν,
596 2511 721 2565 οὐδέ
765 2511 1170 2581 αἰσθανόμεθα,
1225 2512 1330 2566 κᾶν
1379 2515 1559 2568 πᾶσαν
1613 2514 1771 2585 ἡμῶν

231 2600 476 2670 διαρπάσῃ
491 2598 589 2669 τὴν
616 2597 829 2662 οὐσίαν,
858 2598 961 2652 κᾶν
982 2598 1150 2670 αὐτὴν
1167 2598 1425 2673 ἐμπρήσῃ
1443 2601 1541 2672 τὴν
1569 2602 1766 2657 οίκίανο

235 2686 406 2756 μαλλον
458 2685 513 2738 δέ
569 2685 691 2738 οὐδὲ
747 2686 1092 2756 ἀναμένομεν
1115 2686 1334 2757 ἐτέρους
1368 2688 1529 2742 τοῦτο
1572 2691 1766 2753 ποιεῖν,

234 2774 327 2826 ἀλλ’
359 2772 503 2826 αὐτοὶ
530 2772 689 2825 τοῦτο
724 2772 1037 2843 πράττομεν
1065 2773 1382 2838 κεντοῦντες
1398 2774 1623 2841 ἑαυτοὺς
1646 2777 1770 2833 καθ’

234 2861 437 2930 ἑκάστην
451 2861 661 2931 ἡμέραν
685 2861 780 2913 καὶ
807 2860 1150 2930 πλὴττοντες,
1168 2860 1490 2932 ἀσχημόνως
1507 2864 1767 2935 κείμενοι,

235 2948 311 3000 καὶ
327 2948 728 3018 γεγυμνωμένοι
748 2947 928 3017 πάσης
960 2947 1222 3014 εὐδοξίας,
1259 2949 1638 3023 πάσηςτιμῆς,
1675 2955 1771 3007 καὶ

233 3034 289 3087 τά
302 3035 480 3105 αἰσχρά
496 3035 653 3104 ἡμῶν
667 3034 803 3104 ἐργα
820 3033 942 3087 οὒτε
961 3032 1113 3088 αὐτοὶ
1133 3033 1627 3103 συγκαλύπτοντες,
1644 3037 1769 3092 οὐτε

234 3122 412 3190 ἑτέροις
442 3120 824 3193 ἐπιτρέποντες
852 3121 1012 3175 τοῦτο
1040 3123 1236 3187 ποιεῖν,
1292 3121 1407 3175 ἀλλ’
1456 3123 1535 3187 είς
1596 3124 1769 3195 μέσην

232 3208 583 3279 ἀσχημοσύνην
639 3210 755 3273 τοῖς
794 3207 964 3277 ὁρῶσι
998 3208 1091 3261 καὶ
1122 3207 1380 3279 παριοῦσι
1419 3211 1771 3281 προκείμενοι

233 3294 301 3356 είς
329 3296 543 3363 γέλωτα,
588 3295 672 3358 είς
718 3293 1031 3365 σκώμματα
1057 3297 1245 3367 μυρία.
1307 3296 1420 3350 οὐκ
1457 3296 1632 3351 οίεσθε
1677 3299 1772 3352 καὶ

230 3383 402 3446 αὐτοὺς
422 3381 567 3455 [220]
600 3383 728 3445 τοὺς
760 3382 1029 3453 πονηροὺς
1054 3383 1360 3454 καταγελᾷν
1396 3382 1505 3437 τῶν
1540 3385 1769 3458 ὁμοτρό-

231 3485 351 3532 πων,
379 3470 467 3523 καὶ
495 3468 935 3538 καταγινώσκειν
966 3469 1178 3538 αὐτῶν;
1252 3471 1471 3544 Ἐπειδὴ
1503 3473 1612 3543 γὰρ
1637 3475 1771 3544 ἡμῖν

227 3557 503 3611 ἐντέθεικεν
534 3560 563 3611 ό
586 3556 727 3621 Θεδς
767 3555 1118 3627 δικαστήριον
1164 3556 1479 3623 ἀδέκαστον,
1517 3559 1770 3613 οὐδέποτε

221 3644 665 3716 διαφθειρόμενον,
717 3642 820 3697 κᾶν
850 3644 931 3707 είς
976 3644 1140 3697 αὐτὸν
1163 3644 1263 3715 τῆς
1292 3646 1490 3711 κακίας
1525 3646 1770 3718 ἔλθωμεν

220 3734 301 3786 τὸν
335 3732 576 3803 πδθμένα
608 3748 621 3761 '
669 3731 861 3785 τούτου
908 3731 1069 3802 χάριν
1108 3732 1204 3785 καὶ
1267 3733 1423 3786 αὐτοὶ
1463 3737 1511 3787 οἱ
1545 3737 1772 3806 πονηροὶ

219 3819 649 3885 καταδικάζουσιν
665 3819 913 3881 ἑαυτοὺς,
933 3817 1035 3872 κᾶν
1049 3819 1244 3885 αὐτοὺς
1261 3819 1465 3891 καλέσῃ
1491 3837 1575 3884 τις
1590 3822 1769 3887 τοῦτο,

217 3905 337 3974 ὅπερ
359 3907 511 3972 είσὶν,
528 3905 903 3975 αἰσχύνονται,
920 3905 1252 3976 ὀργίζονται,
1277 3906 1435 3978 669w
1460 3908 1519 3961 τὸ
1540 3909 1774 3979 πρᾶγμά

216 3992 571 4060 φασιν.οῦτως
588 3994 636 4045 εί
649 3993 747 4045 καὶ
764 3991 840 4064 μὴ
856 3992 924 4046 δι’
939 3993 1137 4066 ἔργων,
1158 3993 1294 4048 ἀλλά
1311 3995 1400 4048 διὰ
1414 3995 1589 4063 λόγων
1606 4013 1768 4049 καταο

211 4078 503 4143 δικάζουσιν
517 4079 667 4148 ἅπερ
686 4080 1004 4149 πράττουσι.
1016 4080 1103 4133 διὰ
1118 4080 1213 4134 τοῦ
1231 4082 1546 4147 συνειδότος,
1573 4084 1773 4151 μᾶλλον

212 4167 265 4218 δέ
316 4167 405 4220 καὶ
460 4168 550 4220 διά
575 4168 686 4220 τῶν
730 4167 932 4238 ἔργων.
968 4169 1140 4223 Ὅταν
1165 4169 1274 4239 7&9
1298 4168 1650 4232 λανθάνοντες
1679 4172 1774 4224 καὶ

214 4255 569 4325 κρυπτόμενοι
619 4254 925 4325 πράττωσι,
958 4256 1213 4326 μέγιστον
1245 4256 1536 4329 ἐκφέρουσι
1574 4258 1775 4327 δεῖγμα

212 4340 452 4412 γνώμης,
500 4342 569 4413 ἣν
622 4344 757 4411 περὶ
784 4340 880 4395 τοῦ
929 4344 1254 4415 πράγματος
1310 4345 1544 4415 ἔχουσιν.
1618 4344 1775 4399 Οῦτω

209 4428 311 4494 7&0
348 4429 477 4501 δήλη
503 4430 655 4483 ἐστὶν
678 4431 713 4501 ἡ
737 4431 925 4498 κακία,
953 4431 1027 4494 ώς
1056 4431 1265 4494 πάντας
1285 4430 1454 4501 αὐτῆς
1477 4426 1615 4484 εἶναι
1646 4448 1775 4485 κατ-

208 4518 456 4585 ηγόρους,
504 4520 602 4571 καὶ
657 4519 784 4581 τοὺς
834 4519 1116 4589 μετιόντας
1174 4520 1382 4589 αὐτήν·
1423 4519 1664 4573 τοιοῦτον
1718 4520 1776 4574 δέ

210 4605 351 4659 ἐστιν
372 4608 405 4676 ἡ
430 4606 625 4676 ἀρετὴ,
658 4604 734 4668 ώς
755 4606 849 4658 καὶ
880 4608 1010 4677 παρ’
1037 4606 1259 4660 ἐκείνων
1279 4606 1651 4677 θαυμάζεσθαι
1668 4608 1776 4661 τῶν

217 4692 286 4762 μὴ
330 4692 653 4762 ζηλούντων
675 4693 869 4763 αὐτήν.
935 4693 1045 4747 Καὶ
1076 4695 1184 4764 7&9
1210 4696 1306 4747 καὶ
1337 4696 1365 4749 6
1390 4697 1587 4767 πόρνος
1617 4698 1777 4750 ἐπαι-

214 4780 418 4834 νέσεται
445 4781 547 4848 τὴν
575 4779 953 4852 σωφροσύνην,
980 4780 1071 4833 καὶ
1091 4780 1119 4832 6
1149 4780 1479 4852 πλεονέκτης
1496 4783 1777 4850 καταγνώ-

217 4883 358 4920 σεται
402 4868 501 4938 τῆς
526 4868 768 4931 ἀδικίας,
817 4868 911 4920 καὶ
936 4866 965 4917 6
1015 4866 1232 4937 ὀργίλος
1285 4869 1385 4937 τὴν
1427 4870 1777 4936 ἀνεξικακίαν

215 4952 568 5024 θαυμάσεται,
599 4955 696 5008 καὶ
714 4954 814 5026 τὴν
846 4953 1207 5026 μικροψυχίαν
1235 4954 1530 5025 μέμψεται,
1560 4959 1655 5011 καὶ
1679 4958 1777 5029 τὴν

214 5042 486 5112 ἀσέλγειαν
513 5046 543 5097 6
580 5042 840 5113 ἀσελγής.
878 5041 1003 5105 Πῶς
1032 5037 1125 5095 οῦν
1154 5041 1291 5096 αὐτά
1325 5043 1558 5114 μέτεισι,
1580 5046 1774 5115 φησίνς

228 5129 350 5183 Ἀπὸ
381 5131 657 5203 ῥᾳθυμίας
685 5129 911 5198 πολλῆς,
936 5128 998 5182 ού
1030 5129 1223 5198 κρίνας
1246 5125 1387 5184 εἶναι
1418 5132 1583 5185 καλόν
1609 5148 1623 5163 ο
1655 5133 1779 5187 ἐπεὶ

218 5217 315 5270 οὐδ’
344 5219 408 5272 ἂν
429 5218 673 5290 ᾐσχύνθη
694 5217 773 5287 τῷ
792 5217 1095 5287 πράγματι,
1124 5217 1234 5271 οὐδ’
1260 5218 1326 5272 ἂν
1352 5219 1623 5290 ἠρνήσατο
1644 5237 1779 5274 κατ-

219 5306 529 5374 ηγοροῦντος
587 5304 806 5376 ἐτέρου.
859 5303 1053 5357 Πολλοὶ
1100 5304 1158 5358 δέ
1196 5306 1289 5358 καὶ
1346 5305 1775 5377 προληφθέντες,

222 5392 309 5460 τὴν
336 5393 597 5464 αἰσχύνην
617 5392 683 5446 οὐ
709 5390 988 5462 φέροντες,
1021 5393 1116 5445 καὶ
1133 5392 1445 5463 ἀπήγξαντο
1480 5409 1495 5423 '
1541 5395 1776 5466 τοσαύτη

225 5481 307 5534 τοῦ
325 5482 485 5535 καλοῦ
515 5482 614 5536 καὶ
637 5481 944 5552 πρέποντος
995 5481 1204 5535 ἔνεστιν
1236 5484 1367 5553 ἡμῖν
1392 5485 1425 5553 ἡ
1462 5485 1739 5557 μαρτυρία
1761 5503 1777 5517 ⁸

226 5565 376 5629 οὕτως
403 5569 554 5639 ἡλίου
579 5567 942 5638 λαμπρότερα
960 5566 1030 5621 τά
1047 5567 1207 5635 καλὰ,
1230 5570 1324 5623 καὶ
1357 5570 1576 5625 πάντων
1599 5571 1781 5627 δυσει-

227 5652 432 5726 δίστερα
458 5656 528 5709 τά
551 5654 797 5710 ἐναντία.

286 5798 345 5881 ρ.
358 5797 621 5857 Ehenm.
638 5797 1016 5871 παρεπίδημοι
1026 5794 1167 5872 ἦσαν
1182 5800 1412 5873 οίᾶγιοι.
1429 5802 1552 5869 Πῶς
1569 5805 1778 5863 καὶτίνι

1872 500 2061 572 τρόπῳ
2084 519 2099 568 ;
2122 503 2225 557 ποῦ
2244 505 2301 559 δέ
2310 505 2564 575 ὁμολογεῖ
2576 507 2605 559 6
2618 504 2712 559 'A6
2719 503 2868 577 ραάμ
2880 503 3031 572 ξένος
3047 499 3189 560 εἶναι
3204 506 3299 559 καὶ
3312 525 3388 563 πα
3395 528 3448 581 ρ-

1866 588 2025 660 επίδη
2035 606 2135 659 μος
2153 609 2168 657 ;
2189 590 2346 655 Ἰσως
2368 592 2467 662 μέν
2480 593 2575 647 καὶ
2591 591 2753 656 αὐτὸς
2772 592 3123 665 ὡμολόγησεν
3138 610 3154 626 ·
3171 594 3202 648 6
3215 596 3272 649 δέ
3284 597 3447 652 Δαυῖδ

1866 674 1948 728 δτι
1973 675 2316 748 ὡμολόγησε,
2370 680 2533 732 παντί
2566 696 2670 732 που
2708 678 2869 749 δῆλον
2892 695 2907 710 ο
2933 682 3030 734 καὶ
3070 681 3237 736 ἄκουε
3275 684 3444 737 αὐτοῦ

1867 760 2137 832 λέγοντος,
2165 766 2248 819 ὅτι
2278 764 2463 833 Ξένος
2493 765 2610 835 aly:
2630 765 2728 821 καί
2774 769 3205 839 παρεπίδημος,
3244 772 3444 839 καθὼς

1867 848 2092 918 πάντες
2119 855 2176 907 οί
2202 852 2453 923 πατέρες
2475 870 2617 922 μου.
2649 855 2711 908 Ol
2738 854 2847 925 7&9
2893 857 2953 910 ἐν
2997 860 3224 928 σκηναῖς
3260 876 3445 913 κατοι-

1869 936 2117 1006 κοῦντες,
2132 942 2183 994 οί
2208 941 2478 1015 ἀργυρίου
2511 941 2608 996 καὶ
2628 942 2834 1012 τάφους
2854 943 3152 1013 ὠνούμενοι
3175 946 3333 1016 δῆλον
3358 948 3442 1002 ὅτι

1869 1024 2012 1090 ξένοι
2057 1029 2199 1091 τινές
2230 1028 2406 1094 οὕτως
2449 1025 2616 1101 ἦσαν,
2664 1030 2810 1085 ὥστε
2867 1030 3003 1101 μηδὲ
3041 1031 3178 1086 ὅπου
3226 1033 3441 1104 θάψωσι

1866 1112 1996 1177 τοὺς
2038 1116 2268 1185 νεκροὺς
2316 1115 2530 1169 ἐαυτῶν
2569 1116 2735 1186 ἐχειν.
2782 1116 2850 1170 Τί
2872 1112 2996 1184 οῦν;
3035 1113 3144 1188 ἆρα
3185 1119 3283 1187 τῆς
3334 1124 3441 1191 γῆς

1868 1199 2085 1272 ἐκείνης
2105 1201 2267 1272 μόνον
2296 1201 2483 1271 ἔλεγον
2508 1198 2649 1257 εἶναι
2676 1203 2819 1267 ξένοι
2850 1203 2950 1273 τῆς
2983 1205 3043 1258 ἐν
3072 1205 3436 1281 Παλαιστίνης

1868 1285 2154 1357 Οὐδαμῶς,
2179 1288 2317 1342 ἀλλά
2341 1288 2443 1360 τῆς
2468 1290 2797 1360 οἰκουμένης
2829 1291 3033 1361 πάσης,
3058 1291 3153 1345 καλ⁸
3181 1293 3404 1357 είκότως
3422 1311 3437 1326 ο

1867 1371 2023 1427 οὐδὲν
2046 1373 2157 1446 γάρ
2183 1375 2455 1447 ἐθεώρουν
2509 1379 2567 1432 ἐν
2601 1379 2739 1449 αὐτῇ
2783 1378 2990 1433 τούτων
3026 1374 3103 1435 ὧν
3135 1380 3439 1445 ἐϐούλοντο,

1868 1457 2005 1512 ἀλλά
2033 1462 2213 1516 πάντα
2250 1462 2379 1529 ξένα
2419 1464 2516 1517 καὶ
2553 1465 2832 1537 ἀλλότρια.
2861 1468 3026 1521 Αὐτοὶ
3072 1468 3171 1539 μὲν
3218 1465 3310 1523 οῦν
3343 1468 3442 1538 τὴν

1867 1545 2072 1617 ἀρετὴν
2094 1550 2284 1602 ἀσκεῖν
2308 1550 2629 1619 ἠϐούλοντο·
2653 1552 2888 1607 ἐνταῦθα
2914 1553 2991 1621 δὲ,
3016 1552 3144 1609 ἔνθα
3169 1549 3238 1625 ἦν
3276 1557 3443 1609 κακία

1870 1633 2062 1704 πολλὴ,
2108 1636 2205 1690 καὶ
2247 1637 2558 1702 ἀπεξένιυτο
2592 1639 2728 1710 πρὸς
2770 1640 2969 1705 αὐτοὺς
3004 1641 3072 1694 τά
3102 1644 3438 1715 πράγματα’

1869 1718 2023 1792 [221]
2054 1722 2244 1776 οὐδένα
2275 1723 2449 1791 φίλον,
2481 1726 2672 1778 οὐδένα
2705 1728 2905 1782 οίκεῖον
2961 1723 3129 1799 εῐχον,
3172 1728 3309 1799 πλὴν
3331 1729 3442 1781 ὀλί-

1868 1823 1982 1876 γων
2012 1809 2194 1865 τινῶν.
2233 1811 2359 1875 Πῶς
2387 1811 2443 1865 δέ
2488 1811 2627 1877 ξένοι
2658 1809 2831 1884 ﬂama;
2869 1816 2981 1870 Οὐκ
3021 1814 3440 1886 ἐπιμελούμενοι

1867 1896 1977 1949 τῶν
2009 1895 2274 1951 ἐνταῦθα·
2310 1897 2405 1952 καὶ
2437 1898 2595 1952 τοῦτο
2623 1900 2684 1953 οὐ
2726 1900 2813 1954 διά
2842 1901 3125 1971 ῥημάτων.
3178 1901 3313 1955 ἀλλά
3345 1903 3441 1955 καὶ

1868 1982 1956 2037 διὰ
1985 1985 2332 2055 πραγμάτων
2357 1986 2536 2040 αὐτῶν
2573 1988 2866 2043 ἐδείκνυον.
2894 1988 3018 2052 Πῶς
3052 1988 3146 2043 καὶ
3173 1989 3281 2042 τίνι
3311 1990 3438 2061 τρό-

1869 2086 1985 2141 my;
2016 2066 2151 2125 Εῖπε
2176 2072 2255 2143 τῷ
2269 2073 2545 2144 Ἀϐραάμ’
2575 2076 2745 2143 Ἀφες
2768 2074 2866 2145 τὴν
2886 2076 3119 2146 πατρίδα
3142 2076 3242 2147 τὴν
3253 2076 3441 2130 δοκοῦ-

1872 2174 1993 2222 σαν,
2022 2158 2118 2212 καὶ
2136 2157 2258 2212 ἐλθέ
2291 2160 2386 2212 ἐπὶ
2411 2162 2512 2232 τὴν
2543 2161 2832 2233 ἀλλοτρίαν
2854 2178 2868 2193 ο
2906 2163 3001 2217 καὶ
3024 2162 3124 2215 οὐκ
3150 2163 3442 2234 ἀντέσχετο

1867 2247 1977 2301 τῶν
2019 2247 2256 2313 οίκείων,
2293 2248 2411 2302 ἀλλ’
2445 2248 2519 2313 ὡς
2559 2249 2718 2321 ξένην
2745 2250 2957 2321 μέλλων
2990 2252 3235 2322 ἀφιέναι,
3267 2251 3440 2316 οὕτως

1871 2332 2241 2405 ἀπροσπαθῶς
2301 2334 2471 2405 αὐτὴν
2509 2336 2711 2390 εἴασεν.
2759 2332 2928 2392 Εἶπεν
2958 2338 3440 2410 αὐτῷ”Ανένεγκε

1867 2418 1958 2473 τὸν
1982 2420 2099 2475 υἱόν
2143 2438 2237 2474 σου
2264 2436 2279 2452 ·
2326 2421 2421 2475 καὶ
2461 2422 2537 2485 ώς
2573 2425 2675 2477 οὐκ
2702 2423 2843 2494 ἔχων
2889 2425 3025 2490 υίδν,
3061 2425 3234 2489 οὕτως
3278 2424 3442 2479 αὐτὸν

1867 2506 2190 2578 ἀνήνεγκεν,
2213 2507 2289 2574 ὡς
2305 2509 2405 2563 οὐκ
2420 2509 2597 2564 ἐνδεδυ
2606 2511 2764 2581 μένος
2781 2512 2881 2583 τὴν
2897 2512 3079 2582 φύσιν,
3096 2513 3268 2572 οὕτως
3279 2514 3444 2567 αὐτὸν

1868 2595 2136 2665 ἀνήνεγκε
2190 2595 2273 2648 Τά
2302 2596 2561 2667 χρήματα
2597 2597 2754 2651 κοινά
2780 2598 3047 2670 ἐκέκτητο
3069 2603 3180 2663 τοῖς
3214 2600 3443 2672 παριοῦ-

1869 2698 1954 2734 σιν
1991 2681 2184 2746 ἅπασι,
2219 2682 2314 2735 καὶ
2344 2683 2498 2737 οὐδὲν
2528 2682 2590 2736 τὸ
2619 2685 2855 2755 πρᾶγμα
2890 2687 3105 2756 ἡγεῖτο⁸
3142 2688 3249 2741 τῶν
3289 2706 3442 2759 πρω-

1866 2769 2026 2822 τείων
2052 2768 2259 2839 ἑτέροις
2280 2769 2615 2840 παρεχώρει,
2662 2772 2743 2835 είς
2770 2772 3054 2837 κινδύνους
3108 2774 3299 2828 ἐαυτὸν
3352 2777 3440 2827 ἐν-

1868 2853 2082 2920 έϐαλλε,
2121 2856 2293 2927 μυρία
2326 2857 2533 2927 ἔπασχε
2569 2858 2754 2912 δεινά*
2808 2859 2909 2913 οὐκ
2957 2860 3135 2923 οἰκίας
3173 2861 3441 2933 ᾠκοδόμει

1867 2940 2148 3013 λαμπρὰς,
2178 2943 2298 2997 οὐδέ
2327 2944 2560 3016 ἐτρύφα,
2585 2947 2682 3016 οὐχ
2717 2946 2946 3016 ἱματίων
2975 2948 3312 3018 ἐπεμελεῖτο,
3343 2952 3443 3004 οὐκ

1868 3030 2030 3084 ἄλλου
2052 3030 2288 3095 οὐδενὸς,
2323 3030 2359 3085 ἃ
2384 3031 2494 3084 τῶν
2531 3032 2769 3086 ἐνταῦθά
2790 3034 2938 3086 ἐστιν
2956 3049 2970 3064 ·
3005 3033 3139 3088 ἀλλά
3166 3035 3346 3091 πάντα
3372 3038 3441 3091 τὰ

1870 3118 1967 3188 τῆς
1991 3119 2108 3171 ἐκεῖ
2128 3118 2337 3181 πόλεως
2366 3118 2732 3184 ἐπολιτεύετο,
2757 3118 3061 3187 φιλοξενίαν
3075 3121 3439 3184 ἐπεδείκνυτο.

1873 3204 2251 3274 φιλαδελφίαν,
2303 3204 2697 3275 ἐλεημοσύνην,
2726 3206 3101 3271 ἀνεξικακίαν,
3138 3208 3441 3279 ὑπεροψίαν

1871 3294 2170 3365 χρημάτων
2206 3293 2298 3347 καὶ
2326 3293 2426 3362 τῆς
2477 3293 2759 3365 παρούσης
2802 3294 2960 3365 δόξης
2992 3296 3088 3349 καὶ
3134 3297 3241 3351 τῶν
3266 3297 3443 3356 ἄλλων

1872 3382 2143 3438 ἁπάντων.
2181 3382 2290 3434 Καὶ
2310 3381 2339 3433 6
2362 3380 2552 3434 τούτου
2581 3381 2637 3435 δέ
2662 3384 2791 3445 παῖς
2812 3382 3050 3447 τοιοῦτος
3076 3378 3145 3454 ἦν
3168 3398 3181 3412 ·
3218 3384 3440 3439 ἐλαυνό-

1875 3486 2052 3540 μενος,
2082 3467 2483 3538 πολεμούμενος
2498 3465 2615 3523 εἷκε
2641 3470 2734 3523 καὶ
2750 3468 3083 3541 παρεχώρει,
3113 3470 3208 3525 ἅτε
3231 3473 3291 3525 ἐν
3313 3472 3439 3544 ξένῃ

1870 3556 1945 3611 ῶν
1975 3572 1987 3585 ·
2016 3556 2067 3609 οί
2094 3556 2202 3626 γὰρ
2229 3555 2389 3619 ξένοι,
2421 3556 2522 3609 ὅσα
2549 3556 2615 3610 ἂν
2634 3555 2869 3623 πάθωσι,
2903 3559 3181 3630 φέρουσιν,
3217 3559 3315 3615 ᾰτε
3340 3561 3443 3616 οὐκ

1871 3643 2019 3705 ὄντες
2038 3643 2096 3693 ἐν
2123 3642 2360 3712 πατρίδι.
2382 3641 2601 3711 Καὶτῆς
2619 3644 2874 3710 γυναικὸς
2891 3644 3324 3717 ἀφαιρουμένης,
3348 3652 3442 3705 καὶ

1870 3730 2031 3784 τοῦτο
2046 3728 2262 3799 ἐφερεν,
2280 3727 2374 3782 ἅτε
2393 3727 2541 3793 ξένος
2560 3743 2574 3759 ·
2596 3728 2663 3782 τά
2675 3729 2730 3782 δὲ
2744 3731 2856 3784 ἅνω
2870 3733 3047 3786 πάντα
3068 3734 3436 3797 ἐπολιτεύετο.

1877 3816 2252 3889 σωφροσύνην,
2273 3816 2609 3886 κοσμιότητα
2635 3817 3076 3889 ἐπιδεικνύμενος
3103 3823 3301 3879 πᾶσαν.
3332 3827 3443 3881 Καὶ

1873 3906 1984 3977 7&9
2012 3905 2150 3975 μετά
2184 3904 2246 3957 τδ
2283 3903 2689 3975 παιδοποιῆσαι,
2735 3904 2921 3958 οὐκέτι
2969 3906 3215 3978 ὡμίλησε
3242 3914 3309 3982 τῇ
3340 3929 3441 3980 γυ.

1875 3994 2053 4047 ναικίσ
2094 3991 2188 4045 καὶ
2221 3991 2599 4061 παρελθούσης
2624 3992 2681 4045 δέ
2709 3994 2809 4059 τῆς
2840 3994 3024 4065 ἀκμῆς
3050 3998 3147 4065 τῆς
3168 3998 3441 4070 νεότητος,

1873 4084 1996 4135 τότε
2041 4080 2213 4151 αὐτὴν
2253 4081 2512 4150 ἡγάγετο,
2563 4080 2778 4143 δεικνὺς
2797 4083 2879 4135 δτι
2917 4083 2977 4135 οὐ
3033 4085 3236 4150 πάθους
3259 4086 3445 4142 ἕνεκεν

1873 4169 2032 4223 τοῦτο
2065 4171 2260 4234 ἐποίει,
2278 4169 2414 4222 ἀλλὰ
2444 4167 2887 4240 ὐπηρετούμενος
2920 4173 2986 4241 τῇ
3014 4172 3321 4246 ἐπαγγελίᾳ
3348 4177 3444 4231 τοῦ

1875 4256 2033 4311 Θεοῦ.
2073 4255 2222 4310 Τίδέ
2252 4257 2281 4309 6
2316 4255 2550 4321 Ἰακώὸς
2584 4256 2707 4326 οὐχὶ
2733 4257 2898 4328 ἄρτον
2940 4258 3124 4330 ἐζήτει
3157 4261 3319 4330 μόνον
3350 4266 3447 4319 καὶ

1878 4344 2112 4415 ἱμάτιον,
2134 4343 2171 4398 ἀ
2191 4342 2356 4407 ξένων
2396 4342 2543 4397 ἐστὶν
2573 4342 2742 4407 ὅντως
2781 4344 3059 4415 αἰτήματα
3083 4346 3193 4399 τῶν
3223 4348 3304 4411 είς
3351 4367 3448 4403 περ

1875 4432 1996 4485 νίαν
2026 4430 2287 4484 ἐλθόντων
2320 4429 2559 4501 πολλὴν;
2607 4430 2730 4500 οὐχὶ
2769 4428 3128 4501 ἐλαυνόμενος
3155 4434 3442 4505 ἀνεχώρει,

1875 4517 2130 4586 καθάπερ
2160 4517 2342 4583 ξένοςς
2391 4516 2512 4587 οὐχὶ
2539 4516 2833 4586 ἐθήτευεν;
2874 4517 2992 4587 οὐχὶ
3037 4520 3208 4588 μυρία
3237 4520 3446 4591 ἔπασχε

1874 4606 2047 4669 δεινὰ,
2087 4605 2315 4675 περιιὼν
2344 4602 2616 4673 πανταχοῦ
2649 4603 2901 4675 καθάπερ
2930 4602 3115 4671 ξένοςς
3172 4606 3361 4661 Ταῦτα
3386 4610 3446 4662 δέ

1877 4682 2177 4763 πάσχοντες
2199 4691 2415 4761 ἔφερον,
2445 4690 2754 4751 δεικνύντες
2781 4692 2865 4744 ὃτι
2886 4691 3124 4761 πατρίδα
3160 4692 3447 4764 ἐπιζητοῡ.

1878 4797 1964 4834 σιν
1983 4782 2177 4850 ἐτέραν
2195 4791 2242 4820 ι·
2271 4777 2464 4841 Βαὸαὶ,
2488 4777 2631 4847 πόση
2641 4777 2874 4851 διαφορά
2893 4777 2906 4829 ί
2925 4779 3127 4831 ἐκεῖνοι
3140 4779 3240 4849 μὲν
3257 4780 3447 4837 ῶδινον

1877 4866 1998 4921 καθ’
2030 4867 2265 4936 ἐκάστην
2302 4865 2534 4935 ἡμέραν,
2575 4864 2957 4934 ἀπαλλαγῆναι
2995 4864 3312 4936 βουλόμενοι
3361 4870 3446 4926 ἐν·

1876 4953 2088 5018 τεῦθεν,
2124 4953 2219 5006 καὶ
2262 4951 2398 5023 πρὸς
2435 4953 2535 5023 τὴν
2571 4950 2757 5005 αὐτῶν
2796 4951 3033 5021 πατρίδα
3082 4954 3445 5010 ἐπανελθεῖν*

1877 5043 2038 5113 ἡμεῖς
2064 5040 2124 5093 δέ
2154 5038 2500 5094 τούναντίον⁸
2533 5037 2600 5091 ἀν
2621 5036 2730 5109 γὰρ
2760 5038 2991 5108 πυρετὸς
3013 5040 3252 5114 ἐμπέσῃ,
3270 5042 3449 5099 πάντα

1877 5128 2128 5198 ἀφέντες,
2157 5127 2408 5197 καθάπερ
2445 5125 2514 5179 τά
2538 5124 2726 5179 παιδία
2762 5125 2831 5179 τὰ
2861 5126 3051 5197 μικρὰ,
3076 5127 3145 5182 τὰ
3169 5131 3447 5203 κλαυθμυ-

1881 5217 2163 5290 ριζόμενα,
2390 5215 2483 5269 τὸν
2518 5214 2748 5270 θάνατον
2785 5215 3105 5287 δεδοίκαμεν
3128 5233 3143 5249 ο
3178 5221 3273 5273 καὶ
3301 5222 3449 5275 είκό.

1877 5323 1987 5370 τως
2032 5305 2194 5361 τοῦτο
2246 5305 2550 5375 πάσχομεν.
2601 5303 2818 5375 Ἐπειδὴ
2867 5303 2978 5377 7&9
3026 5305 3124 5375 οὐχ
3177 5308 3252 5371 ὡς
3309 5307 3449 5373 ξένοι

1879 5395 2139 5464 διάγομεν
2167 5391 2424 5456 ἐνταῦθα,
2458 5391 2579 5445 οὐδὲ
2605 5391 2680 5454 ώς
2707 5391 2801 5445 ἐπὶ
2842 5392 3081 5462 πατρίδα
3121 5394 3448 5467 σπεύδομεν,

1881 5483 1994 5538 ἀλλ’
2027 5483 2103 5546 ὡς
2141 5482 2234 5535 ἐπὶ
2262 5481 2481 5535 κόλασιν
2511 5479 2765 5544 ἀπιόντες
2793 5481 2982 5550 ἐσμὲν,
3010 5480 3099 5537 διά
3146 5483 3305 5537 τοῦτο
3353 5487 3450 5539 ἀλ-

1882 5570 2110 5643 γοῦμεν,
2162 5570 2246 5624 ὅτι
2290 5571 2405 5632 τοῖς
2438 5567 2759 5639 πράγμασιν
2815 5569 2917 5621 οὐκ
2973 5569 3329 5641 ἐχρησάμεθα
3371 5576 3452 5635 εἰς

1941 5751 1959 5774 ⁸
1997 5742 2177 5814 Βεεεη
2204 5749 2517 5814 Commel._et
2557 5763 2710 5813 marg.
2736 5750 2832 5801 Sav
2858 5787 2872 5808 ,
2894 5749 3327 5814 106106500101»
3359 5754 3449 5803 ιλι-

1883 5831 1967 5877 γοιν
1989 5810 2294 5879 τὴνῖιὶατρίδα
2325 5810 2575 5871 ζητοῦντες
2604 5810 2688 5871 τὴν
2720 5813 2918 5861 ἑαυτῶν.
2935 5812 2999 5862 Et
3018 5812 3091 5862 sic
3122 5810 3327 5864 linum;
