4002 6426
185 293 278 352 [69

180 410 362 458 minus,
403 397 494 448 sed
539 394 783 450 ordinem
828 394 1117 450 evertimus
1156 413 1168 449 :
1201 404 1483 466 propterea
1523 395 1736 463 flemus,

178 501 293 540 cum
334 485 561 557 gaudere
605 494 913 556 Oporteret;
950 498 1227 556 preptcrea
1273 489 1554 543 horremus
1600 490 1740 543 sicut

178 578 468 642 ilUllliCidiB,
515 578 654 633 sicut
683 577 989 648 praedonum
1030 578 1218 646 duces,
1266 579 1488 634 sistendi
1509 579 1733 650 judicio,

176 680 228 727 et
263 686 607 741 quaecumque
633 666 874 726 fecerunt
908 670 1103 726 animis
1127 679 1453 741 reputantes,
1483 679 1736 742 propter-

174 776 233 815 ca
279 760 467 814 timent
507 767 563 814 et
611 760 1047 815 contremiscunt.
1078 760 1175 816 'illi
1245 776 1374 816 vero
1420 775 1526 817 non
1583 766 1739 818 erant

177 847 455 919 ejusmodi,
486 848 582 904 sed
619 848 939 904 festinabant
970 869 983 905 :
1020 850 1214 906 Paulus
1251 859 1432 907 autem
1459 837 1738 907 etiamin-

170 941 398 1012 gemuit:
419 940 538 994 audi
569 940 714 995 illum
740 942 1028 1009 dicentem,
1064 942 1125 996 Et
1156 960 1245 998 nos
1262 943 1351 1013 qui
1369 960 1545 1000 sumus
1565 947 1617 999 in
1644 945 1737 1001 hoc

172 1028 509 1094 tabernaculo,
557 1031 929 1099 ingemiscinttts
965 1033 1160 1103 gravati
1200 1030 1277 1103 (2.
1308 1032 1424 1091 Cor.
1456 1034 1511 1090 5.
1547 1035 1603 1105 4)
1634 1036 1735 1107 (α).

169 1120 305 1175 Talis
330 1127 445 1175 erat
470 1120 759 1186 Abraham,
788 1132 842 1176 et
870 1121 961 1193 qui
1002 1137 1123 1177 cum
1141 1122 1234 1178 illo
1256 1116 1447 1179 erant:
1474 1124 1734 1195 hospites,

170 1211 353 1281 inquit,
402 1219 555 1264 erant
584 1209 745 1265 totius
774 1211 921 1266 orbis
962 1222 1140 1275 terrae,
1191 1220 1244 1269 et
1283 1215 1596 1284 quaerebant
1641 1232 1737 1286 pa-

168 1306 339 1358 triam.
366 1301 622 1372 Quaenam
648 1312 824 1359 autent
853 1320 917 1361 ea
958 1304 1079 1361 est?
1120 1322 1186 1361 an
1231 1322 1291 1362 ea
1322 1320 1480 1378 quam
1513 1309 1735 1366 dimise-

166 1392 321 1449 runt?
367 1392 713 1463 Nequaquam
744 1411 757 1447 ε
786 1392 913 1464 quid
964 1395 1108 1450 enim
1152 1395 1400 1454 obstabat
1450 1400 1736 1469 quominus

169 1485 405 1540 redirent
435 1486 481 1540 si
520 1485 739 1551 vellent,
783 1494 838 1540 et
865 1498 1048 1542 essent
1073 1487 1252 1543 cives?
1278 1488 1373 1544 sed
1415 1490 1561 1545 illam
1590 1507 1739 1562 quat-

165 1578 347 1631 rebant
376 1593 498 1647 qua:
537 1584 619 1631 est
645 1572 906 1632 in'caelis.
938 1577 1012 1632 lta
1042 1578 1399 1649 properabant
1422 1581 1545 1638 hinc
1581 1598 1739 1640 exce-

166 1668 308 1734 dere,
339 1679 396 1723 et
418 1668 504 1723 sic
529 1668 639 1722 Deo
666 1665 981 1738 placebant:
1012 1667 1239 1740 ideoque
1259 1685 1365 1726 non
1387 1673 1739 1731 erubescebat

167 1758 335 1813 vocari
361 1771 552 1812 eorum
593 1756 755 1812 Deus.
801 1756 979 1828 Papte,
1021 1768 1215 1829 quanta
1260 1760 1531 1832 dignitas!
1580 1779 1735 1820 accc-

167 1857 304 1918 ptum
332 1846 407 1901 illi
438 1846 544 1901 fuit
586 1858 643 1900 ut
670 1856 956 1904 vocaretur
995 1858 1181 1905 eorum
1211 1849 1370 1908 Deus.
1397 1853 1531 1922 Quid
1565 1854 1740 1911 dicis?

166 1946 375 1993 vocatur
406 1936 555 1992 Deus
593 1945 748 1992 teme
776 1946 834 1994 et
870 1938 1008 2007 cazli,
1042 1949 1096 1995 et
1124 1948 1393 2011 tamquam
1423 1945 1602 2013 magni
1628 1947 1731 2001 ali-

165 2027 281 2097 quid
324 2026 555 2095 posuisti
585 2028 725 2099 quod
765 2040 870 2083 non
910 2026 1191 2084 erubescat
1238 2040 1423 2085 eorum
1466 2029 1609 2087 Deus
1633 2046 1730 2087 vo-

162 2119 305 2175 tari?
326 2119 581 2191 Magnum
626 2129 681 2175 et
718 2134 907 2176 revera
950 2135 1199 2192 maguum
1229 2122 1465 2188 esthoc,
1505 2130 1562 2178 et
1589 2122 1733 2177 indi-

161 2214 291 2267 cium
330 2214 521 2267 multm
557 2210 924 2268 beatitudinis.
963 2212 1279 2281 Quomodo?
1320 2213 1473 2282 Quod
1514 2222 1735 2271 vocatur

165 2302 361 2373 quidem
393 2300 545 2358 Deus
562 2303 682 2357 οωῐί
710 2310 765 2357 et
803 2312 985 2366 terrae,
1018 2304 1156 2357 sicut
1184 2312 1238 2358 et
1261 2306 1521 2374 gentium,
1552 2313 1734 2374 quate-

166 2407 256 2447 nus
283 2407 341 2448 ca
369 2394 585 2449 creavit
613 2402 667 2450 et
695 2402 779 2448 est
806 2392 1096 2448 fabricatus
1120 2410 1135 2459 ;
1168 2393 1379 2449 illorum
1410 2403 1590 2451 autem
1621 2411 1733 2450 san-

165 2493 355 2539 ctorum
387 2500 508 2540 non
542 2486 633 2551 ita,
683 2484 776 2540 sed
818 2486 952 2539 sicut
983 2485 1173 2556 aliquis
1196 2500 1481 2557 germanus
1508 2486 1735 2541 amicus.

169 2575 409 2645 Exemplo
442 2576 602 2630 Vobis
628 2576 731 2631 hoc
762 2576 981 2631 reddam
1013 2577 1367 2645 perspicuum.
1394 2576 1545 2633 Sicut
1587 2578 1641 2633 in
1673 2577 1737 2631 iis

166 2666 244 2736 qui
274 2674 392 2720 sunt
420 2665 485 2720 in
528 2667 735 2735 magnis
759 2666 986 2733 mdibus,
1023 2666 1235 2735 quando
1260 2668 1421 2736 aliqui
1461 2684 1527 2723 ex
1555 2668 1620 2724 iis
1646 2672 1735 2739 qui

170 2769 387 2827 prmsunt
412 2756 467 2812 fa
480 2757 638 2812 milia:
663 2767 786 2812 sunt
812 2758 863 2812 in
894 2770 1085 2828 magna
1110 2760 1526 2825 existimatione,
1557 2762 1737 2816 omnia

167 2849 559 2915 administrant,
588 2859 643 2905 et
666 2847 807 2918 apud
832 2849 1079 2904 dominos
1114 2860 1359 2920 magnam
1384 2851 1583 2906 habent
1611 2851 1739 2906 ﬁdu-

168 2944 308 3005 ciam,
338 2938 405 2996 ab
422 2942 565 3012 ipsis
595 2951 816 3013 vocatur
839 2942 1087 2997 dominus
1115 2960 1129 2995 :
1163 2951 1216 2997 et
1246 2944 1441 2998 multos
1470 2941 1739 2999 inveneris

167 3032 236 3085 sic
256 3033 537 3102 appellari.
561 3030 695 3100 Quid
718 3042 898 3088 autem
921 3031 1074 3087 dico?
1096 3030 1345 3088 sicutdici
1371 3038 1579 3103 poterat
1602 3033 1740 3088 Deus

172 3138 263 3178 non
286 3126 553 3194 gentium,
581 3123 675 3180 sed
714 3123 882 3180 totius
925 3124 1072 3180 orbis
1105 3132 1285 3193 terrm,
1330 3126 1399 3180 ita
1442 3128 1602 3181 etiam
1631 3126 1737 3181 dici

173 3226 359 3284 poterat
384 3217 537 3273 Deus
566 3214 858 3272 Abraham.
888 3217 996 3273 Sed
1027 3218 1246 3273 nescitis
1276 3226 1473 3288 quanta
1515 3218 1740 3289 sitim-0

169 3308 400 3376 dignitas,
425 3308 692 3378 quoniam
722 3324 825 3363 nec
851 3323 971 3363 eam
1017 3309 1376 3379 asscquimur.
1414 3309 1568 3365 Sicut
1593 3309 1741 3363 enim

174 3399 296 3452 Deus
323 3414 457 3453 nunc
499 3399 693 3453 dicitur
720 3399 973 3453 Dominus
1005 3398 1423 3453 Christianorum
1471 3400 1735 3468 omnium,

128 3496 136 3504 ’
172 3503 220 3545 et
241 3501 405 3547 tamen
431 3493 543 3549 hoc
581 3510 772 3548 nomen
803 3504 1036 3548 nostram
1065 3505 1280 3565 superat
1309 3495 1620 3565 dignitatem
1654 3516 1666 3552 :
1690 3500 1735 3553 si

175 3592 333 3637 autem
356 3593 588 3637 vocatus
617 3582 774 3638 fuerit
818 3586 975 3638 unius
1017 3584 1179 3651 Deus,
1210 3585 1386 3655 cogita
1426 3595 1623 3656 quanta
1668 3587 1739 3640 sit

179 3674 487 3743 magnitudo.
534 3673 683 3729 Deus
722 3675 869 3730 orbis
913 3665 1206 3730 ιρι-ι·ωήοη
1253 3677 1524 3732 erubescit
1564 3679 1742 3733 vocari

181 3766 319 3818 trium
353 3766 530 3832 Deus;
561 3776 616 3820 et
656 3766 846 3820 merito
878 3783 893 3820 :
925 3782 1030 3821 nott
1073 3767 1217 3822 enim
1253 3769 1399 3825 orbis
1440 3778 1614 3834 terrae,
1644 3770 1739 3826 sed

181 3854 635 3912 innumerabilium
668 3858 931 3928 ejusmodi
963 3858 1133 3914 instar
1167 3868 1291 3916 sunt
1330 3863 1523 3916 sancti.
1557 3862 1743 3917 Melior

181 3956 244 3998 est
266 3949 399 4001 enim
422 3956 558 4002 unus
590 3948 781 4018 faciens
808 3949 1113 4003 voluntatem
1147 3948 1375 4017 Domini,
1404 3968 1555 4022 quant
1582 3953 1746 4008 decies

181 4035 302 4089 mille
340 4038 500 4107 iniqui
545 4035 739 4107 (Eccti.
773 4037 861 4093 16.
896 4036 975 4108 5).
1003 4037 1156 4106 Quod
1194 4048 1370 4094 autem
1411 4043 1617 4113 εείρευε
1664 4043 1741 4098 sic

182 4138 419 4184 vocarent
444 4126 691 4197 hospites
719 4138 802 4184 est
829 4130 1194 4201 perspicuum.
1243 4131 1350 4187 Sed
1398 4140 1537 4200 esto,
1574 4136 1659 4191 isti
1689 4146 1748 4193 se

183 4218 251 4273 sic
273 4219 534 4275 vocabant
559 4219 801 4291 hospites
827 4208 1047 4292 propter
1075 4221 1308 4278 alienam
1351 4232 1546 4280 terram
1575 4242 1589 4291 ;
1623 4226 1749 4298 quid

184 4325 299 4365 vero
320 4312 508 4380 David,
540 4326 719 4368 annon
746 4322 863 4369 erat
908 4326 1001 4368 rex
1045 4323 1101 4369 et
1130 4315 1440 4387 propheta?
1481 4334 1660 4375 annon
1693 4320 1748 4376 in

185 4418 268 4458 sua
288 4404 513 4476 degebat
533 4407 707 4477 patria
729 4406 755 4458 ?
797 4420 898 4461 cur
934 4418 1062 4476 ergo
1091 4407 1222 4461 dicit
1255 4430 1267 4465 ;
1302 4406 1503 4479 Hospes
1528 4420 1573 4465 et
1604 4428 1748 4481 pere-

186 4496 347 4565 grintts
389 4512 479 4568 ego
519 4514 634 4552 sum
666 4495 840 4562 (Paul.
866 4496 955 4553 38.
988 4497 1118 4565 13)?
1140 4498 1417 4566 Quomodo
1454 4517 1514 4557 es
1555 4504 1751 4573 hospes

186 4597 233 4641 et
254 4589 599 4660 peregrinus?
630 4588 776 4643 Sicut
798 4600 989 4654 omnes,
1023 4584 1213 4657 inquit,
1246 4601 1415 4658 patres
1443 4594 1558 4647 mei.
1587 4591 1750 4649 Vides

189 4680 313 4745 quod
341 4679 412 4733 illi
454 4692 672 4748 quoque
714 4688 867 4732 erant
913 4676 1194 4747 hospites?
1236 4680 1522 4750 Habemus,
1554 4682 1746 4755 inquit,

191 4772 424 4840 patriam.
442 4763 538 4827 sed
577 4779 679 4825 non
710 4778 827 4818 eam
852 4782 971 4837 quae
994 4780 1117 4821 vero
1147 4775 1229 4820 est
1256 4771 1448 4836 patria.
1473 4773 1752 4840 Quomodo

190 4868 347 4912 autem
375 4876 433 4915 cs
460 4870 517 4916 tu
544 4860 1007 4933 hospest'l‘errac.
1038 4864 1178 4938 Ergo
1206 4867 1280 4926 illi
1312 4884 1525 4941 quoque
1553 4878 1709 4927 terra:
1735 4890 1749 4927 :

191 4954 239 4998 ut
261 4950 394 5001 enim
428 4950 525 5015 illi,
550 4953 627 5007 sic
655 4953 773 5019 iste,
803 4963 858 5009 et
888 4955 1121 5012 vicissim
1154 4957 1252 5029 (ὁ).
1499 5011 1501 5014 .

252 5036 297 5091 3.
339 5036 518 5094 Simus
545 5052 673 5111 ergo
703 5055 801 5096 nos
824 5056 1035 5112 quoque
1064 5056 1203 5099 none
1233 5042 1490 5117 hospites,
1517 5056 1583 5103 ne
1611 5062 1742 5105 eru-

188 5122 355 5179 bescat
374 5127 518 5185 Deus
540 5128 716 5185 vocari
740 5142 923 5188 noster
952 5134 1116 5189 Deus.
1150 5132 1327 5190 Pudor
1347 5146 1432 5192 est
1458 5139 1599 5193 enim
1626 5140 1746 5209 ipsi,

186 5219 382 5281 quando
425 5232 647 5278 vocatur
688 5223 953 5279 malorum
988 5226 1169 5293 Deus,
1212 5237 1267 5283 et
1313 5231 1701 5287 verecundatur
1726 5274 1742 5298 ,

188 5307 311 5361 sicut
334 5309 693 5380 gloriﬁcatur,
746 5314 959 5383 quando
990 5316 1250 5371 bonorum
1278 5326 1331 5371 et
1361 5320 1651 5388 proborum
1693 5330 1749 5377 et

192 5397 425 5454 virtutem
460 5401 775 5459 colentium.
818 5403 879 5460 Si
918 5406 1062 5460 enim
1096 5421 1193 5461 nos
1222 5421 1535 5465 recusamus
1564 5413 1742 5466 vocari

185 5482 369 5542 domini
395 5493 654 5548 maiorum
681 5508 958 5550 servorum
981 5536 997 5563 ,
1028 5506 1083 5551 et
1113 5510 1206 5552 eos
1225 5498 1576 5567 dimittimus;
1618 5509 1671 5557 et
1698 5504 1741 5557 si

233 5588 297 5646 (α)
319 5584 409 5636 Hic
434 5589 595 5651 incipit
616 5590 811 5641 bomilia
833 5591 958 5654 apud
983 5592 1197 5642 Colbert.

232 5662 306 5720 (rt)
323 5663 424 5716 lluc
446 5669 624 5724 desinit
648 5675 839 5727 humilia
862 5676 1096 5740 vigesima
1112 5682 1283 5739 quarta
1309 5675 1354 5722 in
1380 5675 1513 5723 (Loth.

906 291 971 349 IN
1007 291 1226 359 EPIST.
1265 290 1359 349 AD
1398 278 1757 347 ιιΕΒιιιεοεί
1796 285 1946 343 CAP.
1994 287 2085 343 XI.
2129 287 2355 345 HOMIL.
2400 288 2592 345 XXIV.

3314 292 3413 348 ΓΠ)

1846 397 1965 468 quis
1989 392 2249 453 accedens
2290 396 2524 463 dixerit,
2554 394 2649 451 llic
2678 393 2759 450 vel
2794 394 2886 450 ille
2924 395 3062 449 mala
3107 393 3236 449 facit
3263 397 3424 449 innu-

1849 488 2147 555 merabilia,
2172 487 2429 559 numquid
2457 492 2541 543 est
2560 500 2749 543 servus
2776 485 2935 540 tuus?
2960 485 3139 540 statim
3170 484 3424 552 dicimus,

1844 579 2223 650 Nequaquam;
2249 580 2505 651 probrum
2536 578 2911 648 prapulsantes
2936 592 2949 629 ε
2976 584 3061 631 est
3094 573 3239 631 enim
3268 590 3427 631 servo

1844 666 1911 725 ad
1938 669 2213 725 dominum
2235 667 2496 725 habitudo
2516 677 2572 723 et
2598 667 2811 733 relatio,
2838 675 2895 722 et
2922 664 3209 735 ignominia
3240 665 3430 720 abillo

1843 761 1910 814 ad
1939 759 2083 815 hunc
2106 757 2338 814 transit:
2388 755 2557 813 multo
2587 758 2753 828 magis
2794 757 2951 812 Deus.
3000 755 3109 813 Sed
3149 755 3226 812 illi
3271 765 3428 813 erant

1845 851 1981 907 adeo
2006 849 2285 924 praeclari,
2328 858 2385 907 et
2408 858 2550 905 tanta
2578 850 2725 919 pleni
2755 846 2946 903 fiducia
2974 890 2990 916 ,
3023 857 3083 904 ut
3110 864 3215 904 non
3246 850 3422 905 solum

1852 954 1958 997 non
1985 942 2326 999 erubesceret
2351 941 2419 996 ab
2453 936 2559 995 illis
2594 938 2774 994 vocari
2799 980 2815 1006 ,
2846 938 2939 993 sed
2967 939 3127 994 etiam
3158 940 3227 995 de
3254 954 3313 995 se
3337 939 3425 995 di-

1841 1044 2021 1101 ceret,
2052 1028 2163 1105 Ego
2187 1049 2300 1087 sum
2328 1031 2462 1087 Deus
2491 1031 2747 1085 Abraham
2768 1071 2782 1095 ,
2814 1028 2955 1084 Deus
2994 1028 3179 1098 Isaac,
3209 1039 3256 1085 et
3285 1031 3421 1086 Deus

1842 1123 2004 1181 Iacob
2031 1122 2229 1195 (Exod.
2252 1124 2307 1179 3.
2337 1120 2414 1191 6).
2440 1118 2619 1179 Simus
2648 1135 2778 1190 ergo
2803 1134 2902 1174 nos
2925 1132 3137 1191 quoque
3159 1162 3175 1188 ,
3202 1135 3236 1175 ο
3273 1121 3411 1178 dile-

1840 1220 1911 1274 cti
1935 1259 1951 1286 ,
1983 1217 2223 1289 hospites
2246 1258 2262 1285 ,
2294 1232 2363 1272 ne
2406 1216 2574 1272 Deum
2605 1213 2771 1269 nostri
2808 1210 3043 1284 pudeat,
3076 1227 3143 1267 ne
3184 1212 3416 1283 pudeat,

1844 1308 2080 1378 inquam,
2111 1317 2165 1363 et
2195 1319 2293 1361 nos
2322 1302 2497 1361 tradat
2521 1304 2801 1375 gehennte.
2840 1294 3001 1359 Tales
3034 1312 3186 1358 erant
3222 1303 3295 1356 illi
3322 1302 3412 1375 qui

1839 1397 2120 1464 dicebant,
2143 1394 2379 1462 Domine,
2408 1410 2573 1449 nonne
2591 1392 2645 1448 in
2665 1394 2864 1448 nomine
2888 1401 2972 1447 tuo
2989 1394 3417 1462 prapltetavimus,

1840 1496 1887 1541 et
1911 1488 1965 1542 in
1982 1485 2182 1541 nomine
2201 1496 2286 1545 tuo
2315 1484 2501 1540 multas
2524 1486 2727 1540 virtutes
2746 1484 2954 1555 fecimus
2975 1482 3190 1553 (Matth.
3214 1484 3267 1539 7.
3288 1483 3420 1553 ‘22)?

1846 1579 1951 1634 Sed
1982 1576 2103 1634 vide
2125 1576 2251 1648 quid
2287 1576 2392 1631 illis
2416 1575 2559 1631 dicat
2581 1574 2829 1632 Christus
2860 1589 2876 1633 :
2908 1572 3096 1628 Nescio
3122 1591 3207 1644 vos
3232 1589 3251 1627 :
3276 1575 3417 1643 quod

1837 1667 2053 1739 quidem
2097 1665 2323 1723 fecerint
2364 1665 2625 1720 malorum
2655 1676 2934 1720 servorum
2974 1663 3173 1718 domini
3214 1663 3279 1717 ad
3324 1678 3419 1719 eos

1834 1760 2260 1826 accurrentium,
2291 1757 2545 1829 probrum
2574 1755 2813 1811 volentes
2846 1756 3193 1826 propulsare.
3230 1753 3417 1810 Nescio

1838 1868 1925 1908 vos
1940 1893 1955 1921 ,
1983 1848 2171 1924 inquit.
2190 1848 2471 1920 Quomodo
2490 1862 2620 1921 ergo
2640 1850 2797 1920 punis
2816 1863 2949 1920 quos
2976 1849 3184 1904 nescis?
3204 1848 3415 1915 Nescio,

1846 1945 2003 2002 aliter
2027 1943 2137 2000 dixi
2162 1961 2176 1999 :
2205 1942 2309 2000 hoc
2332 1951 2440 2010 est,
2464 1950 2561 1998 vos
2586 1954 2724 2013 nego
2747 1949 2802 1998 et
2828 1955 3040 1998 recuso.
3065 1941 3172 1997 Sed
3193 1940 3335 1997 absit
3358 1950 3419 1997 ut

1842 2051 1941 2091 nos
1965 2033 2242 2091 audiamus
2280 2033 2430 2088 hanc
2456 2044 2643 2088 vocem
2670 2031 2951 2088 exitiosam
2972 2042 3028 2088 et
3059 2031 3414 2088 tremendam.

1834 2122 1969 2184 Nam
1997 2130 2075 2193 si,
2116 2127 2205 2197 qui
2231 2124 2503 2181 daemones
2542 2124 2825 2196 ejiciebant
2864 2135 2918 2180 et
2959 2124 3262 2194 propltetias
3289 2138 3418 2194 pro-

1840 2215 2101 2283 ferebant,
2133 2214 2381 2288 abnegati
2424 2224 2584 2282 sunt,
2613 2215 2863 2285 quoniam
2894 2214 3055 2268 vitam
3097 2214 3202 2268 non
3254 2215 3418 2271 hahe-

1844 2316 1972 2371 bant
2002 2313 2183 2370 verbis
2233 2313 2641 2368 convenientem
2669 2352 2684 2375 ,
2716 2320 2915 2381 quanto
2960 2311 3127 2379 magis
3182 2309 3322 2364 nos?
3365 2311 3427 2367 Et

1842 2400 2135 2476 quomodo,
2170 2402 2365 2473 inquit,
2397 2401 2510 2457 fieri
2540 2410 2714 2471 potest
2744 2409 2802 2454 ut
2831 2398 2919 2469 qui
2945 2399 3251 2469 prephetias
3278 2397 3429 2452 exhi-

1841 2492 2073 2549 buerunt
2099 2535 2114 2559 ,
2142 2501 2197 2548 et
2226 2493 2375 2564 signa
2414 2491 2689 2555 fecerunt,
2733 2498 2789 2545 et
2820 2489 3085 2544 dmntouia
3112 2492 3389 2558 eiecerunt
3410 2530 3425 2551 ,

1841 2584 1948 2639 sint
1980 2584 2197 2655 negati?
2229 2584 2324 2637 Est
2352 2581 2642 2637 verisimile
2666 2594 2760 2635 cos
2784 2589 2966 2649 postea
3000 2577 3162 2632 fuisse
3185 2586 3423 2631 mutatus

1841 2682 1897 2729 et
1924 2674 2162 2729 evasisse
2192 2674 2363 2727 malos
2388 2688 2403 2725 :
2434 2672 2575 2726 unde
2605 2685 2705 2725 nec
2753 2670 2900 2739 prior
2928 2670 3097 2723 virtus
3125 2668 3231 2723 illis
3269 2667 3427 2737 quid-

1842 2776 2000 2835 quam
2041 2766 2257 2835 prot‘uit.
2299 2762 2412 2819 Non
2441 2764 2611 2818 solum
2664 2762 2807 2817 enim
2834 2761 3051 2817 exordia
3084 2770 3293 2829 oportet
3336 2761 3431 2813 ita.

1842 2856 1971 2910 bere
2001 2856 2255 2925 praeclara
2282 2896 2296 2921 ,
2333 2854 2430 2910 sed
2460 2854 2618 2910 finem
2661 2855 2821 2909 etiam
2853 2854 3265 2923 przrelariorem.
3297 2852 3428 2909 Nam

1842 2944 1929 3002 die
1955 2946 2109 3013 mihi,
2131 2960 2309 3002 annon
2338 2958 2521 3002 orator
2545 2954 2722 3016 stupet
2742 2960 2803 3001 ea
2834 2943 3009 3001 facere
3032 2945 3286 3015 praeclara
3310 2959 3431 3017 qum

1844 3045 1969 3091 sunt
1996 3037 2049 3091 in
2080 3037 2184 3093 (ine
2208 3038 2485 3101 orationis,
2521 3047 2578 3091 ut
2604 3052 2725 3090 cum
2762 3036 2944 3106 plausu
2971 3035 3225 3090 recedat?
3252 3050 3431 3092 nonne

1846 3127 1937 3197 qui
1965 3124 2148 3183 urbem
2176 3127 2519 3182 administrat
2545 3167 2561 3195 ,
2590 3125 2658 3183 de
2688 3125 2974 3197 Splendida
3000 3127 3429 3183 administratio-

1824 3218 1928 3274 nis
1955 3220 2099 3274 exitu
2129 3228 2310 3275 curam
2338 3217 2518 3289 gerit?
2548 3212 2762 3273 Athleta
2802 3219 2847 3273 si
2877 3232 2983 3272 non
3013 3219 3305 3273 certamina
3338 3232 3428 3273 os-

1842 3309 2029 3364 tendat
2068 3310 2412 3379 pratclariora
2436 3349 2453 3375 ,
2476 3319 2551 3364 wet
2576 3308 2646 3364 ad
2676 3310 2838 3365 linem
2886 3323 3057 3379 usque
3086 3310 3301 3376 vincat,
3334 3311 3381 3365 si
3409 3353 3424 3373 ,

1841 3402 2091 3458 omnibus
2112 3401 2267 3456 victis
2289 3442 2304 3467 ,
2336 3400 2497 3455 fuerit
2520 3401 2691 3456 victus
2719 3400 2787 3455 ab
2810 3400 3019 3465 ultimo,
3039 3415 3220 3455 annon
3245 3401 3426 3456 omnia

1841 3502 1967 3547 sunt
1987 3492 2038 3547 ei
2060 3491 2263 3547 inutilia
2287 3492 2310 3545 ?
2332 3490 2658 3562 gubernator
2675 3492 2720 3546 si
2748 3500 2917 3546 totum
2947 3506 3096 3547 mare
3121 3493 3431 3548 transmise-

1845 3584 1934 3644 rit,
1967 3597 2105 3637 nave
2134 3583 2185 3636 in
2222 3588 2373 3651 portu
2403 3580 2592 3647 fracta,
2616 3597 2793 3637 nonne
2823 3591 2989 3637 totum
3020 3583 3254 3653 priorem
3282 3582 3431 3638 labo-

1851 3691 1963 3729 rem
1991 3675 2207 3730 amisit?
2250 3674 2383 3742 Quid
2412 3689 2543 3730 vero
2572 3673 2850 3730 medicus?
2875 3674 2919 3728 si
2949 3685 3150 3744 trgroto
3175 3684 3203 3728 a
3233 3675 3423 3729 morbo

1843 3766 2067 3821 liberato
2086 3807 2101 3831 ,
2133 3782 2253 3821 cum
2280 3782 2402 3823 eum
2456 3767 2685 3837 perfecte
2709 3765 2778 3821 sit
2806 3766 3126 3841 liberaturus
3152 3808 3168 3834 ,
3200 3776 3327 3823 tunc
3348 3768 3430 3821 iu-

1845 3858 2055 3912 teritum
2106 3854 2329 3925 aﬂ‘erat',’
2354 3873 2528 3913 annon
2579 3868 2745 3913 totum
2774 3857 3042 3928 perdidit?
3082 3858 3157 3913 Ita
3185 3858 3346 3915 etiam
3377 3860 3443 3914 in‘

1843 3950 2040 4004 virtute
2063 3991 2079 4014 ,
2123 3949 2442 4020 quicumque
2471 3965 2575 4003 non
2608 3948 2760 4004 initio
2801 3958 3213 4019 consequentem
3262 3950 3423 4005 finem

1844 4040 2209 4109 imposuerunt
2256 4052 2750 4110 consonantcntque
2777 4050 2831 4096 et
2852 4050 3256 4115 congruentem,
3274 4042 3433 4111 plane

1844 4134 2130 4201 perierunt.
2181 4130 2338 4187 Tales
2363 4141 2487 4187 sunt
2514 4132 2602 4202 qui
2632 4132 2698 4187 ab
2720 4131 2846 4201 ipsis
2871 4120 3087 4201 quidem.
3129 4134 3433 4188 carceribus

1847 4223 2088 4293 prmclari
2113 4223 2433 4295 superbique
2452 4235 2504 4279 et
2524 4223 2646 4278 elati
2667 4222 3024 4293 prosilierunt,
3054 4232 3233 4293 postea
3252 4234 3433 4278 autem

1842 4312 2085 4370 dissoluti
2112 4312 2390 4383 ignavique
2415 4322 2471 4367 et
2497 4312 2702 4369 remissi
2731 4314 2977 4367 fuerunt:
3010 4313 3355 4383 quamobrem
3381 4322 3436 4368 et

1844 4403 2068 4476 praemio
2092 4413 2216 4460 sunt
2238 4404 2450 4475 privati,
2477 4414 2530 4459 et
2555 4419 2585 4458 a
2613 4403 2838 4459 Domino
2867 4418 2972 4458 non
3025 4408 3148 4459 sunt
3176 4403 3357 4472 agniti.

1920 4495 2108 4550 Contra
2130 4512 2308 4550 avaros
2336 4507 2380 4549 et
2400 4495 2626 4565 pecunia:
2649 4494 2882 4564 cupidos.
2906 4522 2978 4534 —
3008 4491 3131 4547 lianc
3159 4493 3435 4549 audiamus

1855 4589 1944 4657 qui
1973 4603 2153 4642 amore
2172 4586 2307 4655 capti
2338 4601 2519 4640 SillllllS
2552 4587 2818 4654 pecuniae;
2848 4600 2910 4637 ea
2940 4594 3022 4638 est
3042 4574 3181 4638 enim
3205 4586 3432 4637 maxima

1850 4678 2104 4747 injustitia
2129 4695 2142 4729 :
2164 4675 2302 4730 Nam
2330 4677 2479 4730 radix
2501 4676 2721 4730 omnium
2746 4675 2991 4727 malorum
3015 4683 3087 4726 est
3115 4688 3259 4726 amor
3284 4689 3436 4742 pecu-

1854 4770 1953 4822 nia!
1982 4766 2057 4839 (i.
2078 4767 2206 4821 Tim.
2232 4769 2286 4823 6.
2312 4768 2423 4838 10).
2455 4766 2746 4821 Audiamus
2762 4765 2851 4833 qui
2872 4778 3003 4833 quas
3031 4762 3323 4818 habeamus
3353 4762 3435 4818 fa-

1848 4863 2073 4919 cultates
2096 4905 2112 4930 ,
2158 4862 2444 4933 ampliores
2483 4856 2723 4915 volumus
2749 4856 3001 4923 eflicere;
3035 4855 3334 4925 audiamus,
3381 4866 3437 4913 et

1850 4955 2062 5010 tandem
2101 4967 2376 5010 cessemus
2403 4968 2430 5005 a
2472 4953 2621 5022 plura
2666 4948 2896 5006 habendi
2922 4948 3245 5021 cupiditate,
3276 4964 3346 5006 ne
3372 4964 3435 5006 ea

1861 5062 1980 5115 quae
2006 5046 2079 5099 illi
2106 5045 2401 5100 audiamus.
2428 5043 2579 5098 Nunc
2605 5041 2719 5097 haec
2746 5040 3025 5098 audiamus
3051 5042 3106 5098 et
3128 5057 3433 5104 caveamus,

1864 5164 1931 5204 ne
1959 5158 2084 5203 tunc
2122 5145 2404 5202 audiamus
2428 5162 2443 5199 :
2470 5157 2614 5201 nunc
2652 5156 2787 5199 cum.
2807 5143 2998 5198 timore
3024 5130 3304 5199 audiamus
3328 5182 3347 5211 ,
3376 5158 3446 5197 ne

1864 5252 1990 5294 tunc
2020 5254 2084 5293 ea
2130 5236 2409 5292 audiamus
2452 5249 2573 5290 cum
2613 5234 2913 5304 supplicio:
2949 5231 3203 5288 Discedite
3244 5249 3278 5287 ιι
3324 5248 3443 5295 me,

1861 5345 2134 5399 numquam
2185 5328 2305 5383 novi
2345 5343 2431 5383 vos
2471 5326 2686 5398 (Matth.
2713 5327 2768 5382 7.
2794 5326 2887 5397 25)
2909 5365 2927 5391 ,
2968 5339 3037 5379 ne
3067 5332 3197 5379 tunc
3227 5322 3444 5394 quidem

1863 5419 2071 5491 quando
2097 5418 2405 5490 prophetias
2424 5418 2760 5476 exhibebatis
2779 5460 2795 5485 ,
2817 5426 2874 5473 et
2901 5416 3177 5472 daemones
3205 5416 3443 5485 espelleo

1860 5512 2021 5568 batis.
2071 5512 2374 5569 Verisimile
2416 5522 2500 5568 est
2527 5528 2647 5567 eum
2698 5512 2785 5566 hic
2811 5509 3013 5581 aliquid
3042 5523 3257 5580 quoque
3297 5507 3442 5563 aliud

1859 5605 2196 5661 subindicare
2221 5647 2236 5671 ,
2269 5619 2461 5676 nempe
2491 5604 2634 5674 quod
2668 5613 2793 5658 tunc
2819 5602 2978 5658 etiam
3008 5601 3249 5672 improbe
3276 5602 3440 5654 vitam

1859 5698 2151 5754 ducebant:
2174 5697 2325 5755 initio
2344 5707 2521 5754 autctn
2544 5700 2703 5753 etiam
2734 5710 2828 5763 per
2854 5693 3096 5764 indignos
3123 5694 3443 5763 operabatur
