  <div class='ocr_page' id='page_1' title='image "/cluster/home/n/w/nwhite01/storage/ocr_20150623/63/hvd.32044013655725/179.png"; bbox 0 0 4002 6426; ppageno 0'>
   <div class='ocr_carea' id='block_1_1' title="bbox 590 329 690 390">
    <p class='ocr_par' dir='ltr' id='par_1_1' title="bbox 590 329 690 390">
     <span class='ocr_line' id='line_1_1' title="bbox 590 329 690 390; baseline -0.07 1"><span class='ocrx_word' id='word_1_1' title='bbox 590 329 690 390; x_wconf 77' lang='lat' dir='ltr'><strong>l‘il</strong></span> 
     </span>
    </p>
   </div>
   <div class='ocr_carea' id='block_1_2' title="bbox 617 443 2197 517">
    <p class='ocr_par' dir='ltr' id='par_1_2' title="bbox 617 443 2197 517">
     <span class='ocr_line' id='line_1_2' title="bbox 617 443 2197 517; baseline 0.001 -18"><span class='ocrx_word' id='word_1_2' title='bbox 617 444 808 515; x_wconf 85' lang='lat' dir='ltr'><strong>gratia.</strong></span> <span class='ocrx_word' id='word_1_3' title='bbox 836 443 967 500; x_wconf 83' lang='lat' dir='ltr'><strong>Nam</strong></span> <span class='ocrx_word' id='word_1_4' title='bbox 991 443 1036 499; x_wconf 89' lang='lat' dir='ltr'><strong>si</strong></span> <span class='ocrx_word' id='word_1_5' title='bbox 1067 452 1285 513; x_wconf 97' lang='lat' dir='ltr'><strong>operata</strong></span> <span class='ocrx_word' id='word_1_6' title='bbox 1311 454 1393 499; x_wconf 90' lang='lat' dir='ltr'><strong>est</strong></span> <span class='ocrx_word' id='word_1_7' title='bbox 1414 459 1510 514; x_wconf 89' lang='lat' dir='ltr'><strong>per</strong></span> <span class='ocrx_word' id='word_1_8' title='bbox 1537 444 1754 499; x_wconf 84' lang='lat' dir='ltr'><strong>Balaam</strong></span> <span class='ocrx_word' id='word_1_9' title='bbox 1781 486 1797 513; x_wconf 88' lang='lat'><strong>,</strong></span> <span class='ocrx_word' id='word_1_10' title='bbox 1828 445 1998 501; x_wconf 90' lang='lat' dir='ltr'><strong>multo</strong></span> <span class='ocrx_word' id='word_1_11' title='bbox 2028 444 2197 517; x_wconf 88' lang='lat' dir='ltr'><strong>magis</strong></span> 
     </span>
    </p>
   </div>
   <div class='ocr_carea' id='block_1_3' title="bbox 617 535 2193 608">
    <p class='ocr_par' dir='ltr' id='par_1_3' title="bbox 617 535 2193 608">
     <span class='ocr_line' id='line_1_3' title="bbox 617 535 2193 608; baseline 0.001 -17"><span class='ocrx_word' id='word_1_12' title='bbox 617 553 714 607; x_wconf 87' lang='lat' dir='ltr'><strong>per</strong></span> <span class='ocrx_word' id='word_1_13' title='bbox 752 538 994 608; x_wconf 82' lang='lat' dir='ltr'><strong>indignos</strong></span> <span class='ocrx_word' id='word_1_14' title='bbox 1020 578 1036 603; x_wconf 92' lang='lat'><strong>,</strong></span> <span class='ocrx_word' id='word_1_15' title='bbox 1070 546 1288 607; x_wconf 86' lang='lat' dir='ltr'><strong>propter</strong></span> <span class='ocrx_word' id='word_1_16' title='bbox 1315 551 1412 593; x_wconf 87' lang='lat' dir='ltr'><strong>eos</strong></span> <span class='ocrx_word' id='word_1_17' title='bbox 1450 539 1539 607; x_wconf 87' lang='lat' dir='ltr'><strong>qui</strong></span> <span class='ocrx_word' id='word_1_18' title='bbox 1570 545 1727 593; x_wconf 87' lang='lat' dir='ltr'><strong>erant</strong></span> <span class='ocrx_word' id='word_1_19' title='bbox 1754 535 2101 593; x_wconf 90' lang='lat' dir='ltr'><strong>lucrifacturi.</strong></span> <span class='ocrx_word' id='word_1_20' title='bbox 2134 537 2193 595; x_wconf 89' lang='lat' dir='ltr'><strong>Si</strong></span> 
     </span>
    </p>
   </div>
   <div class='ocr_carea' id='block_1_4' title="bbox 617 627 2195 698">
    <p class='ocr_par' dir='ltr' id='par_1_4' title="bbox 617 627 2195 698">
     <span class='ocr_line' id='line_1_4' title="bbox 617 627 2195 698; baseline 0.003 -20"><span class='ocrx_word' id='word_1_21' title='bbox 617 638 793 683; x_wconf 88' lang='lat' dir='ltr'><strong>autem</strong></span> <span class='ocrx_word' id='word_1_22' title='bbox 820 638 875 682; x_wconf 91' lang='lat' dir='ltr'><strong>et</strong></span> <span class='ocrx_word' id='word_1_23' title='bbox 907 628 1055 697; x_wconf 88' lang='lat' dir='ltr'><strong>signa</strong></span> <span class='ocrx_word' id='word_1_24' title='bbox 1083 636 1138 681; x_wconf 89' lang='lat' dir='ltr'><strong>et</strong></span> <span class='ocrx_word' id='word_1_25' title='bbox 1161 627 1400 697; x_wconf 89' lang='lat' dir='ltr'><strong>prodigia</strong></span> <span class='ocrx_word' id='word_1_26' title='bbox 1440 642 1545 683; x_wconf 92' lang='lat' dir='ltr'><strong>non</strong></span> <span class='ocrx_word' id='word_1_27' title='bbox 1579 636 1868 698; x_wconf 90' lang='lat' dir='ltr'><strong>potuerunt</strong></span> <span class='ocrx_word' id='word_1_28' title='bbox 1895 627 2125 684; x_wconf 88' lang='lat' dir='ltr'><strong>liberare</strong></span> <span class='ocrx_word' id='word_1_29' title='bbox 2164 643 2195 683; x_wconf 90' lang='lat' dir='ltr'><strong>a</strong></span> 
     </span>
    </p>
   </div>
   <div class='ocr_carea' id='block_1_5' title="bbox 616 716 2197 789">
    <p class='ocr_par' dir='ltr' id='par_1_5' title="bbox 616 716 2197 789">
     <span class='ocr_line' id='line_1_5' title="bbox 616 716 2197 789; baseline 0.002 -18"><span class='ocrx_word' id='word_1_30' title='bbox 616 717 912 787; x_wconf 86' lang='lat' dir='ltr'><strong>supplicio:</strong></span> <span class='ocrx_word' id='word_1_31' title='bbox 942 716 1112 771; x_wconf 84' lang='lat' dir='ltr'><strong>multo</strong></span> <span class='ocrx_word' id='word_1_32' title='bbox 1137 716 1328 787; x_wconf 89' lang='lat' dir='ltr'><strong>magis,</strong></span> <span class='ocrx_word' id='word_1_33' title='bbox 1357 716 1569 773; x_wconf 88' lang='lat' dir='ltr'><strong>etiamsi</strong></span> <span class='ocrx_word' id='word_1_34' title='bbox 1594 719 1717 788; x_wconf 85' lang='lat' dir='ltr'><strong>quis</strong></span> <span class='ocrx_word' id='word_1_35' title='bbox 1744 718 1817 774; x_wconf 92' lang='lat' dir='ltr'><strong>sit</strong></span> <span class='ocrx_word' id='word_1_36' title='bbox 1857 719 1909 773; x_wconf 93' lang='lat' dir='ltr'><strong>in</strong></span> <span class='ocrx_word' id='word_1_37' title='bbox 1940 717 2197 789; x_wconf 76' lang='lat' dir='ltr'><strong>dignitate</strong></span> 
     </span>
    </p>
   </div>
   <div class='ocr_carea' id='block_1_6' title="bbox 616 807 2194 880">
    <p class='ocr_par' dir='ltr' id='par_1_6' title="bbox 616 807 2194 880">
     <span class='ocr_line' id='line_1_6' title="bbox 616 807 2194 880; baseline 0.001 -18"><span class='ocrx_word' id='word_1_38' title='bbox 616 807 971 874; x_wconf 85' lang='lat' dir='ltr'><strong>sacerdotali,</strong></span> <span class='ocrx_word' id='word_1_39' title='bbox 1000 807 1211 863; x_wconf 88' lang='lat' dir='ltr'><strong>etiamsi</strong></span> <span class='ocrx_word' id='word_1_40' title='bbox 1237 807 1304 863; x_wconf 91' lang='lat' dir='ltr'><strong>ad</strong></span> <span class='ocrx_word' id='word_1_41' title='bbox 1334 822 1602 863; x_wconf 90' lang='lat' dir='ltr'><strong>summum</strong></span> <span class='ocrx_word' id='word_1_42' title='bbox 1629 807 1891 865; x_wconf 86' lang='lat' dir='ltr'><strong>honorem</strong></span> <span class='ocrx_word' id='word_1_43' title='bbox 1933 824 2194 880; x_wconf 89' lang='lat' dir='ltr'><strong>pervene-</strong></span> 
     </span>
    </p>
   </div>
   <div class='ocr_carea' id='block_1_7' title="bbox 616 900 2199 975">
    <p class='ocr_par' dir='ltr' id='par_1_7' title="bbox 616 900 2199 975">
     <span class='ocr_line' id='line_1_7' title="bbox 616 900 2199 975; baseline 0.003 -22"><span class='ocrx_word' id='word_1_44' title='bbox 616 900 724 966; x_wconf 78' lang='lat' dir='ltr'><strong>rit,</strong></span> <span class='ocrx_word' id='word_1_45' title='bbox 754 900 963 956; x_wconf 89' lang='lat' dir='ltr'><strong>etiamsi</strong></span> <span class='ocrx_word' id='word_1_46' title='bbox 995 900 1062 955; x_wconf 92' lang='lat' dir='ltr'><strong>ad</strong></span> <span class='ocrx_word' id='word_1_47' title='bbox 1107 915 1362 956; x_wconf 90' lang='lat' dir='ltr'><strong>manuum</strong></span> <span class='ocrx_word' id='word_1_48' title='bbox 1416 901 1813 971; x_wconf 89' lang='lat' dir='ltr'><strong>impositionem</strong></span> <span class='ocrx_word' id='word_1_49' title='bbox 1862 912 2079 975; x_wconf 79' lang='lat' dir='ltr'><strong>operata</strong></span> <span class='ocrx_word' id='word_1_50' title='bbox 2127 902 2199 958; x_wconf 90' lang='lat' dir='ltr'><strong>sit</strong></span> 
     </span>
    </p>
   </div>
   <div class='ocr_carea' id='block_1_8' title="bbox 611 991 2175 1064">
    <p class='ocr_par' dir='ltr' id='par_1_8' title="bbox 611 991 2175 1064">
     <span class='ocr_line' id='line_1_8' title="bbox 611 991 2175 1064; baseline 0.003 -20"><span class='ocrx_word' id='word_1_51' title='bbox 611 992 776 1058; x_wconf 84' lang='lat' dir='ltr'><strong>gratia</strong></span> <span class='ocrx_word' id='word_1_52' title='bbox 801 1031 817 1058; x_wconf 87' lang='lat'><strong>,</strong></span> <span class='ocrx_word' id='word_1_53' title='bbox 855 1002 910 1047; x_wconf 91' lang='lat' dir='ltr'><strong>et</strong></span> <span class='ocrx_word' id='word_1_54' title='bbox 936 992 1003 1046; x_wconf 91' lang='lat' dir='ltr'><strong>ad</strong></span> <span class='ocrx_word' id='word_1_55' title='bbox 1032 991 1135 1046; x_wconf 88' lang='lat' dir='ltr'><strong>alia</strong></span> <span class='ocrx_word' id='word_1_56' title='bbox 1170 992 1348 1046; x_wconf 84' lang='lat' dir='ltr'><strong>omnia</strong></span> <span class='ocrx_word' id='word_1_57' title='bbox 1388 1001 1606 1062; x_wconf 87' lang='lat' dir='ltr'><strong>propter</strong></span> <span class='ocrx_word' id='word_1_58' title='bbox 1634 1008 1729 1048; x_wconf 90' lang='lat' dir='ltr'><strong>eos</strong></span> <span class='ocrx_word' id='word_1_59' title='bbox 1764 993 1853 1062; x_wconf 95' lang='lat' dir='ltr'><strong>qui</strong></span> <span class='ocrx_word' id='word_1_60' title='bbox 1878 1002 2036 1064; x_wconf 87' lang='lat' dir='ltr'><strong>egent</strong></span> <span class='ocrx_word' id='word_1_61' title='bbox 2076 993 2175 1049; x_wconf 84' lang='lat' dir='ltr'><strong>de.-</strong></span> 
     </span>
    </p>
   </div>
   <div class='ocr_carea' id='block_1_9' title="bbox 613 1084 2193 1156">
    <p class='ocr_par' dir='ltr' id='par_1_9' title="bbox 613 1084 2193 1156">
     <span class='ocr_line' id='line_1_9' title="bbox 613 1084 2193 1156; baseline 0.003 -19"><span class='ocrx_word' id='word_1_62' title='bbox 613 1085 856 1140; x_wconf 90' lang='lat' dir='ltr'><strong>fensione</strong></span> <span class='ocrx_word' id='word_1_63' title='bbox 897 1093 953 1139; x_wconf 93' lang='lat' dir='ltr'><strong>et</strong></span> <span class='ocrx_word' id='word_1_64' title='bbox 1001 1084 1301 1155; x_wconf 91' lang='lat' dir='ltr'><strong>patrocinio</strong></span> <span class='ocrx_word' id='word_1_65' title='bbox 1323 1124 1342 1149; x_wconf 94' lang='lat'><strong>,</strong></span> <span class='ocrx_word' id='word_1_66' title='bbox 1386 1085 1499 1155; x_wconf 92' lang='lat' dir='ltr'><strong>ipse</strong></span> <span class='ocrx_word' id='word_1_67' title='bbox 1528 1100 1740 1156; x_wconf 90' lang='lat' dir='ltr'><strong>quoque</strong></span> <span class='ocrx_word' id='word_1_68' title='bbox 1763 1085 1944 1142; x_wconf 87' lang='lat' dir='ltr'><strong>audiet</strong></span> <span class='ocrx_word' id='word_1_69' title='bbox 1979 1103 1992 1140; x_wconf 93' lang='lat'><strong>:</strong></span> <span class='ocrx_word' id='word_1_70' title='bbox 2024 1084 2193 1141; x_wconf 85' lang='lat' dir='ltr'><strong>Num-</strong></span> 
     </span>
    </p>
   </div>
   <div class='ocr_carea' id='block_1_10' title="bbox 612 1175 2191 1245">
    <p class='ocr_par' dir='ltr' id='par_1_10' title="bbox 612 1175 2191 1245">
     <span class='ocr_line' id='line_1_10' title="bbox 612 1175 2191 1245; baseline 0.003 -19"><span class='ocrx_word' id='word_1_71' title='bbox 612 1190 770 1242; x_wconf 79' lang='lat' dir='ltr'><strong>quam</strong></span> <span class='ocrx_word' id='word_1_72' title='bbox 800 1185 852 1231; x_wconf 91' lang='lat' dir='ltr'><strong>te</strong></span> <span class='ocrx_word' id='word_1_73' title='bbox 881 1176 1025 1242; x_wconf 87' lang='lat' dir='ltr'><strong>novi,</strong></span> <span class='ocrx_word' id='word_1_74' title='bbox 1051 1189 1122 1231; x_wconf 91' lang='lat' dir='ltr'><strong>ne</strong></span> <span class='ocrx_word' id='word_1_75' title='bbox 1149 1182 1275 1229; x_wconf 91' lang='lat' dir='ltr'><strong>tunc</strong></span> <span class='ocrx_word' id='word_1_76' title='bbox 1302 1175 1542 1245; x_wconf 90' lang='lat' dir='ltr'><strong>quidem,</strong></span> <span class='ocrx_word' id='word_1_77' title='bbox 1570 1175 1784 1244; x_wconf 89' lang='lat' dir='ltr'><strong>quando</strong></span> <span class='ocrx_word' id='word_1_78' title='bbox 1807 1175 1859 1230; x_wconf 93' lang='lat' dir='ltr'><strong>in</strong></span> <span class='ocrx_word' id='word_1_79' title='bbox 1888 1184 1939 1231; x_wconf 90' lang='lat' dir='ltr'><strong>te</strong></span> <span class='ocrx_word' id='word_1_80' title='bbox 1971 1185 2191 1245; x_wconf 82' lang='lat' dir='ltr'><strong>operata</strong></span> 
     </span>
    </p>
   </div>
   <div class='ocr_carea' id='block_1_11' title="bbox 613 1264 2193 1335">
    <p class='ocr_par' dir='ltr' id='par_1_11' title="bbox 613 1264 2193 1335">
     <span class='ocr_line' id='line_1_11' title="bbox 613 1264 2193 1335; baseline 0.002 -18"><span class='ocrx_word' id='word_1_81' title='bbox 613 1273 697 1319; x_wconf 82' lang='lat' dir='ltr'><strong>est</strong></span> <span class='ocrx_word' id='word_1_82' title='bbox 722 1264 914 1334; x_wconf 83' lang='lat' dir='ltr'><strong>gratia.</strong></span> <span class='ocrx_word' id='word_1_83' title='bbox 946 1265 1126 1335; x_wconf 67' lang='lat' dir='ltr'><strong>Papae,</strong></span> <span class='ocrx_word' id='word_1_84' title='bbox 1151 1274 1346 1334; x_wconf 90' lang='lat' dir='ltr'><strong>quanta</strong></span> <span class='ocrx_word' id='word_1_85' title='bbox 1378 1274 1460 1319; x_wconf 91' lang='lat' dir='ltr'><strong>est</strong></span> <span class='ocrx_word' id='word_1_86' title='bbox 1490 1265 1597 1320; x_wconf 91' lang='lat' dir='ltr'><strong>illic</strong></span> <span class='ocrx_word' id='word_1_87' title='bbox 1624 1264 1745 1318; x_wconf 72' lang='lat' dir='ltr'><strong>vita:</strong></span> <span class='ocrx_word' id='word_1_88' title='bbox 1773 1264 1985 1320; x_wconf 74' lang='lat' dir='ltr'><strong>munda:</strong></span> <span class='ocrx_word' id='word_1_89' title='bbox 2014 1267 2193 1334; x_wconf 89' lang='lat' dir='ltr'><strong>inqui-</strong></span> 
     </span>
    </p>
   </div>
   <div class='ocr_carea' id='block_1_12' title="bbox 613 1353 2193 1427">
    <p class='ocr_par' dir='ltr' id='par_1_12' title="bbox 613 1353 2193 1427">
     <span class='ocr_line' id='line_1_12' title="bbox 613 1353 2193 1427; baseline 0 -18"><span class='ocrx_word' id='word_1_90' title='bbox 613 1357 735 1410; x_wconf 86' lang='lat' dir='ltr'><strong>sitio</strong></span> <span class='ocrx_word' id='word_1_91' title='bbox 759 1356 773 1410; x_wconf 90' lang='lat'><strong>!</strong></span> <span class='ocrx_word' id='word_1_92' title='bbox 805 1355 1076 1426; x_wconf 88' lang='lat' dir='ltr'><strong>quomodo</strong></span> <span class='ocrx_word' id='word_1_93' title='bbox 1107 1356 1219 1425; x_wconf 91' lang='lat' dir='ltr'><strong>ipsa</strong></span> <span class='ocrx_word' id='word_1_94' title='bbox 1244 1369 1339 1424; x_wconf 91' lang='lat' dir='ltr'><strong>per</strong></span> <span class='ocrx_word' id='word_1_95' title='bbox 1367 1369 1425 1410; x_wconf 90' lang='lat' dir='ltr'><strong>se</strong></span> <span class='ocrx_word' id='word_1_96' title='bbox 1455 1353 1651 1409; x_wconf 76' lang='lat' dir='ltr'><strong>sufficit</strong></span> <span class='ocrx_word' id='word_1_97' title='bbox 1678 1354 1744 1408; x_wconf 90' lang='lat' dir='ltr'><strong>ad</strong></span> <span class='ocrx_word' id='word_1_98' title='bbox 1772 1370 1867 1410; x_wconf 92' lang='lat' dir='ltr'><strong>nos</strong></span> <span class='ocrx_word' id='word_1_99' title='bbox 1894 1356 1945 1409; x_wconf 94' lang='lat' dir='ltr'><strong>in</strong></span> <span class='ocrx_word' id='word_1_100' title='bbox 1971 1371 2193 1427; x_wconf 80' lang='lat' dir='ltr'><strong>regnum</strong></span> 
     </span>
    </p>
   </div>
   <div class='ocr_carea' id='block_1_13' title="bbox 611 1446 2193 1517">
    <p class='ocr_par' dir='ltr' id='par_1_13' title="bbox 611 1446 2193 1517">
     <span class='ocr_line' id='line_1_13' title="bbox 611 1446 2193 1517; baseline 0.001 -15"><span class='ocrx_word' id='word_1_101' title='bbox 611 1447 994 1503; x_wconf 80' lang='lat' dir='ltr'><strong>adducendus?</strong></span> <span class='ocrx_word' id='word_1_102' title='bbox 1040 1448 1083 1501; x_wconf 90' lang='lat' dir='ltr'><strong>si</strong></span> <span class='ocrx_word' id='word_1_103' title='bbox 1126 1447 1263 1501; x_wconf 85' lang='lat' dir='ltr'><strong>absit</strong></span> <span class='ocrx_word' id='word_1_104' title='bbox 1291 1456 1470 1502; x_wconf 91' lang='lat' dir='ltr'><strong>autem</strong></span> <span class='ocrx_word' id='word_1_105' title='bbox 1497 1488 1512 1513; x_wconf 92' lang='lat'><strong>,</strong></span> <span class='ocrx_word' id='word_1_106' title='bbox 1543 1448 1713 1501; x_wconf 90' lang='lat' dir='ltr'><strong>virum</strong></span> <span class='ocrx_word' id='word_1_107' title='bbox 1744 1446 1952 1517; x_wconf 90' lang='lat' dir='ltr'><strong>prodit,</strong></span> <span class='ocrx_word' id='word_1_108' title='bbox 1985 1449 2193 1503; x_wconf 89' lang='lat' dir='ltr'><strong>etiamsi</strong></span> 
     </span>
    </p>
   </div>
   <div class='ocr_carea' id='block_1_14' title="bbox 615 1536 2192 1608">
    <p class='ocr_par' dir='ltr' id='par_1_14' title="bbox 615 1536 2192 1608">
     <span class='ocr_line' id='line_1_14' title="bbox 615 1536 2192 1608; baseline -0.001 -14"><span class='ocrx_word' id='word_1_109' title='bbox 615 1539 782 1608; x_wconf 86' lang='lat' dir='ltr'><strong>possit</strong></span> <span class='ocrx_word' id='word_1_110' title='bbox 808 1537 1097 1594; x_wconf 86' lang='lat' dir='ltr'><strong>ostendere</strong></span> <span class='ocrx_word' id='word_1_111' title='bbox 1128 1537 1273 1591; x_wconf 88' lang='lat' dir='ltr'><strong>mille</strong></span> <span class='ocrx_word' id='word_1_112' title='bbox 1300 1538 1448 1607; x_wconf 83' lang='lat' dir='ltr'><strong>signa</strong></span> <span class='ocrx_word' id='word_1_113' title='bbox 1479 1546 1532 1591; x_wconf 91' lang='lat' dir='ltr'><strong>et</strong></span> <span class='ocrx_word' id='word_1_114' title='bbox 1576 1536 1838 1607; x_wconf 88' lang='lat' dir='ltr'><strong>prodigia.</strong></span> <span class='ocrx_word' id='word_1_115' title='bbox 1881 1537 2022 1592; x_wconf 83' lang='lat' dir='ltr'><strong>Nihil</strong></span> <span class='ocrx_word' id='word_1_116' title='bbox 2049 1537 2192 1593; x_wconf 89' lang='lat' dir='ltr'><strong>enim</strong></span> 
     </span>
    </p>
   </div>
   <div class='ocr_carea' id='block_1_15' title="bbox 615 1627 2190 1697">
    <p class='ocr_par' dir='ltr' id='par_1_15' title="bbox 615 1627 2190 1697">
     <span class='ocr_line' id='line_1_15' title="bbox 615 1627 2190 1697; baseline 0.001 -14"><span class='ocrx_word' id='word_1_117' title='bbox 615 1631 779 1685; x_wconf 89' lang='lat' dir='ltr'><strong>Deum</strong></span> <span class='ocrx_word' id='word_1_118' title='bbox 814 1637 957 1683; x_wconf 87' lang='lat' dir='ltr'><strong>tanta</strong></span> <span class='ocrx_word' id='word_1_119' title='bbox 984 1627 1153 1683; x_wconf 88' lang='lat' dir='ltr'><strong>afficit</strong></span> <span class='ocrx_word' id='word_1_120' title='bbox 1183 1627 1387 1692; x_wconf 75' lang='lat' dir='ltr'><strong>ltetitia,</strong></span> <span class='ocrx_word' id='word_1_121' title='bbox 1419 1637 1618 1697; x_wconf 89' lang='lat' dir='ltr'><strong>quanta</strong></span> <span class='ocrx_word' id='word_1_122' title='bbox 1644 1629 1767 1683; x_wconf 74' lang='lat' dir='ltr'><strong>vita:</strong></span> <span class='ocrx_word' id='word_1_123' title='bbox 1808 1629 1945 1683; x_wconf 90' lang='lat' dir='ltr'><strong>bona</strong></span> <span class='ocrx_word' id='word_1_124' title='bbox 1977 1629 2190 1684; x_wconf 77' lang='lat' dir='ltr'><strong>inStitu-</strong></span> 
     </span>
    </p>
   </div>
   <div class='ocr_carea' id='block_1_16' title="bbox 613 1719 2191 1793">
    <p class='ocr_par' dir='ltr' id='par_1_16' title="bbox 613 1719 2191 1793">
     <span class='ocr_line' id='line_1_16' title="bbox 613 1719 2191 1793; baseline 0.002 -17"><span class='ocrx_word' id='word_1_125' title='bbox 613 1721 708 1776; x_wconf 91' lang='lat' dir='ltr'><strong>tio.</strong></span> <span class='ocrx_word' id='word_1_126' title='bbox 738 1720 800 1777; x_wconf 86' lang='lat' dir='ltr'><strong>Si</strong></span> <span class='ocrx_word' id='word_1_127' title='bbox 825 1720 1039 1791; x_wconf 77' lang='lat' dir='ltr'><strong>diligitis</strong></span> <span class='ocrx_word' id='word_1_128' title='bbox 1067 1735 1176 1787; x_wconf 86' lang='lat' dir='ltr'><strong>me,</strong></span> <span class='ocrx_word' id='word_1_129' title='bbox 1210 1719 1422 1790; x_wconf 90' lang='lat' dir='ltr'><strong>inquit,</strong></span> <span class='ocrx_word' id='word_1_130' title='bbox 1452 1734 1558 1775; x_wconf 93' lang='lat' dir='ltr'><strong>non</strong></span> <span class='ocrx_word' id='word_1_131' title='bbox 1590 1720 1760 1787; x_wconf 83' lang='lat' dir='ltr'><strong>dixit,</strong></span> <span class='ocrx_word' id='word_1_132' title='bbox 1798 1722 1960 1793; x_wconf 89' lang='lat' dir='ltr'><strong>Signa</strong></span> <span class='ocrx_word' id='word_1_133' title='bbox 1989 1720 2145 1779; x_wconf 89' lang='lat' dir='ltr'><strong>facite</strong></span> <span class='ocrx_word' id='word_1_134' title='bbox 2173 1764 2191 1791; x_wconf 93' lang='lat'><strong>,</strong></span> 
     </span>
    </p>
   </div>
   <div class='ocr_carea' id='block_1_17' title="bbox 611 1809 2195 1884">
    <p class='ocr_par' dir='ltr' id='par_1_17' title="bbox 611 1809 2195 1884">
     <span class='ocr_line' id='line_1_17' title="bbox 611 1809 2195 1884; baseline 0.003 -19"><span class='ocrx_word' id='word_1_135' title='bbox 611 1811 707 1867; x_wconf 91' lang='lat' dir='ltr'><strong>sed</strong></span> <span class='ocrx_word' id='word_1_136' title='bbox 740 1810 903 1880; x_wconf 83' lang='lat' dir='ltr'><strong>quid?</strong></span> <span class='ocrx_word' id='word_1_137' title='bbox 949 1810 1193 1863; x_wconf 86' lang='lat' dir='ltr'><strong>mandata</strong></span> <span class='ocrx_word' id='word_1_138' title='bbox 1240 1826 1353 1864; x_wconf 84' lang='lat' dir='ltr'><strong>mea</strong></span> <span class='ocrx_word' id='word_1_139' title='bbox 1400 1821 1593 1865; x_wconf 80' lang='lat' dir='ltr'><strong>servate</strong></span> <span class='ocrx_word' id='word_1_140' title='bbox 1636 1809 1817 1884; x_wconf 85' lang='lat' dir='ltr'><strong>(Joan.</strong></span> <span class='ocrx_word' id='word_1_141' title='bbox 1847 1813 1936 1869; x_wconf 77' lang='lat' dir='ltr'><strong>M.</strong></span> <span class='ocrx_word' id='word_1_142' title='bbox 1978 1813 2091 1882; x_wconf 86' lang='grc'><strong>15).</strong></span> <span class='ocrx_word' id='word_1_143' title='bbox 2124 1813 2195 1870; x_wconf 82' lang='lat' dir='ltr'><strong>Et</strong></span> 
     </span>
    </p>
   </div>
   <div class='ocr_carea' id='block_1_18' title="bbox 611 1901 2192 1974">
    <p class='ocr_par' dir='ltr' id='par_1_18' title="bbox 611 1901 2192 1974">
     <span class='ocr_line' id='line_1_18' title="bbox 611 1901 2192 1974; baseline 0.001 -18"><span class='ocrx_word' id='word_1_144' title='bbox 611 1914 834 1956; x_wconf 85' lang='lat' dir='ltr'><strong>rursus:</strong></span> <span class='ocrx_word' id='word_1_145' title='bbox 868 1901 1071 1955; x_wconf 82' lang='lat' dir='ltr'><strong>Amicos</strong></span> <span class='ocrx_word' id='word_1_146' title='bbox 1096 1916 1182 1955; x_wconf 82' lang='lat' dir='ltr'><strong>vos</strong></span> <span class='ocrx_word' id='word_1_147' title='bbox 1210 1901 1323 1954; x_wconf 86' lang='lat' dir='ltr'><strong>dico</strong></span> <span class='ocrx_word' id='word_1_148' title='bbox 1349 1942 1365 1969; x_wconf 92' lang='lat'><strong>,</strong></span> <span class='ocrx_word' id='word_1_149' title='bbox 1410 1915 1517 1956; x_wconf 94' lang='lat' dir='ltr'><strong>non</strong></span> <span class='ocrx_word' id='word_1_150' title='bbox 1545 1901 1761 1972; x_wconf 89' lang='lat' dir='ltr'><strong>quando</strong></span> <span class='ocrx_word' id='word_1_151' title='bbox 1786 1902 2050 1958; x_wconf 64' lang='lat' dir='ltr'><strong>daemonia</strong></span> <span class='ocrx_word' id='word_1_152' title='bbox 2078 1904 2192 1974; x_wconf 78' lang='lat' dir='ltr'><strong>eje-</strong></span> 
     </span>
    </p>
   </div>
   <div class='ocr_carea' id='block_1_19' title="bbox 606 1988 2188 2063">
    <p class='ocr_par' dir='ltr' id='par_1_19' title="bbox 606 1988 2188 2063">
     <span class='ocr_line' id='line_1_19' title="bbox 606 1988 2188 2063; baseline 0.001 -16"><span class='ocrx_word' id='word_1_153' title='bbox 606 1992 821 2055; x_wconf 91' lang='lat' dir='ltr'><strong>ceritis,</strong></span> <span class='ocrx_word' id='word_1_154' title='bbox 852 1989 948 2045; x_wconf 89' lang='lat' dir='ltr'><strong>sed</strong></span> <span class='ocrx_word' id='word_1_155' title='bbox 970 2029 986 2053; x_wconf 91' lang='lat'><strong>,</strong></span> <span class='ocrx_word' id='word_1_156' title='bbox 1016 1991 1061 2045; x_wconf 90' lang='lat' dir='ltr'><strong>si</strong></span> <span class='ocrx_word' id='word_1_157' title='bbox 1089 2006 1343 2044; x_wconf 84' lang='lat' dir='ltr'><strong>sermones</strong></span> <span class='ocrx_word' id='word_1_158' title='bbox 1367 2006 1503 2045; x_wconf 88' lang='lat' dir='ltr'><strong>meos</strong></span> <span class='ocrx_word' id='word_1_159' title='bbox 1538 1993 1849 2047; x_wconf 82' lang='lat' dir='ltr'><strong>servaveritis</strong></span> <span class='ocrx_word' id='word_1_160' title='bbox 1879 1988 2072 2063; x_wconf 80' lang='lat' dir='ltr'><strong>(Joan.</strong></span> <span class='ocrx_word' id='word_1_161' title='bbox 2101 1993 2188 2050; x_wconf 83' lang='grc'><strong>15.</strong></span> 
     </span>
    </p>
   </div>
   <div class='ocr_carea' id='block_1_20' title="bbox 610 2079 2188 2153">
    <p class='ocr_par' dir='ltr' id='par_1_20' title="bbox 610 2079 2188 2153">
     <span class='ocr_line' id='line_1_20' title="bbox 610 2079 2188 2153; baseline 0.003 -19"><span class='ocrx_word' id='word_1_162' title='bbox 610 2080 847 2153; x_wconf 65' lang='lat'><strong>10.15).</strong></span> <span class='ocrx_word' id='word_1_163' title='bbox 891 2079 1023 2135; x_wconf 86' lang='lat' dir='ltr'><strong>Nam</strong></span> <span class='ocrx_word' id='word_1_164' title='bbox 1076 2080 1165 2134; x_wconf 89' lang='lat' dir='ltr'><strong>illa</strong></span> <span class='ocrx_word' id='word_1_165' title='bbox 1192 2080 1409 2150; x_wconf 86' lang='lat' dir='ltr'><strong>quidem</strong></span> <span class='ocrx_word' id='word_1_166' title='bbox 1438 2090 1562 2135; x_wconf 93' lang='lat' dir='ltr'><strong>sunt</strong></span> <span class='ocrx_word' id='word_1_167' title='bbox 1588 2081 1716 2136; x_wconf 90' lang='lat' dir='ltr'><strong>doni</strong></span> <span class='ocrx_word' id='word_1_168' title='bbox 1759 2082 1885 2148; x_wconf 90' lang='lat' dir='ltr'><strong>Dei;</strong></span> <span class='ocrx_word' id='word_1_169' title='bbox 1938 2082 2055 2138; x_wconf 60' lang='lat' dir='ltr'><strong>hare</strong></span> <span class='ocrx_word' id='word_1_170' title='bbox 2099 2099 2188 2139; x_wconf 89' lang='lat' dir='ltr'><strong>au-</strong></span> 
     </span>
    </p>
   </div>
   <div class='ocr_carea' id='block_1_21' title="bbox 608 2168 2192 2240">
    <p class='ocr_par' dir='ltr' id='par_1_21' title="bbox 608 2168 2192 2240">
     <span class='ocr_line' id='line_1_21' title="bbox 608 2168 2192 2240; baseline 0.001 -14"><span class='ocrx_word' id='word_1_171' title='bbox 608 2183 715 2227; x_wconf 89' lang='lat' dir='ltr'><strong>tem</strong></span> <span class='ocrx_word' id='word_1_172' title='bbox 748 2180 868 2240; x_wconf 86' lang='lat' dir='ltr'><strong>post</strong></span> <span class='ocrx_word' id='word_1_173' title='bbox 896 2168 1095 2223; x_wconf 88' lang='lat' dir='ltr'><strong>donum</strong></span> <span class='ocrx_word' id='word_1_174' title='bbox 1131 2168 1223 2224; x_wconf 89' lang='lat' dir='ltr'><strong>Dei</strong></span> <span class='ocrx_word' id='word_1_175' title='bbox 1263 2180 1388 2224; x_wconf 90' lang='lat' dir='ltr'><strong>sunt</strong></span> <span class='ocrx_word' id='word_1_176' title='bbox 1414 2172 1576 2225; x_wconf 88' lang='lat' dir='ltr'><strong>etiam</strong></span> <span class='ocrx_word' id='word_1_177' title='bbox 1602 2171 1769 2225; x_wconf 89' lang='lat' dir='ltr'><strong>nostri</strong></span> <span class='ocrx_word' id='word_1_178' title='bbox 1796 2172 1956 2227; x_wconf 89' lang='lat' dir='ltr'><strong>studii</strong></span> <span class='ocrx_word' id='word_1_179' title='bbox 1988 2183 2043 2228; x_wconf 92' lang='lat' dir='ltr'><strong>et</strong></span> <span class='ocrx_word' id='word_1_180' title='bbox 2071 2173 2192 2228; x_wconf 89' lang='lat' dir='ltr'><strong>dili-</strong></span> 
     </span>
    </p>
   </div>
   <div class='ocr_carea' id='block_1_22' title="bbox 606 2259 2191 2333">
    <p class='ocr_par' dir='ltr' id='par_1_22' title="bbox 606 2259 2191 2333">
     <span class='ocr_line' id='line_1_22' title="bbox 606 2259 2191 2333; baseline 0.003 -18"><span class='ocrx_word' id='word_1_181' title='bbox 606 2263 826 2333; x_wconf 74' lang='lat' dir='ltr'><strong>gentiae.</strong></span> <span class='ocrx_word' id='word_1_182' title='bbox 855 2259 1179 2315; x_wconf 87' lang='lat' dir='ltr'><strong>Studeamus</strong></span> <span class='ocrx_word' id='word_1_183' title='bbox 1207 2275 1328 2315; x_wconf 89' lang='lat' dir='ltr'><strong>esse</strong></span> <span class='ocrx_word' id='word_1_184' title='bbox 1361 2260 1519 2315; x_wconf 87' lang='lat' dir='ltr'><strong>amici</strong></span> <span class='ocrx_word' id='word_1_185' title='bbox 1551 2260 1677 2329; x_wconf 89' lang='lat' dir='ltr'><strong>Dei,</strong></span> <span class='ocrx_word' id='word_1_186' title='bbox 1701 2272 1757 2316; x_wconf 90' lang='lat' dir='ltr'><strong>et</strong></span> <span class='ocrx_word' id='word_1_187' title='bbox 1781 2277 1847 2317; x_wconf 90' lang='lat' dir='ltr'><strong>ne</strong></span> <span class='ocrx_word' id='word_1_188' title='bbox 1881 2278 2191 2320; x_wconf 88' lang='lat' dir='ltr'><strong>maneamus</strong></span> 
     </span>
    </p>
   </div>
   <div class='ocr_carea' id='block_1_23' title="bbox 612 2357 2188 2431">
    <p class='ocr_par' dir='ltr' id='par_1_23' title="bbox 612 2357 2188 2431">
     <span class='ocr_line' id='line_1_23' title="bbox 612 2357 2188 2431; baseline 0.001 -16"><span class='ocrx_word' id='word_1_189' title='bbox 612 2358 836 2416; x_wconf 90' lang='lat' dir='ltr'><strong>inimici.</strong></span> <span class='ocrx_word' id='word_1_190' title='bbox 869 2359 996 2416; x_wconf 74' lang='lat' dir='ltr'><strong>llaec</strong></span> <span class='ocrx_word' id='word_1_191' title='bbox 1020 2374 1233 2430; x_wconf 88' lang='lat' dir='ltr'><strong>semper</strong></span> <span class='ocrx_word' id='word_1_192' title='bbox 1255 2359 1505 2425; x_wconf 86' lang='lat' dir='ltr'><strong>dicimus,</strong></span> <span class='ocrx_word' id='word_1_193' title='bbox 1534 2358 1726 2414; x_wconf 90' lang='lat' dir='ltr'><strong>horum</strong></span> <span class='ocrx_word' id='word_1_194' title='bbox 1753 2372 1968 2431; x_wconf 84' lang='lat' dir='ltr'><strong>semper</strong></span> <span class='ocrx_word' id='word_1_195' title='bbox 1996 2357 2188 2416; x_wconf 83' lang='lat' dir='ltr'><strong>admo—</strong></span> 
     </span>
    </p>
   </div>
   <div class='ocr_carea' id='block_1_24' title="bbox 606 2450 2188 2521">
    <p class='ocr_par' dir='ltr' id='par_1_24' title="bbox 606 2450 2188 2521">
     <span class='ocr_line' id='line_1_24' title="bbox 606 2450 2188 2521; baseline 0 -14"><span class='ocrx_word' id='word_1_196' title='bbox 606 2469 801 2509; x_wconf 89' lang='lat' dir='ltr'><strong>nemus</strong></span> <span class='ocrx_word' id='word_1_197' title='bbox 827 2460 885 2507; x_wconf 89' lang='lat' dir='ltr'><strong>et</strong></span> <span class='ocrx_word' id='word_1_198' title='bbox 924 2452 1172 2521; x_wconf 86' lang='lat' dir='ltr'><strong>nosipsos</strong></span> <span class='ocrx_word' id='word_1_199' title='bbox 1196 2462 1249 2507; x_wconf 93' lang='lat' dir='ltr'><strong>ct</strong></span> <span class='ocrx_word' id='word_1_200' title='bbox 1290 2466 1421 2518; x_wconf 88' lang='lat' dir='ltr'><strong>vos;</strong></span> <span class='ocrx_word' id='word_1_201' title='bbox 1448 2450 1545 2506; x_wconf 81' lang='lat' dir='ltr'><strong>sed</strong></span> <span class='ocrx_word' id='word_1_202' title='bbox 1594 2450 1727 2505; x_wconf 84' lang='lat' dir='ltr'><strong>nihil</strong></span> <span class='ocrx_word' id='word_1_203' title='bbox 1758 2451 1987 2521; x_wconf 89' lang='lat' dir='ltr'><strong>amplius</strong></span> <span class='ocrx_word' id='word_1_204' title='bbox 2016 2451 2188 2507; x_wconf 82' lang='lat' dir='ltr'><strong>efﬁci-</strong></span> 
     </span>
    </p>
   </div>
   <div class='ocr_carea' id='block_1_25' title="bbox 607 2542 2191 2613">
    <p class='ocr_par' dir='ltr' id='par_1_25' title="bbox 607 2542 2191 2613">
     <span class='ocr_line' id='line_1_25' title="bbox 607 2542 2191 2613; baseline -0.002 -12"><span class='ocrx_word' id='word_1_205' title='bbox 607 2562 727 2601; x_wconf 92' lang='lat' dir='ltr'><strong>mus</strong></span> <span class='ocrx_word' id='word_1_206' title='bbox 746 2586 764 2611; x_wconf 92' lang='lat'><strong>,</strong></span> <span class='ocrx_word' id='word_1_207' title='bbox 785 2553 843 2600; x_wconf 90' lang='lat' dir='ltr'><strong>et</strong></span> <span class='ocrx_word' id='word_1_208' title='bbox 887 2544 1011 2601; x_wconf 89' lang='lat' dir='ltr'><strong>ideo</strong></span> <span class='ocrx_word' id='word_1_209' title='bbox 1040 2544 1225 2599; x_wconf 89' lang='lat' dir='ltr'><strong>timeo.</strong></span> <span class='ocrx_word' id='word_1_210' title='bbox 1259 2544 1324 2598; x_wconf 86' lang='lat' dir='ltr'><strong>Et</strong></span> <span class='ocrx_word' id='word_1_211' title='bbox 1354 2544 1549 2598; x_wconf 90' lang='lat' dir='ltr'><strong>vellem</strong></span> <span class='ocrx_word' id='word_1_212' title='bbox 1578 2542 1793 2613; x_wconf 89' lang='lat' dir='ltr'><strong>quidem</strong></span> <span class='ocrx_word' id='word_1_213' title='bbox 1840 2542 2092 2609; x_wconf 88' lang='lat' dir='ltr'><strong>siluisse,</strong></span> <span class='ocrx_word' id='word_1_214' title='bbox 2124 2558 2191 2598; x_wconf 91' lang='lat' dir='ltr'><strong>ne</strong></span> 
     </span>
    </p>
   </div>
   <div class='ocr_carea' id='block_1_26' title="bbox 610 2634 2191 2706">
    <p class='ocr_par' dir='ltr' id='par_1_26' title="bbox 610 2634 2191 2706">
     <span class='ocr_line' id='line_1_26' title="bbox 610 2634 2191 2706; baseline -0.001 -14"><span class='ocrx_word' id='word_1_215' title='bbox 610 2637 759 2692; x_wconf 87' lang='lat' dir='ltr'><strong>vobis</strong></span> <span class='ocrx_word' id='word_1_216' title='bbox 786 2650 1013 2706; x_wconf 88' lang='lat' dir='ltr'><strong>augeam</strong></span> <span class='ocrx_word' id='word_1_217' title='bbox 1058 2636 1390 2705; x_wconf 87' lang='lat' dir='ltr'><strong>periculum:</strong></span> <span class='ocrx_word' id='word_1_218' title='bbox 1422 2650 1545 2688; x_wconf 87' lang='lat' dir='ltr'><strong>nam</strong></span> <span class='ocrx_word' id='word_1_219' title='bbox 1575 2649 1719 2705; x_wconf 64' lang='lat' dir='ltr'><strong>saepe</strong></span> <span class='ocrx_word' id='word_1_220' title='bbox 1747 2634 2053 2690; x_wconf 89' lang='lat' dir='ltr'><strong>audientem</strong></span> <span class='ocrx_word' id='word_1_221' title='bbox 2086 2651 2191 2691; x_wconf 89' lang='lat' dir='ltr'><strong>nec</strong></span> 
     </span>
    </p>
   </div>
   <div class='ocr_carea' id='block_1_27' title="bbox 608 2727 2190 2799">
    <p class='ocr_par' dir='ltr' id='par_1_27' title="bbox 608 2727 2190 2799">
     <span class='ocr_line' id='line_1_27' title="bbox 608 2727 2190 2799; baseline -0.001 -14"><span class='ocrx_word' id='word_1_222' title='bbox 608 2730 687 2785; x_wconf 87' lang='lat' dir='ltr'><strong>sic</strong></span> <span class='ocrx_word' id='word_1_223' title='bbox 716 2729 930 2799; x_wconf 82' lang='lat' dir='ltr'><strong>quidem</strong></span> <span class='ocrx_word' id='word_1_224' title='bbox 962 2727 1139 2783; x_wconf 88' lang='lat' dir='ltr'><strong>facere</strong></span> <span class='ocrx_word' id='word_1_225' title='bbox 1160 2768 1177 2792; x_wconf 94' lang='lat'><strong>,</strong></span> <span class='ocrx_word' id='word_1_226' title='bbox 1222 2730 1324 2782; x_wconf 92' lang='lat' dir='ltr'><strong>hoc</strong></span> <span class='ocrx_word' id='word_1_227' title='bbox 1350 2737 1434 2781; x_wconf 77' lang='lat' dir='ltr'><strong>est</strong></span> <span class='ocrx_word' id='word_1_228' title='bbox 1484 2727 1763 2781; x_wconf 90' lang='lat' dir='ltr'><strong>Dominum</strong></span> <span class='ocrx_word' id='word_1_229' title='bbox 1795 2727 2009 2782; x_wconf 86' lang='lat' dir='ltr'><strong>irritare</strong></span> <span class='ocrx_word' id='word_1_230' title='bbox 2039 2744 2053 2780; x_wconf 95' lang='lat'><strong>:</strong></span> <span class='ocrx_word' id='word_1_231' title='bbox 2096 2728 2190 2783; x_wconf 89' lang='lat' dir='ltr'><strong>sed</strong></span> 
     </span>
    </p>
   </div>
   <div class='ocr_carea' id='block_1_28' title="bbox 611 2815 2191 2889">
    <p class='ocr_par' dir='ltr' id='par_1_28' title="bbox 611 2815 2191 2889">
     <span class='ocr_line' id='line_1_28' title="bbox 611 2815 2191 2889; baseline -0.001 -16"><span class='ocrx_word' id='word_1_232' title='bbox 611 2821 724 2889; x_wconf 89' lang='lat' dir='ltr'><strong>ipse</strong></span> <span class='ocrx_word' id='word_1_233' title='bbox 750 2834 963 2889; x_wconf 88' lang='lat' dir='ltr'><strong>quoque</strong></span> <span class='ocrx_word' id='word_1_234' title='bbox 999 2818 1163 2873; x_wconf 88' lang='lat' dir='ltr'><strong>timeo</strong></span> <span class='ocrx_word' id='word_1_235' title='bbox 1200 2816 1347 2871; x_wconf 87' lang='lat' dir='ltr'><strong>aliud</strong></span> <span class='ocrx_word' id='word_1_236' title='bbox 1390 2815 1683 2885; x_wconf 89' lang='lat' dir='ltr'><strong>periculum</strong></span> <span class='ocrx_word' id='word_1_237' title='bbox 1712 2815 1949 2881; x_wconf 87' lang='lat' dir='ltr'><strong>silentii,</strong></span> <span class='ocrx_word' id='word_1_238' title='bbox 1980 2816 2025 2871; x_wconf 91' lang='lat' dir='ltr'><strong>si</strong></span> <span class='ocrx_word' id='word_1_239' title='bbox 2059 2816 2191 2871; x_wconf 84' lang='lat' dir='ltr'><strong>taci-</strong></span> 
     </span>
    </p>
   </div>
   <div class='ocr_carea' id='block_1_29' title="bbox 612 2907 2192 2974">
    <p class='ocr_par' dir='ltr' id='par_1_29' title="bbox 612 2907 2192 2974">
     <span class='ocr_line' id='line_1_29' title="bbox 612 2907 2192 2974; baseline 0.001 -12"><span class='ocrx_word' id='word_1_240' title='bbox 612 2920 763 2964; x_wconf 91' lang='lat' dir='ltr'><strong>turus</strong></span> <span class='ocrx_word' id='word_1_241' title='bbox 790 2909 893 2964; x_wconf 81' lang='lat' dir='ltr'><strong>sim</strong></span> <span class='ocrx_word' id='word_1_242' title='bbox 918 2950 934 2974; x_wconf 88' lang='lat'><strong>,</strong></span> <span class='ocrx_word' id='word_1_243' title='bbox 962 2922 1085 2964; x_wconf 92' lang='lat' dir='ltr'><strong>cum</strong></span> <span class='ocrx_word' id='word_1_244' title='bbox 1116 2908 1266 2963; x_wconf 84' lang='lat' dir='ltr'><strong>verbi</strong></span> <span class='ocrx_word' id='word_1_245' title='bbox 1294 2907 1651 2962; x_wconf 89' lang='lat' dir='ltr'><strong>ministerium</strong></span> <span class='ocrx_word' id='word_1_246' title='bbox 1680 2908 1745 2961; x_wconf 92' lang='lat' dir='ltr'><strong>sit</strong></span> <span class='ocrx_word' id='word_1_247' title='bbox 1776 2908 1907 2962; x_wconf 87' lang='lat' dir='ltr'><strong>mihi</strong></span> <span class='ocrx_word' id='word_1_248' title='bbox 1936 2909 2192 2963; x_wconf 89' lang='lat' dir='ltr'><strong>commis-</strong></span> 
     </span>
    </p>
   </div>
   <div class='ocr_carea' id='block_1_30' title="bbox 611 2997 2195 3069">
    <p class='ocr_par' dir='ltr' id='par_1_30' title="bbox 611 2997 2195 3069">
     <span class='ocr_line' id='line_1_30' title="bbox 611 2997 2195 3069; baseline -0.001 -15"><span class='ocrx_word' id='word_1_249' title='bbox 611 3017 755 3056; x_wconf 90' lang='lat' dir='ltr'><strong>sum.</strong></span> <span class='ocrx_word' id='word_1_250' title='bbox 789 2999 926 3067; x_wconf 84' lang='lat' dir='ltr'><strong>Quid</strong></span> <span class='ocrx_word' id='word_1_251' title='bbox 954 3014 1083 3069; x_wconf 90' lang='lat' dir='ltr'><strong>ergo</strong></span> <span class='ocrx_word' id='word_1_252' title='bbox 1111 2998 1371 3053; x_wconf 77' lang='lat' dir='ltr'><strong>faciemus</strong></span> <span class='ocrx_word' id='word_1_253' title='bbox 1398 3007 1456 3052; x_wconf 93' lang='lat' dir='ltr'><strong>ut</strong></span> <span class='ocrx_word' id='word_1_254' title='bbox 1480 2998 1612 3052; x_wconf 90' lang='lat' dir='ltr'><strong>salvi</strong></span> <span class='ocrx_word' id='word_1_255' title='bbox 1636 2997 1843 3052; x_wconf 89' lang='lat' dir='ltr'><strong>simus?</strong></span> <span class='ocrx_word' id='word_1_256' title='bbox 1872 2997 2195 3069; x_wconf 84' lang='lat' dir='ltr'><strong>Incipiamus</strong></span> 
     </span>
    </p>
   </div>
   <div class='ocr_carea' id='block_1_31' title="bbox 611 3088 2196 3159">
    <p class='ocr_par' dir='ltr' id='par_1_31' title="bbox 611 3088 2196 3159">
     <span class='ocr_line' id='line_1_31' title="bbox 611 3088 2196 3159; baseline -0.001 -12"><span class='ocrx_word' id='word_1_257' title='bbox 611 3108 677 3147; x_wconf 80' lang='lat' dir='ltr'><strong>ex</strong></span> <span class='ocrx_word' id='word_1_258' title='bbox 731 3094 927 3148; x_wconf 88' lang='lat' dir='ltr'><strong>virtute</strong></span> <span class='ocrx_word' id='word_1_259' title='bbox 970 3091 1187 3157; x_wconf 83' lang='lat' dir='ltr'><strong>vivere,</strong></span> <span class='ocrx_word' id='word_1_260' title='bbox 1218 3089 1344 3144; x_wconf 91' lang='lat' dir='ltr'><strong>dum</strong></span> <span class='ocrx_word' id='word_1_261' title='bbox 1391 3098 1603 3159; x_wconf 88' lang='lat' dir='ltr'><strong>tempus</strong></span> <span class='ocrx_word' id='word_1_262' title='bbox 1644 3088 2196 3145; x_wconf 89' lang='lat' dir='ltr'><strong>habemus:virtutes</strong></span> 
     </span>
    </p>
   </div>
   <div class='ocr_carea' id='block_1_32' title="bbox 612 3179 2195 3252">
    <p class='ocr_par' dir='ltr' id='par_1_32' title="bbox 612 3179 2195 3252">
     <span class='ocr_line' id='line_1_32' title="bbox 612 3179 2195 3252; baseline -0.001 -15"><span class='ocrx_word' id='word_1_263' title='bbox 612 3182 770 3238; x_wconf 89' lang='lat' dir='ltr'><strong>nobis</strong></span> <span class='ocrx_word' id='word_1_264' title='bbox 790 3181 1206 3247; x_wconf 88' lang='lat' dir='ltr'><strong>distribuamus,</strong></span> <span class='ocrx_word' id='word_1_265' title='bbox 1230 3180 1372 3234; x_wconf 89' lang='lat' dir='ltr'><strong>sicut</strong></span> <span class='ocrx_word' id='word_1_266' title='bbox 1405 3179 1789 3249; x_wconf 84' lang='lat' dir='ltr'><strong>agriculturam</strong></span> <span class='ocrx_word' id='word_1_267' title='bbox 1816 3180 2067 3252; x_wconf 73' lang='lat' dir='ltr'><strong>agricola:</strong></span> <span class='ocrx_word' id='word_1_268' title='bbox 2091 3197 2105 3237; x_wconf 89' lang='lat'><strong>:</strong></span> <span class='ocrx_word' id='word_1_269' title='bbox 2143 3181 2195 3237; x_wconf 93' lang='lat' dir='ltr'><strong>in</strong></span> 
     </span>
    </p>
   </div>
   <div class='ocr_carea' id='block_1_33' title="bbox 1309 296 3795 401">
    <p class='ocr_par' dir='ltr' id='par_1_33' title="bbox 1309 296 3795 401">
     <span class='ocr_line' id='line_1_33' title="bbox 1309 296 3795 401; baseline -0 -2"><span class='ocrx_word' id='word_1_270' title='bbox 1309 342 1367 399; x_wconf 89' lang='lat' dir='ltr'><strong>s.</strong></span> <span class='ocrx_word' id='word_1_271' title='bbox 1404 338 1679 401; x_wconf 78' lang='lat' dir='ltr'><strong>.lOANle</strong></span> <span class='ocrx_word' id='word_1_272' title='bbox 1713 333 2183 399; x_wconf 78' lang='lat' dir='ltr'><strong>cnnvsos&#39;rom</strong></span> <span class='ocrx_word' id='word_1_273' title='bbox 2217 332 2530 393; x_wconf 76' lang='lat' dir='ltr'><strong>ARCHIEP.</strong></span> <span class='ocrx_word' id='word_1_274' title='bbox 2567 296 3096 394; x_wconf 74' lang='lat' dir='ltr'><strong>CONS‘I&#39;ANTINOP.</strong></span> <span class='ocrx_word' id='word_1_275' title='bbox 3717 340 3795 399; x_wconf 74' lang='lat' dir='ltr'><strong>tu</strong></span> 
     </span>
    </p>
   </div>
   <div class='ocr_carea' id='block_1_34' title="bbox 2292 442 3809 518">
    <p class='ocr_par' dir='ltr' id='par_1_34' title="bbox 2292 442 3809 518">
     <span class='ocr_line' id='line_1_34' title="bbox 2292 442 3809 518; baseline 0.005 -19"><span class='ocrx_word' id='word_1_276' title='bbox 2292 442 2395 499; x_wconf 89' lang='lat' dir='ltr'><strong>hoc</strong></span> <span class='ocrx_word' id='word_1_277' title='bbox 2419 459 2605 500; x_wconf 87' lang='lat' dir='ltr'><strong>mense</strong></span> <span class='ocrx_word' id='word_1_278' title='bbox 2631 459 2998 515; x_wconf 80' lang='lat' dir='ltr'><strong>expugnemus</strong></span> <span class='ocrx_word' id='word_1_279' title='bbox 3028 442 3372 499; x_wconf 86' lang='lat' dir='ltr'><strong>maledictum</strong></span> <span class='ocrx_word' id='word_1_280' title='bbox 3397 485 3413 513; x_wconf 93' lang='lat'><strong>,</strong></span> <span class='ocrx_word' id='word_1_281' title='bbox 3441 451 3809 518; x_wconf 79' lang='lat' dir='ltr'><strong>contumeliam,</strong></span> 
     </span>
    </p>
   </div>
   <div class='ocr_carea' id='block_1_35' title="bbox 2291 533 3811 607">
    <p class='ocr_par' dir='ltr' id='par_1_35' title="bbox 2291 533 3811 607">
     <span class='ocr_line' id='line_1_35' title="bbox 2291 533 3811 607; baseline 0.005 -18"><span class='ocrx_word' id='word_1_282' title='bbox 2291 534 2426 589; x_wconf 90' lang='lat' dir='ltr'><strong>iram</strong></span> <span class='ocrx_word' id='word_1_283' title='bbox 2458 534 2745 606; x_wconf 87' lang='lat' dir='ltr'><strong>injustam,</strong></span> <span class='ocrx_word' id='word_1_284' title='bbox 2773 544 2828 588; x_wconf 90' lang='lat' dir='ltr'><strong>et</strong></span> <span class='ocrx_word' id='word_1_285' title='bbox 2855 534 3011 588; x_wconf 90' lang='lat' dir='ltr'><strong>nobis</strong></span> <span class='ocrx_word' id='word_1_286' title='bbox 3036 534 3377 603; x_wconf 87' lang='lat' dir='ltr'><strong>imponamus</strong></span> <span class='ocrx_word' id='word_1_287' title='bbox 3405 533 3568 607; x_wconf 83' lang='lat' dir='ltr'><strong>legem</strong></span> <span class='ocrx_word' id='word_1_288' title='bbox 3588 578 3603 604; x_wconf 91' lang='lat'><strong>,</strong></span> <span class='ocrx_word' id='word_1_289' title='bbox 3628 547 3677 594; x_wconf 88' lang='lat' dir='ltr'><strong>et</strong></span> <span class='ocrx_word' id='word_1_290' title='bbox 3696 542 3811 598; x_wconf 67' lang='lat' dir='ltr'><strong>dics.</strong></span> 
     </span>
    </p>
   </div>
   <div class='ocr_carea' id='block_1_36' title="bbox 2292 625 3813 693">
    <p class='ocr_par' dir='ltr' id='par_1_36' title="bbox 2292 625 3813 693">
     <span class='ocr_line' id='line_1_36' title="bbox 2292 625 3813 693; baseline 0.005 -12"><span class='ocrx_word' id='word_1_291' title='bbox 2292 641 2444 693; x_wconf 91' lang='lat' dir='ltr'><strong>mus,</strong></span> <span class='ocrx_word' id='word_1_292' title='bbox 2476 626 2646 681; x_wconf 89' lang='lat' dir='ltr'><strong>llodie</strong></span> <span class='ocrx_word' id='word_1_293' title='bbox 2694 625 2797 681; x_wconf 90' lang='lat' dir='ltr'><strong>hoc</strong></span> <span class='ocrx_word' id='word_1_294' title='bbox 2824 637 2969 681; x_wconf 85' lang='lat' dir='ltr'><strong>recte</strong></span> <span class='ocrx_word' id='word_1_295' title='bbox 3006 625 3265 681; x_wconf 89' lang='lat' dir='ltr'><strong>faciemus</strong></span> <span class='ocrx_word' id='word_1_296' title='bbox 3314 644 3327 680; x_wconf 94' lang='lat'><strong>:</strong></span> <span class='ocrx_word' id='word_1_297' title='bbox 3369 637 3421 682; x_wconf 91' lang='lat' dir='ltr'><strong>et</strong></span> <span class='ocrx_word' id='word_1_298' title='bbox 3459 630 3509 681; x_wconf 93' lang='lat' dir='ltr'><strong>in</strong></span> <span class='ocrx_word' id='word_1_299' title='bbox 3548 629 3645 684; x_wconf 85' lang='lat' dir='ltr'><strong>alio</strong></span> <span class='ocrx_word' id='word_1_300' title='bbox 3669 649 3813 693; x_wconf 81' lang='lat' dir='ltr'><strong>mense</strong></span> 
     </span>
    </p>
   </div>
   <div class='ocr_carea' id='block_1_37' title="bbox 2291 717 3813 788">
    <p class='ocr_par' dir='ltr' id='par_1_37' title="bbox 2291 717 3813 788">
     <span class='ocr_line' id='line_1_37' title="bbox 2291 717 3813 788; baseline 0.004 -15"><span class='ocrx_word' id='word_1_301' title='bbox 2291 733 2391 773; x_wconf 86' lang='lat' dir='ltr'><strong>nos</strong></span> <span class='ocrx_word' id='word_1_302' title='bbox 2413 718 2556 788; x_wconf 91' lang='lat' dir='ltr'><strong>ipsos</strong></span> <span class='ocrx_word' id='word_1_303' title='bbox 2585 717 2876 772; x_wconf 88' lang='lat' dir='ltr'><strong>doceamus</strong></span> <span class='ocrx_word' id='word_1_304' title='bbox 2903 717 3217 787; x_wconf 75' lang='lat' dir='ltr'><strong>patientiam</strong></span> <span class='ocrx_word' id='word_1_305' title='bbox 3244 758 3259 784; x_wconf 90' lang='lat'><strong>,</strong></span> <span class='ocrx_word' id='word_1_306' title='bbox 3289 726 3343 772; x_wconf 93' lang='lat' dir='ltr'><strong>et</strong></span> <span class='ocrx_word' id='word_1_307' title='bbox 3370 717 3420 771; x_wconf 93' lang='lat' dir='ltr'><strong>in</strong></span> <span class='ocrx_word' id='word_1_308' title='bbox 3448 718 3551 773; x_wconf 89' lang='lat' dir='ltr'><strong>alio</strong></span> <span class='ocrx_word' id='word_1_309' title='bbox 3573 720 3711 776; x_wconf 86' lang='lat' dir='ltr'><strong>aliam</strong></span> <span class='ocrx_word' id='word_1_310' title='bbox 3731 727 3813 780; x_wconf 85' lang='lat' dir='ltr'><strong>vir-</strong></span> 
     </span>
    </p>
   </div>
   <div class='ocr_carea' id='block_1_38' title="bbox 2292 808 3814 880">
    <p class='ocr_par' dir='ltr' id='par_1_38' title="bbox 2292 808 3814 880">
     <span class='ocr_line' id='line_1_38' title="bbox 2292 808 3814 880; baseline 0.005 -16"><span class='ocrx_word' id='word_1_311' title='bbox 2292 818 2458 865; x_wconf 92' lang='lat' dir='ltr'><strong>tutem</strong></span> <span class='ocrx_word' id='word_1_312' title='bbox 2487 851 2503 878; x_wconf 94' lang='lat'><strong>,</strong></span> <span class='ocrx_word' id='word_1_313' title='bbox 2544 820 2597 864; x_wconf 91' lang='lat' dir='ltr'><strong>ct</strong></span> <span class='ocrx_word' id='word_1_314' title='bbox 2622 825 2744 864; x_wconf 90' lang='lat' dir='ltr'><strong>cum</strong></span> <span class='ocrx_word' id='word_1_315' title='bbox 2772 809 2837 865; x_wconf 89' lang='lat' dir='ltr'><strong>ad</strong></span> <span class='ocrx_word' id='word_1_316' title='bbox 2862 809 3018 880; x_wconf 85' lang='lat' dir='ltr'><strong>hujus</strong></span> <span class='ocrx_word' id='word_1_317' title='bbox 3048 808 3260 867; x_wconf 90' lang='lat' dir='ltr'><strong>virtutis</strong></span> <span class='ocrx_word' id='word_1_318' title='bbox 3292 814 3672 880; x_wconf 86' lang='lat' dir='ltr'><strong>pervencrimus</strong></span> <span class='ocrx_word' id='word_1_319' title='bbox 3697 816 3814 872; x_wconf 79' lang='lat' dir='ltr'><strong>habi-</strong></span> 
     </span>
    </p>
   </div>
   <div class='ocr_carea' id='block_1_39' title="bbox 2292 901 3815 976">
    <p class='ocr_par' dir='ltr' id='par_1_39' title="bbox 2292 901 3815 976">
     <span class='ocr_line' id='line_1_39' title="bbox 2292 901 3815 976; baseline 0.003 -20"><span class='ocrx_word' id='word_1_320' title='bbox 2292 910 2402 956; x_wconf 91' lang='lat' dir='ltr'><strong>tum</strong></span> <span class='ocrx_word' id='word_1_321' title='bbox 2428 942 2444 968; x_wconf 97' lang='lat'><strong>,</strong></span> <span class='ocrx_word' id='word_1_322' title='bbox 2489 901 2766 956; x_wconf 90' lang='lat' dir='ltr'><strong>veniamus</strong></span> <span class='ocrx_word' id='word_1_323' title='bbox 2786 901 2853 955; x_wconf 89' lang='lat' dir='ltr'><strong>ad</strong></span> <span class='ocrx_word' id='word_1_324' title='bbox 2883 902 3059 965; x_wconf 85' lang='lat' dir='ltr'><strong>aliam,</strong></span> <span class='ocrx_word' id='word_1_325' title='bbox 3091 901 3227 955; x_wconf 90' lang='lat' dir='ltr'><strong>sicut</strong></span> <span class='ocrx_word' id='word_1_326' title='bbox 3262 901 3315 956; x_wconf 93' lang='lat' dir='ltr'><strong>in</strong></span> <span class='ocrx_word' id='word_1_327' title='bbox 3343 901 3628 972; x_wconf 69' lang='lat' dir='ltr'><strong>disciplinis</strong></span> <span class='ocrx_word' id='word_1_328' title='bbox 3653 920 3707 960; x_wconf 82' lang='lat' dir='ltr'><strong>ea</strong></span> <span class='ocrx_word' id='word_1_329' title='bbox 3727 923 3815 976; x_wconf 67' lang='lat' dir='ltr'><strong>qua</strong></span> 
     </span>
    </p>
   </div>
   <div class='ocr_carea' id='block_1_40' title="bbox 2294 991 3818 1062">
    <p class='ocr_par' dir='ltr' id='par_1_40' title="bbox 2294 991 3818 1062">
     <span class='ocr_line' id='line_1_40' title="bbox 2294 991 3818 1062; baseline 0.003 -13"><span class='ocrx_word' id='word_1_330' title='bbox 2294 1002 2421 1049; x_wconf 90' lang='lat' dir='ltr'><strong>sunt</strong></span> <span class='ocrx_word' id='word_1_331' title='bbox 2450 992 2709 1062; x_wconf 86' lang='lat' dir='ltr'><strong>acquisita</strong></span> <span class='ocrx_word' id='word_1_332' title='bbox 2739 1001 3018 1047; x_wconf 82' lang='lat' dir='ltr'><strong>servantes</strong></span> <span class='ocrx_word' id='word_1_333' title='bbox 3043 1033 3057 1055; x_wconf 85' lang='lat'><strong>,</strong></span> <span class='ocrx_word' id='word_1_334' title='bbox 3100 1002 3157 1045; x_wconf 88' lang='lat' dir='ltr'><strong>et</strong></span> <span class='ocrx_word' id='word_1_335' title='bbox 3194 991 3297 1047; x_wconf 88' lang='lat' dir='ltr'><strong>alia</strong></span> <span class='ocrx_word' id='word_1_336' title='bbox 3345 1003 3682 1049; x_wconf 85' lang='lat' dir='ltr'><strong>assumentes.</strong></span> <span class='ocrx_word' id='word_1_337' title='bbox 3722 996 3818 1053; x_wconf 69' lang='lat' dir='ltr'><strong>Pest</strong></span> 
     </span>
    </p>
   </div>
   <div class='ocr_carea' id='block_1_41' title="bbox 2294 1083 3817 1156">
    <p class='ocr_par' dir='ltr' id='par_1_41' title="bbox 2294 1083 3817 1156">
     <span class='ocr_line' id='line_1_41' title="bbox 2294 1083 3817 1156; baseline 0.003 -18"><span class='ocrx_word' id='word_1_338' title='bbox 2294 1084 2438 1138; x_wconf 87' lang='lat' dir='ltr'><strong>illam</strong></span> <span class='ocrx_word' id='word_1_339' title='bbox 2468 1083 2747 1139; x_wconf 88' lang='lat' dir='ltr'><strong>veniamus</strong></span> <span class='ocrx_word' id='word_1_340' title='bbox 2787 1083 2857 1137; x_wconf 89' lang='lat' dir='ltr'><strong>ad</strong></span> <span class='ocrx_word' id='word_1_341' title='bbox 2899 1092 3268 1152; x_wconf 84' lang='lat' dir='ltr'><strong>contemptum</strong></span> <span class='ocrx_word' id='word_1_342' title='bbox 3313 1086 3593 1153; x_wconf 59' lang='lat' dir='ltr'><strong>pecunia:</strong></span> <span class='ocrx_word' id='word_1_343' title='bbox 3633 1087 3817 1156; x_wconf 78' lang='lat' dir='ltr'><strong>primum</strong></span> 
     </span>
    </p>
   </div>
   <div class='ocr_carea' id='block_1_42' title="bbox 2290 1173 3819 1249">
    <p class='ocr_par' dir='ltr' id='par_1_42' title="bbox 2290 1173 3819 1249">
     <span class='ocr_line' id='line_1_42' title="bbox 2290 1173 3819 1249; baseline 0.003 -19"><span class='ocrx_word' id='word_1_344' title='bbox 2290 1190 2483 1249; x_wconf 88' lang='lat' dir='ltr'><strong>manus</strong></span> <span class='ocrx_word' id='word_1_345' title='bbox 2524 1173 2895 1230; x_wconf 90' lang='lat' dir='ltr'><strong>contineamus</strong></span> <span class='ocrx_word' id='word_1_346' title='bbox 2948 1173 3018 1229; x_wconf 89' lang='lat' dir='ltr'><strong>ab</strong></span> <span class='ocrx_word' id='word_1_347' title='bbox 3069 1173 3294 1239; x_wconf 82' lang='lat' dir='ltr'><strong>avaritia</strong></span> <span class='ocrx_word' id='word_1_348' title='bbox 3342 1182 3398 1229; x_wconf 89' lang='lat' dir='ltr'><strong>et</strong></span> <span class='ocrx_word' id='word_1_349' title='bbox 3445 1174 3593 1244; x_wconf 88' lang='lat' dir='ltr'><strong>plura</strong></span> <span class='ocrx_word' id='word_1_350' title='bbox 3636 1176 3819 1234; x_wconf 82' lang='lat' dir='ltr'><strong>habendi</strong></span> 
     </span>
    </p>
   </div>
   <div class='ocr_carea' id='block_1_43' title="bbox 2298 1264 3821 1337">
    <p class='ocr_par' dir='ltr' id='par_1_43' title="bbox 2298 1264 3821 1337">
     <span class='ocr_line' id='line_1_43' title="bbox 2298 1264 3821 1337; baseline 0.003 -16"><span class='ocrx_word' id='word_1_351' title='bbox 2298 1266 2612 1336; x_wconf 88' lang='lat' dir='ltr'><strong>cupiditate,</strong></span> <span class='ocrx_word' id='word_1_352' title='bbox 2640 1274 2695 1320; x_wconf 91' lang='lat' dir='ltr'><strong>et</strong></span> <span class='ocrx_word' id='word_1_353' title='bbox 2724 1274 2850 1320; x_wconf 93' lang='lat' dir='ltr'><strong>tunc</strong></span> <span class='ocrx_word' id='word_1_354' title='bbox 2880 1264 3135 1321; x_wconf 85' lang='lat' dir='ltr'><strong>faciamus</strong></span> <span class='ocrx_word' id='word_1_355' title='bbox 3164 1265 3557 1337; x_wconf 86' lang='lat' dir='ltr'><strong>eleemosynam</strong></span> <span class='ocrx_word' id='word_1_356' title='bbox 3582 1284 3595 1319; x_wconf 91' lang='lat'><strong>:</strong></span> <span class='ocrx_word' id='word_1_357' title='bbox 3623 1284 3714 1322; x_wconf 91' lang='lat' dir='ltr'><strong>non</strong></span> <span class='ocrx_word' id='word_1_358' title='bbox 3736 1285 3821 1325; x_wconf 86' lang='lat' dir='ltr'><strong>om-</strong></span> 
     </span>
    </p>
   </div>
   <div class='ocr_carea' id='block_1_44' title="bbox 2295 1352 3821 1428">
    <p class='ocr_par' dir='ltr' id='par_1_44' title="bbox 2295 1352 3821 1428">
     <span class='ocr_line' id='line_1_44' title="bbox 2295 1352 3821 1428; baseline 0.003 -18"><span class='ocrx_word' id='word_1_359' title='bbox 2295 1356 2381 1410; x_wconf 86' lang='lat' dir='ltr'><strong>nia</strong></span> <span class='ocrx_word' id='word_1_360' title='bbox 2414 1366 2617 1411; x_wconf 89' lang='lat' dir='ltr'><strong>temere</strong></span> <span class='ocrx_word' id='word_1_361' title='bbox 2643 1352 3056 1422; x_wconf 71' lang='lat' dir='ltr'><strong>conl’undamus,</strong></span> <span class='ocrx_word' id='word_1_362' title='bbox 3090 1354 3276 1410; x_wconf 91' lang='lat' dir='ltr'><strong>iisdem</strong></span> <span class='ocrx_word' id='word_1_363' title='bbox 3305 1355 3553 1411; x_wconf 85' lang='lat' dir='ltr'><strong>manibus</strong></span> <span class='ocrx_word' id='word_1_364' title='bbox 3579 1364 3629 1411; x_wconf 90' lang='lat' dir='ltr'><strong>et</strong></span> <span class='ocrx_word' id='word_1_365' title='bbox 3656 1362 3821 1428; x_wconf 79' lang='lat' dir='ltr'><strong>rapicn-</strong></span> 
     </span>
    </p>
   </div>
   <div class='ocr_carea' id='block_1_45' title="bbox 2298 1446 3822 1515">
    <p class='ocr_par' dir='ltr' id='par_1_45' title="bbox 2298 1446 3822 1515">
     <span class='ocr_line' id='line_1_45' title="bbox 2298 1446 3822 1515; baseline -0.006 -14"><span class='ocrx_word' id='word_1_366' title='bbox 2298 1457 2378 1501; x_wconf 88' lang='lat' dir='ltr'><strong>tcs</strong></span> <span class='ocrx_word' id='word_1_367' title='bbox 2403 1455 2457 1501; x_wconf 90' lang='lat' dir='ltr'><strong>et</strong></span> <span class='ocrx_word' id='word_1_368' title='bbox 2486 1446 2677 1500; x_wconf 88' lang='lat' dir='ltr'><strong>dantes</strong></span> <span class='ocrx_word' id='word_1_369' title='bbox 2706 1446 3104 1515; x_wconf 84' lang='lat' dir='ltr'><strong>eleemosynam</strong></span> <span class='ocrx_word' id='word_1_370' title='bbox 3132 1462 3145 1498; x_wconf 93' lang='lat'><strong>:</strong></span> <span class='ocrx_word' id='word_1_371' title='bbox 3181 1454 3364 1515; x_wconf 85' lang='lat' dir='ltr'><strong>postea</strong></span> <span class='ocrx_word' id='word_1_372' title='bbox 3406 1446 3475 1500; x_wconf 90' lang='lat' dir='ltr'><strong>ad</strong></span> <span class='ocrx_word' id='word_1_373' title='bbox 3521 1446 3668 1504; x_wconf 88' lang='lat' dir='ltr'><strong>aliam</strong></span> <span class='ocrx_word' id='word_1_374' title='bbox 3693 1451 3822 1503; x_wconf 80' lang='lat' dir='ltr'><strong>virtu.</strong></span> 
     </span>
    </p>
   </div>
   <div class='ocr_carea' id='block_1_46' title="bbox 2300 1534 3823 1608">
    <p class='ocr_par' dir='ltr' id='par_1_46' title="bbox 2300 1534 3823 1608">
     <span class='ocr_line' id='line_1_46' title="bbox 2300 1534 3823 1608; baseline 0.003 -17"><span class='ocrx_word' id='word_1_375' title='bbox 2300 1546 2403 1592; x_wconf 88' lang='lat' dir='ltr'><strong>tem</strong></span> <span class='ocrx_word' id='word_1_376' title='bbox 2427 1578 2443 1601; x_wconf 93' lang='lat'><strong>,</strong></span> <span class='ocrx_word' id='word_1_377' title='bbox 2472 1545 2527 1591; x_wconf 94' lang='lat' dir='ltr'><strong>et</strong></span> <span class='ocrx_word' id='word_1_378' title='bbox 2555 1535 2625 1590; x_wconf 90' lang='lat' dir='ltr'><strong>ab</strong></span> <span class='ocrx_word' id='word_1_379' title='bbox 2656 1535 2745 1591; x_wconf 90' lang='lat' dir='ltr'><strong>illa</strong></span> <span class='ocrx_word' id='word_1_380' title='bbox 2773 1535 2838 1590; x_wconf 92' lang='lat' dir='ltr'><strong>ad</strong></span> <span class='ocrx_word' id='word_1_381' title='bbox 2863 1535 3044 1589; x_wconf 89' lang='lat' dir='ltr'><strong>aliam.</strong></span> <span class='ocrx_word' id='word_1_382' title='bbox 3082 1534 3367 1606; x_wconf 84' lang='lat' dir='ltr'><strong>Turpitudo</strong></span> <span class='ocrx_word' id='word_1_383' title='bbox 3412 1546 3461 1591; x_wconf 89' lang='lat' dir='ltr'><strong>et</strong></span> <span class='ocrx_word' id='word_1_384' title='bbox 3508 1539 3823 1608; x_wconf 72' lang='lat' dir='ltr'><strong>stultiloquium</strong></span> 
     </span>
    </p>
   </div>
   <div class='ocr_carea' id='block_1_47' title="bbox 2299 1627 3822 1701">
    <p class='ocr_par' dir='ltr' id='par_1_47' title="bbox 2299 1627 3822 1701">
     <span class='ocr_line' id='line_1_47' title="bbox 2299 1627 3822 1701; baseline 0.003 -19"><span class='ocrx_word' id='word_1_385' title='bbox 2299 1639 2343 1683; x_wconf 88' lang='lat' dir='ltr'><strong>et</strong></span> <span class='ocrx_word' id='word_1_386' title='bbox 2382 1627 2666 1682; x_wconf 81' lang='lat' dir='ltr'><strong>scurrilitas</strong></span> <span class='ocrx_word' id='word_1_387' title='bbox 2696 1644 2759 1681; x_wconf 87' lang='lat' dir='ltr'><strong>ne</strong></span> <span class='ocrx_word' id='word_1_388' title='bbox 2801 1627 3090 1680; x_wconf 84' lang='lat' dir='ltr'><strong>nominetur</strong></span> <span class='ocrx_word' id='word_1_389' title='bbox 3118 1627 3324 1697; x_wconf 80' lang='lat' dir='ltr'><strong>quidem</strong></span> <span class='ocrx_word' id='word_1_390' title='bbox 3361 1629 3503 1697; x_wconf 84' lang='lat' dir='ltr'><strong>apud</strong></span> <span class='ocrx_word' id='word_1_391' title='bbox 3540 1646 3621 1684; x_wconf 78' lang='lat' dir='ltr'><strong>vos</strong></span> <span class='ocrx_word' id='word_1_392' title='bbox 3653 1630 3822 1701; x_wconf 77' lang='lat' dir='ltr'><strong>(Epha.</strong></span> 
     </span>
    </p>
   </div>
   <div class='ocr_carea' id='block_1_48' title="bbox 2297 1716 3827 1790">
    <p class='ocr_par' dir='ltr' id='par_1_48' title="bbox 2297 1716 3827 1790">
     <span class='ocr_line' id='line_1_48' title="bbox 2297 1716 3827 1790; baseline 0.004 -18"><span class='ocrx_word' id='word_1_393' title='bbox 2297 1718 2350 1773; x_wconf 84' lang='lat'><strong>5.</strong></span> <span class='ocrx_word' id='word_1_394' title='bbox 2412 1716 2491 1787; x_wconf 68' lang='grc'><strong>4).</strong></span> <span class='ocrx_word' id='word_1_395' title='bbox 2553 1716 2677 1771; x_wconf 74' lang='lat' dir='ltr'><strong>[hec</strong></span> <span class='ocrx_word' id='word_1_396' title='bbox 2718 1717 2929 1771; x_wconf 88' lang='lat' dir='ltr'><strong>interim</strong></span> <span class='ocrx_word' id='word_1_397' title='bbox 2966 1726 3113 1772; x_wconf 91' lang='lat' dir='ltr'><strong>recte</strong></span> <span class='ocrx_word' id='word_1_398' title='bbox 3160 1732 3434 1787; x_wconf 87' lang='lat' dir='ltr'><strong>geramus.</strong></span> <span class='ocrx_word' id='word_1_399' title='bbox 3486 1718 3600 1774; x_wconf 79' lang='lat' dir='ltr'><strong>Non</strong></span> <span class='ocrx_word' id='word_1_400' title='bbox 3628 1737 3743 1790; x_wconf 87' lang='lat' dir='ltr'><strong>opus</strong></span> <span class='ocrx_word' id='word_1_401' title='bbox 3768 1738 3827 1780; x_wconf 86' lang='lat' dir='ltr'><strong>est</strong></span> 
     </span>
    </p>
   </div>
   <div class='ocr_carea' id='block_1_49' title="bbox 2296 1806 3828 1878">
    <p class='ocr_par' dir='ltr' id='par_1_49' title="bbox 2296 1806 3828 1878">
     <span class='ocr_line' id='line_1_49' title="bbox 2296 1806 3828 1878; baseline 0.007 -18"><span class='ocrx_word' id='word_1_402' title='bbox 2296 1816 2510 1876; x_wconf 90' lang='lat' dir='ltr'><strong>sumptu</strong></span> <span class='ocrx_word' id='word_1_403' title='bbox 2534 1847 2548 1871; x_wconf 88' lang='lat'><strong>,</strong></span> <span class='ocrx_word' id='word_1_404' title='bbox 2594 1821 2699 1861; x_wconf 92' lang='lat' dir='ltr'><strong>non</strong></span> <span class='ocrx_word' id='word_1_405' title='bbox 2739 1806 2959 1874; x_wconf 87' lang='lat' dir='ltr'><strong>labore,</strong></span> <span class='ocrx_word' id='word_1_406' title='bbox 2989 1822 3095 1862; x_wconf 92' lang='lat' dir='ltr'><strong>non</strong></span> <span class='ocrx_word' id='word_1_407' title='bbox 3126 1806 3361 1864; x_wconf 88' lang='lat' dir='ltr'><strong>sudore:</strong></span> <span class='ocrx_word' id='word_1_408' title='bbox 3390 1807 3589 1865; x_wconf 78' lang='lat' dir='ltr'><strong>sufﬁcit</strong></span> <span class='ocrx_word' id='word_1_409' title='bbox 3615 1812 3762 1878; x_wconf 83' lang='lat' dir='ltr'><strong>velle,</strong></span> <span class='ocrx_word' id='word_1_410' title='bbox 3790 1829 3828 1870; x_wconf 82' lang='lat' dir='ltr'><strong>et</strong></span> 
     </span>
    </p>
   </div>
   <div class='ocr_carea' id='block_1_50' title="bbox 2300 1897 3825 1972">
    <p class='ocr_par' dir='ltr' id='par_1_50' title="bbox 2300 1897 3825 1972">
     <span class='ocr_line' id='line_1_50' title="bbox 2300 1897 3825 1972; baseline 0.007 -19"><span class='ocrx_word' id='word_1_411' title='bbox 2300 1898 2546 1953; x_wconf 88' lang='lat' dir='ltr'><strong>confecta</strong></span> <span class='ocrx_word' id='word_1_412' title='bbox 2575 1906 2704 1953; x_wconf 92' lang='lat' dir='ltr'><strong>sunt</strong></span> <span class='ocrx_word' id='word_1_413' title='bbox 2723 1899 2921 1953; x_wconf 90' lang='lat' dir='ltr'><strong>omnia.</strong></span> <span class='ocrx_word' id='word_1_414' title='bbox 2952 1897 3069 1955; x_wconf 84' lang='lat' dir='ltr'><strong>Non</strong></span> <span class='ocrx_word' id='word_1_415' title='bbox 3092 1909 3171 1957; x_wconf 91' lang='lat' dir='ltr'><strong>est</strong></span> <span class='ocrx_word' id='word_1_416' title='bbox 3200 1914 3335 1971; x_wconf 85' lang='lat' dir='ltr'><strong>Opus</strong></span> <span class='ocrx_word' id='word_1_417' title='bbox 3362 1917 3610 1972; x_wconf 84' lang='lat' dir='ltr'><strong>magnam</strong></span> <span class='ocrx_word' id='word_1_418' title='bbox 3629 1905 3746 1960; x_wconf 82' lang='lat' dir='ltr'><strong>viam</strong></span> <span class='ocrx_word' id='word_1_419' title='bbox 3768 1909 3825 1963; x_wconf 62' lang='lat' dir='ltr'><strong>in.</strong></span> 
     </span>
    </p>
   </div>
   <div class='ocr_carea' id='block_1_51' title="bbox 2298 1988 3826 2062">
    <p class='ocr_par' dir='ltr' id='par_1_51' title="bbox 2298 1988 3826 2062">
     <span class='ocr_line' id='line_1_51' title="bbox 2298 1988 3826 2062; baseline 0.004 -20"><span class='ocrx_word' id='word_1_420' title='bbox 2298 1988 2469 2059; x_wconf 86' lang='lat' dir='ltr'><strong>gredi,</strong></span> <span class='ocrx_word' id='word_1_421' title='bbox 2501 2003 2673 2058; x_wconf 87' lang='lat' dir='ltr'><strong>neque</strong></span> <span class='ocrx_word' id='word_1_422' title='bbox 2699 1988 3016 2045; x_wconf 87' lang='lat' dir='ltr'><strong>immensum</strong></span> <span class='ocrx_word' id='word_1_423' title='bbox 3064 2006 3212 2047; x_wconf 89' lang='lat' dir='ltr'><strong>mare</strong></span> <span class='ocrx_word' id='word_1_424' title='bbox 3240 1993 3619 2062; x_wconf 86' lang='lat' dir='ltr'><strong>transmittere,</strong></span> <span class='ocrx_word' id='word_1_425' title='bbox 3646 1996 3727 2051; x_wconf 87' lang='lat' dir='ltr'><strong>sed</strong></span> <span class='ocrx_word' id='word_1_426' title='bbox 3748 2011 3826 2051; x_wconf 81' lang='lat' dir='ltr'><strong>stu-</strong></span> 
     </span>
    </p>
   </div>
   <div class='ocr_carea' id='block_1_52' title="bbox 2294 2078 3820 2157">
    <p class='ocr_par' dir='ltr' id='par_1_52' title="bbox 2294 2078 3820 2157">
     <span class='ocr_line' id='line_1_52' title="bbox 2294 2078 3820 2157; baseline 0.007 -26"><span class='ocrx_word' id='word_1_427' title='bbox 2294 2078 2435 2132; x_wconf 89' lang='lat' dir='ltr'><strong>dium</strong></span> <span class='ocrx_word' id='word_1_428' title='bbox 2471 2078 2727 2138; x_wconf 87' lang='lat' dir='ltr'><strong>adhibere</strong></span> <span class='ocrx_word' id='word_1_429' title='bbox 2762 2092 2817 2140; x_wconf 91' lang='lat' dir='ltr'><strong>et</strong></span> <span class='ocrx_word' id='word_1_430' title='bbox 2849 2099 2968 2141; x_wconf 88' lang='lat' dir='ltr'><strong>esse</strong></span> <span class='ocrx_word' id='word_1_431' title='bbox 3009 2097 3253 2157; x_wconf 90' lang='lat' dir='ltr'><strong>prompto</strong></span> <span class='ocrx_word' id='word_1_432' title='bbox 3280 2099 3335 2144; x_wconf 90' lang='lat' dir='ltr'><strong>et</strong></span> <span class='ocrx_word' id='word_1_433' title='bbox 3364 2088 3531 2144; x_wconf 88' lang='lat' dir='ltr'><strong>alacri</strong></span> <span class='ocrx_word' id='word_1_434' title='bbox 3572 2090 3761 2153; x_wconf 86' lang='lat' dir='ltr'><strong>animo,</strong></span> <span class='ocrx_word' id='word_1_435' title='bbox 3782 2100 3820 2142; x_wconf 81' lang='lat' dir='ltr'><strong>et</strong></span> 
     </span>
    </p>
   </div>
   <div class='ocr_carea' id='block_1_53' title="bbox 2280 2168 3820 2257">
    <p class='ocr_par' dir='ltr' id='par_1_53' title="bbox 2280 2168 3820 2257">
     <span class='ocr_line' id='line_1_53' title="bbox 2280 2168 3820 2257; baseline 0.008 -37"><span class='ocrx_word' id='word_1_436' title='bbox 2280 2168 2486 2257; x_wconf 64' lang='lat' dir='ltr'><strong>linguas</strong></span> <span class='ocrx_word' id='word_1_437' title='bbox 2517 2169 2722 2227; x_wconf 87' lang='lat' dir='ltr'><strong>frenum</strong></span> <span class='ocrx_word' id='word_1_438' title='bbox 2741 2174 3014 2245; x_wconf 88' lang='lat' dir='ltr'><strong>imponere</strong></span> <span class='ocrx_word' id='word_1_439' title='bbox 3037 2188 3221 2234; x_wconf 88' lang='lat' dir='ltr'><strong>contra</strong></span> <span class='ocrx_word' id='word_1_440' title='bbox 3244 2180 3575 2250; x_wconf 85' lang='lat' dir='ltr'><strong>importunas</strong></span> <span class='ocrx_word' id='word_1_441' title='bbox 3598 2189 3820 2234; x_wconf 80' lang='lat' dir='ltr'><strong>contume-</strong></span> 
     </span>
    </p>
   </div>
   <div class='ocr_carea' id='block_1_54' title="bbox 2292 2254 3819 2337">
    <p class='ocr_par' dir='ltr' id='par_1_54' title="bbox 2292 2254 3819 2337">
     <span class='ocr_line' id='line_1_54' title="bbox 2292 2254 3819 2337; baseline 0.008 -26"><span class='ocrx_word' id='word_1_442' title='bbox 2292 2254 2410 2312; x_wconf 86' lang='lat' dir='ltr'><strong>lias.</strong></span> <span class='ocrx_word' id='word_1_443' title='bbox 2447 2256 2588 2324; x_wconf 90' lang='lat' dir='ltr'><strong>Iras,</strong></span> <span class='ocrx_word' id='word_1_444' title='bbox 2626 2261 2859 2332; x_wconf 77' lang='lat' dir='ltr'><strong>impurus</strong></span> <span class='ocrx_word' id='word_1_445' title='bbox 2900 2264 3148 2323; x_wconf 88' lang='lat' dir='ltr'><strong>libidines</strong></span> <span class='ocrx_word' id='word_1_446' title='bbox 3168 2309 3184 2332; x_wconf 92' lang='lat'><strong>,</strong></span> <span class='ocrx_word' id='word_1_447' title='bbox 3210 2267 3431 2323; x_wconf 90' lang='lat' dir='ltr'><strong>delicias</strong></span> <span class='ocrx_word' id='word_1_448' title='bbox 3454 2309 3472 2334; x_wconf 93' lang='lat'><strong>,</strong></span> <span class='ocrx_word' id='word_1_449' title='bbox 3505 2279 3730 2337; x_wconf 84' lang='lat' dir='ltr'><strong>sumptus</strong></span> <span class='ocrx_word' id='word_1_450' title='bbox 3760 2268 3819 2323; x_wconf 87' lang='lat' dir='ltr'><strong>ni-</strong></span> 
     </span>
    </p>
   </div>
   <div class='ocr_carea' id='block_1_55' title="bbox 2295 2351 3819 2430">
    <p class='ocr_par' dir='ltr' id='par_1_55' title="bbox 2295 2351 3819 2430">
     <span class='ocr_line' id='line_1_55' title="bbox 2295 2351 3819 2430; baseline 0.005 -27"><span class='ocrx_word' id='word_1_451' title='bbox 2295 2351 2467 2417; x_wconf 90' lang='lat' dir='ltr'><strong>mios,</strong></span> <span class='ocrx_word' id='word_1_452' title='bbox 2518 2355 2760 2421; x_wconf 86' lang='lat' dir='ltr'><strong>pecuni:e</strong></span> <span class='ocrx_word' id='word_1_453' title='bbox 2800 2358 3159 2426; x_wconf 88' lang='lat' dir='ltr'><strong>cupiditates,</strong></span> <span class='ocrx_word' id='word_1_454' title='bbox 3193 2359 3423 2430; x_wconf 74' lang='lat' dir='ltr'><strong>periuria</strong></span> <span class='ocrx_word' id='word_1_455' title='bbox 3478 2369 3536 2415; x_wconf 90' lang='lat' dir='ltr'><strong>et</strong></span> <span class='ocrx_word' id='word_1_456' title='bbox 3575 2359 3819 2429; x_wconf 76' lang='lat' dir='ltr'><strong>iuramenta</strong></span> 
     </span>
    </p>
   </div>
   <div class='ocr_carea' id='block_1_56' title="bbox 2295 2439 3821 2516">
    <p class='ocr_par' dir='ltr' id='par_1_56' title="bbox 2295 2439 3821 2516">
     <span class='ocr_line' id='line_1_56' title="bbox 2295 2439 3821 2516; baseline 0.006 -23"><span class='ocrx_word' id='word_1_457' title='bbox 2295 2439 2507 2494; x_wconf 87' lang='lat' dir='ltr'><strong>assidua</strong></span> <span class='ocrx_word' id='word_1_458' title='bbox 2538 2458 2566 2495; x_wconf 89' lang='lat' dir='ltr'><strong>a</strong></span> <span class='ocrx_word' id='word_1_459' title='bbox 2600 2455 2777 2499; x_wconf 88' lang='lat' dir='ltr'><strong>nostra</strong></span> <span class='ocrx_word' id='word_1_460' title='bbox 2800 2448 3141 2516; x_wconf 80' lang='lat' dir='ltr'><strong>expellamus</strong></span> <span class='ocrx_word' id='word_1_461' title='bbox 3167 2450 3368 2505; x_wconf 87' lang='lat' dir='ltr'><strong>anima.</strong></span> <span class='ocrx_word' id='word_1_462' title='bbox 3400 2450 3462 2505; x_wconf 90' lang='lat' dir='ltr'><strong>Si</strong></span> <span class='ocrx_word' id='word_1_463' title='bbox 3494 2465 3590 2505; x_wconf 90' lang='lat' dir='ltr'><strong>nos</strong></span> <span class='ocrx_word' id='word_1_464' title='bbox 3613 2451 3683 2505; x_wconf 90' lang='lat' dir='ltr'><strong>sic</strong></span> <span class='ocrx_word' id='word_1_465' title='bbox 3714 2451 3821 2503; x_wconf 84' lang='lat' dir='ltr'><strong>cola-</strong></span> 
     </span>
    </p>
   </div>
   <div class='ocr_carea' id='block_1_57' title="bbox 2296 2531 3822 2606">
    <p class='ocr_par' dir='ltr' id='par_1_57' title="bbox 2296 2531 3822 2606">
     <span class='ocr_line' id='line_1_57' title="bbox 2296 2531 3822 2606; baseline 0.007 -22"><span class='ocrx_word' id='word_1_466' title='bbox 2296 2544 2448 2598; x_wconf 90' lang='lat' dir='ltr'><strong>mus,</strong></span> <span class='ocrx_word' id='word_1_467' title='bbox 2480 2531 2661 2604; x_wconf 76' lang='lat' dir='ltr'><strong>Spinas</strong></span> <span class='ocrx_word' id='word_1_468' title='bbox 2698 2550 2817 2604; x_wconf 68' lang='lat' dir='ltr'><strong>quas</strong></span> <span class='ocrx_word' id='word_1_469' title='bbox 2860 2538 3008 2605; x_wconf 87' lang='lat' dir='ltr'><strong>prius</strong></span> <span class='ocrx_word' id='word_1_470' title='bbox 3034 2549 3188 2594; x_wconf 86' lang='lat' dir='ltr'><strong>erant</strong></span> <span class='ocrx_word' id='word_1_471' title='bbox 3230 2540 3530 2596; x_wconf 89' lang='lat' dir='ltr'><strong>evellentes</strong></span> <span class='ocrx_word' id='word_1_472' title='bbox 3552 2582 3569 2606; x_wconf 94' lang='lat'><strong>,</strong></span> <span class='ocrx_word' id='word_1_473' title='bbox 3597 2551 3649 2595; x_wconf 90' lang='lat' dir='ltr'><strong>et</strong></span> <span class='ocrx_word' id='word_1_474' title='bbox 3685 2554 3822 2593; x_wconf 83' lang='lat' dir='ltr'><strong>semen</strong></span> 
     </span>
    </p>
   </div>
   <div class='ocr_carea' id='block_1_58' title="bbox 2296 2621 3824 2700">
    <p class='ocr_par' dir='ltr' id='par_1_58' title="bbox 2296 2621 3824 2700">
     <span class='ocr_line' id='line_1_58' title="bbox 2296 2621 3824 2700; baseline 0.005 -25"><span class='ocrx_word' id='word_1_475' title='bbox 2296 2621 2511 2678; x_wconf 66' lang='lat' dir='ltr'><strong>caeleste</strong></span> <span class='ocrx_word' id='word_1_476' title='bbox 2542 2623 2863 2694; x_wconf 88' lang='lat' dir='ltr'><strong>injicicntes,</strong></span> <span class='ocrx_word' id='word_1_477' title='bbox 2895 2630 3192 2698; x_wconf 88' lang='lat' dir='ltr'><strong>poterimus</strong></span> <span class='ocrx_word' id='word_1_478' title='bbox 3217 2630 3357 2686; x_wconf 88' lang='lat' dir='ltr'><strong>bona</strong></span> <span class='ocrx_word' id='word_1_479' title='bbox 3389 2631 3653 2700; x_wconf 89' lang='lat' dir='ltr'><strong>promissa</strong></span> <span class='ocrx_word' id='word_1_480' title='bbox 3678 2642 3824 2683; x_wconf 82' lang='lat' dir='ltr'><strong>conse-</strong></span> 
     </span>
    </p>
   </div>
   <div class='ocr_carea' id='block_1_59' title="bbox 2289 2716 3827 2800">
    <p class='ocr_par' dir='ltr' id='par_1_59' title="bbox 2289 2716 3827 2800">
     <span class='ocr_line' id='line_1_59' title="bbox 2289 2716 3827 2800; baseline 0.007 -29"><span class='ocrx_word' id='word_1_481' title='bbox 2289 2716 2402 2786; x_wconf 87' lang='lat' dir='ltr'><strong>qui.</strong></span> <span class='ocrx_word' id='word_1_482' title='bbox 2453 2718 2649 2775; x_wconf 88' lang='lat' dir='ltr'><strong>Veniet</strong></span> <span class='ocrx_word' id='word_1_483' title='bbox 2672 2722 2817 2778; x_wconf 90' lang='lat' dir='ltr'><strong>enim</strong></span> <span class='ocrx_word' id='word_1_484' title='bbox 2856 2724 3088 2796; x_wconf 82' lang='lat' dir='ltr'><strong>agricola</strong></span> <span class='ocrx_word' id='word_1_485' title='bbox 3113 2766 3130 2792; x_wconf 95' lang='lat'><strong>,</strong></span> <span class='ocrx_word' id='word_1_486' title='bbox 3160 2734 3215 2783; x_wconf 87' lang='lat' dir='ltr'><strong>et</strong></span> <span class='ocrx_word' id='word_1_487' title='bbox 3258 2742 3357 2783; x_wconf 88' lang='lat' dir='ltr'><strong>nos</strong></span> <span class='ocrx_word' id='word_1_488' title='bbox 3399 2738 3628 2800; x_wconf 90' lang='lat' dir='ltr'><strong>reponet</strong></span> <span class='ocrx_word' id='word_1_489' title='bbox 3670 2729 3715 2784; x_wconf 89' lang='lat' dir='ltr'><strong>in</strong></span> <span class='ocrx_word' id='word_1_490' title='bbox 3737 2729 3827 2783; x_wconf 85' lang='lat' dir='ltr'><strong>bor-</strong></span> 
     </span>
    </p>
   </div>
   <div class='ocr_carea' id='block_1_60' title="bbox 2306 2811 3828 2887">
    <p class='ocr_par' dir='ltr' id='par_1_60' title="bbox 2306 2811 3828 2887">
     <span class='ocr_line' id='line_1_60' title="bbox 2306 2811 3828 2887; baseline 0.006 -23"><span class='ocrx_word' id='word_1_491' title='bbox 2306 2824 2481 2875; x_wconf 88' lang='lat' dir='ltr'><strong>reum,</strong></span> <span class='ocrx_word' id='word_1_492' title='bbox 2509 2820 2564 2867; x_wconf 90' lang='lat' dir='ltr'><strong>et</strong></span> <span class='ocrx_word' id='word_1_493' title='bbox 2589 2811 2726 2867; x_wconf 89' lang='lat' dir='ltr'><strong>bona</strong></span> <span class='ocrx_word' id='word_1_494' title='bbox 2755 2814 2933 2869; x_wconf 88' lang='lat' dir='ltr'><strong>omnia</strong></span> <span class='ocrx_word' id='word_1_495' title='bbox 2961 2831 3351 2887; x_wconf 82' lang='lat' dir='ltr'><strong>consequemur</strong></span> <span class='ocrx_word' id='word_1_496' title='bbox 3372 2835 3388 2873; x_wconf 93' lang='lat'><strong>:</strong></span> <span class='ocrx_word' id='word_1_497' title='bbox 3412 2834 3539 2887; x_wconf 65' lang='lat' dir='ltr'><strong>qua:</strong></span> <span class='ocrx_word' id='word_1_498' title='bbox 3558 2818 3828 2874; x_wconf 81' lang='lat' dir='ltr'><strong>deturnobis</strong></span> 
     </span>
    </p>
   </div>
   <div class='ocr_carea' id='block_1_61' title="bbox 2308 2901 3829 2983">
    <p class='ocr_par' dir='ltr' id='par_1_61' title="bbox 2308 2901 3829 2983">
     <span class='ocr_line' id='line_1_61' title="bbox 2308 2901 3829 2983; baseline 0.007 -29"><span class='ocrx_word' id='word_1_499' title='bbox 2308 2901 2555 2957; x_wconf 92' lang='lat' dir='ltr'><strong>omnibus</strong></span> <span class='ocrx_word' id='word_1_500' title='bbox 2581 2904 2829 2962; x_wconf 85' lang='lat' dir='ltr'><strong>obtinere</strong></span> <span class='ocrx_word' id='word_1_501' title='bbox 2852 2945 2868 2973; x_wconf 90' lang='lat'><strong>,</strong></span> <span class='ocrx_word' id='word_1_502' title='bbox 2897 2909 3070 2976; x_wconf 87' lang='lat' dir='ltr'><strong>gratia</strong></span> <span class='ocrx_word' id='word_1_503' title='bbox 3098 2920 3154 2964; x_wconf 86' lang='lat' dir='ltr'><strong>et</strong></span> <span class='ocrx_word' id='word_1_504' title='bbox 3183 2909 3518 2983; x_wconf 83' lang='lat' dir='ltr'><strong>benignitate</strong></span> <span class='ocrx_word' id='word_1_505' title='bbox 3544 2912 3733 2967; x_wconf 90' lang='lat' dir='ltr'><strong>Domini</strong></span> <span class='ocrx_word' id='word_1_506' title='bbox 3756 2929 3829 2966; x_wconf 85' lang='lat' dir='ltr'><strong>no-</strong></span> 
     </span>
    </p>
   </div>
   <div class='ocr_carea' id='block_1_62' title="bbox 2309 2991 3827 3070">
    <p class='ocr_par' dir='ltr' id='par_1_62' title="bbox 2309 2991 3827 3070">
     <span class='ocr_line' id='line_1_62' title="bbox 2309 2991 3827 3070; baseline 0.009 -24"><span class='ocrx_word' id='word_1_507' title='bbox 2309 2991 2407 3046; x_wconf 89' lang='lat' dir='ltr'><strong>stri</strong></span> <span class='ocrx_word' id='word_1_508' title='bbox 2435 2992 2561 3049; x_wconf 81' lang='lat' dir='ltr'><strong>Jesu</strong></span> <span class='ocrx_word' id='word_1_509' title='bbox 2590 2994 2833 3064; x_wconf 88' lang='lat' dir='ltr'><strong>Christi,</strong></span> <span class='ocrx_word' id='word_1_510' title='bbox 2885 3012 3008 3053; x_wconf 90' lang='lat' dir='ltr'><strong>cum</strong></span> <span class='ocrx_word' id='word_1_511' title='bbox 3052 3015 3161 3070; x_wconf 86' lang='lat' dir='ltr'><strong>quo</strong></span> <span class='ocrx_word' id='word_1_512' title='bbox 3192 3001 3336 3057; x_wconf 87' lang='lat' dir='ltr'><strong>Patri</strong></span> <span class='ocrx_word' id='word_1_513' title='bbox 3381 3018 3492 3056; x_wconf 80' lang='lat' dir='ltr'><strong>una</strong></span> <span class='ocrx_word' id='word_1_514' title='bbox 3529 3019 3646 3058; x_wconf 88' lang='lat' dir='ltr'><strong>cum</strong></span> <span class='ocrx_word' id='word_1_515' title='bbox 3690 3014 3827 3058; x_wconf 80' lang='lat' dir='ltr'><strong>saneto</strong></span> 
     </span>
    </p>
   </div>
   <div class='ocr_carea' id='block_1_63' title="bbox 2307 3082 3830 3163">
    <p class='ocr_par' dir='ltr' id='par_1_63' title="bbox 2307 3082 3830 3163">
     <span class='ocr_line' id='line_1_63' title="bbox 2307 3082 3830 3163; baseline 0.008 -27"><span class='ocrx_word' id='word_1_516' title='bbox 2307 3082 2509 3153; x_wconf 89' lang='lat' dir='ltr'><strong>Spiritu</strong></span> <span class='ocrx_word' id='word_1_517' title='bbox 2534 3085 2705 3163; x_wconf 88' lang='lat' dir='ltr'><strong>gloria</strong></span> <span class='ocrx_word' id='word_1_518' title='bbox 2731 3128 2746 3153; x_wconf 93' lang='lat'><strong>,</strong></span> <span class='ocrx_word' id='word_1_519' title='bbox 2779 3088 3059 3158; x_wconf 89' lang='lat' dir='ltr'><strong>imperium</strong></span> <span class='ocrx_word' id='word_1_520' title='bbox 3085 3131 3101 3156; x_wconf 87' lang='lat'><strong>,</strong></span> <span class='ocrx_word' id='word_1_521' title='bbox 3147 3090 3321 3147; x_wconf 90' lang='lat' dir='ltr'><strong>honor</strong></span> <span class='ocrx_word' id='word_1_522' title='bbox 3347 3103 3402 3149; x_wconf 91' lang='lat' dir='ltr'><strong>et</strong></span> <span class='ocrx_word' id='word_1_523' title='bbox 3430 3094 3699 3161; x_wconf 89' lang='lat' dir='ltr'><strong>adoratio,</strong></span> <span class='ocrx_word' id='word_1_524' title='bbox 3726 3108 3830 3148; x_wconf 81' lang='lat' dir='ltr'><strong>nunc</strong></span> 
     </span>
    </p>
   </div>
   <div class='ocr_carea' id='block_1_64' title="bbox 2307 3178 3601 3243">
    <p class='ocr_par' dir='ltr' id='par_1_64' title="bbox 2307 3178 3601 3243">
     <span class='ocr_line' id='line_1_64' title="bbox 2307 3178 3601 3243; baseline 0.008 -15"><span class='ocrx_word' id='word_1_525' title='bbox 2307 3184 2361 3229; x_wconf 89' lang='lat' dir='ltr'><strong>et</strong></span> <span class='ocrx_word' id='word_1_526' title='bbox 2388 3190 2623 3243; x_wconf 87' lang='lat' dir='ltr'><strong>semper,</strong></span> <span class='ocrx_word' id='word_1_527' title='bbox 2650 3187 2706 3232; x_wconf 92' lang='lat' dir='ltr'><strong>et</strong></span> <span class='ocrx_word' id='word_1_528' title='bbox 2732 3178 2783 3232; x_wconf 90' lang='lat' dir='ltr'><strong>in</strong></span> <span class='ocrx_word' id='word_1_529' title='bbox 2813 3180 3008 3235; x_wconf 72' lang='lat' dir='ltr'><strong>szrcula</strong></span> <span class='ocrx_word' id='word_1_530' title='bbox 3038 3182 3376 3239; x_wconf 63' lang='lat' dir='ltr'><strong>saeculorum.</strong></span> <span class='ocrx_word' id='word_1_531' title='bbox 3405 3186 3601 3240; x_wconf 76' lang='lat' dir='ltr'><strong>Amen.</strong></span> 
     </span>
    </p>
   </div>
   <div class='ocr_carea' id='block_1_65' title="bbox 614 3336 3815 3363">
    <p class='ocr_par' dir='ltr' id='par_1_65' title="bbox 614 3336 3815 3363">
     <span class='ocr_line' id='line_1_65' title="bbox 614 3336 3815 3363; baseline 0.003 -12"><span class='ocrx_word' id='word_1_532' title='bbox 614 3336 3815 3363; x_wconf 49' lang='grc' dir='ltr'>Μ</span> 
     </span>
    </p>
   </div>
   <div class='ocr_carea' id='block_1_66' title="bbox 2014 3414 2608 3477">
    <p class='ocr_par' dir='ltr' id='par_1_66' title="bbox 2014 3414 2608 3477">
     <span class='ocr_line' id='line_1_66' title="bbox 2014 3414 2608 3477; baseline 0.003 -2"><span class='ocrx_word' id='word_1_533' title='bbox 2014 3414 2363 3477; x_wconf 78' lang='lat' dir='ltr'><strong>HOMILIA</strong></span> <span class='ocrx_word' id='word_1_534' title='bbox 2403 3415 2608 3477; x_wconf 84' lang='lat' dir='ltr'><strong>XXV.</strong></span> 
     </span>
    </p>
   </div>
   <div class='ocr_carea' id='block_1_67' title="bbox 610 3520 2199 3603">
    <p class='ocr_par' dir='ltr' id='par_1_67' title="bbox 610 3520 2199 3603">
     <span class='ocr_line' id='line_1_67' title="bbox 610 3520 2199 3603; baseline -0.001 -13"><span class='ocrx_word' id='word_1_535' title='bbox 610 3535 738 3590; x_wconf 69' lang='lat' dir='ltr'><strong>Car.</strong></span> <span class='ocrx_word' id='word_1_536' title='bbox 771 3520 856 3590; x_wconf 76' lang='grc'><strong>11.</strong></span> <span class='ocrx_word' id='word_1_537' title='bbox 896 3534 982 3589; x_wconf 86' lang='grc'><strong>17.</strong></span> <span class='ocrx_word' id='word_1_538' title='bbox 1018 3534 1149 3589; x_wconf 83' lang='lat' dir='ltr'><strong>Fide</strong></span> <span class='ocrx_word' id='word_1_539' title='bbox 1180 3536 1371 3590; x_wconf 76' lang='lat' dir='ltr'><strong>obtulit</strong></span> <span class='ocrx_word' id='word_1_540' title='bbox 1398 3537 1655 3590; x_wconf 82' lang='lat' dir='ltr'><strong>Abraham</strong></span> <span class='ocrx_word' id='word_1_541' title='bbox 1677 3536 1860 3603; x_wconf 80' lang='lat' dir='ltr'><strong>Isaac,</strong></span> <span class='ocrx_word' id='word_1_542' title='bbox 1891 3552 2004 3589; x_wconf 84' lang='lat' dir='ltr'><strong>cum</strong></span> <span class='ocrx_word' id='word_1_543' title='bbox 2035 3545 2199 3589; x_wconf 86' lang='lat' dir='ltr'><strong>tenta-</strong></span> 
     </span>
    </p>
   </div>
   <div class='ocr_carea' id='block_1_68' title="bbox 682 3626 2199 3696">
    <p class='ocr_par' dir='ltr' id='par_1_68' title="bbox 682 3626 2199 3696">
     <span class='ocr_line' id='line_1_68' title="bbox 682 3626 2199 3696; baseline 0.001 -18"><span class='ocrx_word' id='word_1_544' title='bbox 682 3636 840 3691; x_wconf 81' lang='lat' dir='ltr'><strong>retur,</strong></span> <span class='ocrx_word' id='word_1_545' title='bbox 859 3636 906 3680; x_wconf 87' lang='lat' dir='ltr'><strong>et</strong></span> <span class='ocrx_word' id='word_1_546' title='bbox 928 3626 1240 3696; x_wconf 80' lang='lat' dir='ltr'><strong>unigenitum</strong></span> <span class='ocrx_word' id='word_1_547' title='bbox 1258 3628 1423 3696; x_wconf 80' lang='lat' dir='ltr'><strong>ﬁlium</strong></span> <span class='ocrx_word' id='word_1_548' title='bbox 1440 3626 1701 3693; x_wconf 76' lang='lat' dir='ltr'><strong>olferebat,</strong></span> <span class='ocrx_word' id='word_1_549' title='bbox 1720 3627 1773 3679; x_wconf 82' lang='lat' dir='ltr'><strong>in</strong></span> <span class='ocrx_word' id='word_1_550' title='bbox 1792 3642 1891 3696; x_wconf 88' lang='lat' dir='ltr'><strong>quo</strong></span> <span class='ocrx_word' id='word_1_551' title='bbox 1907 3637 2199 3696; x_wconf 84' lang='lat' dir='ltr'><strong>susceperat</strong></span> 
     </span>
    </p>
   </div>
   <div class='ocr_carea' id='block_1_69' title="bbox 682 3716 2202 3786">
    <p class='ocr_par' dir='ltr' id='par_1_69' title="bbox 682 3716 2202 3786">
     <span class='ocr_line' id='line_1_69' title="bbox 682 3716 2202 3786; baseline 0.002 -18"><span class='ocrx_word' id='word_1_552' title='bbox 682 3718 1094 3786; x_wconf 83' lang='lat' dir='ltr'><strong>repromissiones</strong></span> <span class='ocrx_word' id='word_1_553' title='bbox 1115 3733 1133 3771; x_wconf 92' lang='lat'><strong>:</strong></span> <span class='ocrx_word' id='word_1_554' title='bbox 1152 3718 1237 3773; x_wconf 86' lang='grc'><strong>18.</strong></span> <span class='ocrx_word' id='word_1_555' title='bbox 1259 3718 1326 3771; x_wconf 89' lang='lat' dir='ltr'><strong>ad</strong></span> <span class='ocrx_word' id='word_1_556' title='bbox 1343 3736 1484 3782; x_wconf 84' lang='lat' dir='ltr'><strong>quem</strong></span> <span class='ocrx_word' id='word_1_557' title='bbox 1498 3718 1685 3770; x_wconf 85' lang='lat' dir='ltr'><strong>dictum</strong></span> <span class='ocrx_word' id='word_1_558' title='bbox 1703 3728 1776 3771; x_wconf 88' lang='lat' dir='ltr'><strong>est</strong></span> <span class='ocrx_word' id='word_1_559' title='bbox 1797 3760 1812 3784; x_wconf 88' lang='lat'><strong>,</strong></span> <span class='ocrx_word' id='word_1_560' title='bbox 1827 3719 1877 3771; x_wconf 89' lang='lat' dir='ltr'><strong>in</strong></span> <span class='ocrx_word' id='word_1_561' title='bbox 1893 3716 2044 3771; x_wconf 87' lang='lat' dir='ltr'><strong>Isaac</strong></span> <span class='ocrx_word' id='word_1_562' title='bbox 2056 3734 2202 3772; x_wconf 83' lang='lat' dir='ltr'><strong>voca-</strong></span> 
     </span>
    </p>
   </div>
   <div class='ocr_carea' id='block_1_70' title="bbox 686 3806 2201 3878">
    <p class='ocr_par' dir='ltr' id='par_1_70' title="bbox 686 3806 2201 3878">
     <span class='ocr_line' id='line_1_70' title="bbox 686 3806 2201 3878; baseline 0.002 -20"><span class='ocrx_word' id='word_1_563' title='bbox 686 3807 819 3859; x_wconf 82' lang='lat' dir='ltr'><strong>bitur</strong></span> <span class='ocrx_word' id='word_1_564' title='bbox 831 3806 922 3859; x_wconf 87' lang='lat' dir='ltr'><strong>tibi</strong></span> <span class='ocrx_word' id='word_1_565' title='bbox 937 3823 1102 3861; x_wconf 81' lang='lat' dir='ltr'><strong>semen</strong></span> <span class='ocrx_word' id='word_1_566' title='bbox 1121 3822 1139 3860; x_wconf 92' lang='lat'><strong>:</strong></span> <span class='ocrx_word' id='word_1_567' title='bbox 1157 3807 1243 3863; x_wconf 80' lang='grc'><strong>19.</strong></span> <span class='ocrx_word' id='word_1_568' title='bbox 1260 3808 1511 3861; x_wconf 84' lang='lat' dir='ltr'><strong>arbitrans</strong></span> <span class='ocrx_word' id='word_1_569' title='bbox 1527 3808 1661 3878; x_wconf 85' lang='lat' dir='ltr'><strong>quod</strong></span> <span class='ocrx_word' id='word_1_570' title='bbox 1673 3816 1720 3861; x_wconf 89' lang='lat' dir='ltr'><strong>et</strong></span> <span class='ocrx_word' id='word_1_571' title='bbox 1732 3824 1763 3859; x_wconf 93' lang='lat' dir='ltr'><strong>a</strong></span> <span class='ocrx_word' id='word_1_572' title='bbox 1780 3807 1985 3861; x_wconf 78' lang='lat' dir='ltr'><strong>mortuis</strong></span> <span class='ocrx_word' id='word_1_573' title='bbox 1999 3808 2201 3862; x_wconf 82' lang='lat' dir='ltr'><strong>suscita-</strong></span> 
     </span>
    </p>
   </div>
   <div class='ocr_carea' id='block_1_71' title="bbox 686 3898 2202 3968">
    <p class='ocr_par' dir='ltr' id='par_1_71' title="bbox 686 3898 2202 3968">
     <span class='ocr_line' id='line_1_71' title="bbox 686 3898 2202 3968; baseline 0.003 -18"><span class='ocrx_word' id='word_1_574' title='bbox 686 3916 740 3953; x_wconf 90' lang='lat' dir='ltr'><strong>re</strong></span> <span class='ocrx_word' id='word_1_575' title='bbox 755 3908 927 3968; x_wconf 83' lang='lat' dir='ltr'><strong>potens</strong></span> <span class='ocrx_word' id='word_1_576' title='bbox 947 3910 1018 3952; x_wconf 89' lang='lat' dir='ltr'><strong>est</strong></span> <span class='ocrx_word' id='word_1_577' title='bbox 1039 3898 1177 3952; x_wconf 84' lang='lat' dir='ltr'><strong>Deus</strong></span> <span class='ocrx_word' id='word_1_578' title='bbox 1199 3914 1219 3951; x_wconf 91' lang='lat'><strong>:</strong></span> <span class='ocrx_word' id='word_1_579' title='bbox 1240 3899 1371 3952; x_wconf 85' lang='lat' dir='ltr'><strong>unde</strong></span> <span class='ocrx_word' id='word_1_580' title='bbox 1386 3916 1499 3952; x_wconf 87' lang='lat' dir='ltr'><strong>eum</strong></span> <span class='ocrx_word' id='word_1_581' title='bbox 1529 3909 1575 3953; x_wconf 90' lang='lat' dir='ltr'><strong>et</strong></span> <span class='ocrx_word' id='word_1_582' title='bbox 1600 3900 1651 3951; x_wconf 86' lang='lat' dir='ltr'><strong>in</strong></span> <span class='ocrx_word' id='word_1_583' title='bbox 1673 3898 1967 3968; x_wconf 87' lang='lat' dir='ltr'><strong>parabolam</strong></span> <span class='ocrx_word' id='word_1_584' title='bbox 1988 3900 2202 3966; x_wconf 85' lang='lat' dir='ltr'><strong>accepit.</strong></span> 
     </span>
    </p>
   </div>
   <div class='ocr_carea' id='block_1_72' title="bbox 690 3988 2201 4059">
    <p class='ocr_par' dir='ltr' id='par_1_72' title="bbox 690 3988 2201 4059">
     <span class='ocr_line' id='line_1_72' title="bbox 690 3988 2201 4059; baseline -0.001 -15"><span class='ocrx_word' id='word_1_585' title='bbox 690 3990 743 4044; x_wconf 86' lang='grc'><strong>1.</strong></span> <span class='ocrx_word' id='word_1_586' title='bbox 774 3989 851 4058; x_wconf 90' lang='lat' dir='ltr'><strong>(a)</strong></span> <span class='ocrx_word' id='word_1_587' title='bbox 882 3990 1084 4044; x_wconf 81' lang='lat' dir='ltr'><strong>Revera</strong></span> <span class='ocrx_word' id='word_1_588' title='bbox 1107 4004 1296 4059; x_wconf 87' lang='lat' dir='ltr'><strong>magna</strong></span> <span class='ocrx_word' id='word_1_589' title='bbox 1329 4004 1417 4043; x_wconf 85' lang='lat' dir='ltr'><strong>res</strong></span> <span class='ocrx_word' id='word_1_590' title='bbox 1444 3998 1532 4043; x_wconf 90' lang='lat' dir='ltr'><strong>cst</strong></span> <span class='ocrx_word' id='word_1_591' title='bbox 1563 3988 1695 4044; x_wconf 84' lang='lat' dir='ltr'><strong>ﬁdes</strong></span> <span class='ocrx_word' id='word_1_592' title='bbox 1718 3989 1965 4048; x_wconf 75' lang='lat' dir='ltr'><strong>Abrahze.</strong></span> <span class='ocrx_word' id='word_1_593' title='bbox 1995 3988 2124 4043; x_wconf 82' lang='lat' dir='ltr'><strong>Nam</strong></span> <span class='ocrx_word' id='word_1_594' title='bbox 2150 3990 2201 4042; x_wconf 92' lang='lat' dir='ltr'><strong>iu</strong></span> 
     </span>
    </p>
   </div>
   <div class='ocr_carea' id='block_1_73' title="bbox 623 4078 2200 4150">
    <p class='ocr_par' dir='ltr' id='par_1_73' title="bbox 623 4078 2200 4150">
     <span class='ocr_line' id='line_1_73' title="bbox 623 4078 2200 4150; baseline -0.003 -15"><span class='ocrx_word' id='word_1_595' title='bbox 623 4080 789 4135; x_wconf 79' lang='lat' dir='ltr'><strong>Abcle</strong></span> <span class='ocrx_word' id='word_1_596' title='bbox 816 4090 872 4135; x_wconf 90' lang='lat' dir='ltr'><strong>et</strong></span> <span class='ocrx_word' id='word_1_597' title='bbox 896 4079 1008 4134; x_wconf 82' lang='lat' dir='ltr'><strong>Noe</strong></span> <span class='ocrx_word' id='word_1_598' title='bbox 1038 4088 1092 4133; x_wconf 91' lang='lat' dir='ltr'><strong>et</strong></span> <span class='ocrx_word' id='word_1_599' title='bbox 1118 4078 1301 4132; x_wconf 84' lang='lat' dir='ltr'><strong>Enoch</strong></span> <span class='ocrx_word' id='word_1_600' title='bbox 1324 4079 1557 4134; x_wconf 89' lang='lat' dir='ltr'><strong>solarum</strong></span> <span class='ocrx_word' id='word_1_601' title='bbox 1581 4080 1844 4134; x_wconf 89' lang='lat' dir='ltr'><strong>rationum</strong></span> <span class='ocrx_word' id='word_1_602' title='bbox 1867 4088 1981 4134; x_wconf 88' lang='lat' dir='ltr'><strong>erat</strong></span> <span class='ocrx_word' id='word_1_603' title='bbox 2007 4094 2200 4150; x_wconf 85' lang='lat' dir='ltr'><strong>pugna,</strong></span> 
     </span>
    </p>
   </div>
   <div class='ocr_carea' id='block_1_74' title="bbox 622 4168 2201 4239">
    <p class='ocr_par' dir='ltr' id='par_1_74' title="bbox 622 4168 2201 4239">
     <span class='ocr_line' id='line_1_74' title="bbox 622 4168 2201 4239; baseline -0.001 -14"><span class='ocrx_word' id='word_1_604' title='bbox 622 4183 677 4225; x_wconf 89' lang='lat' dir='ltr'><strong>et</strong></span> <span class='ocrx_word' id='word_1_605' title='bbox 731 4170 990 4223; x_wconf 88' lang='lat' dir='ltr'><strong>humanas</strong></span> <span class='ocrx_word' id='word_1_606' title='bbox 1038 4168 1271 4223; x_wconf 89' lang='lat' dir='ltr'><strong>rationes</strong></span> <span class='ocrx_word' id='word_1_607' title='bbox 1328 4169 1605 4237; x_wconf 75' lang='lat' dir='ltr'><strong>Oportebat</strong></span> <span class='ocrx_word' id='word_1_608' title='bbox 1656 4184 1910 4239; x_wconf 89' lang='lat' dir='ltr'><strong>superare</strong></span> <span class='ocrx_word' id='word_1_609' title='bbox 1946 4169 2075 4226; x_wconf 90' lang='lat' dir='ltr'><strong>:hic</strong></span> <span class='ocrx_word' id='word_1_610' title='bbox 2104 4184 2201 4223; x_wconf 86' lang='lat' dir='ltr'><strong>au-</strong></span> 
     </span>
    </p>
   </div>
   <div class='ocr_carea' id='block_1_75' title="bbox 628 4259 2203 4329">
    <p class='ocr_par' dir='ltr' id='par_1_75' title="bbox 628 4259 2203 4329">
     <span class='ocr_line' id='line_1_75' title="bbox 628 4259 2203 4329; baseline -0.001 -14"><span class='ocrx_word' id='word_1_611' title='bbox 628 4274 733 4316; x_wconf 89' lang='lat' dir='ltr'><strong>tem</strong></span> <span class='ocrx_word' id='word_1_612' title='bbox 783 4276 890 4314; x_wconf 89' lang='lat' dir='ltr'><strong>non</strong></span> <span class='ocrx_word' id='word_1_613' title='bbox 944 4259 1118 4313; x_wconf 90' lang='lat' dir='ltr'><strong>solum</strong></span> <span class='ocrx_word' id='word_1_614' title='bbox 1175 4260 1457 4327; x_wconf 86' lang='lat' dir='ltr'><strong>oportebat</strong></span> <span class='ocrx_word' id='word_1_615' title='bbox 1506 4275 1761 4329; x_wconf 89' lang='lat' dir='ltr'><strong>superare</strong></span> <span class='ocrx_word' id='word_1_616' title='bbox 1812 4260 2070 4314; x_wconf 90' lang='lat' dir='ltr'><strong>humanas</strong></span> <span class='ocrx_word' id='word_1_617' title='bbox 2120 4274 2203 4314; x_wconf 85' lang='lat' dir='ltr'><strong>ra-</strong></span> 
     </span>
    </p>
   </div>
   <div class='ocr_carea' id='block_1_76' title="bbox 628 4349 2203 4421">
    <p class='ocr_par' dir='ltr' id='par_1_76' title="bbox 628 4349 2203 4421">
     <span class='ocr_line' id='line_1_76' title="bbox 628 4349 2203 4421; baseline -0.002 -14"><span class='ocrx_word' id='word_1_618' title='bbox 628 4355 821 4417; x_wconf 82' lang='lat' dir='ltr'><strong>tiones,</strong></span> <span class='ocrx_word' id='word_1_619' title='bbox 850 4351 942 4408; x_wconf 89' lang='lat' dir='ltr'><strong>scd</strong></span> <span class='ocrx_word' id='word_1_620' title='bbox 968 4351 1126 4407; x_wconf 88' lang='lat' dir='ltr'><strong>etiam</strong></span> <span class='ocrx_word' id='word_1_621' title='bbox 1154 4351 1349 4421; x_wconf 84' lang='lat' dir='ltr'><strong>aliquid</strong></span> <span class='ocrx_word' id='word_1_622' title='bbox 1377 4350 1606 4420; x_wconf 89' lang='lat' dir='ltr'><strong>amplius</strong></span> <span class='ocrx_word' id='word_1_623' title='bbox 1626 4350 1941 4405; x_wconf 88' lang='lat' dir='ltr'><strong>ostendere:</strong></span> <span class='ocrx_word' id='word_1_624' title='bbox 1962 4366 2083 4405; x_wconf 86' lang='lat' dir='ltr'><strong>nam</strong></span> <span class='ocrx_word' id='word_1_625' title='bbox 2111 4349 2203 4405; x_wconf 88' lang='lat' dir='ltr'><strong>Dei</strong></span> 
     </span>
    </p>
   </div>
   <div class='ocr_carea' id='block_1_77' title="bbox 626 4440 2203 4513">
    <p class='ocr_par' dir='ltr' id='par_1_77' title="bbox 626 4440 2203 4513">
     <span class='ocr_line' id='line_1_77' title="bbox 626 4440 2203 4513; baseline -0.003 -14"><span class='ocrx_word' id='word_1_626' title='bbox 626 4447 765 4499; x_wconf 86' lang='lat' dir='ltr'><strong>dicta</strong></span> <span class='ocrx_word' id='word_1_627' title='bbox 796 4442 1107 4498; x_wconf 87' lang='lat' dir='ltr'><strong>videbantur</strong></span> <span class='ocrx_word' id='word_1_628' title='bbox 1131 4458 1364 4513; x_wconf 86' lang='lat' dir='ltr'><strong>pugnare</strong></span> <span class='ocrx_word' id='word_1_629' title='bbox 1393 4456 1513 4495; x_wconf 87' lang='lat' dir='ltr'><strong>cum</strong></span> <span class='ocrx_word' id='word_1_630' title='bbox 1539 4440 1692 4495; x_wconf 88' lang='lat' dir='ltr'><strong>dictis</strong></span> <span class='ocrx_word' id='word_1_631' title='bbox 1720 4440 1833 4507; x_wconf 88' lang='lat' dir='ltr'><strong>Dei,</strong></span> <span class='ocrx_word' id='word_1_632' title='bbox 1861 4451 1912 4495; x_wconf 89' lang='lat' dir='ltr'><strong>et</strong></span> <span class='ocrx_word' id='word_1_633' title='bbox 1942 4440 2073 4495; x_wconf 84' lang='lat' dir='ltr'><strong>fides</strong></span> <span class='ocrx_word' id='word_1_634' title='bbox 2105 4456 2203 4509; x_wconf 89' lang='lat' dir='ltr'><strong>pu-</strong></span> 
     </span>
    </p>
   </div>
   <div class='ocr_carea' id='block_1_78' title="bbox 625 4532 2207 4606">
    <p class='ocr_par' dir='ltr' id='par_1_78' title="bbox 625 4532 2207 4606">
     <span class='ocr_line' id='line_1_78' title="bbox 625 4532 2207 4606; baseline -0.003 -19"><span class='ocrx_word' id='word_1_635' title='bbox 625 4535 819 4606; x_wconf 74' lang='lat' dir='ltr'><strong>gnabat</strong></span> <span class='ocrx_word' id='word_1_636' title='bbox 862 4550 983 4589; x_wconf 89' lang='lat' dir='ltr'><strong>cum</strong></span> <span class='ocrx_word' id='word_1_637' title='bbox 1034 4532 1135 4587; x_wconf 85' lang='lat' dir='ltr'><strong>fide</strong></span> <span class='ocrx_word' id='word_1_638' title='bbox 1163 4572 1180 4598; x_wconf 94' lang='lat'><strong>,</strong></span> <span class='ocrx_word' id='word_1_639' title='bbox 1223 4543 1275 4587; x_wconf 89' lang='lat' dir='ltr'><strong>et</strong></span> <span class='ocrx_word' id='word_1_640' title='bbox 1320 4532 1493 4598; x_wconf 85' lang='lat' dir='ltr'><strong>jussio</strong></span> <span class='ocrx_word' id='word_1_641' title='bbox 1538 4547 1659 4585; x_wconf 91' lang='lat' dir='ltr'><strong>cum</strong></span> <span class='ocrx_word' id='word_1_642' title='bbox 1708 4532 2063 4601; x_wconf 87' lang='lat' dir='ltr'><strong>promissione</strong></span> <span class='ocrx_word' id='word_1_643' title='bbox 2099 4548 2111 4584; x_wconf 90' lang='lat'><strong>:</strong></span> <span class='ocrx_word' id='word_1_644' title='bbox 2147 4540 2207 4584; x_wconf 92' lang='lat' dir='ltr'><strong>ut</strong></span> 
     </span>
    </p>
   </div>
   <div class='ocr_carea' id='block_1_79' title="bbox 628 4620 2206 4695">
    <p class='ocr_par' dir='ltr' id='par_1_79' title="bbox 628 4620 2206 4695">
     <span class='ocr_line' id='line_1_79' title="bbox 628 4620 2206 4695; baseline -0.002 -17"><span class='ocrx_word' id='word_1_645' title='bbox 628 4627 770 4681; x_wconf 88' lang='lat' dir='ltr'><strong>verbi</strong></span> <span class='ocrx_word' id='word_1_646' title='bbox 793 4626 983 4695; x_wconf 79' lang='lat' dir='ltr'><strong>gratia,</strong></span> <span class='ocrx_word' id='word_1_647' title='bbox 1012 4624 1145 4677; x_wconf 75' lang='lat' dir='ltr'><strong>dixit</strong></span> <span class='ocrx_word' id='word_1_648' title='bbox 1176 4642 1188 4676; x_wconf 89' lang='lat'><strong>:</strong></span> <span class='ocrx_word' id='word_1_649' title='bbox 1226 4620 1477 4692; x_wconf 73' lang='lat' dir='ltr'><strong>Egredere</strong></span> <span class='ocrx_word' id='word_1_650' title='bbox 1496 4622 1558 4674; x_wconf 85' lang='lat' dir='ltr'><strong>de</strong></span> <span class='ocrx_word' id='word_1_651' title='bbox 1586 4632 1719 4675; x_wconf 90' lang='lat' dir='ltr'><strong>terra</strong></span> <span class='ocrx_word' id='word_1_652' title='bbox 1749 4622 1872 4675; x_wconf 88' lang='lat' dir='ltr'><strong>etde</strong></span> <span class='ocrx_word' id='word_1_653' title='bbox 1900 4622 2206 4693; x_wconf 86' lang='lat' dir='ltr'><strong>cognatione</strong></span> 
     </span>
    </p>
   </div>
   <div class='ocr_carea' id='block_1_80' title="bbox 626 4712 2204 4785">
    <p class='ocr_par' dir='ltr' id='par_1_80' title="bbox 626 4712 2204 4785">
     <span class='ocr_line' id='line_1_80' title="bbox 626 4712 2204 4785; baseline -0.003 -14"><span class='ocrx_word' id='word_1_654' title='bbox 626 4732 734 4785; x_wconf 86' lang='lat' dir='ltr'><strong>tua,</strong></span> <span class='ocrx_word' id='word_1_655' title='bbox 759 4729 804 4771; x_wconf 87' lang='lat' dir='ltr'><strong>et</strong></span> <span class='ocrx_word' id='word_1_656' title='bbox 828 4716 959 4770; x_wconf 81' lang='lat' dir='ltr'><strong>dabo</strong></span> <span class='ocrx_word' id='word_1_657' title='bbox 991 4715 1076 4769; x_wconf 71' lang='lat' dir='ltr'><strong>tibi</strong></span> <span class='ocrx_word' id='word_1_658' title='bbox 1100 4726 1285 4768; x_wconf 81' lang='lat' dir='ltr'><strong>terram</strong></span> <span class='ocrx_word' id='word_1_659' title='bbox 1305 4715 1434 4765; x_wconf 78' lang='lat' dir='ltr'><strong>hunc</strong></span> <span class='ocrx_word' id='word_1_660' title='bbox 1462 4712 1617 4780; x_wconf 77' lang='lat' dir='ltr'><strong>(Gen.</strong></span> <span class='ocrx_word' id='word_1_661' title='bbox 1655 4712 1740 4765; x_wconf 72' lang='lat' dir='ltr'><strong>l2.</strong></span> <span class='ocrx_word' id='word_1_662' title='bbox 1768 4713 1819 4781; x_wconf 89' lang='grc'><strong>1)</strong></span> <span class='ocrx_word' id='word_1_663' title='bbox 1848 4729 1861 4777; x_wconf 89' lang='grc'><strong>;</strong></span> <span class='ocrx_word' id='word_1_664' title='bbox 1890 4722 1944 4768; x_wconf 84' lang='lat' dir='ltr'><strong>et</strong></span> <span class='ocrx_word' id='word_1_665' title='bbox 1973 4728 2076 4767; x_wconf 92' lang='lat' dir='ltr'><strong>non</strong></span> <span class='ocrx_word' id='word_1_666' title='bbox 2108 4712 2204 4767; x_wconf 88' lang='lat' dir='ltr'><strong>dc—</strong></span> 
     </span>
    </p>
   </div>
   <div class='ocr_carea' id='block_1_81' title="bbox 626 4804 2200 4874">
    <p class='ocr_par' dir='ltr' id='par_1_81' title="bbox 626 4804 2200 4874">
     <span class='ocr_line' id='line_1_81' title="bbox 626 4804 2200 4874; baseline -0.004 -9"><span class='ocrx_word' id='word_1_667' title='bbox 626 4812 705 4865; x_wconf 92' lang='lat' dir='ltr'><strong>dit</strong></span> <span class='ocrx_word' id='word_1_668' title='bbox 732 4812 780 4866; x_wconf 85' lang='lat' dir='ltr'><strong>ei</strong></span> <span class='ocrx_word' id='word_1_669' title='bbox 822 4809 1173 4864; x_wconf 84' lang='lat' dir='ltr'><strong>hereditatem</strong></span> <span class='ocrx_word' id='word_1_670' title='bbox 1205 4808 1256 4861; x_wconf 92' lang='lat' dir='ltr'><strong>in</strong></span> <span class='ocrx_word' id='word_1_671' title='bbox 1293 4821 1354 4861; x_wconf 86' lang='lat' dir='ltr'><strong>ea</strong></span> <span class='ocrx_word' id='word_1_672' title='bbox 1381 4847 1396 4871; x_wconf 93' lang='lat'><strong>,</strong></span> <span class='ocrx_word' id='word_1_673' title='bbox 1448 4822 1513 4859; x_wconf 81' lang='lat' dir='ltr'><strong>ue</strong></span> <span class='ocrx_word' id='word_1_674' title='bbox 1547 4820 1759 4874; x_wconf 88' lang='lat' dir='ltr'><strong>passum</strong></span> <span class='ocrx_word' id='word_1_675' title='bbox 1787 4804 2001 4874; x_wconf 88' lang='lat' dir='ltr'><strong>quidem</strong></span> <span class='ocrx_word' id='word_1_676' title='bbox 2031 4804 2200 4872; x_wconf 91' lang='lat' dir='ltr'><strong>pedis.</strong></span> 
     </span>
    </p>
   </div>
   <div class='ocr_carea' id='block_1_82' title="bbox 631 4895 2205 4969">
    <p class='ocr_par' dir='ltr' id='par_1_82' title="bbox 631 4895 2205 4969">
     <span class='ocr_line' id='line_1_82' title="bbox 631 4895 2205 4969; baseline -0.004 -15"><span class='ocrx_word' id='word_1_677' title='bbox 631 4898 791 4955; x_wconf 87' lang='lat' dir='ltr'><strong>Vides</strong></span> <span class='ocrx_word' id='word_1_678' title='bbox 815 4898 1087 4969; x_wconf 88' lang='lat' dir='ltr'><strong>quomodo</strong></span> <span class='ocrx_word' id='word_1_679' title='bbox 1115 4913 1236 4967; x_wconf 78' lang='lat' dir='ltr'><strong>qua:</strong></span> <span class='ocrx_word' id='word_1_680' title='bbox 1265 4895 1401 4950; x_wconf 86' lang='lat' dir='ltr'><strong>facta</strong></span> <span class='ocrx_word' id='word_1_681' title='bbox 1431 4905 1558 4947; x_wconf 90' lang='lat' dir='ltr'><strong>sunt</strong></span> <span class='ocrx_word' id='word_1_682' title='bbox 1591 4895 1894 4964; x_wconf 79' lang='lat' dir='ltr'><strong>pugnabant</strong></span> <span class='ocrx_word' id='word_1_683' title='bbox 1920 4910 2039 4946; x_wconf 88' lang='lat' dir='ltr'><strong>cum</strong></span> <span class='ocrx_word' id='word_1_684' title='bbox 2076 4910 2205 4963; x_wconf 87' lang='lat' dir='ltr'><strong>pro-</strong></span> 
     </span>
    </p>
   </div>
   <div class='ocr_carea' id='block_1_83' title="bbox 632 4984 2208 5049">
    <p class='ocr_par' dir='ltr' id='par_1_83' title="bbox 632 4984 2208 5049">
     <span class='ocr_line' id='line_1_83' title="bbox 632 4984 2208 5049; baseline -0.004 -4"><span class='ocrx_word' id='word_1_685' title='bbox 632 4990 925 5045; x_wconf 69' lang='lat' dir='ltr'><strong>missione?</strong></span> <span class='ocrx_word' id='word_1_686' title='bbox 960 4989 1163 5043; x_wconf 75' lang='lat' dir='ltr'><strong>Rursus</strong></span> <span class='ocrx_word' id='word_1_687' title='bbox 1189 4986 1318 5041; x_wconf 85' lang='lat' dir='ltr'><strong>dicit</strong></span> <span class='ocrx_word' id='word_1_688' title='bbox 1346 5028 1360 5049; x_wconf 97' lang='lat'><strong>,</strong></span> <span class='ocrx_word' id='word_1_689' title='bbox 1394 4984 1457 5039; x_wconf 86' lang='lat' dir='ltr'><strong>In</strong></span> <span class='ocrx_word' id='word_1_690' title='bbox 1488 4984 1634 5039; x_wconf 84' lang='lat' dir='ltr'><strong>Isaac</strong></span> <span class='ocrx_word' id='word_1_691' title='bbox 1655 4986 1910 5038; x_wconf 84' lang='lat' dir='ltr'><strong>vocabitur</strong></span> <span class='ocrx_word' id='word_1_692' title='bbox 1931 4985 2018 5037; x_wconf 86' lang='lat' dir='ltr'><strong>tibi</strong></span> <span class='ocrx_word' id='word_1_693' title='bbox 2042 5002 2208 5039; x_wconf 83' lang='lat' dir='ltr'><strong>semen</strong></span> 
     </span>
    </p>
   </div>
   <div class='ocr_carea' id='block_1_84' title="bbox 633 5074 2206 5154">
    <p class='ocr_par' dir='ltr' id='par_1_84' title="bbox 633 5074 2206 5154">
     <span class='ocr_line' id='line_1_84' title="bbox 633 5074 2206 5154; baseline -0.008 -13"><span class='ocrx_word' id='word_1_694' title='bbox 633 5078 905 5154; x_wconf 40' lang='lat' dir='ltr'><strong>(Genii.</strong></span> <span class='ocrx_word' id='word_1_695' title='bbox 937 5077 1057 5149; x_wconf 74' lang='lat' dir='ltr'><strong>l2),</strong></span> <span class='ocrx_word' id='word_1_696' title='bbox 1079 5085 1134 5132; x_wconf 91' lang='lat' dir='ltr'><strong>et</strong></span> <span class='ocrx_word' id='word_1_697' title='bbox 1159 5076 1421 5131; x_wconf 88' lang='lat' dir='ltr'><strong>credidit:</strong></span> <span class='ocrx_word' id='word_1_698' title='bbox 1452 5086 1505 5130; x_wconf 87' lang='lat' dir='ltr'><strong>et</strong></span> <span class='ocrx_word' id='word_1_699' title='bbox 1536 5090 1721 5131; x_wconf 90' lang='lat' dir='ltr'><strong>rursus</strong></span> <span class='ocrx_word' id='word_1_700' title='bbox 1746 5074 1918 5141; x_wconf 90' lang='lat' dir='ltr'><strong>dicit,</strong></span> <span class='ocrx_word' id='word_1_701' title='bbox 1950 5074 2206 5130; x_wconf 83' lang='lat' dir='ltr'><strong>Sacrifica</strong></span> 
     </span>
    </p>
   </div>
   <div class='ocr_carea' id='block_1_85' title="bbox 633 5162 2207 5238">
    <p class='ocr_par' dir='ltr' id='par_1_85' title="bbox 633 5162 2207 5238">
     <span class='ocr_line' id='line_1_85' title="bbox 633 5162 2207 5238; baseline -0.004 -13"><span class='ocrx_word' id='word_1_702' title='bbox 633 5172 762 5227; x_wconf 87' lang='lat' dir='ltr'><strong>mihi</strong></span> <span class='ocrx_word' id='word_1_703' title='bbox 802 5171 981 5235; x_wconf 85' lang='lat' dir='ltr'><strong>hunc,</strong></span> <span class='ocrx_word' id='word_1_704' title='bbox 1005 5169 1095 5238; x_wconf 90' lang='lat' dir='ltr'><strong>qui</strong></span> <span class='ocrx_word' id='word_1_705' title='bbox 1136 5176 1251 5222; x_wconf 90' lang='lat' dir='ltr'><strong>erat</strong></span> <span class='ocrx_word' id='word_1_706' title='bbox 1297 5165 1615 5235; x_wconf 90' lang='lat' dir='ltr'><strong>impleturus</strong></span> <span class='ocrx_word' id='word_1_707' title='bbox 1660 5164 1970 5220; x_wconf 89' lang='lat' dir='ltr'><strong>universum</strong></span> <span class='ocrx_word' id='word_1_708' title='bbox 2020 5162 2207 5218; x_wconf 88' lang='lat' dir='ltr'><strong>orbem</strong></span> 
     </span>
    </p>
   </div>
   <div class='ocr_carea' id='block_1_86' title="bbox 635 5255 2211 5328">
    <p class='ocr_par' dir='ltr' id='par_1_86' title="bbox 635 5255 2211 5328">
     <span class='ocr_line' id='line_1_86' title="bbox 635 5255 2211 5328; baseline -0.006 -9"><span class='ocrx_word' id='word_1_709' title='bbox 635 5274 793 5321; x_wconf 76' lang='lat' dir='ltr'><strong>terra:</strong></span> <span class='ocrx_word' id='word_1_710' title='bbox 820 5276 885 5316; x_wconf 83' lang='lat' dir='ltr'><strong>ex</strong></span> <span class='ocrx_word' id='word_1_711' title='bbox 911 5258 1116 5315; x_wconf 80' lang='lat' dir='ltr'><strong>semine</strong></span> <span class='ocrx_word' id='word_1_712' title='bbox 1159 5272 1277 5313; x_wconf 90' lang='lat' dir='ltr'><strong>suo.</strong></span> <span class='ocrx_word' id='word_1_713' title='bbox 1313 5255 1506 5312; x_wconf 80' lang='lat' dir='ltr'><strong>Vidisti</strong></span> <span class='ocrx_word' id='word_1_714' title='bbox 1565 5272 1791 5328; x_wconf 84' lang='lat' dir='ltr'><strong>pugnam</strong></span> <span class='ocrx_word' id='word_1_715' title='bbox 1834 5257 2108 5326; x_wconf 74' lang='lat' dir='ltr'><strong>iussorum</strong></span> <span class='ocrx_word' id='word_1_716' title='bbox 2155 5266 2211 5311; x_wconf 91' lang='lat' dir='ltr'><strong>et</strong></span> 
     </span>
    </p>
   </div>
   <div class='ocr_carea' id='block_1_87' title="bbox 638 5346 2210 5425">
    <p class='ocr_par' dir='ltr' id='par_1_87' title="bbox 638 5346 2210 5425">
     <span class='ocr_line' id='line_1_87' title="bbox 638 5346 2210 5425; baseline -0.006 -16"><span class='ocrx_word' id='word_1_717' title='bbox 638 5351 1011 5425; x_wconf 87' lang='lat' dir='ltr'><strong>promissionis</strong></span> <span class='ocrx_word' id='word_1_718' title='bbox 1031 5350 1056 5401; x_wconf 79' lang='grc' dir='ltr'><strong><em>τ</em></strong></span> <span class='ocrx_word' id='word_1_719' title='bbox 1085 5349 1254 5404; x_wconf 87' lang='lat' dir='ltr'><strong>Jussit</strong></span> <span class='ocrx_word' id='word_1_720' title='bbox 1278 5349 1547 5402; x_wconf 88' lang='lat' dir='ltr'><strong>contraria</strong></span> <span class='ocrx_word' id='word_1_721' title='bbox 1580 5346 1860 5417; x_wconf 87' lang='lat' dir='ltr'><strong>promissis</strong></span> <span class='ocrx_word' id='word_1_722' title='bbox 1888 5362 1902 5410; x_wconf 88' lang='lat'><strong>;</strong></span> <span class='ocrx_word' id='word_1_723' title='bbox 1946 5358 2001 5399; x_wconf 91' lang='lat' dir='ltr'><strong>et</strong></span> <span class='ocrx_word' id='word_1_724' title='bbox 2038 5358 2210 5414; x_wconf 85' lang='lat' dir='ltr'><strong>neque</strong></span> 
     </span>
    </p>
   </div>
   <div class='ocr_carea' id='block_1_88' title="bbox 637 5438 2209 5515">
    <p class='ocr_par' dir='ltr' id='par_1_88' title="bbox 637 5438 2209 5515">
     <span class='ocr_line' id='line_1_88' title="bbox 637 5438 2209 5515; baseline -0.008 -15"><span class='ocrx_word' id='word_1_725' title='bbox 637 5448 715 5502; x_wconf 90' lang='lat' dir='ltr'><strong>sic</strong></span> <span class='ocrx_word' id='word_1_726' title='bbox 753 5443 1003 5515; x_wconf 87' lang='lat' dir='ltr'><strong>caligavit</strong></span> <span class='ocrx_word' id='word_1_727' title='bbox 1036 5442 1213 5513; x_wconf 85' lang='lat' dir='ltr'><strong>justus</strong></span> <span class='ocrx_word' id='word_1_728' title='bbox 1238 5482 1252 5505; x_wconf 93' lang='lat'><strong>,</strong></span> <span class='ocrx_word' id='word_1_729' title='bbox 1300 5455 1474 5510; x_wconf 90' lang='lat' dir='ltr'><strong>neque</strong></span> <span class='ocrx_word' id='word_1_730' title='bbox 1501 5439 1635 5493; x_wconf 79' lang='lat' dir='ltr'><strong>dixit</strong></span> <span class='ocrx_word' id='word_1_731' title='bbox 1670 5456 1729 5494; x_wconf 90' lang='lat' dir='ltr'><strong>se</strong></span> <span class='ocrx_word' id='word_1_732' title='bbox 1758 5453 1878 5493; x_wconf 84' lang='lat' dir='ltr'><strong>esse</strong></span> <span class='ocrx_word' id='word_1_733' title='bbox 1902 5438 2209 5506; x_wconf 83' lang='lat' dir='ltr'><strong>deceptum.</strong></span> 
     </span>
    </p>
   </div>
   <div class='ocr_carea' id='block_1_89' title="bbox 637 5528 2214 5605">
    <p class='ocr_par' dir='ltr' id='par_1_89' title="bbox 637 5528 2214 5605">
     <span class='ocr_line' id='line_1_89' title="bbox 637 5528 2214 5605; baseline -0.009 -10"><span class='ocrx_word' id='word_1_734' title='bbox 637 5538 771 5595; x_wconf 80' lang='lat' dir='ltr'><strong>Nam</strong></span> <span class='ocrx_word' id='word_1_735' title='bbox 800 5550 898 5589; x_wconf 90' lang='lat' dir='ltr'><strong>vos</strong></span> <span class='ocrx_word' id='word_1_736' title='bbox 928 5532 1144 5605; x_wconf 89' lang='lat' dir='ltr'><strong>quidem</strong></span> <span class='ocrx_word' id='word_1_737' title='bbox 1170 5574 1186 5599; x_wconf 92' lang='lat'><strong>,</strong></span> <span class='ocrx_word' id='word_1_738' title='bbox 1234 5532 1443 5601; x_wconf 90' lang='lat' dir='ltr'><strong>inquit,</strong></span> <span class='ocrx_word' id='word_1_739' title='bbox 1494 5547 1596 5584; x_wconf 91' lang='lat' dir='ltr'><strong>non</strong></span> <span class='ocrx_word' id='word_1_740' title='bbox 1630 5530 1871 5594; x_wconf 86' lang='lat' dir='ltr'><strong>poteritis</strong></span> <span class='ocrx_word' id='word_1_741' title='bbox 1905 5529 2004 5583; x_wconf 92' lang='lat' dir='ltr'><strong>hoc</strong></span> <span class='ocrx_word' id='word_1_742' title='bbox 2035 5528 2214 5582; x_wconf 89' lang='lat' dir='ltr'><strong>dicere</strong></span> 
     </span>
    </p>
   </div>
   <div class='ocr_carea' id='block_1_90' title="bbox 641 5618 2211 5699">
    <p class='ocr_par' dir='ltr' id='par_1_90' title="bbox 641 5618 2211 5699">
     <span class='ocr_line' id='line_1_90' title="bbox 641 5618 2211 5699; baseline -0.01 -14"><span class='ocrx_word' id='word_1_743' title='bbox 641 5629 786 5699; x_wconf 89' lang='lat' dir='ltr'><strong>quod</strong></span> <span class='ocrx_word' id='word_1_744' title='bbox 817 5627 1084 5695; x_wconf 85' lang='lat' dir='ltr'><strong>pollicitus</strong></span> <span class='ocrx_word' id='word_1_745' title='bbox 1114 5626 1183 5679; x_wconf 92' lang='lat' dir='ltr'><strong>sit</strong></span> <span class='ocrx_word' id='word_1_746' title='bbox 1210 5624 1451 5694; x_wconf 87' lang='lat' dir='ltr'><strong>requiem</strong></span> <span class='ocrx_word' id='word_1_747' title='bbox 1474 5665 1487 5684; x_wconf 82' lang='lat'><strong>,</strong></span> <span class='ocrx_word' id='word_1_748' title='bbox 1517 5630 1570 5676; x_wconf 90' lang='lat' dir='ltr'><strong>ct</strong></span> <span class='ocrx_word' id='word_1_749' title='bbox 1596 5620 1805 5675; x_wconf 79' lang='lat' dir='ltr'><strong>dederit</strong></span> <span class='ocrx_word' id='word_1_750' title='bbox 1831 5618 2171 5674; x_wconf 83' lang='lat' dir='ltr'><strong>amictioncm</strong></span> <span class='ocrx_word' id='word_1_751' title='bbox 2197 5632 2211 5680; x_wconf 90' lang='lat'><strong>;</strong></span> 
     </span>
    </p>
   </div>
   <div class='ocr_carea' id='block_1_91' title="bbox 709 5708 2221 5785">
    <p class='ocr_par' dir='ltr' id='par_1_91' title="bbox 709 5708 2221 5785">
     <span class='ocr_line' id='line_1_91' title="bbox 709 5708 2221 5785; baseline -0.014 -11"><span class='ocrx_word' id='word_1_752' title='bbox 709 5725 783 5785; x_wconf 88' lang='lat' dir='ltr'><strong>(a)</strong></span> <span class='ocrx_word' id='word_1_753' title='bbox 808 5722 899 5774; x_wconf 77' lang='lat' dir='ltr'><strong>Hic</strong></span> <span class='ocrx_word' id='word_1_754' title='bbox 932 5719 1163 5781; x_wconf 80' lang='lat' dir='ltr'><strong>ingentes</strong></span> <span class='ocrx_word' id='word_1_755' title='bbox 1197 5715 1509 5785; x_wconf 62' lang='lat' dir='ltr'><strong>hiatussunt</strong></span> <span class='ocrx_word' id='word_1_756' title='bbox 1534 5714 1584 5762; x_wconf 89' lang='lat' dir='ltr'><strong>iu</strong></span> <span class='ocrx_word' id='word_1_757' title='bbox 1607 5710 1822 5767; x_wconf 72' lang='lat' dir='ltr'><strong>Oolbert,</strong></span> <span class='ocrx_word' id='word_1_758' title='bbox 1848 5708 2057 5761; x_wconf 80' lang='lat' dir='ltr'><strong>Humilia</strong></span> <span class='ocrx_word' id='word_1_759' title='bbox 2084 5710 2221 5770; x_wconf 78' lang='lat' dir='ltr'><strong>vige-</strong></span> 
     </span>
    </p>
   </div>
   <div class='ocr_carea' id='block_1_92' title="bbox 647 5775 1426 5850">
    <p class='ocr_par' dir='ltr' id='par_1_92' title="bbox 647 5775 1426 5850">
     <span class='ocr_line' id='line_1_92' title="bbox 647 5775 1426 5850; baseline -0.019 -11"><span class='ocrx_word' id='word_1_760' title='bbox 647 5775 952 5850; x_wconf 67' lang='lat' dir='ltr'><strong>siuu&#39;quiuta</strong></span> <span class='ocrx_word' id='word_1_761' title='bbox 976 5775 1104 5845; x_wconf 68' lang='lat' dir='ltr'><strong>pene</strong></span> <span class='ocrx_word' id='word_1_762' title='bbox 1128 5786 1225 5830; x_wconf 84' lang='lat' dir='ltr'><strong>tota</strong></span> <span class='ocrx_word' id='word_1_763' title='bbox 1246 5775 1426 5827; x_wconf 81' lang='lat' dir='ltr'><strong>deﬁcit.</strong></span> 
     </span>
    </p>
   </div>
   <div class='ocr_carea' id='block_1_93' title="bbox 2299 3546 3824 3620">
    <p class='ocr_par' dir='ltr' id='par_1_93' title="bbox 2299 3546 3824 3620">
     <span class='ocr_line' id='line_1_93' title="bbox 2299 3546 3824 3620; baseline 0.001 -18"><span class='ocrx_word' id='word_1_764' title='bbox 2299 3546 2557 3603; x_wconf 72' lang='lat' dir='ltr'><strong>hicenim</strong></span> <span class='ocrx_word' id='word_1_765' title='bbox 2596 3549 2717 3603; x_wconf 89' lang='lat' dir='ltr'><strong>facit</strong></span> <span class='ocrx_word' id='word_1_766' title='bbox 2758 3564 2819 3604; x_wconf 91' lang='lat' dir='ltr'><strong>ea</strong></span> <span class='ocrx_word' id='word_1_767' title='bbox 2864 3565 2982 3619; x_wconf 73' lang='lat' dir='ltr'><strong>quae</strong></span> <span class='ocrx_word' id='word_1_768' title='bbox 3022 3560 3105 3605; x_wconf 92' lang='lat' dir='ltr'><strong>est</strong></span> <span class='ocrx_word' id='word_1_769' title='bbox 3136 3551 3424 3620; x_wconf 89' lang='lat' dir='ltr'><strong>pollicitus.</strong></span> <span class='ocrx_word' id='word_1_770' title='bbox 3458 3551 3824 3619; x_wconf 63' lang='lat' dir='ltr'><strong>Quomodo”;</strong></span> 
     </span>
    </p>
   </div>
   <div class='ocr_carea' id='block_1_94' title="bbox 2300 3639 3822 3714">
    <p class='ocr_par' dir='ltr' id='par_1_94' title="bbox 2300 3639 3822 3714">
     <span class='ocr_line' id='line_1_94' title="bbox 2300 3639 3822 3714; baseline 0.003 -24"><span class='ocrx_word' id='word_1_771' title='bbox 2300 3640 2512 3703; x_wconf 87' lang='lat' dir='ltr'><strong>mundo,</strong></span> <span class='ocrx_word' id='word_1_772' title='bbox 2543 3639 2732 3709; x_wconf 90' lang='lat' dir='ltr'><strong>inquit,</strong></span> <span class='ocrx_word' id='word_1_773' title='bbox 2764 3641 3084 3710; x_wconf 73' lang='lat' dir='ltr'><strong>aﬂiictioncm</strong></span> <span class='ocrx_word' id='word_1_774' title='bbox 3116 3641 3355 3698; x_wconf 83' lang='lat' dir='ltr'><strong>habebitis</strong></span> <span class='ocrx_word' id='word_1_775' title='bbox 3391 3643 3591 3714; x_wconf 79' lang='lat' dir='ltr'><strong>(Joau.</strong></span> <span class='ocrx_word' id='word_1_776' title='bbox 3620 3644 3698 3700; x_wconf 86' lang='grc'><strong>16.</strong></span> <span class='ocrx_word' id='word_1_777' title='bbox 3720 3644 3775 3699; x_wconf 75' lang='lat'><strong>33</strong></span> <span class='ocrx_word' id='word_1_778' title='bbox 3794 3646 3822 3711; x_wconf 93' lang='lat'><strong>).</strong></span> 
     </span>
    </p>
   </div>
   <div class='ocr_carea' id='block_1_95' title="bbox 2303 3716 3823 3805">
    <p class='ocr_par' dir='ltr' id='par_1_95' title="bbox 2303 3716 3823 3805">
     <span class='ocr_line' id='line_1_95' title="bbox 2303 3716 3823 3805; baseline 0.003 -21"><span class='ocrx_word' id='word_1_779' title='bbox 2303 3730 2403 3796; x_wconf 83' lang='lat' dir='ltr'><strong>Qui</strong></span> <span class='ocrx_word' id='word_1_780' title='bbox 2427 3748 2528 3784; x_wconf 85' lang='lat' dir='ltr'><strong>non</strong></span> <span class='ocrx_word' id='word_1_781' title='bbox 2555 3733 2802 3801; x_wconf 77' lang='lat' dir='ltr'><strong>acceperit</strong></span> <span class='ocrx_word' id='word_1_782' title='bbox 2826 3749 3021 3785; x_wconf 70' lang='lat' dir='ltr'><strong>crucem</strong></span> <span class='ocrx_word' id='word_1_783' title='bbox 3044 3750 3208 3798; x_wconf 84' lang='lat' dir='ltr'><strong>suam,</strong></span> <span class='ocrx_word' id='word_1_784' title='bbox 3237 3745 3283 3786; x_wconf 91' lang='lat' dir='ltr'><strong>ct</strong></span> <span class='ocrx_word' id='word_1_785' title='bbox 3312 3716 3389 3788; x_wconf 82' lang='lat' dir='ltr'><strong>me</strong></span> <span class='ocrx_word' id='word_1_786' title='bbox 3415 3736 3572 3805; x_wconf 80' lang='lat' dir='ltr'><strong>fuerit</strong></span> <span class='ocrx_word' id='word_1_787' title='bbox 3596 3747 3823 3805; x_wconf 77' lang='lat' dir='ltr'><strong>sequutus.</strong></span> 
     </span>
    </p>
   </div>
   <div class='ocr_carea' id='block_1_96' title="bbox 2300 3824 3827 3895">
    <p class='ocr_par' dir='ltr' id='par_1_96' title="bbox 2300 3824 3827 3895">
     <span class='ocr_line' id='line_1_96' title="bbox 2300 3824 3827 3895; baseline 0.001 -19"><span class='ocrx_word' id='word_1_788' title='bbox 2300 3839 2403 3876; x_wconf 86' lang='lat' dir='ltr'><strong>non</strong></span> <span class='ocrx_word' id='word_1_789' title='bbox 2429 3833 2500 3877; x_wconf 89' lang='lat' dir='ltr'><strong>est</strong></span> <span class='ocrx_word' id='word_1_790' title='bbox 2530 3839 2608 3878; x_wconf 84' lang='lat' dir='ltr'><strong>me</strong></span> <span class='ocrx_word' id='word_1_791' title='bbox 2636 3824 2818 3894; x_wconf 86' lang='lat' dir='ltr'><strong>dignus</strong></span> <span class='ocrx_word' id='word_1_792' title='bbox 2845 3824 2863 3893; x_wconf 90' lang='lat'>(</span> <span class='ocrx_word' id='word_1_793' title='bbox 2888 3824 3073 3877; x_wconf 79' lang='lat' dir='ltr'><strong>Matth.</strong></span> <span class='ocrx_word' id='word_1_794' title='bbox 3108 3826 3173 3880; x_wconf 84' lang='grc'><strong>10</strong></span> <span class='ocrx_word' id='word_1_795' title='bbox 3222 3828 3289 3880; x_wconf 73' lang='grc'><strong>58</strong></span> <span class='ocrx_word' id='word_1_796' title='bbox 3316 3825 3358 3895; x_wconf 91' lang='grc'><strong>).</strong></span> <span class='ocrx_word' id='word_1_797' title='bbox 3390 3825 3495 3892; x_wconf 83' lang='lat' dir='ltr'><strong>Qui</strong></span> <span class='ocrx_word' id='word_1_798' title='bbox 3520 3843 3618 3881; x_wconf 86' lang='lat' dir='ltr'><strong>non</strong></span> <span class='ocrx_word' id='word_1_799' title='bbox 3639 3827 3827 3881; x_wconf 80' lang='lat' dir='ltr'><strong>oditani-</strong></span> 
     </span>
    </p>
   </div>
   <div class='ocr_carea' id='block_1_97' title="bbox 2276 3917 3826 3991">
    <p class='ocr_par' dir='ltr' id='par_1_97' title="bbox 2276 3917 3826 3991">
     <span class='ocr_line' id='line_1_97' title="bbox 2276 3917 3826 3991; baseline -0.002 -23"><span class='ocrx_word' id='word_1_800' title='bbox 2276 3931 2435 3991; x_wconf 19' lang='lat' dir='ltr'><strong>‘ntam</strong></span> <span class='ocrx_word' id='word_1_801' title='bbox 2474 3932 2617 3969; x_wconf 86' lang='lat' dir='ltr'><strong>suam</strong></span> <span class='ocrx_word' id='word_1_802' title='bbox 2641 3955 2657 3979; x_wconf 96' lang='lat'><strong>,</strong></span> <span class='ocrx_word' id='word_1_803' title='bbox 2684 3931 2784 3968; x_wconf 83' lang='lat' dir='ltr'><strong>nou</strong></span> <span class='ocrx_word' id='word_1_804' title='bbox 2814 3918 3027 3969; x_wconf 84' lang='lat' dir='ltr'><strong>inveniet</strong></span> <span class='ocrx_word' id='word_1_805' title='bbox 3055 3933 3203 3980; x_wconf 85' lang='lat' dir='ltr'><strong>eaut;</strong></span> <span class='ocrx_word' id='word_1_806' title='bbox 3232 3930 3279 3971; x_wconf 86' lang='lat' dir='ltr'><strong>et</strong></span> <span class='ocrx_word' id='word_1_807' title='bbox 3317 3958 3331 3979; x_wconf 95' lang='lat'><strong>,</strong></span> <span class='ocrx_word' id='word_1_808' title='bbox 3365 3917 3470 3984; x_wconf 82' lang='lat' dir='ltr'><strong>Qui</strong></span> <span class='ocrx_word' id='word_1_809' title='bbox 3501 3935 3600 3972; x_wconf 86' lang='lat' dir='ltr'><strong>non</strong></span> <span class='ocrx_word' id='word_1_810' title='bbox 3626 3918 3826 3971; x_wconf 79' lang='lat' dir='ltr'><strong>renuntiat</strong></span> 
     </span>
    </p>
   </div>
   <div class='ocr_carea' id='block_1_98' title="bbox 2301 4006 3827 4079">
    <p class='ocr_par' dir='ltr' id='par_1_98' title="bbox 2301 4006 3827 4079">
     <span class='ocr_line' id='line_1_98' title="bbox 2301 4006 3827 4079; baseline -0.001 -20"><span class='ocrx_word' id='word_1_811' title='bbox 2301 4006 2532 4059; x_wconf 86' lang='lat' dir='ltr'><strong>omnibus</strong></span> <span class='ocrx_word' id='word_1_812' title='bbox 2562 4007 2703 4059; x_wconf 80' lang='lat' dir='ltr'><strong>bonis</strong></span> <span class='ocrx_word' id='word_1_813' title='bbox 2737 4006 2842 4060; x_wconf 84' lang='lat' dir='ltr'><strong>suis</strong></span> <span class='ocrx_word' id='word_1_814' title='bbox 2865 4046 2882 4073; x_wconf 92' lang='lat'><strong>,</strong></span> <span class='ocrx_word' id='word_1_815' title='bbox 2910 4016 2957 4060; x_wconf 90' lang='lat' dir='ltr'><strong>et</strong></span> <span class='ocrx_word' id='word_1_816' title='bbox 2986 4023 3066 4060; x_wconf 85' lang='lat' dir='ltr'><strong>me</strong></span> <span class='ocrx_word' id='word_1_817' title='bbox 3091 4009 3316 4075; x_wconf 84' lang='lat' dir='ltr'><strong>sequitur</strong></span> <span class='ocrx_word' id='word_1_818' title='bbox 3334 4049 3349 4072; x_wconf 95' lang='lat'><strong>,</strong></span> <span class='ocrx_word' id='word_1_819' title='bbox 3372 4025 3477 4063; x_wconf 82' lang='lat' dir='ltr'><strong>non</strong></span> <span class='ocrx_word' id='word_1_820' title='bbox 3504 4019 3575 4063; x_wconf 85' lang='lat' dir='ltr'><strong>est</strong></span> <span class='ocrx_word' id='word_1_821' title='bbox 3604 4024 3675 4063; x_wconf 89' lang='lat' dir='ltr'><strong>me</strong></span> <span class='ocrx_word' id='word_1_822' title='bbox 3690 4009 3827 4079; x_wconf 68' lang='lat' dir='ltr'><strong>digus:</strong></span> 
     </span>
    </p>
   </div>
   <div class='ocr_carea' id='block_1_99' title="bbox 2304 4095 3826 4171">
    <p class='ocr_par' dir='ltr' id='par_1_99' title="bbox 2304 4095 3826 4171">
     <span class='ocr_line' id='line_1_99' title="bbox 2304 4095 3826 4171; baseline 0 -22"><span class='ocrx_word' id='word_1_823' title='bbox 2304 4095 2455 4166; x_wconf 89' lang='lat' dir='ltr'><strong>(Luc.</strong></span> <span class='ocrx_word' id='word_1_824' title='bbox 2481 4098 2567 4152; x_wconf 76' lang='grc'><strong>14.</strong></span> <span class='ocrx_word' id='word_1_825' title='bbox 2598 4096 2690 4152; x_wconf 71' lang='lat'><strong>26.</strong></span> <span class='ocrx_word' id='word_1_826' title='bbox 2705 4107 2750 4151; x_wconf 90' lang='lat' dir='ltr'><strong>et</strong></span> <span class='ocrx_word' id='word_1_827' title='bbox 2778 4098 2868 4167; x_wconf 75' lang='lat'><strong>33)</strong></span> <span class='ocrx_word' id='word_1_828' title='bbox 2892 4114 2907 4162; x_wconf 89' lang='lat'><strong>;</strong></span> <span class='ocrx_word' id='word_1_829' title='bbox 2938 4108 2993 4153; x_wconf 90' lang='lat' dir='ltr'><strong>ct</strong></span> <span class='ocrx_word' id='word_1_830' title='bbox 3014 4114 3199 4169; x_wconf 71' lang='lat' dir='ltr'><strong>rursus</strong></span> <span class='ocrx_word' id='word_1_831' title='bbox 3219 4115 3231 4151; x_wconf 91' lang='lat'><strong>:</strong></span> <span class='ocrx_word' id='word_1_832' title='bbox 3253 4099 3381 4152; x_wconf 79' lang='lat' dir='ltr'><strong>Ante</strong></span> <span class='ocrx_word' id='word_1_833' title='bbox 3400 4117 3546 4171; x_wconf 89' lang='lat' dir='ltr'><strong>reges</strong></span> <span class='ocrx_word' id='word_1_834' title='bbox 3570 4111 3611 4155; x_wconf 85' lang='lat' dir='ltr'><strong>et</strong></span> <span class='ocrx_word' id='word_1_835' title='bbox 3638 4100 3826 4170; x_wconf 62' lang='lat' dir='ltr'><strong>preside:</strong></span> 
     </span>
    </p>
   </div>
   <div class='ocr_carea' id='block_1_100' title="bbox 2302 4187 3825 4257">
    <p class='ocr_par' dir='ltr' id='par_1_100' title="bbox 2302 4187 3825 4257">
     <span class='ocr_line' id='line_1_100' title="bbox 2302 4187 3825 4257; baseline 0.001 -18"><span class='ocrx_word' id='word_1_836' title='bbox 2302 4187 2555 4241; x_wconf 86' lang='lat' dir='ltr'><strong>ducemini</strong></span> <span class='ocrx_word' id='word_1_837' title='bbox 2584 4199 2794 4257; x_wconf 81' lang='lat' dir='ltr'><strong>propter</strong></span> <span class='ocrx_word' id='word_1_838' title='bbox 2824 4204 2935 4253; x_wconf 82' lang='lat' dir='ltr'><strong>me;</strong></span> <span class='ocrx_word' id='word_1_839' title='bbox 2972 4199 3026 4244; x_wconf 90' lang='lat' dir='ltr'><strong>et</strong></span> <span class='ocrx_word' id='word_1_840' title='bbox 3056 4192 3241 4245; x_wconf 64' lang='lat' dir='ltr'><strong>rurats</strong></span> <span class='ocrx_word' id='word_1_841' title='bbox 3264 4230 3278 4252; x_wconf 94' lang='lat'><strong>,</strong></span> <span class='ocrx_word' id='word_1_842' title='bbox 3318 4189 3529 4244; x_wconf 83' lang='lat' dir='ltr'><strong>Inimici</strong></span> <span class='ocrx_word' id='word_1_843' title='bbox 3554 4190 3747 4245; x_wconf 85' lang='lat' dir='ltr'><strong>hominis</strong></span> <span class='ocrx_word' id='word_1_844' title='bbox 3762 4190 3825 4240; x_wconf 77' lang='lat' dir='ltr'><strong>do-</strong></span> 
     </span>
    </p>
   </div>
   <div class='ocr_carea' id='block_1_101' title="bbox 2302 4280 3824 4352">
    <p class='ocr_par' dir='ltr' id='par_1_101' title="bbox 2302 4280 3824 4352">
     <span class='ocr_line' id='line_1_101' title="bbox 2302 4280 3824 4352; baseline 0 -17"><span class='ocrx_word' id='word_1_845' title='bbox 2302 4282 2496 4335; x_wconf 85' lang='lat' dir='ltr'><strong>mestici</strong></span> <span class='ocrx_word' id='word_1_846' title='bbox 2519 4283 2627 4352; x_wconf 86' lang='lat' dir='ltr'><strong>ejus</strong></span> <span class='ocrx_word' id='word_1_847' title='bbox 2654 4280 2863 4351; x_wconf 78' lang='lat' dir='ltr'><strong>(Matth.</strong></span> <span class='ocrx_word' id='word_1_848' title='bbox 2895 4282 2977 4337; x_wconf 85' lang='lat' dir='ltr'><strong>l0.</strong></span> <span class='ocrx_word' id='word_1_849' title='bbox 3014 4282 3082 4337; x_wconf 89' lang='grc'><strong>18</strong></span> <span class='ocrx_word' id='word_1_850' title='bbox 3107 4291 3151 4336; x_wconf 85' lang='lat' dir='ltr'><strong>et</strong></span> <span class='ocrx_word' id='word_1_851' title='bbox 3172 4282 3240 4338; x_wconf 78' lang='lat'><strong>36</strong></span> <span class='ocrx_word' id='word_1_852' title='bbox 3266 4282 3306 4351; x_wconf 93' lang='lat'><strong>).</strong></span> <span class='ocrx_word' id='word_1_853' title='bbox 3329 4281 3397 4337; x_wconf 86' lang='lat' dir='ltr'><strong>Et</strong></span> <span class='ocrx_word' id='word_1_854' title='bbox 3416 4283 3635 4337; x_wconf 73' lang='lat' dir='ltr'><strong>afﬂictio</strong></span> <span class='ocrx_word' id='word_1_855' title='bbox 3659 4282 3731 4336; x_wconf 88' lang='lat' dir='ltr'><strong>hic</strong></span> <span class='ocrx_word' id='word_1_856' title='bbox 3752 4290 3824 4341; x_wconf 64' lang='lat' dir='ltr'><strong>est.</strong></span> 
     </span>
    </p>
   </div>
   <div class='ocr_carea' id='block_1_102' title="bbox 2302 4370 3823 4442">
    <p class='ocr_par' dir='ltr' id='par_1_102' title="bbox 2302 4370 3823 4442">
     <span class='ocr_line' id='line_1_102' title="bbox 2302 4370 3823 4442; baseline -0.005 -15"><span class='ocrx_word' id='word_1_857' title='bbox 2302 4374 2455 4442; x_wconf 83' lang='lat' dir='ltr'><strong>quies</strong></span> <span class='ocrx_word' id='word_1_858' title='bbox 2481 4381 2656 4427; x_wconf 86' lang='lat' dir='ltr'><strong>autem</strong></span> <span class='ocrx_word' id='word_1_859' title='bbox 2686 4382 2742 4428; x_wconf 89' lang='lat' dir='ltr'><strong>et</strong></span> <span class='ocrx_word' id='word_1_860' title='bbox 2769 4373 3015 4428; x_wconf 90' lang='lat' dir='ltr'><strong>remissio</strong></span> <span class='ocrx_word' id='word_1_861' title='bbox 3043 4372 3153 4427; x_wconf 92' lang='lat' dir='ltr'><strong>illic</strong></span> <span class='ocrx_word' id='word_1_862' title='bbox 3176 4380 3261 4428; x_wconf 91' lang='lat' dir='ltr'><strong>cst</strong></span> <span class='ocrx_word' id='word_1_863' title='bbox 3288 4413 3303 4437; x_wconf 92' lang='lat'><strong>,</strong></span> <span class='ocrx_word' id='word_1_864' title='bbox 3353 4389 3551 4442; x_wconf 83' lang='lat' dir='ltr'><strong>nempe</strong></span> <span class='ocrx_word' id='word_1_865' title='bbox 3579 4375 3627 4427; x_wconf 89' lang='lat' dir='ltr'><strong>in</strong></span> <span class='ocrx_word' id='word_1_866' title='bbox 3654 4374 3742 4426; x_wconf 84' lang='lat' dir='ltr'><strong>vita</strong></span> <span class='ocrx_word' id='word_1_867' title='bbox 3767 4370 3823 4422; x_wconf 86' lang='lat' dir='ltr'><strong>fu-</strong></span> 
     </span>
    </p>
   </div>
   <div class='ocr_carea' id='block_1_103' title="bbox 2306 4460 3824 4532">
    <p class='ocr_par' dir='ltr' id='par_1_103' title="bbox 2306 4460 3824 4532">
     <span class='ocr_line' id='line_1_103' title="bbox 2306 4460 3824 4532; baseline -0.002 -17"><span class='ocrx_word' id='word_1_868' title='bbox 2306 4472 2443 4515; x_wconf 90' lang='lat' dir='ltr'><strong>tura.</strong></span> <span class='ocrx_word' id='word_1_869' title='bbox 2498 4460 2552 4514; x_wconf 91' lang='lat' dir='ltr'><strong>In</strong></span> <span class='ocrx_word' id='word_1_870' title='bbox 2602 4460 2868 4515; x_wconf 87' lang='lat' dir='ltr'><strong>Abraham</strong></span> <span class='ocrx_word' id='word_1_871' title='bbox 2914 4470 3095 4517; x_wconf 90' lang='lat' dir='ltr'><strong>autem</strong></span> <span class='ocrx_word' id='word_1_872' title='bbox 3134 4470 3321 4516; x_wconf 91' lang='lat' dir='ltr'><strong>contra</strong></span> <span class='ocrx_word' id='word_1_873' title='bbox 3354 4463 3673 4532; x_wconf 84' lang='lat' dir='ltr'><strong>:jubcbatur</strong></span> <span class='ocrx_word' id='word_1_874' title='bbox 3699 4463 3824 4513; x_wconf 77' lang='lat' dir='ltr'><strong>facere</strong></span> 
     </span>
    </p>
   </div>
   <div class='ocr_carea' id='block_1_104' title="bbox 2305 4552 3825 4622">
    <p class='ocr_par' dir='ltr' id='par_1_104' title="bbox 2305 4552 3825 4622">
     <span class='ocr_line' id='line_1_104' title="bbox 2305 4552 3825 4622; baseline -0.005 -15"><span class='ocrx_word' id='word_1_875' title='bbox 2305 4554 2572 4608; x_wconf 85' lang='lat' dir='ltr'><strong>contraria</strong></span> <span class='ocrx_word' id='word_1_876' title='bbox 2604 4552 3049 4622; x_wconf 84' lang='lat' dir='ltr'><strong>promissionihus</strong></span> <span class='ocrx_word' id='word_1_877' title='bbox 3073 4594 3086 4616; x_wconf 93' lang='lat'><strong>,</strong></span> <span class='ocrx_word' id='word_1_878' title='bbox 3117 4561 3171 4607; x_wconf 91' lang='lat' dir='ltr'><strong>et</strong></span> <span class='ocrx_word' id='word_1_879' title='bbox 3200 4568 3267 4608; x_wconf 88' lang='lat' dir='ltr'><strong>ne</strong></span> <span class='ocrx_word' id='word_1_880' title='bbox 3295 4552 3374 4608; x_wconf 84' lang='lat' dir='ltr'><strong>sic</strong></span> <span class='ocrx_word' id='word_1_881' title='bbox 3394 4554 3609 4622; x_wconf 85' lang='lat' dir='ltr'><strong>quidem</strong></span> <span class='ocrx_word' id='word_1_882' title='bbox 3640 4553 3825 4606; x_wconf 80' lang='lat' dir='ltr'><strong>turbatus</strong></span> 
     </span>
    </p>
   </div>
   <div class='ocr_carea' id='block_1_105' title="bbox 2306 4643 3821 4715">
    <p class='ocr_par' dir='ltr' id='par_1_105' title="bbox 2306 4643 3821 4715">
     <span class='ocr_line' id='line_1_105' title="bbox 2306 4643 3821 4715; baseline -0.005 -14"><span class='ocrx_word' id='word_1_883' title='bbox 2306 4656 2387 4701; x_wconf 88' lang='lat' dir='ltr'><strong>cst</strong></span> <span class='ocrx_word' id='word_1_884' title='bbox 2413 4661 2586 4715; x_wconf 89' lang='lat' dir='ltr'><strong>neque</strong></span> <span class='ocrx_word' id='word_1_885' title='bbox 2611 4645 2890 4713; x_wconf 86' lang='lat' dir='ltr'><strong>caligavit,</strong></span> <span class='ocrx_word' id='word_1_886' title='bbox 2925 4658 3098 4713; x_wconf 89' lang='lat' dir='ltr'><strong>neque</strong></span> <span class='ocrx_word' id='word_1_887' title='bbox 3127 4644 3463 4699; x_wconf 78' lang='lat' dir='ltr'><strong>existimavit</strong></span> <span class='ocrx_word' id='word_1_888' title='bbox 3491 4661 3551 4700; x_wconf 90' lang='lat' dir='ltr'><strong>se</strong></span> <span class='ocrx_word' id='word_1_889' title='bbox 3578 4660 3687 4699; x_wconf 86' lang='lat' dir='ltr'><strong>esse</strong></span> <span class='ocrx_word' id='word_1_890' title='bbox 3704 4643 3821 4697; x_wconf 70' lang='lat' dir='ltr'><strong>dect--</strong></span> 
     </span>
    </p>
   </div>
   <div class='ocr_carea' id='block_1_106' title="bbox 2306 4732 3823 4806">
    <p class='ocr_par' dir='ltr' id='par_1_106' title="bbox 2306 4732 3823 4806">
     <span class='ocr_line' id='line_1_106' title="bbox 2306 4732 3823 4806; baseline -0.005 -16"><span class='ocrx_word' id='word_1_891' title='bbox 2306 4746 2452 4806; x_wconf 89' lang='lat' dir='ltr'><strong>ptum</strong></span> <span class='ocrx_word' id='word_1_892' title='bbox 2482 4754 2494 4789; x_wconf 97' lang='lat'><strong>:</strong></span> <span class='ocrx_word' id='word_1_893' title='bbox 2522 4750 2617 4788; x_wconf 89' lang='lat' dir='ltr'><strong>vos</strong></span> <span class='ocrx_word' id='word_1_894' title='bbox 2638 4743 2815 4789; x_wconf 88' lang='lat' dir='ltr'><strong>autem</strong></span> <span class='ocrx_word' id='word_1_895' title='bbox 2847 4732 2980 4787; x_wconf 87' lang='lat' dir='ltr'><strong>nihil</strong></span> <span class='ocrx_word' id='word_1_896' title='bbox 3004 4734 3284 4789; x_wconf 89' lang='lat' dir='ltr'><strong>sustinetis</strong></span> <span class='ocrx_word' id='word_1_897' title='bbox 3308 4735 3451 4803; x_wconf 91' lang='lat' dir='ltr'><strong>quod</strong></span> <span class='ocrx_word' id='word_1_898' title='bbox 3483 4736 3555 4789; x_wconf 91' lang='lat' dir='ltr'><strong>sit</strong></span> <span class='ocrx_word' id='word_1_899' title='bbox 3575 4745 3711 4788; x_wconf 80' lang='lat' dir='ltr'><strong>extra</strong></span> <span class='ocrx_word' id='word_1_900' title='bbox 3737 4746 3823 4801; x_wconf 74' lang='lat' dir='ltr'><strong>pm</strong></span> 
     </span>
    </p>
   </div>
   <div class='ocr_carea' id='block_1_107' title="bbox 2308 4824 3823 4890">
    <p class='ocr_par' dir='ltr' id='par_1_107' title="bbox 2308 4824 3823 4890">
     <span class='ocr_line' id='line_1_107' title="bbox 2308 4824 3823 4890; baseline -0.006 -7"><span class='ocrx_word' id='word_1_901' title='bbox 2308 4827 2617 4883; x_wconf 89' lang='lat' dir='ltr'><strong>missionem</strong></span> <span class='ocrx_word' id='word_1_902' title='bbox 2652 4866 2667 4890; x_wconf 91' lang='lat'><strong>,</strong></span> <span class='ocrx_word' id='word_1_903' title='bbox 2721 4834 2777 4881; x_wconf 91' lang='lat' dir='ltr'><strong>et</strong></span> <span class='ocrx_word' id='word_1_904' title='bbox 2832 4824 3142 4879; x_wconf 88' lang='lat' dir='ltr'><strong>turbamini.</strong></span> <span class='ocrx_word' id='word_1_905' title='bbox 3198 4825 3293 4880; x_wconf 89' lang='lat' dir='ltr'><strong>Ille</strong></span> <span class='ocrx_word' id='word_1_906' title='bbox 3361 4825 3566 4881; x_wconf 85' lang='lat' dir='ltr'><strong>audivit</strong></span> <span class='ocrx_word' id='word_1_907' title='bbox 3616 4824 3823 4881; x_wconf 78' lang='lat' dir='ltr'><strong>contraria</strong></span> 
     </span>
    </p>
   </div>
   <div class='ocr_carea' id='block_1_108' title="bbox 2310 4916 3823 4989">
    <p class='ocr_par' dir='ltr' id='par_1_108' title="bbox 2310 4916 3823 4989">
     <span class='ocr_line' id='line_1_108' title="bbox 2310 4916 3823 4989; baseline -0.004 -16"><span class='ocrx_word' id='word_1_908' title='bbox 2310 4919 2590 4989; x_wconf 88' lang='lat' dir='ltr'><strong>promissis</strong></span> <span class='ocrx_word' id='word_1_909' title='bbox 2618 4916 2685 4972; x_wconf 89' lang='lat' dir='ltr'><strong>ab</strong></span> <span class='ocrx_word' id='word_1_910' title='bbox 2708 4931 2776 4972; x_wconf 92' lang='lat' dir='ltr'><strong>eo</strong></span> <span class='ocrx_word' id='word_1_911' title='bbox 2805 4918 2921 4986; x_wconf 92' lang='lat' dir='ltr'><strong>ipso</strong></span> <span class='ocrx_word' id='word_1_912' title='bbox 2950 4917 3039 4987; x_wconf 90' lang='lat' dir='ltr'><strong>qui</strong></span> <span class='ocrx_word' id='word_1_913' title='bbox 3066 4926 3185 4972; x_wconf 88' lang='lat' dir='ltr'><strong>erat</strong></span> <span class='ocrx_word' id='word_1_914' title='bbox 3206 4918 3471 4986; x_wconf 90' lang='lat' dir='ltr'><strong>pollicitus</strong></span> <span class='ocrx_word' id='word_1_915' title='bbox 3498 4961 3514 4985; x_wconf 96' lang='lat'><strong>,</strong></span> <span class='ocrx_word' id='word_1_916' title='bbox 3548 4930 3602 4975; x_wconf 89' lang='lat' dir='ltr'><strong>et</strong></span> <span class='ocrx_word' id='word_1_917' title='bbox 3632 4935 3723 4973; x_wconf 90' lang='lat' dir='ltr'><strong>non</strong></span> <span class='ocrx_word' id='word_1_918' title='bbox 3745 4928 3823 4968; x_wconf 82' lang='lat' dir='ltr'><strong>tur-</strong></span> 
     </span>
    </p>
   </div>
   <div class='ocr_carea' id='block_1_109' title="bbox 2310 5005 3823 5077">
    <p class='ocr_par' dir='ltr' id='par_1_109' title="bbox 2310 5005 3823 5077">
     <span class='ocr_line' id='line_1_109' title="bbox 2310 5005 3823 5077; baseline -0.007 -11"><span class='ocrx_word' id='word_1_919' title='bbox 2310 5010 2572 5073; x_wconf 87' lang='lat' dir='ltr'><strong>babatur,</strong></span> <span class='ocrx_word' id='word_1_920' title='bbox 2620 5008 2715 5063; x_wconf 90' lang='lat' dir='ltr'><strong>sed</strong></span> <span class='ocrx_word' id='word_1_921' title='bbox 2758 5023 2821 5063; x_wconf 85' lang='lat' dir='ltr'><strong>ea</strong></span> <span class='ocrx_word' id='word_1_922' title='bbox 2876 5005 3106 5062; x_wconf 88' lang='lat' dir='ltr'><strong>faciebat</strong></span> <span class='ocrx_word' id='word_1_923' title='bbox 3149 5017 3417 5077; x_wconf 88' lang='lat' dir='ltr'><strong>tamquam</strong></span> <span class='ocrx_word' id='word_1_924' title='bbox 3466 5008 3823 5063; x_wconf 64' lang='lat' dir='ltr'><strong>convenientia:</strong></span> 
     </span>
    </p>
   </div>
   <div class='ocr_carea' id='block_1_110' title="bbox 2316 5096 3826 5169">
    <p class='ocr_par' dir='ltr' id='par_1_110' title="bbox 2316 5096 3826 5169">
     <span class='ocr_line' id='line_1_110' title="bbox 2316 5096 3826 5169; baseline -0.01 -12"><span class='ocrx_word' id='word_1_925' title='bbox 2316 5108 2470 5156; x_wconf 88' lang='lat' dir='ltr'><strong>erant</strong></span> <span class='ocrx_word' id='word_1_926' title='bbox 2495 5098 2637 5154; x_wconf 91' lang='lat' dir='ltr'><strong>enim</strong></span> <span class='ocrx_word' id='word_1_927' title='bbox 2658 5097 3028 5154; x_wconf 88' lang='lat' dir='ltr'><strong>convenientia</strong></span> <span class='ocrx_word' id='word_1_928' title='bbox 3057 5115 3069 5150; x_wconf 92' lang='lat'><strong>:</strong></span> <span class='ocrx_word' id='word_1_929' title='bbox 3101 5099 3367 5153; x_wconf 87' lang='lat' dir='ltr'><strong>contraria</strong></span> <span class='ocrx_word' id='word_1_930' title='bbox 3402 5100 3611 5169; x_wconf 86' lang='lat' dir='ltr'><strong>quidem</strong></span> <span class='ocrx_word' id='word_1_931' title='bbox 3636 5096 3826 5151; x_wconf 72' lang='lat' dir='ltr'><strong>humanis</strong></span> 
     </span>
    </p>
   </div>
   <div class='ocr_carea' id='block_1_111' title="bbox 2316 5193 3828 5276">
    <p class='ocr_par' dir='ltr' id='par_1_111' title="bbox 2316 5193 3828 5276">
     <span class='ocr_line' id='line_1_111' title="bbox 2316 5193 3828 5276; baseline -0.009 -10"><span class='ocrx_word' id='word_1_932' title='bbox 2316 5209 2629 5276; x_wconf 84' lang='lat' dir='ltr'><strong>rationibus,</strong></span> <span class='ocrx_word' id='word_1_933' title='bbox 2655 5204 3027 5263; x_wconf 87' lang='lat' dir='ltr'><strong>convenientia</strong></span> <span class='ocrx_word' id='word_1_934' title='bbox 3052 5213 3230 5259; x_wconf 90' lang='lat' dir='ltr'><strong>autem</strong></span> <span class='ocrx_word' id='word_1_935' title='bbox 3253 5218 3323 5258; x_wconf 77' lang='lat' dir='ltr'><strong>ex</strong></span> <span class='ocrx_word' id='word_1_936' title='bbox 3354 5202 3454 5258; x_wconf 87' lang='lat' dir='ltr'><strong>fide</strong></span> <span class='ocrx_word' id='word_1_937' title='bbox 3482 5244 3495 5256; x_wconf 92' lang='lat'><strong>.</strong></span> <span class='ocrx_word' id='word_1_938' title='bbox 3526 5210 3581 5257; x_wconf 91' lang='lat' dir='ltr'><strong>et</strong></span> <span class='ocrx_word' id='word_1_939' title='bbox 3600 5193 3828 5270; x_wconf 61' lang='lat' dir='ltr'><strong>quomodo.</strong></span> 
     </span>
    </p>
   </div>
   <div class='ocr_carea' id='block_1_112' title="bbox 2320 5288 3829 5373">
    <p class='ocr_par' dir='ltr' id='par_1_112' title="bbox 2320 5288 3829 5373">
     <span class='ocr_line' id='line_1_112' title="bbox 2320 5288 3829 5373; baseline -0.017 -16"><span class='ocrx_word' id='word_1_940' title='bbox 2320 5304 2433 5373; x_wconf 78' lang='lat' dir='ltr'><strong>ipse</strong></span> <span class='ocrx_word' id='word_1_941' title='bbox 2447 5301 2738 5371; x_wconf 86' lang='lat' dir='ltr'><strong>Apostolus</strong></span> <span class='ocrx_word' id='word_1_942' title='bbox 2762 5312 2860 5353; x_wconf 91' lang='lat' dir='ltr'><strong>nos</strong></span> <span class='ocrx_word' id='word_1_943' title='bbox 2888 5296 3108 5362; x_wconf 89' lang='lat' dir='ltr'><strong>docuit,</strong></span> <span class='ocrx_word' id='word_1_944' title='bbox 3138 5294 3324 5349; x_wconf 88' lang='lat' dir='ltr'><strong>dicens</strong></span> <span class='ocrx_word' id='word_1_945' title='bbox 3355 5312 3369 5347; x_wconf 94' lang='lat'><strong>:</strong></span> <span class='ocrx_word' id='word_1_946' title='bbox 3402 5294 3657 5347; x_wconf 72' lang='lat' dir='ltr'><strong>Arbitrum</strong></span> <span class='ocrx_word' id='word_1_947' title='bbox 3673 5288 3779 5357; x_wconf 79' lang='lat' dir='ltr'><strong>quod</strong></span> <span class='ocrx_word' id='word_1_948' title='bbox 3797 5290 3829 5332; x_wconf 69' lang='lat' dir='ltr'><strong>tt</strong></span> 
     </span>
    </p>
   </div>
   <div class='ocr_carea' id='block_1_113' title="bbox 2317 5377 3825 5457">
    <p class='ocr_par' dir='ltr' id='par_1_113' title="bbox 2317 5377 3825 5457">
     <span class='ocr_line' id='line_1_113' title="bbox 2317 5377 3825 5457; baseline -0.011 -10"><span class='ocrx_word' id='word_1_949' title='bbox 2317 5411 2350 5447; x_wconf 89' lang='lat' dir='ltr'><strong>a</strong></span> <span class='ocrx_word' id='word_1_950' title='bbox 2375 5392 2583 5447; x_wconf 87' lang='lat' dir='ltr'><strong>mortuis</strong></span> <span class='ocrx_word' id='word_1_951' title='bbox 2610 5391 2856 5445; x_wconf 86' lang='lat' dir='ltr'><strong>suscitare</strong></span> <span class='ocrx_word' id='word_1_952' title='bbox 2884 5398 3059 5457; x_wconf 80' lang='lat' dir='ltr'><strong>potem</strong></span> <span class='ocrx_word' id='word_1_953' title='bbox 3080 5397 3154 5441; x_wconf 80' lang='lat' dir='ltr'><strong>est</strong></span> <span class='ocrx_word' id='word_1_954' title='bbox 3182 5385 3335 5439; x_wconf 88' lang='lat' dir='ltr'><strong>Deus.</strong></span> <span class='ocrx_word' id='word_1_955' title='bbox 3361 5384 3418 5440; x_wconf 82' lang='lat' dir='ltr'><strong>Id</strong></span> <span class='ocrx_word' id='word_1_956' title='bbox 3440 5392 3550 5439; x_wconf 86' lang='lat' dir='ltr'><strong>est:</strong></span> <span class='ocrx_word' id='word_1_957' title='bbox 3574 5382 3645 5436; x_wconf 77' lang='lat' dir='ltr'><strong>Ex</strong></span> <span class='ocrx_word' id='word_1_958' title='bbox 3669 5377 3825 5433; x_wconf 79' lang='lat' dir='ltr'><strong>eadem.</strong></span> 
     </span>
    </p>
   </div>
   <div class='ocr_carea' id='block_1_114' title="bbox 2320 5467 3825 5554">
    <p class='ocr_par' dir='ltr' id='par_1_114' title="bbox 2320 5467 3825 5554">
     <span class='ocr_line' id='line_1_114' title="bbox 2320 5467 3825 5554; baseline -0.013 -15"><span class='ocrx_word' id='word_1_959' title='bbox 2320 5488 2520 5554; x_wconf 86' lang='lat' dir='ltr'><strong>inquit,</strong></span> <span class='ocrx_word' id='word_1_960' title='bbox 2554 5480 2655 5536; x_wconf 81' lang='lat' dir='ltr'><strong>title</strong></span> <span class='ocrx_word' id='word_1_961' title='bbox 2676 5496 2778 5551; x_wconf 91' lang='lat' dir='ltr'><strong>qua</strong></span> <span class='ocrx_word' id='word_1_962' title='bbox 2806 5478 3033 5535; x_wconf 91' lang='lat' dir='ltr'><strong>credidit</strong></span> <span class='ocrx_word' id='word_1_963' title='bbox 3061 5476 3203 5548; x_wconf 88' lang='lat' dir='ltr'><strong>quod</strong></span> <span class='ocrx_word' id='word_1_964' title='bbox 3230 5476 3523 5531; x_wconf 88' lang='lat' dir='ltr'><strong>donaturus</strong></span> <span class='ocrx_word' id='word_1_965' title='bbox 3549 5480 3682 5528; x_wconf 84' lang='lat' dir='ltr'><strong>esset</strong></span> <span class='ocrx_word' id='word_1_966' title='bbox 3705 5467 3825 5521; x_wconf 65' lang='lat' dir='ltr'><strong>filius&quot;</strong></span> 
     </span>
    </p>
   </div>
   <div class='ocr_carea' id='block_1_115' title="bbox 2318 5562 3825 5646">
    <p class='ocr_par' dir='ltr' id='par_1_115' title="bbox 2318 5562 3825 5646">
     <span class='ocr_line' id='line_1_115' title="bbox 2318 5562 3825 5646; baseline -0.012 -20"><span class='ocrx_word' id='word_1_967' title='bbox 2318 5575 2407 5646; x_wconf 83' lang='lat' dir='ltr'><strong>qui</strong></span> <span class='ocrx_word' id='word_1_968' title='bbox 2439 5588 2542 5628; x_wconf 93' lang='lat' dir='ltr'><strong>non</strong></span> <span class='ocrx_word' id='word_1_969' title='bbox 2564 5583 2699 5636; x_wconf 85' lang='lat' dir='ltr'><strong>erat,</strong></span> <span class='ocrx_word' id='word_1_970' title='bbox 2729 5586 2792 5626; x_wconf 83' lang='lat' dir='ltr'><strong>ex</strong></span> <span class='ocrx_word' id='word_1_971' title='bbox 2818 5569 3005 5625; x_wconf 87' lang='lat' dir='ltr'><strong>eadem</strong></span> <span class='ocrx_word' id='word_1_972' title='bbox 3035 5570 3195 5623; x_wconf 85' lang='lat' dir='ltr'><strong>etiam</strong></span> <span class='ocrx_word' id='word_1_973' title='bbox 3221 5576 3486 5621; x_wconf 88' lang='lat' dir='ltr'><strong>mortuum</strong></span> <span class='ocrx_word' id='word_1_974' title='bbox 3512 5562 3825 5618; x_wconf 83' lang='lat' dir='ltr'><strong>suscitaturum</strong></span> 
     </span>
    </p>
   </div>
   <div class='ocr_carea' id='block_1_116' title="bbox 2320 5656 3824 5735">
    <p class='ocr_par' dir='ltr' id='par_1_116' title="bbox 2320 5656 3824 5735">
     <span class='ocr_line' id='line_1_116' title="bbox 2320 5656 3824 5735; baseline -0.016 -14"><span class='ocrx_word' id='word_1_975' title='bbox 2320 5682 2439 5721; x_wconf 87' lang='lat' dir='ltr'><strong>esse</strong></span> <span class='ocrx_word' id='word_1_976' title='bbox 2461 5707 2475 5729; x_wconf 96' lang='lat'><strong>,</strong></span> <span class='ocrx_word' id='word_1_977' title='bbox 2508 5675 2557 5719; x_wconf 92' lang='lat' dir='ltr'><strong>ct</strong></span> <span class='ocrx_word' id='word_1_978' title='bbox 2591 5677 2900 5735; x_wconf 86' lang='lat' dir='ltr'><strong>persuasum</strong></span> <span class='ocrx_word' id='word_1_979' title='bbox 2933 5660 3118 5715; x_wconf 88' lang='lat' dir='ltr'><strong>habuit</strong></span> <span class='ocrx_word' id='word_1_980' title='bbox 3159 5658 3298 5726; x_wconf 88' lang='lat' dir='ltr'><strong>quod</strong></span> <span class='ocrx_word' id='word_1_981' title='bbox 3324 5666 3600 5711; x_wconf 87' lang='lat' dir='ltr'><strong>mactatum</strong></span> <span class='ocrx_word' id='word_1_982' title='bbox 3624 5660 3722 5706; x_wconf 78' lang='lat' dir='ltr'><strong>erat</strong></span> <span class='ocrx_word' id='word_1_983' title='bbox 3740 5656 3824 5697; x_wconf 79' lang='lat' dir='ltr'><strong>sus-</strong></span> 
     </span>
    </p>
   </div>
   <div class='ocr_carea' id='block_1_117' title="bbox 2321 5746 3821 5826">
    <p class='ocr_par' dir='ltr' id='par_1_117' title="bbox 2321 5746 3821 5826">
     <span class='ocr_line' id='line_1_117' title="bbox 2321 5746 3821 5826; baseline -0.017 -7"><span class='ocrx_word' id='word_1_984' title='bbox 2321 5766 2591 5819; x_wconf 85' lang='lat' dir='ltr'><strong>citaturus.</strong></span> <span class='ocrx_word' id='word_1_985' title='bbox 2615 5757 2745 5817; x_wconf 71' lang='lat' dir='ltr'><strong>Erat</strong></span> <span class='ocrx_word' id='word_1_986' title='bbox 2782 5755 2921 5822; x_wconf 80' lang='lat' dir='ltr'><strong>enim</strong></span> <span class='ocrx_word' id='word_1_987' title='bbox 2952 5768 3102 5826; x_wconf 70' lang='lat' dir='ltr'><strong>teque</strong></span> <span class='ocrx_word' id='word_1_988' title='bbox 3122 5751 3361 5817; x_wconf 86' lang='lat' dir='ltr'><strong>dubium,</strong></span> <span class='ocrx_word' id='word_1_989' title='bbox 3385 5751 3621 5811; x_wconf 85' lang='lat' dir='ltr'><strong>humana,</strong></span> <span class='ocrx_word' id='word_1_990' title='bbox 3644 5746 3821 5808; x_wconf 71' lang='lat' dir='ltr'><strong>inquam.</strong></span> 
     </span>
    </p>
   </div>
  </div>
