3988 6590
531 399 637 458 175

525 528 905 603 γεγηρακυίας
944 526 1033 579 καί
1070 523 1341 593 ἀχρήστου
1369 525 1466 596 ἤδη
1529 525 1902 601 γεγενημένης
1956 526 2091 595 πρὸς

527 613 871 670 παιδοποιίαν
898 610 1080 664 δοῦναι
1115 606 1346 674 παιδίον,
1379 610 1473 661 καὶ
1502 610 1907 679 σφαγιασθέντα
1967 611 2093 664 ἀνα-

530 702 729 769 στῆσαι
744 712 757 724 ο
778 694 1051 762 ἀλλ’ὄμως
1065 688 1310 744 ἐπείθετο
1330 704 1343 718 ⁶
1360 691 1716 760 προωδοποίει
1731 692 1839 763 γὰρ
1858 694 1892 762 ὴ
1911 692 2092 753 πίστις

525 785 559 851 ἡ
590 776 937 850 παρελθοῦσα
983 776 1097 837 τοῖς
1148 772 1454 843 μέλλουσιν.
1490 776 1697 840 Ἀλλως
1715 776 1772 830 δέ
1815 776 1911 829 καί⁹
1935 777 1964 828 6
1996 774 2094 844 μὲν

527 864 674 932 ἑώρα
692 861 756 913 τὰ
772 856 985 929 χρηστά
1000 856 1212 927 πρῶτα,
1227 856 1295 907 τὰ
1309 855 1366 909 δέ
1381 856 1619 928 δυσχερῆ
1644 857 1768 912 ὕστε
1780 875 1847 929 ρα
1864 858 2000 927 πρὸς
2016 856 2096 925 τῷ

526 946 695 1015 γήρα.
719 942 908 1010 Ὑμεῖς
935 938 990 991 δέ
1007 937 1338 1002 τούναντίον,
1363 939 1519 1009 φησὶ,
1539 939 1605 993 τὰ
1642 940 1741 1010 μὲν
1780 938 2085 1009 σκυθρωπὰ

527 1028 741 1099 πρῶτα,
773 1024 843 1078 τὰ
864 1023 919 1076 δὲ
949 1022 1162 1099 χρηστά
1190 1020 1496 1099 τελευταῖα.
1550 1021 1722 1077 Τοῦτο
1769 1021 1907 1090 πρὸς
1969 1022 2096 1099 τοὺς

527 1097 708 1175 λέγειν
732 1100 1067 1173 τολμῶντας,
1099 1097 1184 1153 ὃτι
1214 1099 1370 1152 Μετὰ
1393 1097 1621 1153 θάνατον
1673 1100 1803 1171 ἡμῖν
1830 1098 2095 1168 ἐπηγγεί-

526 1191 657 1244 λατο
682 1189 750 1241 τὰ
773 1184 973 1253 ἀγαθὰ,
999 1182 1279 1253 ἠπάτησεν
1302 1181 1430 1244 ἴσως
1459 1183 1628 1252 ἡμᾶς.
1661 1182 1946 1235 Δείκνυσιν
1969 1221 1983 1243 ,
2015 1183 2096 1234 ὅτι

528 1256 623 1327 καλ.
650 1273 713 1324 ἐκ
742 1265 952 1336 νεκρῶν
975 1264 1211 1334 ἐγείρειν
1240 1263 1462 1328 δυνατὸς
1489 1265 1516 1315 6
1550 1264 1681 1328 Θεός
1706 1281 1718 1296 °
1746 1268 1795 1318 εἰ
1820 1266 1876 1317 δὲ
1909 1266 2003 1317 καὶ
2034 1266 2098 1317 ἐκ

528 1352 682 1427 [29.8]
705 1350 915 1422 νεκρῶν
948 1346 1186 1416 ἐγείρειν
1219 1347 1479 1411 δυνατὸςό
1498 1348 1651 1415 Θεὸς,
1677 1350 1893 1412 πάντως
1920 1349 2097 1401 πάντα

527 1435 817 1493 ἀποδώσει.
868 1431 928 1484 Εἰ
970 1430 1027 1484 δὲ
1059 1427 1312 1500 Ἀϐραὰμ
1355 1429 1643 1483 ἐπίστευσε
1681 1431 1786 1501 πρὸ
1828 1430 2099 1483 τοσούτων

529 1506 689 1582 ἐτῶν,
737 1517 821 1569 ὅτι
853 1512 1079 1575 δυνατὸς
1095 1513 1158 1564 ἐκ
1188 1511 1396 1582 νεκρῶν
1434 1513 1884 1583 ἐγείρεινόΘεὸς,
1918 1511 2099 1582 πολλῷ

532 1601 733 1671 μᾶλλον
775 1597 937 1667 ἡμεῖς
973 1593 1250 1647 πιστεύειν
1282 1594 1589 1664 ὀφείλομεν.
1634 1596 1798 1667 Ὁρᾷς
1827 1596 1930 1659 ὃτι,
1963 1595 2099 1666 ὅπερ

527 1684 702 1754 ἔφθην
725 1680 916 1743 εἰπὼν,
948 1676 1101 1730 οὖπω
1145 1675 1440 1745 εἰσῆλθενὸ
1470 1676 1720 1741 Θάνατος,
1754 1677 1848 1731 καὶ
1897 1676 2100 1741 εὐθέως

529 1767 728 1826 αὐτοὺς
780 1765 861 1825 είς
887 1760 989 1832 τὴν
1025 1759 1126 1828 τῆς
1178 1758 1528 1823 ἀναστάσεως
1588 1760 1835 1813 εἵλκυσεν
1887 1759 2098 1821 ἐλπίδα,

530 1853 626 1904 καὶ
654 1849 739 1910 είς
762 1843 1032 1913 τοσαύτην
1062 1840 1436 1912 πληροφορίαν
1464 1842 1691 1913 ἤγαγεν,
1732 1843 1807 1906 ὼς
1836 1843 1932 1897 καὶ
1961 1859 2101 1910 σφα-

528 1931 741 2002 γιάζειν
763 1927 889 1990 τοὺς
950 1923 1161 1977 ἐαυτῶν
1205 1924 1356 1987 υἱοὺς
1408 1924 1822 1995 κελευομένους,
1878 1926 1975 1979 καί⁵
2005 1924 2100 1992 ἀφ’

530 2009 608 2070 ῶν
642 2004 987 2083 προσεδόκων
1010 2006 1315 2078 ἐμπλήσειν
1349 2006 1448 2076 τὴν
1493 2007 1842 2077 οἰκουμένην,
1867 2007 2102 2075 ἑτοίμως

528 2098 755 2164 τούτους
815 2090 1157 2163 προσάγειν;
1218 2088 1329 2141 Καὶ
1389 2088 1575 2159 ἕτερον
1620 2089 1676 2144 δὲ
1722 2090 1992 2142 δείκνυσιν
2018 2090 2104 2141 ἐν-

528 2177 705 2232 ταῦθα
716 2175 801 2229 διὰ
818 2173 912 2228 τοῦ
928 2172 1121 2238 εἰπεῖν,
1139 2170 1475 2239 Ἐπειραζεν
1489 2174 1520 2224 ὁ
1539 2171 1681 2236 Θεὸς
1703 2170 1809 2225 τὸν
1825 2170 2099 2240 Ἀϐραάμ.

528 2256 765 2327 Τίοῦν;
821 2257 921 2311 οὐκ
975 2253 1093 2327 ᾔδει
1150 2255 1178 2306 6
1228 2254 1360 2317 Θεὸς
1419 2254 1501 2306 ὅτι
1558 2258 1811 2323 γενναῖος
1875 2250 1942 2325 ἦν
2009 2253 2105 2306 καὶ

528 2345 752 2413 ,δόκιμος
778 2343 805 2393 6
834 2340 974 2410 ἀνήρ
999 2356 1013 2404 ς
1044 2336 1257 2407 Σφόδρα
1287 2354 1370 2404 γε.
1409 2336 1565 2399 Τίνος
1594 2332 1687 2390 οὖν
1733 2336 1920 2389 ἐνεκεν
1951 2334 2103 2387 ἐπεί-

530 2427 703 2497 ραζεν
750 2422 1005 2483 αὑτὸν,εἰ
1052 2419 1168 2490 ¹ᾔδει
1202 2435 1217 2484 ;
1249 2421 1363 2490 Οὐχ
1411 2419 1498 2474 ἵνα
1550 2420 1713 2483 αὐτὸς
1762 2418 1933 2489 μάθῃ,
1987 2417 2105 2471 ἀλλ’

534 2510 625 2563 ἵνα
680 2508 792 2569 τοῖς
843 2502 1025 2565 ἄλλοις
1068 2502 1252 2572 δείξῃ,
1290 2503 1384 2554 καὶ
1436 2500 1740 2573 κατάδηλον
1800 2498 1963 2554 αὐτοῦ
2007 2500 2106 2571 τὴν

533 2588 785 2661 ἀνδρείαν
834 2587 970 2655 πᾶσι
1014 2586 1355 2655 καταστήσῃ.
1388 2585 1495 2639 Καὶ
1543 2584 1814 2638 δείκνυσιν
1862 2583 2107 2637 ’ἐνταῦθα

531 2675 630 2735 καὶ
681 2670 793 2725 τῶν
858 2668 1185 2739 πειρασμῶν
1246 2667 1343 2736 τὴν
1394 2666 1615 2732 αίτίαν,
1679 2668 1769 2721 ἵνα
1821 2665 1897 2738 μὴ
1954 2666 2109 2736 νομί-

528 2752 735 2823 ¹ζωσιν,
780 2753 855 2815 ὼς
889 2748 1445 2821 ἐγκαταλελειμμένοι
1496 2749 1669 2803 ταῦτα
1698 2749 1952 2820 πάσχειν.
1993 2749 2110 2804 Ἐν-

528 2836 712 2891 ’ταῦθα
749 2835 849 2905 μὲν
899 2832 1010 2903 γὰρ
1063 2832 1159 2886 καὶ
1215 2832 1432 2903 ἀνάγκη
1482 2832 1864 2904 πειράζεσθαι,
1926 2832 2013 2886 διὰ
2046 2830 2109 2884 τὸ

526 2906 766 2984 ’πολλοὺς
800 2919 948 2988 ἔχειν
976 2916 1103 2981 τοὺς
1130 2916 1458 2981 ἐλαύνοντας
1474 2918 1710 2980 καὶτοὺς
1731 2916 2109 2971 ἐπιϐουλεύον-

530 3010 634 3063 τας
663 3000 826 3051 ’ἐκεῖ
852 2997 909 3050 δὲ
940 2996 1071 3049 ποία
1099 2996 1313 3065 ἀνάγκη
1334 2990 1401 3067 ἦν
1428 2996 1553 3059 τοὺς
1603 2995 1704 3049 οὐκ
1748 2996 1909 3059 ὄντας
1961 2993 2108 3067 αὐτῴ

535 3081 878 3154 πειρασμοὺς
896 3080 1130 3132 ἐπινοεῖν
1155 3096 1170 3144 ;
1189 3073 1356 3142 Οὗτος
1379 3079 1561 3131 τοίνυν
1583 3081 1610 3131 6
1627 3080 1935 3149 πειρασμὸς
1950 3078 2109 3149 δῆλος

533 3164 601 3238 ἦν
616 3168 696 3220 ὃτι
726 3162 890 3219 αὐτοῦ
912 3162 1338 3229 προστάττοντος
1359 3162 1585 3230 ἐγίνετο.
1616 3161 1681 3217 Οί
1718 3163 1816 3234 μὲν
1843 3158 1937 3217 οὖν
1957 3162 2108 3217 ἄλλοι

538 3248 952 3319 συγχωροῦντος
982 3245 1149 3300 αὐτοῦ
1187 3245 1527 3308 συνέϐαινον,
1552 3238 1708 3310 οὗτος
1737 3246 1792 3300 δὲ
1817 3247 1913 3301 καὶ
1936 3264 2107 3316 προσ-

533 3335 841 3393 τάττοντος.
878 3330 939 3382 El
974 3328 1151 3382 τοίνυν
1175 3327 1318 3382 οὕτω
1351 3329 1611 3399 δοκίμους
1643 3331 1709 3384 τὰ
1746 3330 1855 3382 τῶν
1914 3348 2108 3401 πειρα-

535 3413 690 3484 σμῶν
717 3413 883 3475 ποιεῖ,
903 3411 977 3474 ῶς
994 3412 1090 3464 καὶ
1116 3410 1191 3481 μὴ
1221 3410 1389 3481 οὔσης
1422 3413 1598 3474 αἰτίας
1620 3412 1711 3464 τὸν
1738 3413 1869 3465 Θεὸν
1897 3414 2104 3482 γυμνά-

534 3497 651 3564 ζειν
678 3498 805 3557 τοὺς
833 3493 1027 3548 ἐαυτοῦ
1070 3493 1311 3563 ἀθλητάς
1336 3511 1350 3526 ο
1382 3496 1561 3566 πολλῴ
1594 3496 1798 3565 μᾶλλον
1833 3498 1981 3567 ἡμᾶς
2016 3498 2108 3565 φέ-

537 3596 653 3650 ρειν
705 3577 886 3630 πάντα
938 3574 1045 3647 χρὴ
1106 3579 1389 3647 γενναίως.
1440 3577 1824 3647 Ἐμφαντικῶς
1866 3577 1921 3630 δὲ
1953 3574 2106 3633 εἶπεν

532 3661 790 3726 ἐνταῦθα,
813 3661 893 3714 ὅτι
919 3660 1125 3713 Πίστει
1148 3662 1563 3729 προσενήνοχε
1590 3660 1696 3713 τόν
1723 3662 1950 3726 Ἰσαὰκ,
1980 3678 2106 3716 πει-

525 3742 848 3817 ραζόμενος
871 3759 886 3774 ’
931 3743 1157 3812 οὐδεμία
1188 3743 1297 3814 γὰρ
1317 3743 1450 3813 ἄλλη
1479 3744 1627 3796 αἰτία
1651 3739 1718 3814 ἦν
1734 3747 2107 3816 προσαγωγῆς

533 3825 755 3897 ῆαῦτη.
805 3821 937 3878 Είτα
990 3824 1343 3894 ἐπεξέρχεται
1374 3824 1453 3893 τῷ
1489 3826 1741 3893 νοήματι.
1799 3824 1913 3879 Ούκ
1967 3827 2102 3897 ἔχει,

534 3909 722 3979 φησὶν,
755 3909 949 3971 εἰπεῖν,
983 3908 1067 3960 ὅτι
1089 3905 1197 3957 καί
1217 3905 1375 3959 ἄλλον
1405 3902 1553 3974 εἶχεν
1589 3907 1723 3969 υἰὸν,
1757 3907 1852 3960 καί
1875 3907 1935 3973 ἐξ
1958 3908 2101 3962 ἐκεί-

532 4010 625 4045 νου
657 3990 965 4062 προσεδόκα
991 3989 1089 4059 τὴν
1123 3987 1456 4055 ἐπαγγελίαν
1484 3988 1943 4060 πληρωθήσεσθαι
1963 4031 1977 4054 ,
2010 3990 2105 4045 κιιί¹

537 4074 627 4128 διὰ
659 4074 822 4127 τοῦτο
860 4071 1081 4145 θαρρῶν
1112 4070 1300 4123 τοῦτον
1338 4071 1700 4141 προσήνεγκε.
1738 4074 1846 4126 Καὶ
1880 4074 1985 4127 τὸν
2002 4086 2105 4143 140‘-

522 4156 774 4225 νοτενῆ,
791 4156 947 4225 φησὶ,
980 4153 1353 4221 προσέφερεν
1380 4157 1411 4207 ό
1444 4154 1551 4220 τὰς
1576 4154 1936 4225 ἐπαγγελίας
1961 4158 2104 4212 ἀνα-

531 4240 877 4307 δεξάμενος.
909 4236 974 4289 Τί
1008 4236 1187 4304 λέγεις
1230 4236 1491 4307 μονογενῆ
1524 4255 1539 4303 ;
1574 4239 1626 4291 τί
1660 4236 1752 4293 οὖν
1775 4242 1802 4293 6
1845 4241 2102 4310 Ἰσμαήλς

530 4320 699 4374 πόθεν
722 4316 828 4389 ἧν;
855 4318 1137 4387 Μονογενῆ
1174 4317 1318 4385 λέγω
1338 4360 1353 4387 ,
1382 4322 1565 4389 φησὶν,
1612 4322 1735 4375 ὅσον
1762 4323 1842 4386 είς
1867 4322 1957 4376 τὸν
2008 4324 2105 4393 τῆς

532 4400 868 4471 ἐπαγγελίας
897 4400 1054 4468 λόγον
1075 4416 1089 4430 ο
1117 4402 1204 4454 διὰ
1229 4402 1338 4472 γὰρ
1364 4403 1521 4456 τοῦτο
1552 4405 1912 4475 προσέθηκεν,
1935 4406 2105 4459 εἰπὼν

532 4480 840 4552 Μονογενῆ
864 4491 904 4547 ⁸,
929 4482 1143 4546 δεικνὺς
1164 4484 1244 4535 ὅτι
1274 4482 1361 4535 διὰ
1390 4482 1580 4538 τοῦτον
1610 4486 1705 4538 καί
1727 4485 1876 4554 λέγει
1901 4503 1916 4516 ’
1950 4489 2106 4555 Πρὸς

532 4568 613 4621 ὃν
662 4566 965 4632 ἐλαλήθη,
1022 4567 1103 4619 ὅτι
1158 4567 1261 4619 Ἐν
1300 4567 1498 4621 Ἰσαὰκ
1562 4571 1935 4637 κληθήσεταί
2006 4588 2102 4624 σοι

530 4650 786 4720 σπέρμα,
831 4650 1130 4715 τουτέστιν,
1165 4650 1224 4713 ἐξ
1246 4648 1433 4703 αὐτοῦ.
1483 4654 1644 4721 Ὁρᾷς
1689 4652 1804 4715 πῶς
1834 4653 2104 4723 θαυμάζει

530 4735 594 4787 τὸ
624 4736 776 4805 παρά
831 4734 925 4788 τοῦ
981 4735 1322 4805 πατριάρχου
1380 4736 1695 4805 γινόμενον;
1735 4737 1837 4789 Ἐν
1869 4737 2097 4804 Ἰσαὰκ,

522 4817 752 4888 ἢκουσε,
790 4817 1160 4886 κληθήσεταί
1211 4834 1311 4871 σοι
1355 4818 1610 4887 σπέρμα,
1664 4816 1769 4871 καί
1797 4820 2103 4891 προσέφερε

533 4894 764 4970 σφάγιον
787 4901 878 4953 τὸν
919 4902 1052 4953 υἰόν.
1084 4896 1233 4963 Είτα,
1267 4901 1354 4954 ἵνα
1382 4902 1455 4971 μή
1491 4919 1575 4964 τις
1603 4900 1823 4974 νομίσῃ,
1854 4906 1935 4956 ὅτι
1962 4898 2099 4957 ἁποὲ

529 4986 693 5053 γνοὺς
720 4983 876 5036 τοῦτο
906 4983 1100 5043 ἐποίει,
1136 4984 1228 5036 καὶ
1250 4982 1339 5035 διὰ
1364 4984 1459 5036 τοῦ
1516 4986 1937 5055 προστάγματος
1984 4986 2098 5039 τούο

528 5084 626 5119 του
660 5067 759 5135 τὴν
794 5064 981 5118 πίστιν
1009 5064 1264 5131 ἐξέϐαλεν
1301 5068 1544 5139 ἐκείνην,
1578 5068 1713 5122 ἀλλά
1744 5069 1895 5141 [2Ξ9]
1932 5070 2100 5143 μάθῃ,

529 5151 612 5202 ὅτι
641 5149 811 5213 ὅντως
843 5148 938 5202 καὶ
969 5149 1127 5201 τοῦτο
1160 5151 1390 5215 πίστεως
1412 5148 1500 5221 ἧν.
1532 5153 1698 5222 φησὶν
1727 5155 1809 5206 ὅτι
1841 5155 2103 5225 κάκείνην

488 5250 499 5257 '
529 5232 642 5303 εἶχε
659 5233 755 5302 τὴν
786 5232 987 5296 πίστιν,
1023 5235 1277 5301 καίτοιγε
1306 5233 1567 5289 δοκοῦσαν
1597 5237 1770 5310 ταύτῃ
1797 5238 2064 5308 μάχεσθαι
2085 5256 2099 5269 '

527 5317 647 5369 ἀλλ’
682 5318 781 5368 οὐκ
815 5317 1088 5385 ἐμάχετο*
1122 5317 1183 5368 ού
1232 5316 1341 5388 γὰρ
1404 5318 1686 5388 λογισμοῖς
1738 5321 2101 5392 ἀνθρωπίνοις

528 5399 752 5468 ἐμέτρει
780 5398 874 5451 τοῦ
893 5398 1027 5450 Θεοῦ
1054 5399 1150 5468 τὴν
1178 5399 1430 5470 δύναμιν,
1464 5402 1600 5454 ἀλλὰ
1620 5406 1683 5474 τῇ
1710 5405 1887 5458 πίστει
1926 5406 2102 5459 πάντα

527 5482 825 5554 ἐπέτρεπε.
858 5483 949 5533 Διὸ
979 5481 1099 5535 ούδέ
1120 5483 1359 5537 δέδοικεν
1412 5486 1603 5552 εἰπεῖν,
1626 5488 1707 5539 ὅτι
1739 5488 1848 5542 Καὶ
1900 5489 1968 5542 ἐκ
2001 5505 2099 5542 νε-

588 5740 890 5813 'LMutlan'gIs
921 5742 1127 5813 legisse-
1154 5746 1349 5797 videtur
1386 5751 1459 5798 διὰ
1504 5754 1591 5813 γὰρ
1626 5752 1766 5802 τοῦτο
1794 5754 1935 5801 εἰπὼν
1958 5767 2099 5813 μονο·

526 5810 655 5865 γιγῆ,
680 5807 965 5868 προσέθηκεν
1000 5805 1179 5856 Ἰσαάκ.

1233 400 1290 455 S.
1330 396 1613 455 lOANNlS
1648 400 2133 458 CIIRYSOSTOMI
2186 403 2500 459 ARCHIEP.
2542 403 3088 462 CONSTANTINOP.

3662 405 3764 461 Πι

2201 525 2359 593 κρῶν
2384 527 2635 599 ἐγείρειν
2654 528 2910 595 δυνατός
2931 531 2963 583 ό
2979 530 3141 595 Θεός.
3164 527 3343 581 Ὅθεν
3368 526 3554 582 αὐτὸν
3574 530 3674 584 καί
3696 530 3765 584 ἐν

2199 610 2516 679 παραϐολῇ
2545 610 2888 680 ἐκομίσατο,
2909 609 3214 675 τουτέστιν,
3233 611 3290 662 ἐν
3308 610 3691 680 ὑποδείγματι,
3706 614 3766 666 ἐν

2199 692 2276 761 τῷ
2307 693 2467 764 κριῷ,
2500 694 2654 764 φησί.
2686 694 2811 758 Πῶς
2834 711 2848 758 ;
2871 693 2977 746 Τοῦ
3010 694 3116 766 γὰρ
3148 691 3302 763 κριοῦ
3328 693 3767 763 σφαγιασθέντος

2199 770 2352 839 οὗτος
2381 776 2559 845 ἐσώθη
2579 793 2593 808 ο
2625 775 2766 830 ὥστε
2795 776 2885 830 διὰ
2910 775 3005 829 τοῦ
3037 776 3191 846 κριοῦ
3214 775 3374 829 αὑτὸν
3402 775 3614 834 ἐλαϐεν.
3646 776 3768 829 ἀντὶ

2199 856 2390 909 τούτου
2421 858 2625 927 σφάξας
2645 859 2874 914 ἐκεῖνον.
2936 856 3123 912 Ταῦτα
3151 857 3207 911 δὲ
3232 858 3392 911 τύποι
3413 852 3729 934 τινέίῆσαν
3750 870 3763 885 '

2201 940 2432 994 ἐνταῦθα
2470 941 2578 1011 γὰρ
2603 943 2631 995 6
2654 941 2780 1005 Υἰός
2812 944 2929 995 ἐστι
2961 941 3054 995 τοῦ
3083 940 3220 993 Θεοῦ
3251 943 3280 995 6
3311 937 3764 1009 σφαγιαζόμενος.

2203 1022 2312 1074 Καὶ
2340 1021 2440 1075 θέα
2474 1040 2563 1092 μοι
2591 1022 2691 1092 τὴν
2718 1022 3150 1093 φιλανθρωπίαν,
3179 1025 3281 1093 ὅση
3303 1016 3370 1094 ἦν
3391 1036 3405 1051 ο
3439 1022 3629 1090 ἐπειδὴ
3658 1022 3770 1091 γὰρ

2206 1104 2418 1172 μεγάλη
2446 1122 2530 1167 τις
2556 1104 2745 1175 ἔμελλε
2795 1104 3033 1159 δίδοσθαι
3068 1104 3230 1175 χάρις
3285 1106 3396 1168 τοῖς
3432 1102 3767 1173 ἀνθρώποις,

2206 1186 2525 1258 βουλόμενος
2550 1187 2624 1258 μὴ
2653 1187 2835 1259 χάριτι
2865 1186 2994 1241 αὐτὸ
3043 1187 3285 1257 ποιῆσαι,
3311 1186 3428 1239 ἀλλ’
3452 1186 3527 1249 ῶς
3556 1184 3771 1255 ὀφειλέ-

2201 1286 2320 1338 της,
2348 1270 2765 1339 παρασκευάζει
2796 1269 3012 1341 πρῶτον
3052 1270 3337 1339 ἄνθρωπον
3365 1268 3457 1321 τὸν
3506 1267 3621 1320 υἱὸν
3679 1267 3771 1319 τὸν

2204 1351 2398 1405 ἑαυτοῦ
2429 1350 2708 1405 ἐπιδοῦναι
2740 1351 2878 1423 ὑπὲρ
2910 1351 3006 1405 τοῦ
3030 1351 3453 1423 προστάγματος
3481 1348 3576 1403 τοῦ
3607 1346 3773 1413 Θεοῦ,

2204 1434 2292 1487 ἵνα
2322 1434 2487 1505 μηδὲν
2524 1434 2652 1506 δόξῃ
2710 1436 2855 1506 μέγα
2883 1436 3086 1497 ποιεῖν,
3121 1435 3212 1488 τὸν
3241 1433 3437 1487 ἐαυτοῦ
3498 1431 3776 1494 ἐπιδιδοὺς

2206 1515 2354 1579 Υἰὸν,
2387 1516 2441 1569 εί
2468 1532 2532 1585 γε
2561 1515 2848 1588 ἄνθρωπος
2871 1516 2976 1588 πρὸ
3008 1516 3171 1569 αὐτοῦ
3200 1515 3358 1569 τοῦτο
3381 1515 3658 1584 ἐποίησεν,
3684 1513 3777 1565 ἵνα
3826 1560 3831 1561 ,

2208 1598 2286 1668 μὴ
2314 1598 2496 1667 χάριτι
2543 1597 2702 1668 μόνον
2756 1599 2989 1669 νομισθῇ
3039 1598 3196 1652 τοῦτο
3230 1598 3431 1666 ποιεῖν,
3489 1592 3625 1649 ἀλλά
3680 1595 3778 1647 καὶ

2205 1680 2414 1753 όφειλῇ.
2449 1682 2557 1746 Οὒς
2585 1682 2692 1755 γὰρ
2721 1682 2789 1736 ἂν
2816 1684 3080 1754 φιλῶμεν,
3109 1682 3201 1735 καὶ
3231 1680 3391 1735 τοῦτο
3410 1681 3596 1743 αὐτοῖς
3614 1679 3779 1751 χαρί-

2206 1764 2395 1830 ζεσθαι
2415 1764 2740 1836 βουλόμεθα,
2764 1766 2827 1819 τὸ
2855 1765 3032 1819 δοκεῖν
3068 1768 3197 1836 παρ’
3224 1764 3405 1819 αὐτῶν
3429 1782 3480 1818 τι
3508 1764 3779 1833 πρότερον

2206 1847 2472 1914 λαϐόντας
2507 1850 2721 1920 μικρὸν,
2752 1848 2923 1913 οὕτως
2954 1846 3142 1913 αὐτοῖς
3173 1848 3235 1901 τὸ
3267 1852 3377 1902 πᾶν
3400 1847 3599 1901 διδόναι
3627 1862 3645 1877 ο
3681 1845 3779 1899 καὶ⁵

2206 1924 2542 2001 καυχώμεθα
2576 1932 2668 1985 ἐπὶ
2690 1934 2757 2003 τῇ
2778 1931 2943 2003 λήψει
2975 1932 3176 2002 μᾶλλον
3204 1930 3239 2002 ἥ
3262 1930 3356 1985 ἐπὶ
3379 1933 3446 2000 τῇ
3478 1928 3647 1991 δόσει,
3682 1928 3781 1980 καὶ

2206 2014 2266 2066 ού
2300 2013 2552 2085 λέγομεν,
2583 2013 2715 2068 Τόδε
2750 2012 3029 2085 ἐδώκαμεν
3059 2013 3228 2084 αὐτῷ,
3257 2012 3392 2067 ἀλλά
3424 2012 3553 2066 Τόδε
3587 2009 3782 2065 ἐλάσο-

2210 2086 2313 2168 μεν
2340 2099 2473 2166 παρ’
2497 2097 2686 2152 αὑτοῦ.
2719 2098 2900 2153 Ὅθεν
2927 2096 3135 2162 αὑτὸν,
3168 2096 3323 2167 φησί,
3364 2094 3462 2150 καὶ
3488 2095 3557 2148 ἐν
3589 2106 3780 2161 παρα-

2210 2178 2359 2248 ϐολῇ
2382 2179 2724 2251 ἐκομίσατο,
2742 2179 3039 2244 τουτέστιν,
3065 2179 3141 2243 ὼς
3160 2180 3217 2232 ἐν
3244 2176 3527 2248 αἰνίγματι
3547 2193 3562 2209 ⁸
3588 2175 3780 2244 ῶσπερ

2209 2263 2319 2334 γὰρ
2370 2262 2657 2333 παραϐολὴ
2690 2257 2759 2332 ἦν
2779 2264 2807 2315 6
2832 2261 2988 2333 κριὸς
3037 2262 3131 2315 τοῦ
3168 2262 3357 2315 Ἰσαάκ
3385 2276 3404 2294 ο
3434 2259 3467 2331 ἦ
3494 2260 3569 2322 ὡς
3592 2259 3651 2312 ἐν
3699 2257 3781 2327 τῷ

2208 2344 2648 2426 τύπῳ-Ἐπειδὴ
2679 2345 2786 2416 γὰρ
2812 2347 3116 2426 ἀπήρτιστο
3149 2344 3367 2426 ηθυσία
3395 2343 3489 2426 καί
3534 2342 3781 2426 ἔσφακτο

2210 2417 2245 2471 ό
2280 2398 2466 2469 Ἰσαάκ
2495 2418 2562 2484 τῇ
2593 2398 2947 2486 πριίαίρέσεί,ι
2966 2415 3055 2469 διὰ
3093 2398 3252 2468 τοῦτο
3296 2414 3460 2469 αὐτὸν
3492 2398 3781 2484 χαρίζεται

2210 2498 2288 2565 τῷ
2322 2498 2656 2570 πατριάρχῃ.

2286 2663 2352 2733 β’.
2381 2664 2549 2738 Ὀρᾷς
2587 2666 2713 2721 δτιδ
2741 2667 2829 2721 ἀεὶ
2857 2668 3020 2737 λέγω,
3036 2666 3197 2723 τοῦτο
3232 2668 3328 2721 καὶ
3362 2666 3457 2721 νῦν
3471 2665 3781 2734 δεῖκνυταις

2213 2748 2383 2803 Ὅταν
2403 2750 2513 2820 γὰρ
2540 2752 2982 2824 παραστήσωμεν
3010 2753 3171 2824 ἡμῶν
3196 2751 3295 2823 τὴν
3317 2751 3555 2806 διάνοιαν
3588 2753 3779 2823 ἀπηρ-

2212 2832 2496 2902 τισμένην,
2536 2835 2628 2886 καὶ
2654 2833 2919 2904 δείξωμεν
2949 2835 3037 2889 ὅτι
3068 2835 3424 2907 ύπερορῶμεν
3448 2834 3557 2887 τῶν
3578 2836 3786 2905 γηΐνων

2216 2914 2578 2982 πραγμάτων,
2600 2916 2721 2970 τότε
2746 2918 2880 2986 ἡμῖν
2917 2918 3008 2973 καὶ
3039 2917 3107 2972 τά
3128 2920 3291 2988 γήϊνα
3318 2917 3620 2989 χαρίζεται,
3648 2918 3788 2988 πρό.

2213 3012 2369 3068 τερον
2397 2996 2453 3047 δὲ
2477 2994 2561 3063 οὒ,
2591 2997 2677 3051 ἴνα
2716 2998 2790 3071 μὴ
2818 2999 2881 3051 τὸ
2923 2999 3108 3054 λαϐεῖν
3150 2999 3605 3072 προσδεδεμένους
3633 3001 3788 3069 ἡμᾶς

2214 3077 2397 3141 αὐτοῖς
2426 3078 2506 3131 ἔτι
2546 3081 2844 3152 προσδήσῃ.
2897 3080 3093 3148 Λῦσον,
3135 3084 3290 3154 φησι,
3335 3083 3533 3137 σαυτὸν
3563 3082 3786 3153 πρῶτον

2211 3161 2313 3231 τῆς
2335 3161 2613 3225 δουλείας,
2647 3165 2741 3217 καὶ
2776 3165 2898 3219 τότε
2929 3166 3089 3229 λάδε,
3113 3167 3215 3244 ,ἵνα
3249 3167 3445 3236 μηκέτι
3476 3166 3552 3230 ὡς
3597 3165 3787 3230 δοῦλος

2214 3245 2404 3316 λάϐῃς,
2445 3246 2558 3300 ἀλλ’
2589 3246 2665 3310 ὡς
2702 3248 2967 3317 δεσπότης
2994 3265 3006 3277 ·
3058 3251 3472 3321 καταφρόνησον
3508 3249 3743 3305 πλούτου
3766 3292 3783 3316 ,

2215 3328 2311 3380 καὶ
2341 3329 2439 3399 ἔσῃ
2467 3328 2724 3392 πλούσιος
2749 3346 2763 3360 ⁸
2800 3330 3214 3403 καταφρόνησον
3246 3332 3431 3401 δόξης,
3462 3333 3554 3401 καὶ
3576 3332 3674 3403 ἔσῃ
3694 3332 3786 3385 ἐν·

2213 3410 2360 3474 δοξος
2384 3428 2397 3442 ⁸
2439 3414 2851 3484 καταφρόνησον
2877 3413 2978 3483 τῆς
2996 3414 3267 3485 τιμωρίας
3286 3416 3394 3468 τῶν
3426 3414 3652 3485 ἐχθρῶν,
3691 3416 3788 3469 καὶ

2212 3495 2336 3546 τότε
2380 3495 2549 3565 αὐτῆς
2588 3496 2877 3568 ἐπιτεύξῃ·
2929 3498 3347 3568 καταφρόνησον
3382 3498 3640 3563 ἀνέσεως,
3689 3501 3787 3553 καί

2212 3576 2333 3628 τότε
2372 3576 2539 3646 αὐτὴν
2560 3577 2704 3648 λήψῃ
2728 3594 2742 3609 ο
2778 3578 2866 3633 ἵνα
2892 3577 3073 3632 λαϐὼν
3090 3618 3104 3643 ,
3139 3580 3213 3651 μὴ
3240 3581 3315 3643 ὡς
3340 3579 3555 3652 δέσμιος
3587 3580 3785 3654 λάϐῃς,

2214 3655 2368 3731 [250]
2397 3658 2529 3729 μηδὲ
2555 3660 2631 3722 ὡς
2667 3660 2852 3726 δοῦλος
2872 3703 2888 3728 ,
2922 3661 3035 3719 ἀλλ’
3066 3662 3141 3725 ὡς
3175 3662 3481 3734 ἐλεύθερος.
3514 3664 3787 3735 Καθάπερ

2213 3742 2321 3813 γὰρ
2349 3743 2441 3795 ἐπὶ
2466 3743 2574 3796 τῶν
2604 3744 2826 3797 παιδίων
2852 3746 2958 3799 τῶν
2988 3746 3222 3815 μικρῶν,
3253 3749 3383 3803 ὅταν
3410 3748 3509 3816 μὲν
3537 3748 3785 3819 ἐπιθυμῇ

2204 3825 2273 3877 τὸ
2306 3824 2516 3879 παιδίον
2553 3827 2822 3882 παιδικῶν
2853 3828 3204 3899 ἀθυρμάτων,
3236 3831 3373 3900 μετὰ
3393 3830 3589 3901 πολλῆς
3622 3848 3787 3885 σπου.

2212 3906 2308 3977 δῆς
2333 3907 2519 3960 ἐκεῖνα
2537 3908 2874 3978 κρύπτομεν,
2898 3907 3012 3964 οἷον
3037 3913 3273 3983 σφαῖραν
3296 3913 3389 3966 καὶ
3417 3913 3519 3966 ὅσα
3532 3914 3785 3978 τοιαῦτα,

2213 3990 2298 4043 ἵνα
2333 3988 2409 4062 μὴ
2445 3990 2800 4062 ἐμποδίζηται
2830 3992 2937 4046 τῶν
2959 3994 3275 4062 ἀναγκαίων
3300 4010 3314 4025 ⁶
3355 3996 3481 4050 ὅταν
3508 3996 3564 4050 δὲ
3601 3998 3787 4051 αὐτῶν

2213 4074 2600 4143 καταφρονήσῃ
2641 4075 2736 4127 καὶ
2770 4075 2966 4145 μηκέτι
2990 4076 3253 4148 ἐπιθυμῇ,
3276 4075 3446 4140 ἀδεῶς
3476 4079 3658 4133 αὐτῶν
3693 4099 3790 4148 με·

2211 4155 2565 4226 ταδιδόαμεν,
2596 4156 2799 4221 είδότες
2833 4159 2908 4221 ῶς
2940 4158 3168 4229 οὐδεμία
3207 4160 3379 4231 βλάϐη
3417 4160 3604 4214 λοιπὸν
3630 4165 3786 4234 αῦτῷ

2213 4237 2464 4291 ἐντεῦθεν
2526 4240 2774 4308 γίνεται,
2822 4242 2921 4312 τῆς
2988 4242 3284 4313 ἐπιθυμίας
3338 4242 3553 4314 ἐκείνης
3597 4246 3785 4301 οὐκέτι

2217 4321 2508 4393 ἰσχυούσης
2548 4324 2859 4392 ἀπαγαγεῖν
2900 4326 3062 4379 αὑτὸν
3099 4327 3206 4380 τῶν
3253 4329 3601 4396 ἀναγκαίων⁸
3637 4330 3787 4384 οῦτω

2212 4406 2306 4458 καί
2351 4407 2379 4458 6
2412 4404 2567 4471 Θεὸς,
2595 4407 2724 4461 ὅταν
2763 4408 2847 4480 ἴδῃ
2889 4409 3087 4480 μηκέτι
3129 4408 3673 4481 ἐπιθυμοῦνταςτῶν
3701 4416 3786 4467 ἐν-

2211 4488 2404 4554 ταῦθα,
2452 4488 2638 4542 λοιπὸν
2687 4490 2913 4560 ἀφίησιν
2957 4492 3140 4556 αὐτοῖς
3177 4494 3512 4565 κεχρῆσθαι’
3554 4495 3631 4559 ὡς
3674 4497 3787 4567 γὰρ

2210 4572 2485 4643 ἐλεύθεροι
2527 4575 2619 4626 καὶ
2656 4575 2849 4645 ἀνδρες
2890 4576 3031 4630 αὐτὰ
3072 4578 3287 4648 ἔχομεν.
3321 4580 3418 4649 ούχ
3457 4580 3531 4645 ὡς
3568 4581 3782 4645 παῖδες.

2213 4655 2337 4708 ’Ότι
2392 4657 2523 4726 γὰρ,
2576 4657 2670 4708 ἐὰν
2720 4661 3141 4732 καταφρονήσῃς
3188 4662 3287 4730 τῆς
3346 4662 3614 4737 τιμωρίας
3673 4665 3785 4716 τῶν

2210 4737 2442 4811 ἐχθρῶν,
2504 4739 2625 4790 τότε
2678 4740 2958 4812 ἐπιτεύξῃ,
2990 4743 3166 4805 ,ἄκουε
3222 4743 3275 4795 τί
3326 4761 3491 4813 φησιν
3549 4759 3561 4771 ·
3638 4745 3786 4799 Ἐὰν

2212 4817 2388 4887 πεινᾷ
2420 4823 2451 4874 ὀ
2473 4820 2685 4889 ἐχθρός
2714 4836 2853 4887 σου,
2882 4823 3094 4894 ψώμιζε
3118 4827 3324 4879 αὐτόν·
3351 4826 3457 4879 ἐὰν
3478 4824 3646 4893 διψᾷ,
3674 4828 3784 4879 πό-

2211 4902 2336 4962 τιζε
2368 4904 2572 4957 αὐτόν·
2612 4904 2707 4958 καί
2739 4906 3017 4976 ἐπήγαγε’
3064 4908 3240 4963 Τοῦτο
3280 4907 3389 4977 γὰρ
3429 4908 3657 4972 ποιῶν,
3682 4910 3789 4962 ἄν·

2212 4988 2438 5052 θρακας
2481 4988 2670 5054 πυρὸς
2710 4992 3039 5058 σωρεύσεις
3074 4991 3171 5046 ἐπὶ
3208 4992 3323 5057 τὴν
3363 4992 3641 5062 κεφαλὴν
3670 4997 3781 5048 αὐ-

2212 5067 2339 5122 τοῦ.
2375 5070 2482 5121 Καὶ
2506 5069 2687 5135 πάλιν,
2713 5072 2795 5125 ὅτι
2828 5074 2923 5127 ἐὰν
2950 5077 3368 5147 καταφρονήσῃς
3395 5074 3488 5128 τοῦ
3522 5075 3782 5138 πλούτου,

2214 5151 2336 5202 τότε
2376 5150 2541 5203 αὐτοῦ
2581 5155 2863 5227 ἐπιτεύξῃ,
2900 5158 3065 5211 ἄκουε
3090 5158 3183 5212 τοῦ
3214 5152 3451 5228 Χριστοῦ
3492 5158 3745 5226 λέγοντος
3771 5175 3786 5189 ⁸

2213 5233 2333 5284 Οὐκ
2351 5232 2522 5286 ἔστιν
2552 5234 2619 5301 ὃς
2645 5237 2841 5305 ἀφῆκε
2866 5242 3110 5308 πατέρα,
3141 5241 3181 5308 ἢ
3232 5241 3475 5310 μητέρα,
3500 5241 3537 5309 ἢ
3566 5241 3787 5304 οἰκίαν,

2211 5313 2248 5379 ἢ
2271 5314 2596 5382 ἀδελφοὺς,
2627 5318 2695 5382 ὃς
2715 5321 2848 5388 οὐχί
2874 5322 3785 5391 ἑκατονταπλασίονα.λήψεται,

2210 5397 2305 5448 καί
2359 5395 2510 5464 ζωὴν
2569 5401 2811 5455 αἰώνιον
2864 5405 3327 5476 κληρονομήσει.
3388 5409 3499 5460 Καὶ
3543 5407 3627 5461 ὅτι
3686 5410 3785 5460 ἐὰν

2210 5486 2631 5553 καταφρονήσῃς
2673 5485 2850 5555 δόξης,
2896 5488 3018 5541 τότε
3061 5490 3233 5559 αὐτῆς
3288 5487 3566 5559 ἐπιτεύξῃ,
3618 5491 3789 5544 ἄκουε

2207 5564 2372 5617 αὐτοῦ
2422 5566 2584 5619 πάλιν
2620 5567 2713 5621 τοῦ
2750 5570 2987 5641 Χριστοῦ
3038 5573 3285 5642 λέγοντος
3314 5590 3328 5604 '
3376 5574 3439 5627 '0
3490 5573 3683 5629 θέλων
3719 5576 3791 5627 ἐν

2207 5645 2350 5713 ὑμῖν
2394 5647 2623 5715 πρῶτος
2669 5648 2842 5717 εἶναι,
2885 5654 3041 5710 ἔστω
3081 5655 3247 5724 ὑμῶν
3300 5655 3581 5722 διάκονος
3618 5673 3631 5687 ’
3686 5659 3786 5710 καὶ

2207 5728 2390 5793 πάλιν,
2469 5733 2572 5796 ’⁸ος
2633 5733 2744 5802 γὰρ
2802 5737 2880 5790 ἂν
2926 5738 3262 5808 ταπεινώσῃ
3309 5739 3549 5806 ἑαυτὸν,
3604 5735 3792 5802 οὗτος

2208 5812 2615 5881 ὑψωθήσεται.
2663 5818 2727 5871 Τί
2768 5819 2989 5889 λέγεις;
3037 5822 3131 5878 ἐὰν
3170 5826 3379 5893 νποτίσω
3423 5822 3512 5879 τὸν
3564 5821 3787 5893 ἐχθρὸν,
