4002 6426
210 329 316 385 ΠΖ)

1010 329 1074 387 ΙΝ
1114 329 1328 389 EPIST.
1373 331 1463 386 AD
1502 326 1860 385 llEBREOS.
1902 328 2154 387 CAEXI.
2197 327 2428 387 HOMIL.
2474 329 2641 388 XXV.

3347 333 3452 389 1η

205 433 434 495 ratione,
461 436 517 485 et
552 442 619 484 ex
648 427 868 485 matrice
896 436 1138 484 emortua
1163 429 1424 499 senioque
1451 428 1696 493 confecta
1726 438 1782 485 et
1884 438 2074 506 ariete,
2104 438 2296 510 inquit.
2327 438 2652 508 Quomodo?
2674 437 2859 494 Ariete
2882 437 3029 494 enim
3046 476 3067 503 ,
3097 436 3270 507 inquit
3294 476 3311 504 ,
3340 453 3451 492 ma.

203 524 274 577 ad
305 522 599 578 liberorum
635 520 1063 590 procreationem
1097 520 1207 591 jam
1243 521 1399 590 plane
1435 521 1605 577 inutili
1652 522 1780 576 dare

207 614 378 669 tilium
400 653 417 677 ,
432 622 505 669 ιρι
527 612 792 668 suscitare
814 612 1050 668 occisum
1083 626 1098 667 :
1124 621 1359 669 attamen
1382 612 1433 667 id
1461 627 1777 682 persuasum

203 705 426 773 habuit;
452 718 574 759 nam
587 718 704 773 quae
723 712 1069 773 praecesserat
1088 701 1223 758 fides
1240 702 1307 759 ad
1324 701 1500 759 futura
1514 704 1778 759 credenda

201 798 343 852 viam
366 794 607 866 parabat.
637 793 884 864 Alioquin
909 802 1087 849 autem
1111 793 1325 850 videbat
1344 794 1436 850 ille
1463 795 1601 849 bona
1634 795 1779 864 pria-

200 902 263 941 ra
286 928 302 950 ,
347 886 568 941 molesta
598 893 776 941 autem
810 883 1108 953 posteriora
1145 893 1201 939 et
1246 884 1300 941 in
1328 892 1624 941 senectute.
1666 883 1776 941 Vos

197 988 383 1032 autem
406 1016 427 1042 ,
446 976 650 1045 inquit,
678 985 866 1031 contra
901 992 915 1028 ε
948 974 1175 1030 molesta
1195 973 1405 1030 habetis
1426 976 1596 1045 prima
1620 991 1634 1039 ;
1657 990 1777 1044 qum

196 1080 380 1124 autem
411 1069 547 1125 bona
575 1076 719 1134 sunt,
747 1066 958 1121 ultima.
988 1065 1103 1123 Hoc
1128 1066 1195 1125 ad
1220 1081 1318 1123 eos
1334 1067 1430 1136 qui
1458 1066 1660 1122 audent
1687 1066 1774 1122 di-

196 1176 362 1218 cere:
395 1161 521 1217 Post
549 1169 777 1215 mortem
807 1159 1053 1229 promisit
1080 1159 1233 1214 nobis
1263 1159 1435 1225 bona;
1456 1174 1559 1217 nos
1587 1158 1776 1215 fortas-

194 1269 256 1310 se
282 1254 514 1322 decepit.
547 1251 800 1308 Ostendit
815 1252 958 1322 quod
982 1252 1143 1307 etiam
1163 1267 1231 1307 ex
1260 1252 1487 1307 mortuis
1516 1254 1776 1307 suscitare

196 1353 389 1415 potens
406 1354 491 1400 est
517 1343 660 1399 Deus
682 1359 697 1397 :
728 1342 772 1396 si
793 1353 971 1397 autem
989 1357 1055 1397 ex
1076 1341 1303 1396 mortuis
1322 1342 1580 1396 suscitare
1603 1350 1775 1411 potest

192 1435 357 1498 Deus,
386 1432 605 1488 omnino
631 1430 820 1487 reddet
843 1430 1041 1487 omnia.
1067 1430 1125 1487 Si
1151 1439 1330 1486 autem
1355 1431 1628 1486 Abraham
1647 1438 1774 1488 ante

194 1536 275 1582 tot
310 1540 482 1581 annos
516 1523 745 1581 credidit
792 1522 935 1593 quod
986 1523 1129 1579 Deus
1179 1524 1248 1578 sit
1276 1532 1468 1593 potens
1512 1524 1773 1581 suscitare

190 1635 258 1672 ex
289 1616 559 1673 mortuis:
588 1615 759 1671 multo
798 1614 967 1685 magis
1005 1629 1103 1669 nos
1148 1614 1199 1669 id
1240 1613 1498 1670 debemus
1525 1616 1768 1671 credere.

193 1710 359 1765 Vides
377 1706 543 1778 quod,
575 1708 711 1761 sicut
732 1707 879 1775 prius
904 1705 1052 1769 dixi,
1080 1720 1226 1761 mors
1255 1708 1493 1760 nondum
1524 1706 1766 1773 intravit,

187 1811 245 1856 et
272 1817 370 1856 eos
394 1799 573 1855 statim
597 1798 755 1852 traxit
777 1796 830 1851 in
856 1811 1005 1867 spem
1033 1796 1463 1863 resurrectionis,
1483 1804 1541 1852 et
1566 1797 1636 1851 ad
1663 1806 1769 1853 tam

189 1903 397 1949 certam
423 1889 649 1945 deduxit
684 1887 1095 1959 persuasionem
1120 1928 1138 1953 ,
1189 1896 1248 1943 ut
1275 1888 1440 1943 etiam
1478 1889 1612 1959 iussi
1641 1903 1770 1946 suos

186 1993 428 2041 mactare
454 1982 613 2049 ﬁlios,
642 1996 706 2037 ex
737 1980 934 2051 quibus
954 1979 1342 2051 exspectabant
1369 1995 1429 2037 se
1455 1981 1769 2053 impleturos

186 2075 378 2130 orbem
409 2082 567 2129 terra:
585 2111 603 2139 ,
628 2069 698 2126 ad
725 2070 777 2125 id
806 2069 1107 2126 faciendum
1142 2071 1311 2140 parati
1338 2072 1573 2127 essent?
1602 2071 1765 2127 Aliud

182 2178 403 2234 quoque
452 2162 539 2217 hic
589 2160 824 2217 ostendit
870 2175 968 2231 per
1016 2163 1117 2216 hoc
1164 2162 1306 2232 quod
1353 2162 1508 2230 dixit,
1540 2163 1768 2218 Tentavit

185 2258 329 2312 Deus
356 2255 634 2310 Abraham.
677 2254 817 2323 Quid
860 2255 1030 2309 vero?
1065 2255 1417 2312 uesciebatne
1470 2257 1612 2313 Deus
1640 2274 1762 2314 eum

182 2364 310 2405 esse
355 2349 531 2403 virum
568 2346 761 2402 fortem
804 2356 860 2402 ct
898 2347 1179 2418 probum?
1221 2346 1438 2405 Sciebat
1464 2360 1631 2405 certe.
1658 2350 1767 2406 Cur

183 2457 317 2512 ergo
340 2456 466 2497 eum
502 2440 758 2505 tentabat,
790 2440 835 2494 si
863 2439 1108 2495 sciebat?
1142 2440 1258 2496 Non
1286 2450 1345 2496 ut
1367 2444 1480 2512 ipse
1508 2444 1761 2513 disceret,

183 2534 279 2589 sed
312 2543 370 2587 ut
394 2532 516 2587 aliis
543 2531 889 2594 ostenderet,
918 2539 973 2585 et
993 2532 1245 2587 omnibus
1276 2534 1611 2589 manifestam
1643 2536 1763 2607 ejus

185 2623 443 2679 redderet
466 2622 641 2692 magni
665 2622 829 2681 animi
856 2622 1129 2677 virtutem.
1156 2622 1224 2678 Et
1246 2622 1337 2679 hic
1382 2625 1542 2680 etiam
1573 2635 1759 2683 osten-

176 2704 259 2758 dit
285 2718 507 2761 causata
529 2707 905 2771 recitationum,
924 2720 990 2760 ne
1012 2705 1383 2760 exisumarent
1409 2721 1469 2760 se
1492 2718 1762 2774 tamquam

175 2811 207 2848 a
241 2795 671 2855 Deoderelictos
709 2796 828 2852 hate
872 2798 1002 2867 pati.
1042 2798 1177 2852 Nam
1224 2797 1311 2853 hic
1347 2797 1563 2868 quidem
1594 2798 1758 2852 etiam

178 2902 411 2944 necesse
430 2895 515 2944 est
542 2889 758 2953 tentari,
788 2889 931 2959 quod
955 2890 1106 2944 mu'iti
1130 2889 1238 2944 sint
1264 2890 1353 2959 qui
1376 2898 1763 2960 persequuntur

175 2987 232 3031 et
259 2979 354 3046 qui
381 2977 747 3034 insidiantur:
781 2978 891 3035 illic
926 2989 1105 3035 autem
1147 2994 1268 3049 qua:
1294 2987 1411 3034 erat
1436 2976 1488 3034 ei
1521 2979 1764 3034 necessi-

176 3077 256 3122 tas
285 3083 389 3124 eas
412 3084 533 3137 qua:
571 3084 675 3124 non
704 3077 856 3126 erant
876 3070 1177 3141 excogitare
1203 3070 1564 3126 tentationes?
1588 3071 1765 3141 Atque

176 3162 529 3231 perspicuum
553 3161 764 3231 quidem
790 3172 893 3225 est,
943 3163 1084 3232 quod
1128 3162 1243 3216 haec
1278 3163 1499 3215 tcutatio
1521 3161 1679 3216 tiebat
1701 3174 1767 3216 eo

165 3254 423 3323 jubente.
462 3252 529 3307 Et
556 3254 676 3309 alite
714 3254 926 3323 quidem
956 3254 1153 3309 ﬁebant
1178 3270 1244 3310 eo
1265 3255 1621 3324 permittente,
1652 3255 1768 3309 haec

166 3358 359 3402 autem
390 3347 555 3402 etiam
573 3346 816 3416 jubente.
848 3346 904 3402 Si
928 3362 1059 3418 ergo
1085 3347 1222 3402 adeo
1245 3346 1499 3418 probatos
1525 3346 1767 3402 efficiunt

167 3438 532 3500 tentationes,
566 3447 623 3491 ut
650 3437 861 3493 etiamsi
891 3452 997 3493 non
1030 3437 1103 3491 sit
1128 3451 1286 3492 causa
1312 3478 1328 3504 ,
1355 3439 1494 3493 Deus
1522 3452 1648 3492 suos
1673 3452 1767 3492 ex-

158 3539 360 3585 erceat
388 3529 639 3593 athletas,
671 3529 842 3584 multo
866 3530 1034 3599 magis
1056 3543 1155 3585 nos
1185 3530 1363 3584 omnia
1385 3538 1599 3599 oportet
1625 3529 1767 3585 ferre

158 3622 414 3677 fortiter.
440 3620 575 3676 Cum
607 3636 798 3691 magna
820 3631 999 3676 autem
1031 3621 1274 3690 emphasi
1308 3620 1396 3675 hic
1423 3621 1560 3676 dixit
1586 3663 1601 3684 ,
1636 3620 1767 3675 Fide

153 3713 358 3767 obludit
380 3710 562 3777 Isaae,
582 3728 697 3766 cum
715 3720 994 3766 tentaretur
1019 3727 1040 3766 :
1062 3713 1209 3767 nulla
1236 3712 1377 3767 enim
1404 3720 1521 3766 erat
1549 3712 1654 3766 alia
1679 3712 1764 3771 of.-

156 3801 392 3859 fereodi
428 3815 591 3857 causa
620 3816 781 3871 quam
815 3802 946 3857 haec.
996 3802 1200 3857 Deinde
1226 3802 1546 3857 sententiam
1579 3818 1762 3872 perseo

148 3892 385 3961 quitur.
409 3890 525 3946 Non
548 3898 765 3960 'poterat
790 3929 806 3956 ,
856 3892 1070 3961 inquit,
1108 3892 1373 3962 quispiam
1406 3892 1588 3947 dicere
1619 3892 1761 3962 quod

149 3986 347 4039 alium
392 3983 619 4040 haberet
648 3983 815 4038 tilium
843 4023 859 4048 ,
903 3990 957 4038 et
985 3992 1326 4053 exspectaret
1356 3982 1470 4039 fore
1499 3993 1557 4038 ut
1580 3999 1643 4039 ex
1674 3985 1763 4042 illo

148 4076 501 4144 impleretur
527 4075 834 4144 promissio,
863 4083 917 4130 et
942 4073 1065 4131 ideo
1095 4075 1432 4131 confidenter
1457 4090 1578 4130 eum
1604 4076 1762 4131 obtu-

148 4168 321 4223 lerit.
357 4164 430 4219 Et
444 4156 790 4236 unigenitum,
809 4166 1000 4235 inquit,
1015 4162 1179 4233 ﬁlium
1208 4164 1464 4231 offerebat,
1488 4166 1575 4235 qui
1599 4183 1767 4221 susce—

146 4268 320 4328 perat
342 4257 721 4325 promissionem
741 4256 878 4323 Quid
905 4256 1040 4311 dicis
1068 4257 1434 4329 unigenitum?
1462 4257 1584 4327 quid
1615 4272 1765 4325 vero,

146 4349 375 4405 JStnael
406 4348 672 4405 midenam
698 4350 853 4403 erat?
882 4348 1227 4418 Uuigenitum
1256 4348 1398 4414 dico,
1419 4348 1765 4418 inquit,quod

151 4439 377 4493 attinet
426 4437 495 4493 ad
544 4437 806 4493 rationem
858 4438 1277 4506 promissionis:
1307 4447 1585 4506 propterea
1624 4439 1766 4494 enim

150 4545 301 4585 Cutll
335 4526 587 4594 dixisset,
615 4526 964 4598 Unigenitum,
991 4527 1232 4595 addidit,
1267 4536 1326 4582 ut
1353 4528 1602 4585 ostendat
1625 4529 1768 4600 quod

156 4627 411 4689 propter
440 4616 589 4673 hunc
610 4617 802 4675 dicati:
831 4619 913 4672 Ad
951 4634 1101 4687 quem
1148 4619 1339 4679 dictum
1376 4630 1450 4673 est
1482 4636 1499 4672 :
1525 4618 1593 4675 In
1616 4618 1769 4687 Isaac

154 4709 446 4767 vocabitur
474 4708 562 4762 tibi
575 4724 767 4773 semen,
796 4708 897 4764 hoc
924 4718 1024 4773 est,
1053 4724 1117 4764 es
1153 4709 1290 4777 ipso.
1314 4709 1473 4765 Vides
1494 4710 1769 4780 quomodo

156 4803 484 4863 admiretur
511 4801 655 4869 quod
682 4801 882 4856 factum
926 4810 1011 4861 est
1043 4816 1075 4855 a
1106 4801 1402 4871 patriarcha
1431 4803 1454 4857 ἲ
1485 4802 1551 4856 In
1574 4801 1767 4871 Isaac,

158 4894 382 4949 audivit
412 4931 431 4956 ,
461 4891 721 4946 vocabitur
751 4891 839 4945 tibi
867 4908 1039 4951 semen
1068 4931 1083 4955 ,
1111 4900 1166 4946 ct
1194 4892 1452 4948 olferebat
1478 4892 1641 4947 filium
1669 4893 1769 4946 hoc

160 4990 364 5043 stiam.
397 4985 602 5040 Deinde
646 4999 716 5039 ne
761 4984 1104 5039 existimaret
1128 4984 1429 5054 quiSpiam,
1468 4984 1609 5054 quod
1648 5000 1769 5043 cum

160 5080 536 5148 desperasset
562 5075 664 5131 hoc
692 5076 838 5141 facit,
871 5085 922 5131 et
953 5091 1051 5146 per
1080 5075 1183 5131 hoc
1205 5075 1413 5145 jussum
1442 5076 1587 5135 illam
1615 5076 1771 5148 ejecit

167 5171 370 5236 tidem,
397 5166 505 5225 sed,
521 5167 758 5224 disceret
778 5167 922 5236 quod
945 5182 1133 5225 revera
1164 5166 1265 5223 hoc
1286 5182 1502 5236 quoque
1524 5167 1594 5221 sit
1621 5166 1770 5235 fidei,

166 5264 318 5318 dicit
346 5258 666 5329 quod.illam
701 5273 914 5330 quoque
940 5258 1171 5313 habebat
1200 5257 1357 5312 tidem
1386 5298 1401 5323 ,
1439 5273 1767 5328 quamquam

164 5370 304 5412 cum
334 5352 440 5407 hac
474 5350 743 5406 videretur
762 5365 1033 5421 pugnare;
1066 5348 1160 5405 sed
1202 5366 1308 5403 non
1350 5348 1642 5418 pugnabat:
1664 5364 1770 5404 non

165 5444 329 5500 enim
349 5442 602 5496 humanis
629 5441 921 5499 rationibus
941 5440 1259 5496 metiebatur
1278 5439 1370 5497 Dei
1389 5439 1657 5503 virtutem,
1676 5438 1770 5494 sed

165 5535 365 5589 omnia
397 5530 892 5602 permittebatliilei.
917 5530 1066 5585 Unde
1096 5545 1200 5585 non
1230 5540 1311 5583 est
1335 5530 1534 5583 veritus
1556 5529 1733 5582 dicere
1752 5569 1768 5591 ,

158 5620 324 5693 quod
346 5620 521 5676 etiam
535 5634 601 5674 ex
615 5619 840 5674 mortuis
859 5619 1119 5675 suscitare
1132 5626 1322 5688 potens
1338 5625 1422 5673 est
1440 5616 1598 5671 Deus.
1621 5612 1772 5670 Unde

158 5728 301 5771 eum
323 5721 386 5770 et
416 5712 468 5767 in
490 5711 796 5789 parabolam
813 5711 1043 5782 accepit,
1072 5709 1172 5765 hoc
1195 5717 1296 5777 est,
1324 5709 1377 5766 in
1401 5707 1646 5767 exemplo
1672 5726 1684 5761 :
1717 5708 1771 5763 in

1882 537 2029 583 ctato
2059 571 2073 596 ,
2104 530 2195 585 hic
2227 530 2328 585 fuit
2367 530 2566 585 salvus.
2596 529 2953 596 Quamobrem
2980 530 3189 600 accepit
3217 543 3340 585 eum
3366 544 3461 599 per

1879 619 2128 683 arietem,
2156 620 2326 689 utqui
2352 618 2495 675 hunc
2516 633 2616 688 pro
2643 620 2736 675 illo
2764 623 3100 676 mactaverit.
3127 620 3252 675 Haec
3278 628 3458 677 autem

1882 720 2032 763 erant
2057 709 2271 779 quidam
2302 710 2412 781 typi
2441 724 2459 764 :
2488 708 2575 766 hic
2591 709 2732 766 enim
2753 720 2836 765 est
2859 710 3027 766 Filius
3053 711 3145 767 Dei
3175 720 3456 767 mactatus.

1880 799 2006 855 Mihi
2056 812 2233 855 autem
2285 800 2564 859 considera
2611 810 2808 869 quanta
2850 803 2922 857 sit
2962 802 3279 873 benignitas.
3327 802 3457 857 Nam

1881 890 2134 959 quoniam
2166 890 2471 948 hominibus
2493 891 2745 960 quaedam.
2768 906 2957 961 magna
2982 902 3099 948 erat
3132 894 3306 951 danda
3334 910 3461 963 gra-

1884 980 1977 1043 tia,
1998 982 2188 1038 volens
2216 982 2266 1036 id
2292 997 2399 1037 non
2428 981 2603 1038 facere
2626 997 2695 1037 ex
2712 984 2917 1051 gratia,
2941 983 3035 1039 sed
3065 994 3336 1055 tamquam
3360 985 3459 1039 de.

1883 1068 2023 1125 bitur
2050 1109 2067 1136 ,
2103 1071 2269 1127 eificit
2297 1071 2528 1140 primum
2567 1080 2625 1129 ut
2660 1070 2820 1127 homo
2858 1072 2952 1128 det
2976 1088 3134 1128 suum
3165 1075 3331 1130 filium
3362 1092 3459 1146 pro

1882 1161 2080 1232 placito
2129 1162 2217 1216 Dei
2249 1202 2265 1229 ,
2307 1170 2366 1219 ut
2393 1162 2526 1217 nihil
2550 1152 2819 1219 videretur
2843 1179 3091 1234 magnum
3120 1165 3292 1221 facere
3318 1167 3455 1225 dans

1878 1252 2076 1309 Filium
2097 1266 2276 1321 suum,
2306 1253 2574 1325 siquidem
2601 1264 2730 1313 ante
2754 1269 2876 1311 eum
2905 1255 3067 1311 homo
3086 1256 3190 1311 hoc
3217 1255 3365 1325 fecit,
3390 1275 3460 1316 ne

1882 1343 2282 1401 existimaretur
2310 1344 2411 1400 hoc
2438 1346 2616 1401 facere
2639 1361 2709 1401 ex
2734 1346 2907 1416 gratia
2933 1347 3144 1412 solum,
3175 1348 3268 1404 sed
3296 1350 3455 1405 etiam

1882 1446 1949 1488 ex
1992 1432 2195 1489 debito.
2223 1432 2354 1488 Nam
2381 1448 2516 1503 quos
2539 1434 2828 1505 diligimus,
2851 1436 2954 1492 hoc
2976 1452 3186 1507 quoque
3214 1439 3461 1494 volumus

1880 1524 1960 1580 eis
1979 1523 2198 1588 donare,
2236 1532 2295 1578 ut
2314 1524 2588 1580 videamur
2599 1525 2667 1580 ab
2688 1526 2752 1581 iis
2769 1528 2913 1596 prius
2928 1528 3241 1597 consequuti
3262 1530 3459 1600 aliquid

1881 1615 2129 1684 exiguum
2154 1656 2170 1680 ,
2218 1614 2297 1670 sic
2354 1615 2432 1670 eis
2472 1623 2642 1672 totum
2672 1616 2802 1673 dare
2830 1634 2845 1683 ;
2873 1626 2928 1673 et
2966 1619 3132 1689 magis
3173 1621 3462 1689 gloriemur

1883 1704 2023 1775 quod
2054 1705 2616 1776 acceperimus,quam
2638 1707 2776 1777 quod
2807 1707 3146 1777 dederimus;
3172 1720 3227 1764 et
3247 1725 3350 1767 non
3381 1711 3464 1788 di-

1886 1798 2078 1860 cimus,
2110 1795 2222 1851 lloc
2247 1796 2296 1851 ei
2324 1794 2592 1863 dedimus,
2620 1797 2737 1864 sed,
2763 1798 2875 1853 lloc
2900 1799 2966 1854 ab
2994 1800 3110 1869 ipso
3129 1800 3455 1870 accepimus.

1887 1886 2035 1941 Unde
2058 1895 2108 1940 et
2129 1903 2276 1953 eum,
2308 1886 2512 1958 inquit,
2544 1890 2735 1961 accepit
2782 1890 2837 1943 in
2871 1891 3114 1960 parabota
3141 1932 3158 1957 ,
3203 1892 3306 1948 hoc
3332 1905 3414 1949 est
3444 1936 3459 1959 ,

1887 1987 2157 2049 tamquam
2186 1979 2239 2033 iu
2268 1980 2552 2049 aenigmate
2585 1997 2600 2034 :
2629 1991 2746 2036 erat
2783 1982 2925 2037 enim
2968 1984 3109 2038 aries
3166 1985 3326 2039 veluti
3361 2000 3458 2054 pa-

1886 2070 2067 2125 rabola
2109 2080 2201 2125 aut
2250 2070 2545 2126 similitudo
2580 2071 2728 2127 Isaac
2760 2089 2773 2127 :
2801 2081 2893 2128 aut
2928 2073 3089 2129 veluti
3139 2076 3190 2129 in
3236 2084 3360 2147 typo
3397 2092 3462 2132 ac

1881 2161 2066 2232 ﬁgura.
2109 2162 2241 2218 Nam
2301 2164 2560 2235 quoniam
2612 2165 2891 2222 voluntate
2946 2167 3111 2223 animi
3167 2169 3459 2236 perfectum

1879 2254 2049 2309 fuerat
2076 2254 2398 2312 sacriﬁcium
2438 2266 2493 2314 et
2531 2258 2743 2316 occisus
2783 2258 2927 2319 Isaac
2951 2301 2968 2327 ,
3006 2269 3302 2330 propterea
3331 2275 3455 2318 eum

1882 2343 2045 2400 donat
2076 2346 2412 2414 patriarcha.

1943 2434 1998 2488 2.
2034 2434 2193 2491 Vides
2220 2435 2327 2492 hoc
2364 2452 2504 2494 nunc
2531 2454 2741 2509 quoque
2770 2438 3021 2506 ostendi,
3049 2442 3191 2510 quod
3230 2457 3449 2513 semper

1873 2525 2026 2581 dico?
2051 2526 2185 2581 Cum
2207 2529 2350 2584 enim
2376 2540 2611 2586 mentem
2643 2540 2881 2589 nostram
2911 2533 3315 2589 exhibuerimns
3338 2552 3458 2605 per-

1874 2615 2088 2683 fectam,
2116 2625 2173 2672 et
2199 2618 2595 2674 ostenderimus
2623 2636 2723 2676 nos
2752 2638 2839 2677 res
2860 2633 3102 2681 terrenas
3136 2625 3414 2696 despicere
3437 2668 3455 2695 ,

1876 2716 2003 2762 tunc
2022 2722 2236 2778 quoque
2267 2711 2423 2765 nobis
2448 2711 2613 2765 donat
2639 2728 2725 2768 res
2757 2723 2997 2769 terrenas
3021 2755 3035 2775 .
3064 2722 3121 2770 et
3149 2733 3252 2771 non
3282 2727 3408 2772 ante
3431 2758 3447 2783 ,

1875 2815 1949 2855 ne
1990 2807 2271 2870 acceptum
2315 2800 2517 2856 donum
2564 2818 2662 2859 nos
2715 2812 2942 2863 terrenis
2988 2806 3234 2873 alligatos
3287 2808 3457 2878 magis

1876 2892 2055 2949 adhuc
2083 2894 2284 2964 alliget.
2313 2894 2472 2952 Solve
2508 2904 2580 2960 te,
2624 2896 2823 2965 inquit,
2852 2898 3080 2969 primum
3107 2914 3137 2952 δ
3170 2900 3454 2965 servitute.

1871 2994 1926 3040 et
1952 2993 2078 3040 tunc
2120 2985 2342 3055 accipe,
2372 2996 2430 3042 ut
2471 3001 2578 3043 non
2631 2986 2861 3055 amplius
2900 2988 3133 3059 accipias
3179 2998 3451 3061 tamquam

1875 3089 2064 3131 servus
2087 3115 2104 3144 ,
2132 3074 2228 3131 sed
2255 3084 2523 3145 tamquam
2562 3076 2812 3137 dominus
2841 3095 2854 3131 :
2885 3077 3101 3147 despice
3125 3078 3375 3145 divitias,
3397 3090 3454 3137 et

1872 3166 1981 3223 eris
2006 3166 2191 3231 dives;
2212 3165 2430 3247 dqpice
2450 3166 2699 3237 gloriam,
2720 3176 2773 3222 et
2789 3167 2901 3223 eris
2916 3169 3213 3239 gloriosus;
3237 3170 3454 3241 despice

1871 3257 2128 3313 ultionem
2161 3258 2534 3325 inimicorum,
2573 3266 2629 3313 et
2674 3267 2798 3314 tunc
2827 3272 2947 3319 eam
2974 3262 3312 3331 assequeris;
3357 3263 3453 3319 de-

1869 3349 2017 3416 spice
2041 3348 2276 3419 quietem
2294 3358 2349 3405 et
2367 3348 2761 3414 remissionem,
2789 3360 2848 3404 et
2875 3358 3001 3407 tunc
3026 3366 3145 3407 eam
3170 3354 3400 3422 accipies
3431 3372 3447 3408 :

1871 3448 1932 3493 ut
1947 3454 2067 3495 cum
2090 3440 2381 3510 acceperis,
2406 3453 2509 3495 non
2537 3450 2803 3510 tamquam
2824 3442 3031 3499 vinctus
3057 3458 3175 3499 eam
3193 3445 3447 3512 accipias,

1871 3545 2044 3599 neque
2074 3539 2342 3600 tamquam
2378 3545 2564 3586 servus
2591 3572 2606 3597 ,
2652 3531 2748 3585 sed
2791 3541 3059 3601 tamquam
3106 3534 3262 3589 liber.
3298 3535 3453 3591 Sicut

1869 3623 2010 3676 enim
2046 3624 2093 3677 in
2122 3622 2300 3692 parvis
2329 3623 2527 3692 pueris,
2552 3623 2770 3692 quando
2788 3638 2920 3692 puer
2936 3625 3149 3694 quidem
3179 3626 3452 3683 desiderat

1873 3713 2075 3768 ludicra
2106 3715 2327 3783 puerilia
2352 3755 2371 3779 ,
2404 3729 2630 3783 propere
2674 3715 2966 3773 admodum
3011 3734 3071 3773 ea
3120 3721 3452 3777 oceultamus

1873 3814 1931 3862 ut
1954 3806 2170 3875 globum
2210 3815 2265 3861 et
2301 3815 2495 3860 caetera
2544 3806 2893 3875 bujusmodi,
2938 3825 3006 3865 ne
3058 3810 3379 3879 impediatur
3417 3827 3451 3867 a

1870 3897 2189 3953 necessariis
2219 3914 2233 3951 :
2263 3895 2475 3966 quando
2501 3905 2683 3952 autem
2709 3897 3073 3970 ea‘despicit,
3112 3907 3167 3953 et
3198 3915 3303 3953 non
3330 3916 3450 3954 am-

1872 3988 2014 4059 plius
2036 4000 2098 4041 ea
2123 3986 2415 4052 desiderat,
2454 3986 2554 4055 ipsi
2581 4001 2647 4042 ea
2674 4002 2866 4043 secure
2892 3988 3248 4059 impertimur,
3279 4001 3335 4043 ut
3357 3992 3453 4059 qui

1873 4081 2107 4138 sciamus
2143 4080 2270 4138 inde
2296 4081 2512 4137 nullam
2558 4080 2814 4150 deinceps
2838 4078 2888 4134 ei
2916 4093 3039 4133 esse
3064 4093 3289 4141 noxam,
3333 4093 3457 4133 cum

1874 4171 2007 4230 illud
2030 4171 2357 4231 desiderium
2388 4185 2495 4226 non
2510 4171 2752 4239 amplius
2781 4169 2955 4239 possit
2977 4184 3105 4222 eum
3122 4167 3401 4222 abducere
3422 4182 3452 4220 a

1876 4261 2202 4319 necessariis
2235 4279 2249 4315 :
2278 4261 2353 4317 ita
2395 4261 2537 4315 Deus
2568 4274 2791 4329 quoque,
2822 4272 2947 4313 cum
2988 4257 3185 4313 viderit
3222 4272 3321 4313 nos
3342 4259 3453 4311 non

1873 4350 2103 4420 amplius
2126 4366 2327 4420 cupere
2348 4366 2474 4419 quae
2501 4349 2586 4406 hic
2610 4356 2759 4415 sunt,
2787 4357 2918 4403 tunc
2936 4348 3067 4403 sinit
3092 4363 3201 4403 nos
3218 4348 3298 4403 eis
3325 4350 3399 4403 uti
3434 4364 3449 4405 :

1874 4455 1938 4501 ea
1962 4441 2105 4499 enim
2130 4439 2392 4497 habemus
2416 4448 2686 4509 tamquam
2722 4438 2964 4494 liberiet
3000 4437 3138 4503 viri,
3182 4453 3287 4493 non
3319 4448 3456 4493 tam-

1874 4545 2030 4600 quam
2058 4530 2227 4599 pueri.
2254 4529 2386 4584 Nam
2410 4528 2573 4599 quod,
2596 4530 2641 4584 si
2665 4529 3053 4597 contempseris
3078 4528 3333 4583 ultionem
3361 4542 3452 4582 su-

1876 4636 2024 4685 mere
2050 4621 2121 4678 de
2144 4622 2401 4686 inimicis,
2430 4632 2554 4677 tunc
2581 4621 2883 4691 assequeris
2906 4660 2921 4683 .
2953 4618 3079 4672 audi
3103 4619 3228 4687 quid
3258 4618 3400 4671 dicat
3434 4636 3449 4671 :

1876 4714 1937 4775 Si
1962 4714 2117 4769 esurit
2145 4722 2264 4769 tuus
2287 4716 2551 4777 amnicus,
2578 4715 2688 4767 ciba
2727 4713 2873 4777 illum
2898 4727 2917 4765 :
2945 4710 2991 4763 si
3019 4711 3155 4773 sitit,
3188 4710 3255 4762 da
3280 4710 3326 4762 ei
3350 4725 3449 4779 po-

1874 4814 2015 4870 tum;
2042 4813 2096 4862 et
2117 4804 2413 4871 subiunxit.
2442 4803 2555 4857 Hoc
2573 4803 2702 4856 enim
2725 4802 2937 4871 facibus,
2957 4816 3194 4869 congeras
3212 4800 3452 4853 carbones

1872 4910 2025 4963 super
2047 4902 2201 4962 caput
2225 4895 2337 4961 ejus
2364 4893 2537 4958 (Rom.
2571 4890 2656 4945 η.
2703 4890 2920 4958 20).Ει
2956 4904 3142 4943 rursus
3184 4887 3326 4959 quod
3352 4930 3368 4953 ,
3400 4889 3449 4943 si

1871 4984 2184 5053 despexeris
2219 4982 2453 5045 divitias,
2486 4991 2610 5036 tunc
2638 4996 2731 5035 eas
2765 4979 3070 5050 assequeris
3089 5018 3111 5046 ,
3135 4978 3260 5033 audi
3286 4978 3450 5033 Chri-

1869 5087 2011 5133 stum
2038 5078 2304 5137 dicentcm
2334 5092 2350 5129 :
2383 5074 2561 5129 Omnis
2583 5075 2671 5145 qui
2695 5073 2954 5143 reiiqusrit
2984 5082 3193 5141 patrem,
3223 5080 3313 5125 aut
3338 5088 3451 5124 nta-

1868 5179 2015 5233 trem,
2044 5178 2133 5223 aut
2159 5168 2367 5221 domum
2387 5207 2406 5233 ,
2434 5174 2522 5220 aut
2546 5170 2755 5236 fratres,
2785 5164 3080 5235 centuplum
3119 5163 3333 5231 accipiet
3351 5204 3366 5225 ,
3398 5172 3451 5216 et

1868 5261 2020 5314 vitam
2042 5268 2285 5314 internum
2310 5255 2586 5325 possidebit
2606 5255 2833 5323 “falli.
2856 5254 2943 5309 19.
2970 5251 3087 5320 29).
3117 5253 3183 5306 Et
3207 5252 3371 5322 quod,
3399 5252 3451 5307 si

1865 5349 2177 5421 despexeris
2203 5347 2451 5417 gloriam,
2474 5354 2601 5401 tunc
2624 5362 2742 5401 eam
2769 5344 3094 5414 assequeris,
3121 5342 3244 5397 audi
3268 5343 3455 5411 ipsum.

1867 5456 2050 5494 rursus
2066 5437 2335 5494 Christum
2357 5436 2645 5500 dicentem,
2672 5435 2772 5502 Qui
2797 5435 2903 5488 butt
2931 5435 3061 5488 inter
3088 5448 3175 5487 vos
3201 5447 3306 5486 esse
3333 5432 3443 5501 pri-

1866 5547 1997 5596 mus,
2023 5531 2086 5584 sit
2110 5538 2269 5584 vester
2291 5528 2539 5593 minister;
2565 5537 2617 5582 et
2639 5540 2844 5591 rursus,
2872 5524 2974 5591 Qui
3002 5540 3056 5578 se
3083 5524 3442 5585 humiliaverit,

1862 5622 2168 5678 multabitur
2212 5620 2439 5692 (Ilattlt.
2492 5618 2581 5674 20.
2613 5617 2706 5673 26.
2747 5627 2793 5671 et
2822 5616 2915 5671 23.
2956 5614 3071 5683 12).
3107 5614 3244 5682 Quid
3274 5612 3443 5666 dicis?

1862 5718 1907 5769 si
1926 5715 1996 5770 do
2020 5724 2206 5784 potum
2240 5714 2461 5770 inimico
2484 5753 2500 5779 ,
2533 5720 2661 5767 tunc
2701 5723 2824 5766 eum
2844 5706 3064 5780 punio?
3090 5707 3135 5761 si
3162 5705 3439 5763 facultates
