3926 6406
547 440 826 500 dimisero,
861 444 986 491 tunc
1012 448 1106 489 ero
1121 433 1402 490 excelsus?
1422 435 1466 486 si
1493 448 1580 486 tne
1603 431 1977 492 humiliavero,
2004 440 2128 483 tunc

546 530 866 586 exaltabor?
891 527 1137 591 Maxime,
1163 526 1336 596 inquit
1362 543 1376 580 :
1409 540 1472 580 ea
1501 533 1587 580 est
1613 525 1758 579 enim
1791 539 1908 579 mea
1937 532 2130 596 poten-

548 623 638 687 tia,
673 629 732 676 ut
759 621 1024 676 contraria
1058 618 1324 689 praebeam
1351 632 1449 688 per
1477 616 1743 672 contraria
1776 633 1791 670 :
1824 631 1941 670 sum
1977 617 2129 670 locu-

544 714 658 783 ples
681 721 735 768 et
758 711 825 765 ad
866 726 954 765 res
984 708 1220 780 agendas
1261 710 1436 764 solers
1465 726 1480 764 :
1509 723 1578 764 ne
1604 707 1796 762 timeas
1830 723 1844 759 :
1876 707 2128 761 volunta-

543 815 648 859 tem
689 819 865 859 meam
896 805 1141 874 sequitur
1181 817 1361 857 rerum
1391 810 1577 856 natura
1598 841 1614 867 ,
1661 815 1767 854 non
1795 814 1895 869 ego
1933 813 2129 867 sequor

542 905 786 949 naturam
831 909 977 965 :ego
1021 895 1199 948 omnia
1242 909 1474 963 operor,
1526 907 1630 946 non
1673 893 1743 945 ab
1792 891 1898 944 illis
1945 905 2124 960 agor:

541 988 890 1057 quamobrem
912 1001 1014 1056 ego
1039 1002 1129 1041 eas
1154 999 1371 1055 possum
1405 993 1762 1037 transmutare
1782 990 1837 1035 et
1859 981 2124 1034 transfor-

539 1096 708 1136 mare.
737 1081 804 1136 Et
833 1080 959 1151 quid
1006 1079 1242 1144 miraris,
1273 1077 1317 1131 si
1348 1077 1398 1129 in
1432 1076 1515 1129 his
1551 1075 1608 1127 ﬁt
1637 1074 1778 1128 tale?
1819 1073 1920 1127 hoc
1948 1073 2122 1142 ipsum

540 1171 683 1226 enim
717 1169 960 1225 invenies
989 1171 1150 1222 etiam
1179 1168 1232 1221 in
1255 1166 1375 1221 aliis
1404 1163 1673 1218 omnibus.

615 1261 716 1326 Qui
737 1259 1043 1313 contumelia
1086 1257 1237 1327 afﬁcit
1259 1297 1274 1322 ,
1306 1256 1416 1325 ipse
1452 1253 1756 1308 contumelia
1782 1251 2017 1320 aﬁicitur.
2053 1282 2124 1294 —

540 1351 598 1406 Si
631 1351 880 1420 injuriam
911 1349 1096 1414 facias,
1136 1346 1357 1402 allectus
1396 1359 1457 1400 es
1500 1343 1691 1413 injuria
1730 1358 1749 1396 :
1783 1343 1830 1398 si
1871 1342 2011 1397 facta
2039 1351 2125 1398 est

543 1448 636 1501 tibi
667 1449 856 1515 injuria
884 1488 899 1511 ,
949 1457 1072 1500 tunc
1116 1462 1220 1498 non
1267 1461 1325 1500 es
1371 1444 1563 1512 injuria
1594 1443 1816 1496 allectus
1847 1458 1861 1495 :
1895 1442 1939 1496 si
1979 1441 2122 1496 ultus

543 1541 726 1605 fueris,
747 1548 871 1593 tunc
897 1555 1000 1592 non
1028 1546 1108 1591 est
1137 1537 1277 1589 ultus
1301 1576 1317 1602 ,
1346 1534 1441 1589 sed
1475 1535 1702 1604 teipsum
1735 1547 1794 1586 es
1823 1533 1984 1586 ultus.
2022 1533 2124 1597 Qui

541 1631 707 1690 enim,
735 1630 942 1698 inquit,
986 1628 1152 1697 diligit
1195 1626 1509 1694 iniquitatem
1531 1665 1546 1689 ,
1590 1624 1697 1676 odit
1727 1623 1950 1675 animant
1978 1639 2123 1676 suam

543 1720 720 1792 (Prov.
749 1720 838 1775 29.
887 1719 1002 1790 24).
1042 1718 1204 1772 Vides
1247 1719 1384 1787 quod
1431 1716 1752 1783 non’injuria
1784 1714 1984 1777 aflicis,
2028 1715 2120 1768 sed

543 1813 734 1881 injuria
765 1811 987 1866 aﬂectus
1031 1812 1128 1866 es?
1175 1811 1460 1879 Propterea
1505 1807 1635 1862 dicit
1676 1808 1836 1861 etiam
1879 1807 2121 1860 Paulus:

545 1903 716 1966 Quare
757 1919 858 1956 non
905 1902 1066 1970 magis
1109 1901 1349 1971 injuriam
1392 1900 1619 1968 accipitis
1663 1898 1739 1970 (l.
1772 1899 1892 1951 Cor.
1931 1898 1983 1952 6.
2030 1894 2126 1964 7)?

543 1993 732 2046 Vidisti
772 1992 914 2061 quod
944 1991 1046 2046 hoc
1071 2008 1176 2045 non
1205 1992 1275 2045 sit
1301 1991 1489 2060 injuria
1519 1990 1699 2043 afﬁci?
1728 1989 1954 2057 Quando
1991 2005 2126 2044 con-

542 2083 755 2136 tumelia
779 2082 1044 2147 affeceris,
1070 2091 1197 2136 tunc
1224 2080 1445 2135 ati'ectus
1472 2096 1530 2135 es
1557 2081 1900 2135 contumelia.
1935 2079 2002 2132 Et
2025 2078 2126 2132 hnc

539 2188 606 2226 ex
639 2181 787 2241 parte
813 2173 990 2226 sciunt
1017 2171 1169 2226 multi
1209 2189 1222 2226 :
1255 2182 1312 2224 ut
1360 2170 1574 2240 quando
1619 2170 1803 2223 dicunt
1848 2169 1988 2224 inter
2021 2186 2078 2223 se
2109 2187 2122 2220 :

544 2262 678 2317 lline
706 2261 1087 2324 discedamus,
1131 2277 1198 2316 ne
1247 2261 1477 2330 teipsum
1524 2259 1727 2315 afﬁcias
1775 2261 2124 2314 contumelia.

542 2352 942 2420 Quamobrem?
971 2353 1234 2420 Quoniam
1280 2352 1504 2406 multum
1538 2352 1763 2408 interest
1789 2352 1927 2405 inter
1949 2360 2000 2406 te
2024 2393 2039 2419 ,
2071 2361 2125 2406 et

545 2445 736 2500 illum:
783 2460 903 2499 nam
950 2446 1392 2514 quantiscumque
1435 2442 1680 2498 ali‘eceris
1725 2442 2065 2498 contumeliis
2091 2481 2110 2509 ,

543 2535 634 2590 ille
657 2535 881 2604 gloriam
907 2535 1197 2590 existimat.
1234 2533 1345 2588 lioc
1374 2536 1427 2588 in
1458 2533 1706 2588 omnibus
1730 2533 2047 2601 cogitemus,
2070 2543 2124 2588 et

542 2626 880 2681 contumeliis
931 2626 1208 2682 evadimus
1256 2626 1582 2696 superiores.
1639 2626 1962 2694 Quomodo?
2007 2627 2122 2698 Ego

542 2719 664 2773 dico
694 2736 706 2771 :
740 2717 795 2773 Si
817 2727 900 2773 est
926 2719 1078 2774 nobis
1110 2734 1283 2789 pugna
1311 2718 1566 2773 adversus
1591 2733 1713 2772 eum
1742 2719 1913 2787 ipsum
1931 2719 2020 2789 qui
2042 2729 2123 2775 est

543 2806 759 2861 indutus
805 2823 1038 2877 purpura
1067 2848 1082 2874 ,
1129 2822 1253 2863 cum
1294 2808 1618 2862 contumelia
1664 2824 1787 2864 eum
1832 2808 2120 2877 allicimus,

540 2897 915 2953 existimamus
954 2913 1052 2954 nos
1093 2900 1240 2969 ipsos
1289 2899 1485 2968 injuria
1533 2899 1793 2955 afﬁcere:
1827 2915 1952 2954 nam
2002 2900 2124 2956 ideo

541 2989 688 3059 digni
703 3004 888 3044 sumus
914 2991 1005 3060 qui
1029 2990 1225 3060 probro
1240 2991 1558 3046 afﬁciantur.
1579 2990 1717 3059 Quid
1735 2991 1889 3057 dicis,
1913 2993 2123 3062 quaaso?

539 3097 664 3137 cum
694 3081 768 3137 sis
793 3082 926 3136 civis
952 3083 1228 3149 cazlorum,
1255 3090 1312 3136 et
1337 3096 1624 3152 supernam
1657 3081 1856 3137 habeas
1887 3083 2125 3153 philoso-

541 3173 743 3244 phiam,
773 3188 895 3229 cum
916 3188 983 3230 eo
1010 3175 1215 3244 quires
1242 3183 1484 3230 terrenas
1502 3177 1884 3246 menteggitat,
1912 3177 2124 3246 probris

540 3264 768 3334 teipsum
815 3265 1065 3334 appetis?
1114 3264 1246 3319 Nam
1292 3266 1500 3320 etiamsi
1550 3267 1801 3330 pecunias
1848 3268 2125 3338 possideat

537 3353 976 3421 innumerabiles,
1004 3363 1062 3410 et
1091 3355 1162 3409 sit
1190 3354 1242 3409 in
1272 3356 1571 3426 principatu
1593 3368 1649 3412 et
1677 3366 1959 3428 potestate,
1988 3375 2124 3413 non-

537 3444 665 3500 dum
695 3455 871 3499 tamen
901 3445 1003 3500 scit
1039 3445 1237 3500 bonum
1283 3456 1455 3499 tuum.
1503 3445 1622 3500 Noli
1654 3448 1881 3516 teipsum
1927 3459 2116 3504 contu.

538 3535 696 3590 melia
717 3534 955 3603 afﬁcere,
976 3536 1122 3590 illum
1150 3535 1388 3594 afﬁciens
1414 3538 1738 3592 contumelia
1771 3555 1784 3591 ε
1818 3539 1912 3592 tibi
1937 3554 2119 3608 parce,

537 3639 645 3680 non
673 3625 747 3679 illi
780 3644 794 3681 :
824 3626 1052 3696 teipsum
1081 3626 1308 3693 honora,
1343 3643 1448 3682 non
1483 3628 1653 3682 illum.
1685 3629 1876 3683 Annon
1903 3639 1988 3684 est
2017 3631 2118 3685 Int-

531 3716 767 3786 jusmodi
796 3717 1132 3786 proverbium
1164 3735 1178 3772 :
1207 3718 1308 3786 Qui
1334 3720 1582 3786 honorat,
1605 3720 1840 3790 seipsum
1865 3721 2112 3775 honorat.

536 3810 605 3865 Et
644 3809 882 3865 merito:
910 3825 1017 3864 non
1045 3813 1190 3866 enim
1240 3812 1389 3866 illum
1433 3811 1680 3874 honorat,
1731 3811 1826 3868 sed
1857 3813 2116 3882 seipsum.

537 3900 673 3955 Audi
701 3899 986 3969 quemdam
1013 3902 1308 3970 sapientem
1338 3902 1602 3957 dicentem
1637 3921 1651 3959 :
1679 3902 1789 3957 Fac
1813 3905 2000 3958 animte
2020 3913 2119 3958 tuta

536 3991 778 4043 honorem
813 3991 969 4059 juxta
1001 3992 1112 4059 ejus
1139 3990 1438 4061 dignitatem
1468 3994 1486 4061 (
1511 3993 1672 4046 l'Icclt'.
1708 3994 1795 4049 10.
1825 3994 1941 4065 31).
1977 3993 2116 4062 Quid

533 4087 640 4141 est,
672 4076 836 4131 Juxta
864 4080 974 4147 ejus
1016 4081 1312 4148 dignitatem
1330 4081 1356 4133 .9
1380 4081 1433 4135 Si
1466 4096 1559 4150 per
1587 4083 1865 4138 avaritiam
1897 4083 2118 4138 frauda-

546 4165 643 4229 vit,
671 4172 728 4218 tu
758 4179 827 4219 ne
864 4163 1113 4230 fraudes;
1157 4165 1204 4220 si
1245 4165 1424 4221 aﬂecit
1447 4169 1798 4236 contumelia,
1836 4186 1905 4227 ne
1931 4183 2127 4228 contu-

545 4253 704 4306 melia
731 4251 954 4308 afﬁcias.
982 4254 1079 4308 Dic
1105 4255 1256 4322 mihi,
1288 4272 1490 4326 quaeso,
1518 4259 1563 4313 si
1583 4260 1700 4329 quis
1726 4277 1928 4333 pauper
1952 4264 2122 4321 lutum

544 4343 726 4411 jacens
771 4358 804 4398 e
852 4352 938 4424 tua
968 4345 1087 4400 aula
1131 4347 1433 4416 acciperet,
1462 4364 1586 4403 num
1601 4361 1874 4420 propterea
1892 4369 2014 4409 eum
2030 4370 2126 4412 vo-

545 4448 699 4488 cares
729 4434 782 4487 in
814 4432 1112 4502 judicium?
1139 4434 1503 4506 Nequaquam.
1540 4440 1758 4508 Quare?
1794 4443 1869 4499 Ne
1896 4453 1948 4498 te
1975 4459 2106 4500 con-

545 4521 759 4575 tumelia
789 4521 1012 4589 afﬁcias,
1041 4539 1108 4579 ne
1135 4533 1188 4579 te
1211 4539 1402 4580 omnes
1430 4527 1807 4583 condemnent.
1843 4531 1955 4586 Hoc
1981 4548 2124 4590 nunc

540 4627 754 4683 quoque
777 4612 836 4668 lit
865 4631 880 4667 :
910 4613 1066 4670 dives
1094 4616 1238 4671 enim
1267 4626 1348 4671 est
1370 4632 1606 4687 pauper,
1637 4629 1690 4673 et
1710 4636 1816 4690 quo
1836 4630 1920 4676 est
1939 4624 2121 4692 ditior,

537 4722 606 4762 eo
635 4708 803 4778 magis
833 4723 956 4764 vera
984 4709 1192 4764 laborat
1223 4719 1553 4782 paupertate.
1585 4711 1777 4767 Lutum
1799 4724 1882 4769 est
1907 4730 2118 4784 aurum,

541 4796 594 4851 in
617 4798 737 4851 aula
761 4798 972 4869 jacens,
1001 4814 1107 4854 non
1137 4798 1284 4855 domi
1308 4809 1410 4855 tua:
1431 4801 1592 4856 situm
1628 4821 1640 4858 :
1666 4805 1855 4860 uelum
1873 4807 2014 4861 enim
2038 4817 2123 4863 est

543 4885 734 4940 domas
757 4897 865 4941 tua.
884 4887 939 4943 Si
964 4897 1241 4958 propterea
1268 4905 1396 4960 ergo
1426 4892 1570 4946 litem
1601 4908 1816 4949 moveas
1844 4903 1898 4950 et
1920 4896 2123 4966 judicio

543 4976 858 5043 contendas,
876 4987 1058 5034 anuOn
1081 4986 1133 5035 te
1149 4980 1578 5037 condemnabunt
1597 4986 1809 5053 superni
1830 4986 1973 5041 cives
1989 4988 2012 5039 ?
2027 5003 2122 5044 an—

542 5081 646 5120 non
668 5068 886 5138 ejicient
909 5082 961 5124 te
981 5086 1011 5125 e
1033 5085 1125 5125 sua
1148 5073 1337 5140 patria,
1361 5074 1450 5143 qni
1469 5089 1528 5130 es
1554 5074 1687 5129 adeo
1723 5076 1958 5143 humilis,
1983 5079 2119 5136 adeo

539 5156 662 5210 vilis
689 5167 744 5212 et
778 5159 1016 5227 abiectus
1035 5201 1052 5226 ,
1083 5169 1138 5214 ut
1168 5177 1264 5231 pro
1290 5164 1499 5218 modico
1528 5165 1638 5220 luto
1681 5167 1815 5221 velis
1842 5172 2119 5240 pugnare?

540 5246 670 5301 Nam
713 5248 760 5302 si
793 5249 1021 5305 mundus
1068 5261 1211 5306 esset
1255 5261 1392 5316 tuus,
1439 5255 1632 5311 deinde
1660 5261 1974 5327 sumpsisset
2015 5263 2118 5316 ali-

537 5337 656 5405 quis
686 5353 830 5402 eum,
864 5341 1099 5395 converti
1130 5343 1299 5410 magis
1323 5354 1614 5412 Oporteret.

605 5431 658 5484 5.
689 5430 876 5486 Nescis
902 5432 1044 5501 quod
1076 5432 1123 5487 si
1155 5433 1335 5489 decies
1362 5438 1605 5504 posueris
1630 5440 1814 5494 orbem
1837 5449 1995 5497 terra:
2017 5485 2031 5508 ,
2061 5455 2117 5501 et

535 5521 741 5575 centies
767 5530 824 5577 et
851 5521 1034 5577 decies
1063 5523 1257 5579 millies
1276 5565 1292 5591 ,
1316 5533 1370 5580 et
1396 5525 1478 5580 bis
1514 5535 1718 5583 tantum
1743 5571 1757 5592 ,
1789 5546 1860 5586 ne
1882 5542 1968 5587 est
1994 5535 2115 5603 qni-

531 5613 654 5667 dem
679 5613 746 5667 ad
769 5615 1043 5669 minimam
1065 5623 1269 5684 partem
1294 5617 1553 5672 bonorum
1576 5634 1694 5688 quae
1716 5631 1839 5674 sunt
1865 5622 1915 5675 in
1943 5624 2115 5678 caelis?

531 5704 633 5772 Qui
661 5718 792 5776 ergo
814 5719 876 5763 ea
903 5721 1023 5779 qua:
1053 5706 1142 5765 hic
1167 5716 1293 5765 sunt
1317 5709 1575 5777 miratur,
1613 5711 1698 5766 illa
1728 5712 1893 5769 afﬁcit
1919 5725 2109 5772 contu-

1279 339 1337 396 S.
1375 336 1651 396 JOANNIS
1689 327 2162 393 CIIRYSOSTOMI
2201 327 2516 385 ARCIIIEP.
2555 327 3086 390 CONSTANTLNOP.
3718 336 3801 395 ηδ

2239 432 2420 495 melia,
2448 431 2712 502 siquidem
2743 431 2858 486 lucc
2877 431 3034 500 digna
3063 431 3332 487 existimat
3355 433 3406 487 in
3432 447 3556 502 qua:
3584 434 3806 490 studium

2234 521 2511 587 conferat,
2540 536 2659 591 quae
2699 520 2766 576 ab
2801 521 2905 576 illis
2932 530 3082 576 tanto
3119 521 3319 577 distant
3346 521 3633 578 intervallo
3665 540 3679 575 :
3713 524 3808 577 imo

2236 630 2364 670 vero
2406 628 2504 669 nec
2545 613 2740 684 poterit
2785 613 3000 685 quidem
3048 614 3135 669 illa
3187 613 3436 668 admirari
3482 632 3496 668 :
3547 615 3809 684 quomodo

2237 706 2405 770 enim,
2433 721 2553 761 cum
2582 706 2650 761 ad
2681 705 2795 761 haec
2821 705 3206 777 obstupescens
3234 705 3447 760 inlties?
3479 706 3807 760 Dissecemus

2234 797 2314 851 vel
2339 809 2461 851 sero
2483 795 2714 862 tandem,
2747 810 2950 866 quaeso,
2986 794 3141 851 funes
3165 804 3216 850 et
3238 795 3454 866 laqueos
3483 813 3499 849 :
3529 796 3648 850 haec
3675 797 3806 851 enim

2232 897 2358 941 sunt
2387 901 2473 941 res
2498 895 2745 942 terrena.
2789 887 3050 954 Quamdiu
3091 887 3490 942 incurvabimur
3527 886 3808 942 deorsum?

2232 976 2488 1046 quamdiu
2514 992 2613 1032 nos
2639 979 2776 1033 alter
2804 978 2957 1033 alteri
3002 978 3371 1034 insidiabimur
3393 1020 3408 1042 ,
3442 980 3586 1034 sicut
3611 978 3740 1034 fera:
3761 992 3808 1036 et

2231 1070 2373 1123 sicut
2409 1071 2620 1138 pisces?
2648 1070 2758 1126 lmo
2787 1087 2911 1126 vero
2941 1071 3068 1125 ferte
3099 1087 3204 1126 non
3237 1081 3423 1142 parant
3449 1073 3550 1127 sibi
3580 1073 3801 1128 invicem

2227 1157 2470 1223 insidias,
2519 1157 2614 1212 sed
2658 1159 2720 1212 iis
2758 1174 2878 1228 quae
2923 1169 3048 1214 sunt
3085 1160 3279 1215 diversi
3304 1163 3517 1231 generis
3549 1181 3564 1218 :
3596 1177 3800 1232 utputa,

2224 1261 2384 1300 ursus
2412 1261 2593 1300 ursum
2630 1262 2734 1300 non
2763 1247 3043 1303 confestim
3073 1249 3349 1313 interimit,
3380 1267 3558 1321 neque
3583 1267 3803 1322 serpens

2225 1337 2293 1390 de
2322 1337 2498 1391 medio
2524 1338 2661 1412 tollit
2693 1347 2997 1408 serpentem
3023 1378 3039 1403 ,
3073 1349 3131 1393 ut
3159 1341 3249 1409 qui
3277 1352 3588 1397 revereatur
3614 1359 3803 1415 cogna-

2226 1427 2425 1481 tionem
2457 1442 2471 1479 :
2502 1435 2558 1479 ttt
2585 1437 2762 1481 autem
2804 1443 2929 1483 eum
2967 1429 3057 1498 qui
3103 1439 3188 1483 est
3231 1430 3470 1499 ejusdem
3506 1435 3726 1502 generis
3755 1446 3804 1489 et

2224 1531 2346 1572 cum
2377 1533 2483 1587 quo
2497 1519 2617 1587 jura
2649 1519 2812 1573 habes
2835 1519 3264 1586 innumerabilia,
3293 1523 3693 1592 cognationem,
3723 1540 3800 1578 ra-

2227 1608 2428 1662 tionem
2453 1648 2469 1672 ,
2498 1609 2591 1662 Dei
2632 1608 2992 1678 cognitionem
3014 1649 3031 1677 ,
3063 1611 3172 1665 vim
3203 1619 3407 1667 natura:
3437 1621 3492 1666 et
3527 1614 3631 1668 alia
3661 1616 3804 1668 innu-

2227 1713 2396 1764 mera,
2423 1705 2479 1752 et
2502 1699 2588 1767 qui
2618 1708 2702 1753 est
2729 1699 2972 1766 ejusdem
3000 1709 3202 1755 natura:
3233 1703 3500 1774 particeps
3523 1745 3538 1769 ,
3570 1707 3804 1775 perimis.

2228 1797 2283 1841 et
2311 1787 2364 1840 in
2391 1787 2528 1841 mala
2555 1787 2727 1856 injicis
2766 1789 3195 1844 innumerabilia.
3241 1790 3377 1857 Quid
3409 1803 3522 1848 tum
3564 1797 3738 1858 enim,
3765 1800 3804 1849 si

2227 1876 2459 1948 gladium
2491 1893 2597 1932 nou
2622 1879 2820 1948 adigis,
2864 1896 3038 1949 neque
3077 1881 3131 1935 in
3156 1882 3354 1937 collum
3384 1883 3665 1940 dexteram
3709 1889 3803 1940 im-

2229 1970 2459 2038 mergis?
2474 1969 2577 2024 alia
2607 1970 2737 2025 lacis
2760 1971 2862 2026 hoc
2885 1973 3148 2042 graviora,
3176 1974 3226 2026 in
3251 1984 3540 2044 perpetuas
3568 1978 3805 2046 injiciens

2229 2060 2522 2116 molestias.
2549 2061 2680 2115 Nam
2711 2062 2756 2115 si
2786 2061 2885 2116 hoc
2914 2063 3152 2128 fecisses,
3179 2065 3466 2120 liberasses
3494 2082 3622 2121 eum
3654 2083 3682 2120 a
3713 2071 3805 2122 sol-

2230 2151 2542 2207 licitudine:
2578 2168 2716 2208 nunc
2745 2161 2922 2207 autem
2948 2153 3120 2222 injicis
3143 2154 3193 2208 in
3224 2154 3442 2219 famem.
3475 2160 3802 2222 servitutem,

2231 2242 2572 2311 argritudines
2596 2253 2650 2298 et
2671 2243 2834 2296 multa
2860 2254 3098 2312 peccata.
3119 2245 3246 2300 Haec
3261 2246 3404 2310 dico,
3432 2257 3486 2302 et
3510 2264 3618 2302 non
3642 2265 3805 2303 cessa-

2232 2333 2300 2386 bo
2337 2333 2550 2398 dicere,
2581 2348 2688 2387 non
2733 2347 2829 2388 vos
2867 2334 3094 2389 incitans
3136 2335 3203 2390 ad
3244 2337 3450 2392 cmdem
3493 2338 3802 2401 faciendam.

2231 2439 2404 2494 neque
2427 2424 2717 2478 adhortans
2739 2432 2798 2477 ιιι
2821 2423 2887 2478 ad
2914 2425 3110 2480 malum
3134 2426 3222 2481 illo
3245 2429 3423 2484 minus
3448 2430 3699 2495 veniatis,
3722 2433 3804 2486 sed

2234 2531 2301 2569 ne
2324 2514 2606 2570 conﬁdatis
2639 2523 2906 2584 tamquam
2946 2529 3134 2583 ptenas
3163 2532 3274 2572 non'
3296 2519 3414 2574 sitis
3443 2521 3620 2575 daturi
3651 2538 3667 2575 :
3697 2539 3802 2575 nam

2236 2606 2333 2672 Qut
2383 2606 2565 2660 victum
2607 2607 2801 2662 adimit,
2833 2608 3064 2674 proximo
3109 2619 3156 2663 et
3200 2626 3421 2679 partem,
3474 2615 3662 2666 occidit
3705 2631 3804 2668 cum

2233 2697 2418 2765 (Eccli.
2462 2697 2552 2752 54.
2596 2696 2712 2765 24).
2742 2697 3126 2754 Contineantus
3157 2702 3370 2757 tandem
3401 2705 3544 2774 apud
3579 2721 3679 2761 nos
3707 2724 3806 2760 ma-

2234 2804 2354 2854 nus,
2378 2803 2563 2858 quaeso
2582 2804 2598 2853 ;
2618 2789 2726 2843 imo
2747 2804 2874 2844 vero
2895 2806 3003 2848 non
3027 2792 3420 2860 contineamus,
3442 2796 3540 2850 sed
3563 2811 3655 2852 eas
3675 2809 3803 2853 recte

2233 2878 2604 2944 extendamus,
2636 2894 2740 2932 non
2772 2877 2838 2933 ad
2867 2879 3015 2949 plura
3045 2883 3365 2952 acquirenda
3391 2899 3491 2954 per
3514 2888 3804 2951 avaritiam,

2233 2967 2328 3024 sed
2364 2969 2430 3023 ad
2459 2969 2855 3040 eleemosynam
2891 2988 2904 3024 :
2934 2986 3001 3026 ne
3043 2971 3336 3028 habeamus
3379 2990 3600 3029 manum
3650 2978 3800 3030 infm-

2233 3069 2508 3128 ctuosam,
2543 3077 2640 3117 nec
2682 3063 2886 3118 aridam
2920 3081 3084 3120 :nam
3125 3082 3246 3137 quae
3287 3081 3392 3142 φη
3436 3067 3563 3123 facit
3603 3071 3801 3138 quidem

2233 3151 2651 3223 eleemosynam,
2681 3164 2764 3208 est
2791 3153 2940 3210 arida
2974 3173 2988 3210 :
3021 3172 3140 3224 qua:
3160 3166 3339 3212 autem
3367 3159 3534 3212 etiam
3557 3161 3699 3229 plura
3725 3178 3802 3214 ac-

2234 3244 2399 3315 quirit
2425 3259 2519 3314 per
2541 3245 2839 3312 avaritiam,
2863 3254 2947 3300 est
2965 3248 3288 3302 exsecranda
3313 3259 3368 3304 et
3393 3249 3630 3319 impura.
3649 3250 3799 3306 Nemo

2233 3334 2477 3390 comedat
2505 3350 2626 3389 cum
2655 3336 3203 3402 ejusmodimanibus;
3231 3349 3314 3394 est
3337 3341 3480 3394 enim
3499 3343 3799 3396 contumelia

2233 3440 2419 3482 eorum
2445 3425 2536 3494 qui
2559 3435 2683 3481 sunt
2707 3427 2899 3482 vocati.
2923 3427 3076 3491 Nam,
3097 3428 3183 3484 dic
3213 3445 3418 3500 quaaso,
3471 3433 3518 3486 si
3547 3433 3663 3501 quis
3693 3449 3796 3487 una

2241 3538 2340 3578 nos
2352 3530 2593 3578 curasset
2610 3521 2923 3576 accumbere
2942 3537 3104 3592 super
3122 3532 3330 3592 tapetes
3354 3533 3409 3578 et
3435 3525 3598 3580 molle
3615 3534 3799 3595 stragu-

2239 3615 2348 3672 lum
2383 3625 2438 3670 et
2477 3630 2607 3669 auro
2649 3615 2879 3669 intextas
2900 3623 3077 3669 vestes
3098 3616 3264 3670 lineas
3283 3616 3334 3670 in
3363 3617 3528 3671 domo
3557 3632 3732 3686 magna
3752 3629 3797 3672 et

2237 3705 2534 3777 splendida,
2551 3720 2901 3775 magnamque
2925 3715 2979 3760 et
2999 3706 3220 3760 multam
3245 3707 3567 3763 famulorum
3604 3710 3795 3764 adstare

2235 3796 2482 3867 jussisset
2523 3797 2933 3863 multitudinem,
2977 3797 3170 3853 deinde
3201 3814 3439 3854 mensam
3485 3813 3715 3870 parasset
3732 3818 3791 3857 ex

2236 3903 2366 3945 auro
2385 3898 2439 3945 et
2458 3899 2700 3959 argento,
2728 3898 2783 3945 et
2803 3890 2984 3944 multis
3007 3890 3276 3960 implesset
3298 3893 3565 3962 lautisque
3590 3903 3646 3949 et
3668 3909 3794 3948 sum-

2237 3983 2442 4050 ptuosis
2471 3998 2630 4036 omne
2655 3997 2823 4052 genus
2851 3983 3005 4048 cibis,
3035 3996 3133 4036 nos
3164 3996 3377 4053 cogeret
3400 3986 3686 4042 comedere
3714 3988 3790 4041 :si

2234 4075 2406 4129 solum
2439 4075 2696 4130 ferremus
2719 4090 2840 4130 eum
2871 4090 3028 4147 egeno
3054 4091 3244 4130 manus
3272 4087 3559 4147 angentem
3589 4089 3642 4134 et
3671 4091 3784 4134 ster-

2234 4091 2406 4129 sontm
2439 4091 2696 4130 terremus
2719 4091 2840 4130 eum
2871 4091 2898 4130 c
2959 4091 3028 4129 no
3054 4091 3244 4130 manus
3272 4091 3559 4147 angentem
3589 4091 3642 4134 et
3671 4091 3784 4134 ster-

2233 4180 2362 4221 core
2403 4167 2635 4220 lnunano
2658 4207 2674 4232 ,
2711 4176 2765 4222 et
2803 4169 2871 4220 ita
2903 4091 3075 4220 ἱωυί
3117 4168 3558 4234 accumbentem;
3609 4169 3788 4222 hancne

2234 4272 2446 4327 pugnant
2475 4259 2761 4312 sustineret
2783 4258 3065 4327 quispiam,
3090 4268 3143 4313 et
3169 4275 3273 4314 non
3302 4259 3438 4315 hanc
3461 4275 3576 4316 rem
3597 4262 3784 4317 duceret

2232 4364 2352 4404 esse
2379 4349 2790 4403 Contumeliam?
2814 4348 3041 4404 Duceret
3085 4364 3248 4414 sane,
3279 4351 3501 4420 Opinor,
3535 4361 3590 4406 et
3632 4354 3778 4406 statim

2232 4441 2486 4496 resiliret.
2533 4440 2685 4495 Nunc
2713 4451 2890 4495 autem
2936 4455 3041 4496 non
3082 4442 3231 4497 vides
3263 4457 3454 4499 manus
3499 4460 3627 4500 vero
3655 4459 3778 4499 coeno

2231 4534 2474 4602 Oppletas
2496 4575 2510 4597 ,
2537 4543 2697 4602 atque
2734 4533 2871 4588 adeo
2900 4533 3043 4603 ipsos
3080 4534 3242 4589 etiam
3281 4535 3460 4601 cibos,
3499 4547 3552 4592 et
3587 4552 3686 4591 non
3714 4550 3776 4590 re-

2229 4627 2362 4690 silis,
2392 4641 2497 4679 non
2524 4624 2904 4694 reprehendis;
2923 4625 3018 4679 sed
3047 4625 3092 4680 si
3118 4627 3190 4681 sit
3218 4626 3435 4696 quidem
3466 4628 3519 4681 in
3549 4639 3774 4698 potestate

2229 4724 2283 4769 et
2309 4717 2658 4780 auctoritate,
2699 4731 2812 4771 rem
2860 4730 3104 4784 magnam
3147 4731 3269 4772 esse
3307 4717 3522 4783 statuis,
3569 4729 3622 4773 et
3663 4730 3770 4772 tuam

2229 4805 2408 4875 perdis
2436 4807 2667 4860 animam
2690 4848 2705 4872 ,
2732 4820 2956 4860 vescens
2989 4807 3202 4862 talibus.
3232 4808 3433 4874 Quovis
3467 4810 3608 4863 enim
3645 4824 3768 4864 eorum

2229 4900 2376 4969 pejor
2397 4900 2715 4953 estavaritia
2737 4915 2750 4962 ;
2773 4900 3002 4952 animant
3021 4901 3163 4953 enim
3190 4901 3448 4965 inquinat,
3468 4917 3573 4957 non
3588 4918 3764 4971 corpus,

2225 5001 2279 5046 et
2303 4991 2466 5045 efﬁcit
2495 5002 2552 5045 ut
2581 4990 2871 5046 difﬁciliter
2893 4992 3060 5061 possit
3083 4992 3210 5045 elui.
3238 4992 3316 5045 Tn
3339 5008 3470 5062 ergo
3501 4995 3672 5050 videns
3691 4995 3766 5046 hoc.

2224 5095 2379 5158 ccenp
2405 5081 2618 5152 quidem
2650 5082 2840 5136 illitum
2868 5097 2988 5136 eum
3018 5083 3107 5152 qui
3137 5083 3424 5148 accumbit,
3454 5095 3510 5140 et
3536 5102 3704 5139 manus
3725 5094 3764 5138 et

2223 5175 2451 5237 oculos,
2501 5174 2721 5230 domum
2773 5190 2987 5245 quoque
3036 5185 3090 5230 et
3140 5191 3379 5230 mensam
3431 5193 3499 5233 eo
3545 5179 3758 5247 repletam

2223 5265 2574 5336 (stercoribus
2595 5266 2764 5334 enim,
2788 5275 2844 5321 et
2870 5267 2912 5320 si
2937 5266 3064 5336 quid
3091 5277 3173 5321 est
3202 5267 3284 5323 his
3309 5269 3646 5335 immundius,
3666 5279 3759 5323 sunt

2223 5360 2296 5414 illi
2322 5360 2424 5414 cibi
2453 5360 2760 5427 Spurciores
2781 5369 2834 5414 et
2857 5360 3268 5429 obscteniores),
3299 5362 3368 5414 ita
3398 5363 3619 5418 afﬁceris
3639 5361 3754 5432 quasi

2223 5450 2545 5516 honoratus,
2587 5461 2643 5508 et
2685 5459 2955 5522 tamquam
3002 5451 3212 5507 futurus
3248 5454 3299 5508 in
3342 5453 3577 5509 deliciis?
3608 5465 3654 5509 et
3680 5468 3752 5505 nec

2223 5543 2439 5598 Paulum
2470 5544 2684 5614 quidem
2713 5545 2945 5610 vereris,
2978 5545 3067 5614 qui
3095 5544 3161 5599 ad
3196 5561 3436 5601 mensam
3464 5546 3746 5604 Grzecorum.

2220 5634 2262 5689 si
2288 5635 2532 5702 velimus,
2568 5635 2702 5691 citra
2747 5635 3185 5705 impedimentum
3231 5636 3386 5691 nobis
3419 5637 3654 5706 permittit
3675 5649 3746 5685 ar-

2221 5727 2430 5796 cedcre,
2458 5728 2524 5784 ad
2577 5743 2854 5786 avarorum
2895 5738 3069 5785 autem
3117 5739 3171 5785 et
3221 5742 3406 5784 eorum
3449 5731 3535 5801 qni
3579 5728 3745 5783 datnuts
