3988 6560
201 364 287 420 175
949 360 1017 417 ΙΝ
1052 360 1272 421 1⁸11³18⁸1⁸.
1308 365 1400 421 AD
1445 367 1711 425 HEBREI

1840 368 1992 427 CAP.
2028 370 2121 428 XI.
2154 371 2392 432 IIOMIL.
2429 376 2600 437 XXV.

194 478 294 530 τότε
330 473 484 529 αὐτὸν
520 476 779 545 κολάζως
815 479 911 535 ἐὰν
954 483 1079 552 ἀφῶ
1115 485 1184 539 τὰ
1216 485 1531 558 ὑπάρχοντα
1555 525 1570 549 ,
1610 484 1732 538 τότε

192 563 306 618 αὐτὰ
326 563 457 633 (xw;
487 564 584 618 ἐὰν
601 564 927 622 ταπεινώσω
949 569 1208 640 ἐμαυτὸν,
1232 572 1353 625 τότε
1386 572 1589 643 ὑψηλὸς
1611 572 1733 625 ἔσο-

194 666 302 721 μαι;
326 650 431 703 Ναὶ
456 692 472 713 ,
508 651 647 722 φησί
682 668 697 682 ’
743 654 969 726 τοιαύτη
1009 655 1119 728 7&9
1146 659 1181 728 ἠ
1211 658 1318 728 ἐμή
1347 658 1576 729 δύναμις
1595 696 1612 722 ,
1642 659 1732 713 διὰ

190 740 277 792 τιῖιν
300 738 551 793 ἐναντίων
569 740 640 794 τὰ
675 742 893 798 ἐναντία
919 745 1147 816 παρέχει
1178 757 1198 777 ⁸
1225 745 1457 818 εὖπορός
1488 749 1605 819 εἰμι
1636 750 1730 803 καὶ

192 828 482 897 εὐμήχανος,
549 827 626 899 μὴ
677 829 899 902 δείσῃςο
950 831 1029 897 τῷ
1077 833 1195 905 ἐμῷ
1237 834 1502 905 θελήματι
1543 838 1577 905 ἡ
1617 838 1730 892 τῶν

193 913 493 983 πραγμάτων
523 914 807 970 ἀκολουθεῖ
835 917 1016 987 φύσις,
1042 922 1141 974 οὐκ
1174 922 1285 995 ἐγὼ
1312 926 1376 996 τῇ
1409 924 1568 994 φύσει
1596 925 1729 979 ἐπο-

194 1018 271 1071 μαι
300 1014 316 1029 ⁸
359 999 468 1069 ἐγὼ
512 1001 694 1056 πάντα
734 1006 1062 1076 ἐργάζομαι,
1098 1009 1199 1063 ούκ
1237 1010 1350 1078 ἐγὼ
1379 1013 1456 1064 ὑπ
1504 1012 1729 1066 ἐκείνων

191 1090 381 1157 ἄγομαιο
421 1088 503 1141 διὸ
540 1090 638 1143 καὶ
675 1091 1077 1160 μεταπλάττειν
1117 1096 1212 1148 καὶ
1261 1097 1727 1170 μεταρρυθμίζειν

191 1176 300 1231 αὐτὰ
328 1176 575 1246 δύναμαι.
609 1179 721 1231 Καὶ
756 1180 811 1234 τί
841 1181 1144 1250 θαυμάζεις
1172 1186 1220 1238 εἰ
1242 1186 1301 1237 ἐν
1326 1190 1438 1250 τοῖς
1461 1188 1727 1253 τοιούτοις

189 1264 362 1332 γίνεται
396 1266 454 1318 τὺ
489 1267 740 1335 τοιοῦτος
767 1269 827 1322 τὸ
864 1270 995 1324 αὐτὸ
1020 1272 1129 1343 7&9
1166 1273 1260 1327 καλ⁸
1301 1275 1360 1328 ἐν
1390 1276 1505 1339 τοῖς
1541 1277 1724 1342 ἄλλοις

188 1353 357 1406 ἅπασιν
378 1353 652 1425 εὑρήσεις.

252 1529 362 1583 Ἐὰν
385 1528 491 1601 7&9
521 1531 812 1603 ἀδικήσῃς,
847 1533 1131 1607 ἠδικήθης·
1163 1535 1257 1592 ἐὰν
1288 1538 1571 1612 άδικηθῇς,
1597 1542 1722 1596 τότε

182 1619 265 1671 οὐκ
290 1617 543 1689 ἠδικήθης
574 1634 589 1648 ⁸
635 1619 733 1674 ἐὰν
775 1621 983 1696 ἀμύνῃ,
1026 1623 1150 1677 τότε
1178 1626 1279 1679 ούκ
1313 1627 1508 1697 ἠμύνω
1532 1668 1548 1694 ,
1583 1630 1722 1684 ἀλλὰ

183 1706 349 1760 σαυτὸν
375 1706 586 1776 ἠμύνω.
630 1708 686 1761 '0
717 1710 826 1781 7&9
856 1710 1104 1779 ἀγαπῶν
1131 1711 1247 1780 τὴν
1270 1713 1533 1781 ἀδικίαν,
1563 1718 1718 1787 φησι,

175 1794 315 1863 μισεῖ
338 1794 450 1863 τὴν
479 1795 702 1852 ἑαυτοῦ
743 1797 975 1866 ψυχήν.
1020 1797 1185 1871 ὐρᾷς
1230 1801 1314 1854 ὃτι
1342 1804 1442 1855 οὐκ
1473 1805 1682 1871 ἀδικεῖς
1703 1848 1718 1871 ,

178 1880 271 1936 ἀλλ’
316 1883 617 1954 ἠδικήθηςς
682 1884 783 1939 Διὰ
843 1885 1005 1939 τοῦτο
1050 1887 1148 1943 καὶ
1211 1890 1242 1942 6
1296 1888 1509 1954 Παῦλός
1561 1909 1718 1963 φησιο

175 1971 257 2023 Διὰ
280 1971 332 2023 τι
364 1970 499 2038 οὐχί
518 1969 765 2039 μᾶλλον
798 1972 1105 2048 ἀδικεῖσθε
1129 1990 1150 2038 ;
1180 1971 1333 2039 Εἶδες
1357 1978 1443 2032 ὅτι
1471 1979 1572 2033 οὐκ
1602 1980 1719 2035 ἐστι

172 2059 302 2112 τοῦτο
348 2060 692 2125 άδικεῖσθαις
741 2062 913 2114 Ὅταν
957 2061 1209 2135 ὑϐρίσῃς,
1244 2065 1367 2119 τότε
1424 2067 1713 2138 ύϐρίσθης.

172 2150 259 2203 Καὶ
280 2148 431 2202 τοῦτο
450 2150 516 2202 ἐκ
552 2150 754 2220 μέρους
788 2153 970 2205 ῐσασιν
999 2156 1050 2206 οἰ
1090 2154 1279 2208 πολλοί
1317 2174 1331 2187 ·
1363 2156 1441 2220 ὠς
1468 2157 1596 2211 ὅταν
1630 2159 1717 2212 λέ-

171 2253 283 2301 γωσι
315 2236 448 2307 πρὸς
470 2237 736 2308 ἀλλήλους
756 2279 771 2302 ,
820 2238 968 2312 [251]
995 2242 1260 2312 Ἀγωμεν
1298 2244 1548 2299 ἐντεῦθεν
1574 2285 1588 2311 ,
1640 2247 1715 2318 μὴ

172 2323 367 2395 ὑϐρίσῃς
420 2325 638 2379 σαυτόν.
679 2327 780 2380 Διά
822 2327 916 2393 τίς
966 2328 1088 2382 Ὀτι
1119 2330 1254 2383 πολὺ
1301 2330 1363 2384 τὸ
1414 2334 1581 2403 μέσον
1621 2334 1714 2388 σοῦ

170 2411 408 2464 κάκείνου·
436 2411 535 2463 ὅσα
565 2410 675 2483 7&9
697 2412 762 2465 ἂν
787 2412 1037 2486 ὑϐρίσῃς,
1061 2416 1267 2480 ἐκεῖνος
1294 2418 1452 2483 δόξαν
1480 2420 1710 2489 ἡγεῖται.

170 2497 311 2552 Τοῦτο
337 2499 427 2552 ἐπὶ
455 2500 676 2554 πάντων
703 2501 1000 2572 ἐννοῶμεν,
1031 2504 1128 2556 καὶ
1156 2505 1420 2576 γινόμεθα
1446 2508 1713 2579 ὑψηλότεο

171 2606 238 2656 ροι
278 2589 379 2641 τῶν
424 2589 659 2661 ὕϐρεων.
704 2590 863 2655 Πῶς,
894 2591 1007 2662 ἐγὼ
1040 2593 1185 2663 λέγω
1213 2611 1227 2624 ⁸
1260 2596 1356 2649 ἐὰν
1388 2597 1524 2670 πρὸς
1551 2600 1714 2653 αὐτὸν

168 2680 238 2730 τὸν
259 2679 349 2749 τήν
380 2679 677 2750 ἁλουργίδα
720 2680 912 2751 ἔχοντα
934 2746 939 2751 ,
960 2684 1142 2756 μάχην
1169 2684 1404 2757 ἔχωμεν,
1439 2688 1513 2758 τῷ
1552 2688 1712 2760 ὑϐρί-

170 2767 261 2828 ζειν
288 2766 443 2820 αὑτὸν
469 2768 618 2837 ἡμᾶς
650 2768 849 2833 αὐτοὺς
880 2768 1126 2841 ὑϐρίζειν
1151 2773 1453 2843 ήγούμεθα’
1481 2776 1576 2829 καὶ
1601 2776 1712 2849 γὰρ

170 2853 423 2918 πλύνοντες
459 2857 691 2922 ἐκεῖνον,
738 2858 832 2911 καὶ
876 2860 1041 2929 ἡμεῖς
1081 2860 1173 2913 τοῦ
1221 2861 1518 2916 πλύνεσθαι
1570 2864 1710 2933 ἄξιοι

168 2940 416 3011 γινόμεθα.
445 2941 510 2993 Τί
540 2942 742 3025 λέγεις,
765 2945 887 2997 εἰπέ
917 2962 1006 3014 μοι
1034 2963 1049 3011 ;
1080 2946 1190 3000 τῶν
1212 2948 1710 3025 οὐρανῶνπολίτης

167 3024 245 3087 ὧν,
285 3025 372 3078 καὶ
414 3026 514 3093 τήν
564 3024 680 3079 ἄνω
728 3027 1050 3099 φιλοσοφίαν
1099 3028 1261 3101 ἔχων,
1315 3034 1456 3103 μετὰ
1501 3036 1596 3089 τοῦ
1638 3024 1709 3091 τά

167 3112 301 3180 γήϊνα
328 3110 670 3199 φρονοῦντ’
691 3113 914 3179 πλύνεις
963 3117 1189 3182 σαυτόν;
1233 3120 1354 3173 Κᾶν
1391 3120 1500 3192 7&9
1539 3125 1710 3195 μυρία

166 3202 385 3269 χρήματα
417 3202 711 3271 κέκτηται,
742 3204 849 3258 κᾶν
880 3205 940 3257 ἐν
975 3205 1266 3278 δυναστείᾳ
1348 3249 1363 3273 ,
1394 3208 1547 3263 οὔπω
1586 3208 1699 3266 οἶδε

164 3287 213 3338 τὸ
236 3289 380 3342 καλὸν
409 3290 469 3343 τὺ
510 3291 623 3348 σόν,
667 3290 759 3362 Μὴ
800 3292 1034 3365 ὑϐρίσῃς
1065 3297 1282 3356 σαυτὸν.
1320 3299 1529 3353 ἐκεῖνον
1549 3300 1704 3370 669!-

163 3374 267 3437 ζων·
296 3376 484 3430 σαυτοῦ
525 3380 729 3446 φεῖσαι,
751 3378 823 3449 μὴ
844 3380 1053 3433 ἐκείνου
1080 3399 1093 3411 ·
1118 3384 1313 3437 σαυτὸν
1350 3385 1602 3455 τίμησον,
1632 3388 1706 3459 μὴ

162 3466 352 3517 ἐκεῖνον.
381 3467 515 3535 Οὐχὶ
539 3466 808 3537 παροιμία
824 3468 1045 3540 τοιαύτη
1084 3472 1249 3536 ἐστὶν,
1266 3472 1326 3525 Ὀ
1354 3473 1550 3544 τιμῶν,
1577 3477 1707 3530 ἐαυ-

161 3552 236 3602 τὸν
265 3554 390 3623 τιμᾷ
415 3570 429 3618 ;
454 3554 699 3617 Εἰκότως
728 3571 743 3585 θ
766 3555 829 3607 ού
864 3556 973 3626 7&9
1005 3557 1213 3611 ἐκεῖνον
1245 3560 1400 3630 τιμᾷ,
1430 3560 1547 3614 ἀλλ’
1575 3564 1706 3615 ἐαυ-

160 3644 247 3696 τόν.
277 3644 464 3698 Ἀκουε
490 3645 662 3714 σοφοῦ
685 3664 830 3710 τινος
849 3647 1121 3714 λέγοντος
1148 3651 1414 3718 Ποίησον
1438 3652 1515 3721 τῇ
1532 3654 1706 3725 ψυχῇ

160 3750 253 3790 σου
282 3738 452 3805 τιμὴν
484 3739 641 3792 κατὰ
662 3737 779 3804 τὴν
806 3738 990 3803 ἀξίαν
1018 3740 1230 3809 αὐτῆς.
1271 3744 1336 3795 Τί
1368 3745 1517 3809 ἐστι,
1546 3747 1707 3801 Κατὰ

159 3822 249 3885 τὴν
295 3825 473 3889 ἀξίαν
527 3824 762 3891 αὐτῆς;
813 3827 877 3879 Εἰ
926 3827 1346 3900 ἐπλεονέκτησε,
1400 3831 1572 3902 φησὶ,
1630 3820 1706 3904 μή

160 3910 547 3986 πλεονεκτήσῃς·
582 3914 632 3965 εἰ
658 3910 871 3983 ὕϐρισε,
906 3913 981 3983 μή
1007 3913 1257 3984 ὑϐρίσῃς.
1290 3915 1425 3969 Εἰπέ
1457 3933 1567 3986 μοι,
1594 3934 1702 3971 πα-

158 3998 367 4065 ρακαλῶ,
390 4001 539 4063 εῐτις
557 4001 727 4070 πένης
745 4000 914 4071 πηλὸν
935 4003 1269 4073 ἐρριμμένον
1292 4002 1401 4056 ἀπὸ
1418 4003 1520 4074 τῆς
1536 4004 1704 4075 αὐλῆς

150 4083 283 4138 ἔλαϐε
306 4089 400 4153 τῆς
428 4086 553 4157 σῆς,
576 4082 687 4157 ἆρα
712 4086 778 4141 ἂν
803 4085 944 4158 ὑπὲρ
969 4086 1161 4141 τούτου
1183 4088 1534 4161 δικαστήριον
1553 4089 1703 4162 αύτῷ

150 4173 563 4245 συνεκρότησαςς
604 4172 891 4243 Οὐδαμῶς·
930 4174 1047 4241 Διί.
1072 4176 1158 4240 τί;
1198 4176 1317 4230 Ἵνα
1348 4175 1425 4245 μὴ
1465 4176 1702 4249 ὑδρίσης

146 4260 337 4323 σαυτὸν,
366 4262 453 4314 ἵνα
482 4262 561 4333 μή
583 4261 785 4325 πάντες
810 4277 902 4314 σου
931 4254 1265 4331 καταγνῶσι.
1290 4256 1464 4316 Τοῦτο
1492 4265 1586 4319 καὶ
1606 4265 1701 4319 νῦν

145 4346 348 4412 γίνεται·
390 4350 567 4421 πένης
594 4350 703 4420 γάρ
730 4348 878 4402 ἐστιν
899 4350 928 4402 6
953 4348 1232 4414 πλούσιος,
1270 4351 1367 4404 καὶ
1395 4352 1506 4423 ὅσῳ
1537 4353 1698 4407 πλου-

150 4436 237 4498 τεῖ,
264 4436 500 4507 τοσούτῳ
524 4437 697 4508 πένης
716 4436 929 4504 γίνεται
950 4437 1052 4506 τήν
1074 4437 1246 4502 ὅντως
1274 4439 1488 4494 πενίαν.
1520 4441 1698 4512 Πηλός

145 4519 270 4573 ἐστιν
292 4524 319 4575 ὁ
345 4523 571 4593 χρυσὸς,
603 4523 664 4575 ἐν
690 4522 828 4592 αὐλῇ
860 4524 1216 4594 ἐρριμμένος,
1241 4525 1345 4579 ούκ
1371 4527 1431 4580 ἐν
1459 4530 1526 4598 τῇ
1547 4528 1697 4599 οἰκίᾳ

146 4624 224 4660 σου
249 4611 511 4679 κείμενος
533 4612 568 4681 ἠ
595 4610 706 4681 γὰρ
734 4611 883 4683 οἰκίᾳ
908 4627 1003 4664 σου
1033 4612 1061 4663 ὁ
1083 4611 1313 4681 ούραιῶς
1332 4615 1499 4669 ἐστιν.
1524 4616 1697 4686 ’Υπὲρ

144 4695 311 4751 τούτου
334 4694 428 4752 οὖν
458 4698 859 4768 συγκροτήσεις
882 4699 1255 4769 δικαστήριον,
1293 4701 1390 4754 καὶ
1428 4702 1491 4754 ού
1520 4720 1695 4757 κατα-ι

149 4782 418 4846 γνώσονταί
452 4801 552 4837 σου
579 4785 632 4837 οἰ
666 4782 780 4838 ἄνω
799 4784 1012 4838 πολῖται
1036 4802 1051 4850 ;
1078 4785 1179 4838 ούκ
1196 4786 1574 4844 ἐκϐαλοῦσίνσε
1598 4792 1698 4861 τῆς

148 4871 331 4927 ἑαυτῶν
360 4873 644 4943 πατρίδος,
669 4872 763 4927 τὸν
794 4870 941 4927 οὕτω
970 4874 1246 4938 ταπεινὸν,
1277 4876 1370 4930 τὸν
1394 4879 1572 4943 οὕτως
1603 4881 1696 4933 εύ-

152 4957 273 5027 τελή,
303 4959 376 5023 ὡς
405 4960 549 5029 ὑπὲρ
575 4959 762 5029 ὀλίγου
792 4960 966 5029 πηλοῦ
998 4963 1268 5035 μάχεσθαι
1292 4967 1567 5037 αἱρεῖσθαι
1592 4987 1607 5034 ;
1635 4969 1695 5022 Εἰ

153 5044 239 5116 γὰρ
282 5049 307 5101 5
343 5045 641 5142 κόσμοςήχ
673 5050 796 5117 σὸς,
831 5045 956 5105 εἶτα
988 5052 1153 5107 αὐτόν
1177 5072 1260 5121 τις
1296 5056 1492 5111 ἐλαϐεν
1515 5096 1531 5123 ,
1574 5059 1696 5111 ἐπι-

158 5135 429 5207 navim
467 5135 664 5208 ἐχρῆῖοο

210 5337 267 5401 Υ.
282 5340 386 5392 Οὐκ
401 5335 549 5405 οἶδας
560 5342 645 5395 ὅτι
660 5342 883 5409 δεκάκις
896 5346 998 5417 τὴν
1011 5347 1337 5419 οἰκουμένην
1357 5347 1451 5401 ἐὰν
1468 5348 1588 5419 θῇς,
1607 5350 1698 5403 καὶ

157 5433 497 5509 ἐκατοντάκις,
533 5443 632 5497 καὶ
660 5444 945 5516 μυριάκις,
977 5446 1072 5501 καὶ
1099 5448 1181 5512 ὄις
1206 5448 1481 5512 τοσοῦτον,
1517 5450 1545 5489 ιι
1575 5450 1694 5503 οὐδὲ

304 5582 334 5619 ο

203 5643 219 5714 ξ
240 5646 445 5714 (ξοιιάθςίί
464 5652 690 5714 παρέχειν
717 5649 949 5702 Danaus.

481 5706 621 5761 008%"
636 5714 692 5761 τὸ
744 5715 1006 5764 πολλοστὸν
1029 5716 1185 5779 μίρος,
1210 5718 1282 5770 vel
1303 5720 1435 5769 οὐδὲν
1468 5721 1581 5785 πρὸς
1600 5724 1654 5771 τὸ
1681 5758 1693 5782 ,

157 5774 312 5821 unum
328 5774 557 5825 Dum-

3304 393 3409 451 I76

1836 481 1974 570 πρὸς
2006 483 2068 537 τὸ
2090 485 2382 543 πολλοστὸν
2416 490 2581 562 μέρος
2605 492 2715 548 τῶν
2755 494 2815 548 ἐν
2844 498 2960 559 τοῖς
2990 496 3239 570 οὐρανοῖς
3261 502 3412 559 ἐστιν

1832 568 2087 654 άγαθῶνς
2124 572 2204 654 ξι)
2243 575 2426 629 τοίνυν
2468 578 2535 631 τὰ
2573 579 2810 635 ἐνταῦθα
2848 568 3177 654 θαυμάζων,
3225 589 3411 645 ἐκεῖνα

1833 653 2079 726 ὕϐρισεν,
2114 644 2168 710 ἃ
2192 675 2258 727 γε
2294 661 2471 717 ταῦτα
2502 666 2568 731 de
2581 683 2636 720 ια
2674 670 2910 741 σπουδῆς
2941 644 3180 742 ἠγεῖται,
3219 644 3411 731 τοσοῦξ

1832 759 1924 797 τον
1948 745 2174 834 ἐκείνων
2195 747 2689 823 άπολιμπανόμενα
2708 770 2723 786 ⁸
2751 756 2954 826 μᾶλλον
2974 759 3032 812 δέ
3052 760 3173 815 ούδέ
3200 762 3409 834 θαυμά-

1833 844 1924 918 σαι
1970 828 2123 918 [252]
2162 833 2347 887 ἐκεῖνα
2382 835 2669 908 δυνήσεται
2701 856 2717 871 ·
2755 844 2873 907 πῶς
2900 845 3043 915 γὰρ,
3076 849 3213 918 πρὸς
3236 828 3408 904 ταῦτα

1830 916 2197 1007 ἐπτοημένοςς
2229 921 2585 993 Δια-τέμωμεν
2616 926 2714 995 6ψέ
2734 928 2867 997 γοῦν
2886 948 3041 998 ποτε,
3073 916 3405 1007 παρακαλῶ,

1826 1003 1897 1056 τὰ
1929 1006 2139 1073 σχοινία
2168 1010 2262 1060 καὶ
2298 1008 2398 1071 τὰς
2420 1009 2726 1077 πλεκτάνας
2759 1032 2773 1045 ·
2806 1017 2965 1071 τοῦτο
2991 1020 3101 1089 γάρ
3144 1003 3212 1075 τά
3238 1026 3406 1093 γήϊνα

1830 1091 2151 1178 πράγματα.
2179 1094 2359 1164 Μέχρι
2377 1097 2512 1149 πότε
2538 1099 2689 1152 κάτω
2718 1101 3000 1174 κύπτομεν
3028 1123 3042 1171 ;
3077 1107 3238 1178 μέχρι
3263 1091 3408 1172 τίνος

1830 1176 2082 1268 ἀλλήλοις
2106 1180 2556 1254 ἐπιϐουλεύομεν,
2580 1188 2835 1259 καθάπερ
2856 1191 2925 1245 τὰ
2948 1176 3408 1268 θηρία,καθάπερ

1828 1264 1877 1317 οἰ
1903 1264 2116 1335 ἰχθύες;
2149 1268 2365 1323 Μᾶλλον
2393 1271 2470 1336 δὲ,
2502 1271 2572 1325 τὰ
2596 1273 2762 1344 θηρία
2784 1277 2886 1330 ούκ
2921 1278 3261 1335 ἐπιϐουλεύει
3307 1264 3407 1336 άλξ

1826 1346 2031 1421 λήλοις,
2072 1352 2210 1408 ἀλλὰ
2242 1358 2357 1420 τοῖς
2402 1357 2743 1429 ἀλλοφύλοις
2784 1358 2919 1428 οἷον,
2958 1363 3158 1436 ἄρκτος
3201 1368 3404 1438 ἄρκτον

1824 1442 1925 1495 ούκ
1951 1442 2170 1515 ἀναιρεῖ
2199 1445 2427 1516 ταχέως,
2463 1450 2585 1503 οὐδὲ
2611 1449 2736 1519 ὄφις
2764 1450 2889 1521 ὄφιν
2921 1454 3156 1524 ἀναιρεῖ,
3186 1457 3248 1510 τὸ
3280 1460 3411 1529 ὁμό-

1826 1528 1990 1615 φυλον
2014 1529 2348 1602 αἰδούμενος·
2375 1535 2442 1588 σὺ
2469 1536 2525 1588 δὲ
2552 1538 2690 1607 μετὰ
2712 1539 2807 1592 τοῦ
2828 1540 3101 1611 ὁμοφύλου
3126 1543 3218 1596 καὶ
3236 1528 3403 1615 μυρία

1825 1614 1966 1685 έχων
2010 1615 2391 1690 δικαιώματα,
2429 1620 2491 1674 τδ
2528 1625 2813 1693 συγγενὲς,
2844 1626 2904 1679 τὸ
2945 1626 3183 1696 λογικὸν,
3216 1614 3279 1682 τὸ
3308 1630 3400 1683 τὸν

1825 1701 1958 1756 Θεὸν
2001 1703 2224 1769 εἰδέναι,
2271 1708 2371 1777 τῆς
2415 1706 2631 1776 φύσεως
2669 1709 2769 1781 τήν
2816 1711 2970 1782 ἰσχὺν
2997 1752 3013 1777 ,
3056 1714 3229 1785 μυρία
3268 1715 3405 1770 ἄλλα

1824 1790 2008 1860 ἔτερα,
2044 1790 2136 1845 τὸν
2168 1796 2407 1866 συγγενῆ
2448 1797 2543 1849 καὶ
2572 1797 2673 1866 τῆς
2703 1798 2873 1868 αὐτῆς
2907 1799 3121 1869 φύσεως
3154 1818 3406 1856 κεκοινω-

1824 1880 2048 1949 νηκότα,
2090 1877 2279 1933 τοῦτον
2319 1882 2586 1954 ἀναιρεῖς,
2632 1885 2731 1937 καὶ
2784 1888 3003 1956 μυρίοις
3053 1888 3404 1959 περιϐάλλεις

1824 1969 2033 2031 κακοῖς.
2062 1968 2128 2020 Τί
2162 1970 2272 2041 7&9
2298 2008 2314 2033 ,
2344 1971 2392 2023 εἰ
2425 1970 2500 2042 μὴ
2528 1971 2590 2058 τὸ
2617 1971 2769 2042 ξίφος
2795 1972 2979 2041 ὠθεῖς,
3018 1976 3153 2058 μηδέ
3192 1976 3400 2046 βαπτί-

1822 2050 1936 2116 ζεις
1953 2054 2032 2117 εἰς
2056 2054 2156 2124 τήν
2170 2054 2334 2126 δέρην
2356 2056 2455 2128 τὴν
2475 2057 2655 2122 δεξιάν
2680 2076 2694 2125 ;
2718 2060 2882 2131 ἕτερα
2899 2050 3256 2133 χαλεπώτερα
3278 2064 3402 2117 τού-

1820 2154 1915 2190 του
1951 2141 2149 2205 ποιεῖς,
2198 2140 2400 2205 λύπαις
2430 2142 2702 2214 διηνεκέσι
2750 2147 3114 2218 περιϐάλλων.
3176 2149 3389 2204 Ἐκεῖνο

1819 2224 1930 2297 γὰρ
1958 2226 2009 2278 εἰ
2035 2227 2296 2297 εἰργάσω,
2332 2228 2648 2301 άπήλλαξας
2677 2232 2745 2285 ἂν
2776 2232 2941 2286 αὑτὸν
2965 2233 3269 2305 φροντίδοςν
3302 2235 3400 2290 νῦν

1817 2311 1875 2366 δέ
1890 2311 2034 2383 λιμῷ
2054 2314 2148 2367 καὶ
2160 2314 2377 2387 δουλείᾳ
2396 2316 2767 2385 περιϐάλλεις,
2794 2319 2965 2373 ἀποδυ
2975 2323 3271 2389 σπετήσεσι
3296 2323 3393 2375 καὶ

1819 2397 2115 2469 ἁμαρτίαις
2138 2400 2354 2472 ἐτέραις
2382 2402 2629 2467 πολλαῖς.
2658 2404 2845 2459 Ταῦτα
2877 2405 3023 2472 λέγω
3045 2446 3060 2471 ,
3089 2409 3183 2460 καὶ⁵
3208 2407 3397 2476 λέγων

1816 2486 1878 2538 ού
1911 2484 2215 2556 παύσομαι,
2244 2489 2366 2558 ούχὶ
2396 2490 2565 2560 φονᾷν
2594 2490 2741 2560 ὑμᾶς
2766 2493 3213 2561 παρασκευάζων
3237 2536 3252 2560 ,
3278 2495 3399 2549 ούδέ

1815 2572 1892 2637 ὡς
1926 2574 2020 2627 ἐπὶ
2045 2574 2270 2629 ἔλαττον
2308 2576 2520 2631 ἐκείνου
2559 2579 2731 2632 κακὸν
2773 2579 3032 2650 ἔρχεσθαι
3058 2582 3197 2651 πρὸς
3234 2582 3399 2637 τοῦτο

1816 2661 2283 2731 προτρεπόμενος,
2308 2663 2446 2719 ἀλλὰ
2483 2664 2559 2735 μή
2602 2665 2847 2737 θαρρεῖν,
2888 2666 2962 2731 ὡς
2995 2668 3071 2739 μὴ
3099 2669 3393 2738 μέλλοντας

1813 2746 2008 2801 δώσειν
2026 2749 2205 2820 δίκην.
2249 2751 2311 2804 '0
2337 2751 2773 2822 ἀφαιρούμενος
2801 2751 2932 2823 γὰρ,
2965 2756 3150 2824 φησιν,
3191 2756 3399 2824 ἐμϐιω-

1813 2850 1919 2888 σιν
1936 2836 2042 2889 τὸν
2060 2837 2328 2905 πλησίον
2350 2839 2538 2893 αὐτοῦ
2559 2841 2653 2893 καί
2671 2840 2875 2908 ἄρτον.
2905 2842 3148 2907 φονεύει
3183 2844 3393 2898 αὐτόν.

1812 2921 2196 2994 Κατάσχωμεν
2230 2925 2363 2996 παρ’
2395 2926 2611 2989 ἑαυτοῖς
2644 2926 2744 2991 τὰς
2778 2927 2966 2998 χεῖράς
3007 2944 3139 2982 ποτε
3160 2968 3176 2992 ,
3212 2945 3397 3000 παρα-

1812 3008 1985 3074 καλῶ,
2021 3010 2388 3083 κατάσχωμεν
2410 3030 2426 3047 ·
2457 3014 2657 3085 μᾶλλον
2678 3015 2735 3069 δέ
2762 3015 2837 3086 μή
2866 3016 3251 3087 κατάσχωμεν,
3277 3015 3393 3070 ἀλλ’

1812 3095 2145 3166 ἐκτείνωμεν
2172 3100 2344 3163 αὑτὰς
2376 3100 2578 3167 καλῶς,
2618 3101 2692 3173 μή
2718 3103 2855 3173 πρὸς
2884 3102 3219 3169 πλεονεξίαν,
3256 3104 3396 3158 ἀλλὰ

1811 3183 1949 3252 πρὸς
1990 3183 2396 3261 ἐλεημοσύνην
2430 3186 2506 3256 μή
2540 3188 2790 3258 ἄκαρπον
2823 3188 3035 3260 ἐχωμεν
3071 3190 3173 3259 τήν
3196 3192 3390 3261 χεῖρα,

1813 3267 1947 3338 μηδὲ
1993 3268 2198 3339 ξτράν³
2232 3254 2276 3341 ’ἢ
2320 3254 2557 3343 μὲνγὰρ
2604 3254 2679 3345 μή
2719 3254 2950 3328 ποιοῦ-σα
2994 3254 3391 3346 ἐλεημοσύνην,

1812 3352 1952 3425 ξηρά
1979 3370 1995 3387 ο
2028 3357 2060 3423 ἠ
2099 3356 2157 3409 δὲ
2192 3356 2291 3410 καὶ
2335 3357 2760 3424 πλεονεκτοῦσα,
2800 3361 2972 3430 μιαρὰ
3004 3363 3099 3415 καὶ
3145 3361 3393 3434 ἀκάθαρ-

1808 3457 1919 3502 τος.
1947 3440 2152 3511 Μηδεὶς
2198 3443 2336 3511 μετὰ
2376 3445 2904 3503 τοιούτων,ἐσθιέτω
2949 3447 3151 3520 χειρῶν
3183 3465 3197 3479 ο
3233 3447 3392 3518 ὕϐρις

1808 3526 1920 3596 7&9
1943 3528 2051 3582 τῶν
2080 3529 2434 3601 κεκλημένων
2455 3531 2633 3586 τοῦτο.
2664 3534 2802 3588 Εἰπέ
2824 3534 2932 3607 γάρ
2967 3552 3082 3605 μοι,
3106 3535 3159 3588 εί
3181 3552 3267 3600 τις
3297 3537 3393 3590 ἐπὶ

1809 3616 2076 3684 ταπήτων
2118 3617 2214 3669 καὶ
2261 3619 2555 3689 στρωμνῆς
2598 3620 2815 3690 ἁπαλῆς
2864 3621 2960 3675 καὶ
2994 3623 3392 3693 χρυσοπάστων

1808 3701 2062 3755 σινδόνων
2085 3703 2412 3767 κατακλίνας
2446 3706 2594 3774 ἡμᾶς
2627 3708 2686 3759 ἐν
2724 3706 2861 3778 οἴκῳ
2893 3707 3133 3779 λαμπρῷ
3157 3712 3252 3763 καὶ
3289 3728 3389 3781 με·

1805 3784 1977 3859 γάλῳ,
2009 3790 2105 3842 καὶ
2133 3790 2270 3843 πολὺ
2303 3790 2509 3859 πλῆθος
2555 3792 2818 3849 διακόνιον
2858 3797 3383 3867 παραστησάμενος,

1806 3871 1927 3928 εἶτα
1966 3876 2169 3929 πίνακα
2218 3888 2244 3917 ι
2291 3876 2352 3941 ἐξ
2394 3877 2639 3949 ἀργύρου
2681 3884 3245 3954 παρασκευασάμενος
3286 3888 3385 3939 καὶ

1804 3961 2030 4030 χρυσοῦ,
2064 3962 2160 4016 καὶ
2189 3962 2400 4017 πολλῶν
2426 3965 2714 4037 ἐμπλήσας
2743 3968 3057 4038 ἐδεσμάτων
3088 3972 3184 4023 καὶ
3214 3970 3383 4024 πολυ-

1802 4048 1974 4101 τελῶν
2000 4049 2095 4102 καὶ
2123 4051 2506 4115 παντοδαπῶν,
2541 4053 2853 4123 ἠνάγκαζεν
2878 4056 3080 4110 ἐσθίειν
3098 4073 3113 4087 ο
3141 4059 3191 4111 εἰ
3222 4060 3385 4127 μόνον

1804 4134 2107 4206 ἀνεξόμεθα
2127 4135 2296 4189 αὑτοῦ
2324 4136 2425 4202 τὰς
2452 4141 2643 4209 χεῖρας
2671 4143 2755 4205 εἰς
2783 4140 3044 4214 βόρϐορον
3071 4144 3318 4214 χρίοντος
3345 4144 3379 4215 ἢ

1804 4224 1895 4276 καὶ
1928 4223 2130 4293 κόπρον
2165 4225 2537 4297 ἀνθρωπίνην,
2566 4228 2662 4282 καὶ
2690 4228 2834 4283 οὕτω
2878 4231 3383 4302 συγκατακλινομέ-

1802 4328 1921 4377 νου,
1960 4307 2070 4381 ἆρα
2103 4314 2170 4367 ἄν
2210 4330 2296 4376 τις
2329 4316 2536 4385 ταύτην
2559 4317 2820 4387 ἠνέσχετο
2848 4317 2947 4389 τήν
2980 4318 3232 4386 κόλασιν,
3265 4321 3380 4374 ἀλλ’

1800 4400 1899 4471 οὐχ
1927 4398 2086 4471 ῦϐριν
2109 4400 2171 4455 τὸ
2189 4403 2422 4473 πρᾶγμα
2447 4403 2699 4475 ἐνόμιζεν
2720 4406 2820 4471 άν;
2846 4407 3062 4475 Ἔγωγε
3083 4404 3258 4477 οἶμαι,
3286 4410 3383 4464 καὶ

1801 4487 2003 4551 εὐθέως
2040 4488 2105 4543 ἂν
2142 4490 2479 4562 ἀπεπήδησε.
2516 4491 2632 4545 Νῦν
2674 4493 2731 4548 δέ
2768 4494 3028 4565 βορϐόρου
3072 4498 3166 4549 τοῦ
3212 4497 3381 4561 ὅντως

1799 4575 1920 4646 οὐχὶ
1965 4576 2065 4639 τὰς
2117 4578 2309 4647 χεῖρας
2340 4576 2493 4651 [255]
2534 4581 2667 4651 ὁρᾷς
2702 4581 3205 4652 ἐμπεπλησμένας,
3241 4583 3380 4637 ἀλλὰ

1800 4663 1893 4714 καὶ
1926 4661 2067 4716 αὐτὰ
2096 4664 2165 4717 τὰ
2194 4663 2489 4735 ἐδέσματα,
2528 4666 2624 4720 καὶ
2650 4667 2750 4720 οὐκ
2778 4668 3086 4739 ἀποπηδᾷς,
3120 4668 3220 4722 οὐκ
3249 4670 3382 4723 ἀπο-

1799 4750 2045 4819 φεύγεις,
2072 4752 2172 4805 οὐκ
2194 4750 2478 4823 ἐπιτιμᾷςο
2508 4752 2626 4807 ἀλλ’
2650 4754 2748 4808 ἐὰν
2771 4755 2830 4807 ἐν
2852 4754 3144 4827 δυναστείᾳ
3230 4793 3245 4818 ,
3281 4757 3379 4810 καὶ

1801 4837 1943 4908 μέγα
1975 4838 2035 4891 τὸ
2067 4840 2301 4910 πρᾶγμα
2327 4839 2578 4905 τίθεσαι,
2605 4841 2698 4894 καὶ
2734 4841 2835 4912 τήν
2874 4841 3055 4911 ψυχήν
3086 4842 3377 4907 ἁπολλύεις

1796 4924 1897 5012 τῇ
1922 4924 2145 4992 σαυτοῦ,
2172 4926 2397 4979 τοιαῦτα
2431 4927 2770 4997 σιτούμενος.
2804 4928 3010 4992 Παντὸς
3043 4929 3152 5000 7&9
3186 4929 3377 5001 βορϐό-

1800 5031 1894 5085 ρου
1925 5013 2205 5079 πλεονεξία
2226 5016 2425 5086 χείρων
2443 5032 2458 5047 ·
2486 5016 2665 5088 ψυχὴν
2694 5017 2823 5089 7&9,
2845 5017 2905 5071 ού
2928 5017 3088 5087 σῶμα
3114 5018 3335 5088 μολύνει
3353 5062 3371 5087 ,

1799 5102 1896 5153 καὶ
1929 5105 2072 5154 ποιεῖ
2100 5102 2486 5158 δυσέκπλυτον.
2511 5105 2584 5156 Σὺ
2614 5104 2793 5159 τοίνυν
2821 5106 2962 5177 ὀρῶν
2990 5106 3082 5159 τοῦ
3107 5106 3372 5179 βορϐόρου

1795 5188 1986 5242 τούτου
2008 5190 2495 5261 άνακεχρωσμένον
2525 5192 2624 5261 μὲν
2643 5192 2737 5245 τὸν
2760 5192 3243 5265 κατακλινόμενον,
3277 5198 3373 5250 καὶ

1796 5277 1896 5339 τὰς
1927 5279 2114 5347 χεῖρας
2142 5278 2237 5331 καὶ
2267 5278 2366 5350 τήν
2388 5278 2533 5349 ὄψιν,
2567 5280 3033 5353 ἐμπεπλησμένην
3065 5282 3123 5336 δὲ
3159 5283 3261 5353 τήν
3295 5286 3373 5337 οἰ-

1798 5365 1945 5431 κίαν,
1985 5366 2451 5439 ἐμπεπλησμένην
2479 5369 2536 5422 δέ
2564 5369 2661 5423 καὶ
2693 5369 2792 5440 τήν
2836 5370 3115 5441 τράπεζαν
3145 5371 3370 5443 (βολϐί-

1796 5470 1905 5505 των
1942 5453 2072 5522 γὰρ,
2118 5453 2212 5505 καὶ
2256 5454 2310 5506 εί
2351 5471 2405 5508 τι
2449 5454 2657 5509 τούτων
2695 5459 2910 5529 χεῖρον,
2953 5456 3371 5530 ἀκαθαρτότερα

1797 5540 1982 5593 ἐκεῖνα
2004 5539 2096 5595 καὶ
2121 5540 2435 5613 μιαρώτερα
2469 5541 2539 5596 τὰ
2569 5541 2885 5614 ἐδέσματα),
2909 5541 2988 5607 ὡς
3013 5541 3079 5614 δὴ
3114 5544 3366 5616 τιμηθεὶς

1866 5785 1885 5813 ε
1910 5782 2044 5844 Conj.
2071 5782 2267 5839 πίνακας
2290 5781 2517 5833 ῡυιιεευε.
