3968 6554
550 366 650 420 177

546 478 859 539 διάκεισαι,
906 477 997 529 καὶ
1042 475 1119 539 ὡς
1173 476 1383 546 μέλλων
1417 478 1665 548 τρυφᾷν;
1716 477 1813 529 καὶ
1864 475 1986 529 οὐδὲ
2026 475 2122 527 τὸν

549 559 765 614 Παῦλον
805 558 1070 621 δέδοικας,
1119 558 1202 621 είς
1256 558 1356 627 μιν
1416 558 1685 629 Ἑλλήνων
1722 557 2029 629 τράπεζαν,
2071 557 2123 609 εί

550 642 895 714 βουλοίμεθα,
916 641 1210 707 ἀκωλύτως
1233 642 1624 713 συγχωροῦντα
1648 642 1924 706 ἀπελθεῖν,
1959 642 2041 703 εἰς
2066 640 2125 694 δέ

546 727 647 788 τὰς
682 725 787 778 τῶν
818 725 1159 778 πλεονεκτῶν
1185 725 1307 778 οὐδὲ
1334 725 1692 795 βουλομένους
1720 724 1933 790 ἐῶντας
1982 722 2125 778 Ἐὰν

546 810 656 877 γάρ
680 824 769 872 τις
797 806 1061 875 ἀδελφός
1086 808 1539 877 ὀνομαζόμενος,
1561 805 1601 880 ᾖ
1624 849 1639 874 ,
1672 810 1827 878 φησὶ,
1866 809 2121 875 πόρνος’

547 894 779 963 ἀδελφὸν
806 894 1039 947 ἐνταῦθα
1060 896 1235 964 λέγων
1264 897 1445 950 πάντα
1471 896 1564 950 τὸν
1593 897 1782 951 πιστὸν
1820 896 2033 962 ἀπλῶς,
2060 895 2124 949 οὐ

547 978 640 1030 τὸν
683 978 1005 1047 μονάζοντα.
1039 980 1104 1032 Τί
1144 980 1253 1049 γάρ
1301 984 1421 1034 ἐστι
1453 980 1513 1033 τὸ
1555 980 1742 1035 ποιοῦν
1772 979 1870 1050 τὴν
1898 977 2127 1047 ἀδελφό-

548 1076 723 1130 τητα;
766 1062 827 1113 τὸ
850 1058 1081 1133 λουτρὸν
1120 1066 1220 1133 τῆς
1257 1056 1713 1131 παλιγγενεσίας,
1746 1062 1806 1115 τὸ
1835 1061 2127 1131 δυνηθῆναι

552 1142 785 1196 καλέσαι
823 1144 1041 1215 Πατέρα
1074 1145 1338 1198 τὸνθεόν.
1381 1146 1546 1198 Ὥστε
1570 1146 1600 1197 6
1642 1146 1746 1215 μὲν
1784 1144 2129 1213 κατηχούμε-

551 1243 661 1289 νος,
687 1227 789 1278 κᾶν
824 1228 1057 1297 μοναχὸς
1140 1268 1155 1291 ,
1179 1230 1279 1282 οὐκ
1314 1228 1537 1297 ἀδελφός
1559 1241 1607 1269 α’
1639 1231 1668 1281 6
1688 1228 1743 1280 δὲ
1771 1227 1959 1289 πιστὸς
1978 1264 1994 1290 ,
2024 1226 2129 1281 κᾶν

553 1310 822 1379 κοσμικδς
916 1351 930 1374 ,
962 1311 1188 1379 ἀδελφός
1219 1313 1387 1365 ἐστιν.
1419 1310 1493 1364 Εἴ
1520 1328 1631 1377 τις,
1650 1310 1837 1379 φησιν,
1866 1308 2130 1379 ἀδελφὸς

554 1394 1010 1463 ὀνομαζόμενος.
1044 1394 1181 1447 Οὐδέ
1218 1392 1327 1465 γὰρ
1363 1396 1507 1464 ἴχνος
1539 1396 1659 1448 τότε
1688 1392 2010 1464 μονάζοντος
2038 1386 2128 1463 ἦν,

554 1477 692 1532 ἀλλά
732 1479 908 1530 πάντα
952 1478 1087 1549 πρὸς
1131 1479 1433 1549 κοσμικούς
1476 1478 1747 1545 διελέγετο
1786 1478 1814 1530 6
1860 1475 2133 1547 μακάριος

556 1553 730 1623 οὗτος.
770 1560 913 1614 Ἐάν
939 1580 1046 1627 τις,
1080 1563 1265 1633 φησὶν,
1297 1562 1561 1631 ἁδελφὸς
1586 1559 2053 1631 ὀνομαζόμενος,
2091 1554 2135 1631 ᾖ

558 1645 801 1710 πόρνος,
843 1644 881 1712 ἢ
928 1647 1330 1714 πλεονέκτης,
1371 1646 1409 1714 ἢ
1441 1646 1738 1713 μέθυσος,
1770 1642 1851 1709 τῷ
1887 1645 2133 1711 τοιούτῳ

550 1727 707 1796 μηδὲ
732 1728 1099 1783 συνεσθίειν.
1131 1729 1273 1783 Ἀλλ’
1289 1730 1389 1783 οὐκ
1410 1730 1501 1781 ἐπὶ
1519 1729 1626 1781 τῶν
1654 1728 1923 1798 Ἐλλήνων
1937 1728 2129 1793 οὓτως,

558 1811 694 1864 ἀλλά
723 1812 774 1864 τί
796 1829 811 1877 ;
830 1811 963 1864 Ἐάν
987 1829 1077 1878 τις
1099 1810 1257 1881 ὑμᾶς
1283 1811 1513 1881 καλέσῃ
1543 1810 1664 1865 τῶν
1689 1812 1983 1872 ἀπίστων,
2006 1812 2131 1873 τούς

560 1893 827 1963 ’Έλληνας
857 1893 1051 1963 λέγων,
1088 1894 1187 1948 καί
1240 1894 1455 1963 θέλητε
1486 1896 1865 1962 πορεύεσθαι,
1897 1892 2021 1949 πᾶν
2064 1890 2131 1946 τό

558 1974 1029 2045 παρατιθέμενον
1050 1976 1193 2046 ὑμῖν
1209 1977 1462 2032 ἐσθίετε.
1502 1975 1646 2031 Ἐὰν
1666 1976 1735 2031 δέ
1752 1993 1846 2044 τις
1865 1974 2131 2044 ἀδελφὸς

557 2057 1007 2128 ὀνομαζόμενος,
1035 2054 1099 2131 ᾖ,
1130 2060 1286 2130 φησὶ,
1312 2059 1596 2129 μέθυσος.

624 2224 687 2279 δ’.
724 2224 919 2291 Βαϐαῖ,
949 2225 1089 2297 πόση
1122 2227 1156 2296 ἡ
1187 2227 1480 2297 ἀκρίϐειαι
1520 2227 1682 2297 ἡμεῖς
1707 2225 1765 2279 δὲ
1785 2225 1846 2279 οὐ
1878 2224 2041 2296 μόνον
2067 2224 2130 2279 οὐ

556 2308 830 2380 φεύγομεν
848 2309 975 2370 τούς
1003 2309 1289 2377 μεθύσους,
1341 2309 1478 2363 ἀλλά
1502 2310 1595 2363 καὶ
1614 2308 1968 2381 ἀπερχόμεθα
1994 2307 2133 2377 πρὸς

554 2393 775 2454 αὐτοὺς,
809 2390 1122 2461 μεθέξοντες
1135 2392 1243 2447 τῶν
1268 2392 1398 2462 παρ’
1426 2393 1626 2446 αὐτῶν.
1655 2392 1753 2445 Διά
1771 2392 1929 2445 τοῦτο
1952 2391 2131 2444 πάντα

555 2473 669 2527 ἄνω
692 2475 786 2528 καὶ
800 2475 952 2528 κάτω
974 2475 1288 2546 γεγένηται,
1313 2476 1496 2530 πάντα
1529 2474 1859 2544 συγκέχυται
1878 2475 1975 2526 καὶ
1999 2476 2132 2528 ἀναο

552 2557 860 2628 τέτραπται
902 2559 997 2611 καὶ
1023 2558 1321 2612 ἀπόλωλεν.
1355 2557 1489 2611 Εἰπὲ
1517 2558 1627 2626 γάρ
1658 2575 1769 2625 μοι,
1799 2559 1847 2610 εἰ
1882 2557 2132 2611 καλέσειέ

557 2640 619 2691 σέ
649 2656 734 2702 τις
774 2638 883 2693 τῶν
918 2641 1175 2694 τοιούτων
1204 2641 1299 2694 ἐπὶ
1326 2640 1572 2694 ἑστίασιν
1598 2640 2033 2710 ἡτοιμασμένην,
2069 2640 2131 2693 at

554 2722 647 2775 τὸν
677 2722 888 2793 πένητα
923 2724 1020 2777 καὶ
1046 2723 1238 2794 εὐτελῆ
1288 2721 1668 2792 νομιζόμενον,
1718 2717 1839 2775 εἶτα
1875 2722 2130 2777 ἀκούσειε

556 2807 708 2876 παρά
735 2804 830 2858 σοῦ
853 2807 934 2859 ὅτι
956 2806 1143 2876 ἐπειδὴ
1175 2808 1285 2863 ἀπὸ
1314 2806 1630 2871 πλεονεξίας
1654 2806 1771 2859 ἐστὶ
1797 2806 1870 2859 τά
1899 2822 2132 2876 παρατι-

556 2887 779 2956 θέμενα,
809 2888 910 2953 οὐκ
938 2887 1196 2959 ἀνέξομαι
1228 2888 1478 2960 μολύνειν
1523 2889 1622 2959 τὴν
1655 2887 1897 2959 ἐμαυτοῦ
1926 2887 2129 2959 ψυχὴν,

552 2974 655 3024 οὐκ
671 2971 736 3025 ἂν
755 2972 951 3045 ᾐδέσθη
972 2991 989 3037 ;
1007 2975 1107 3027 οὐκ
1135 2972 1201 3028 ἂν
1217 2974 1490 3045 ἐνετράπη
1513 2990 1529 3039 ;
1547 2975 1646 3028 οὐκ
1661 2975 1726 3028 ἂν
1743 2973 2090 3047 κατῃσχύνθη
2112 2992 2129 3044 ;

556 3052 707 3126 [23S]
740 3055 911 3109 Τοῦτο
937 3056 1096 3127 μόνον
1133 3057 1315 3112 ἰκανὸν
1345 3052 1413 3130 ἦν
1441 3057 1751 3129 διορθῶσαι,
1784 3058 1881 3111 καὶ
1910 3058 2133 3127 ποιῆσαι

619 3197 651 3252 ἦ
668 3184 827 3252 Γριδη
847 3247 857 3252 _
882 3187 1009 3236 ὥστε
1046 3188 1075 3235 ό
1117 3186 1199 3247 μὲν
1244 3188 1465 3250 μοναχὸς,
1487 3188 1544 3236 ἂν
1577 3186 1929 3252 κατηχούμενος
1972 3186 2024 3249 ᾖ,
2047 3187 2135 3236 οῦκ

555 3248 772 3310 ἀδελφός,
794 3247 958 3297 minus
990 3252 1145 3298 tecte.

1228 362 1287 418 S.
1323 359 1608 420 JOANNIS
1644 357 2128 419 εωιγεοετονι

2229 358 2493 416 RCIIIEP.
2531 354 3065 416 CONSTANTINOP.

3696 359 3803 414 178

2223 473 2506 527 ταλανίσαι
2534 473 2632 543 μὲν
2659 473 2752 525 ἐπὶ
2782 471 2861 542 τῷ
2892 470 3110 541 πλούτῳ
3142 470 3336 525 ἑαυτὸν
3356 509 3376 536 ,
3412 472 3700 542 θαυμάσαι
3739 474 3802 526 δέ

2224 555 2316 608 ἐπὶ
2351 558 2418 625 τῇ
2453 555 2613 626 πενίᾳ
2644 571 2726 618 σε,
2766 554 2819 606 εἴ
2851 571 2917 624 γε
2950 552 3100 623 ἐώρα
3128 553 3320 609 ἐαυτὸν
3350 555 3489 623 μετά
3528 554 3804 625 τοσαύτης

2226 639 2461 708 σπουδῆς
2475 628 2982 709 καταφρονούμενον
2998 635 3150 708 παρά
3166 634 3285 689 σοῦ.
3317 636 3477 690 Ἀλλά
3490 637 3805 707 γεγόναμεν

2223 722 2399 777 δοῦλοι
2427 720 2753 791 ἀνθρώπων,
2798 720 2901 775 οὐκ
2940 717 3057 775 οἶδα
3081 720 3267 783 πόθεν,
3316 720 3412 774 τοῦ
3445 721 3663 775 Παύλου
3686 721 3806 776 ἄνω

2225 807 2320 860 καὶ
2352 804 2501 859 κάτω
2524 805 2774 876 βοῶντος·
2811 802 2908 871 Μὴ
2939 804 3180 873 γίνεσθε
3214 802 3423 857 δοῦλοι
3450 804 3802 872 ἀνθρώπων.

2226 892 2397 947 Πόθεν
2412 888 2505 946 οὖν
2527 893 2828 962 γεγόναμεν
2847 890 3023 945 δοῦλοι
3039 890 3136 944 ἀνθ
3146 890 3344 961 ρώπων
3363 908 3379 959 ;
3423 890 3644 963 Ἐπειδὴ
3666 892 3806 963 πρόι

2224 998 2382 1052 τερον
2418 980 2655 1054 γαστρὸς
2678 979 2980 1051 ἐγενόμεθα
3020 978 3197 1034 δοῦλοι
3231 979 3327 1033 καὶ
3371 980 3671 1051 χρημάτων
3702 980 3807 1035 καὶ

2226 1068 2386 1138 δόξης
2417 1068 2515 1122 καὶ
2558 1067 2668 1121 τῶν
2717 1067 2893 1121 ἄλλων
2920 1064 3175 1120 ἁπάντων
3199 1081 3214 1095 '
3259 1063 3654 1135 προεδὼκαμεν
3697 1065 3806 1135 τὴν

2228 1150 2562 1219 ἐλευθερίαν,
2596 1151 2664 1220 ῆν
2703 1149 3002 1221 ἐχαρίσατο
3048 1149 3180 1220 ημῖν
3217 1148 3247 1200 ό
3290 1146 3545 1217 Χριστός.
3596 1146 3665 1199 Τί
3706 1143 3808 1201 οῦν

2231 1233 2380 1304 μένει
2414 1232 2506 1285 τὸν
2555 1231 2848 1302 γενόμενον
2881 1229 3089 1297 δοῦλον,
3130 1227 3251 1283 εἰπέ
3283 1246 3412 1299 μοις
3470 1228 3673 1282 ’Δκουε
3705 1228 3810 1282 τοῦ

2228 1314 2466 1385 Χριστοῦ
2494 1314 2762 1383 λέγοντος
2806 1314 2868 1366 '0
2891 1313 3111 1378 δοῦλος
3145 1312 3217 1366 οὐ
3232 1311 3400 1382 μένει
3436 1308 3504 1363 ἐν
3528 1308 3604 1377 τῇ
3641 1311 3813 1378 οἰκίᾳ

2228 1401 2316 1463 εἰς
2363 1398 2470 1451 τὸν
2522 1394 2727 1451 αἰῶνα.
2771 1397 2961 1467 Ἔχεις
3010 1395 3289 1463 ἀπόφασιν
3360 1393 3665 1466 αὐτοτελῆ,
3722 1396 3812 1447 ὅτι

2230 1481 2487 1534 οὐδέποτε
2539 1481 2617 1544 εἰς
2676 1478 2955 1548 βασιλείαν
3004 1477 3353 1549 εἰσέρχεταιο
3408 1484 3442 1553 ἠ
3493 1481 3601 1552 γὰρ
3657 1477 3814 1532 οἰκία

2230 1563 2387 1617 τοῦτό
2410 1565 2578 1616 ἐστιν.
2619 1562 2722 1617 Ἐν
2750 1561 2862 1632 γὰρ
2911 1558 2985 1629 τῇ
3015 1561 3194 1628 οἰκίᾳ,
3240 1563 3396 1633 φησί,
3434 1563 3546 1617 τοῦ
3573 1561 3815 1628 Πατρός

2229 1662 2347 1715 μου
2370 1645 2550 1716 μοναί
2579 1644 2806 1699 πολλαί
2818 1645 2996 1698 εἰσιν.
3039 1642 3098 1696 '0
3122 1643 3304 1698 τοίνυν
3334 1645 3521 1710 δοῦλος
3551 1643 3612 1698 οὐ
3654 1642 3815 1715 μένει

2233 1731 2293 1783 ἐν
2321 1730 2389 1800 τῇ
2410 1729 2557 1800 οἰκίᾳ
2605 1729 2687 1793 εἰς
2718 1727 2812 1781 τὸν
2840 1727 3013 1781 αἰῶνα
3031 1742 3047 1759 ο
3078 1726 3265 1780 δοῦλον
3287 1726 3495 1782 ἐκεῖνον
3532 1727 3685 1795 λέγει
3712 1725 3816 1779 τὺν

2231 1812 2333 1882 τῆς
2367 1809 2643 1883 ἁμαρτίας
2699 1809 2884 1863 δοῦλον
2914 1826 2928 1840 ·
2980 1808 3013 1861 6
3046 1808 3106 1862 δέ
3146 1809 3222 1879 μὴ
3260 1809 3439 1879 μένων
3471 1811 3531 1864 ἐν
3554 1812 3621 1881 τῇ
3659 1807 3819 1879 οἰκίᾳ.

2232 1896 2313 1958 είς
2345 1895 2436 1948 τὸν
2480 1894 2676 1959 αἰῶνα,
2721 1894 2783 1947 ἐν
2828 1894 2896 1963 τῇ
2926 1891 3122 1965 γεέννῃ
3157 1892 3306 1961 μένει
3340 1894 3428 1956 είς
3474 1893 3569 1947 τὸν
3608 1890 3813 1953 αἰῶνα,

2232 1977 2527 2048 οὐδαμόθεν
2541 1976 2681 2047 ἔχων
2711 1974 3087 2047 παραμυθίαν.
3120 1974 3283 2028 Ἀλλά
3302 1975 3409 2046 γὰρ
3437 1977 3520 2040 εἰς
3548 1974 3817 2029 τοσοῦτον

2232 2060 2434 2123 κακίας
2492 2060 2561 2113 τὰ
2616 2059 2920 2131 πράγματα
2972 2052 3160 2129 ἦλθεν,
3189 2057 3267 2121 ὡς
3302 2058 3399 2112 καὶ
3434 2058 3818 2129 ἐλεημοσύνας

2232 2146 2433 2207 αὐτοὺς
2481 2143 2592 2198 ἀπὸ
2642 2142 2851 2196 τούτων
2889 2143 3086 2206 ποιεῖν,
3134 2142 3231 2194 καὶ
3258 2140 3485 2206 πολλοὺς
3525 2141 3815 2212 δέχεσθαι.

2232 2226 2509 2293 Διά-τοῦτο
2553 2227 2588 2296 η
2625 2224 2909 2297 παρρησία
2931 2223 3090 2294 ἡμῶν
3134 2222 3484 2289 ἐκκέκοπται,
3542 2225 3641 2277 καὶ
3685 2224 3820 2277 οὐδὲ

2232 2308 2558 2380 ἐπιτιμῆσαί
2613 2325 2721 2361 τινι
2773 2306 3070 2376 δυνάμεθα.
3137 2306 3277 2360 ’Δλλ’
3326 2308 3477 2377 ὅμως
3546 2306 3653 2360 κᾶν
3700 2305 3824 2360 ἀπὸ

2232 2392 2329 2446 τοῦ
2357 2391 2453 2445 νῦν
2478 2390 2776 2461 φεύγωμεν
2801 2389 2900 2461 τὴν
2922 2388 3174 2444 ἐντεῦθεν
3207 2389 3412 2460 βλάϐην
3433 2406 3447 2420 ’
3476 2390 3637 2459 ὑμεῖς
3664 2406 3726 2441 τε
3758 2390 3817 2442 οἱ

2231 2477 2323 2532 τὸν
2370 2475 2627 2548 βόρϐορον
2672 2473 2862 2528 τοῦτον
2904 2473 3271 2537 ἀνελίττοντες
3292 2472 3345 2540 ιδ,
3394 2473 3677 2528 παύσασθε
3706 2476 3820 2543 τῆς

2231 2558 2488 2627 τοιαύτης
2512 2558 2711 2628 λύμης,
2735 2557 2830 2611 καὶ
2866 2554 3117 2627 ἐπίσχετε
3144 2556 3243 2629 τὴν
3286 2558 3344 2609 ἐν
3384 2560 3497 2619 τοῖς
3540 2556 3818 2619 τοιούτοις

2234 2640 2554 2711 συμποσίοις
2600 2641 2778 2711 ὁρμὴν
2798 2678 2813 2703 ,
2850 2639 2903 2692 εἴ
2935 2658 3048 2700 πως
3076 2638 3181 2692 κᾶν
3207 2639 3301 2693 νῦν
3337 2638 3659 2709 δυνηθῶμεν
3690 2636 3809 2704 ἐξιο

2230 2723 2534 2777 λεὼσασθαι
2568 2722 2660 2776 τὸν
2683 2723 2838 2786 Θεὸν,
2873 2722 2969 2776 καὶ
2997 2723 3179 2791 τυχεῖν
3229 2721 3339 2774 τῶν
3367 2720 3813 2791 ἐπηγγελμένων

2230 2805 2452 2875 ἀγαθῶν
2474 2822 2488 2834 ⁸
2520 2799 2594 2858 ὧν
2622 2805 2830 2873 γένοιτο
2857 2804 3067 2867 πάντας
3099 2805 3246 2874 ἡμᾶς
3284 2806 3584 2874 ἐπιτυχεῖν,
3614 2804 3815 2874 χάριτι

2232 2890 2327 2944 καὶ
2357 2889 2736 2960 φιλανθρωπία
2760 2888 2853 2941 τοῦ
2895 2887 3097 2956 Κυρίου
3125 2888 3282 2958 ἡμῶν
3318 2887 3493 2958 Ἰησοῦ
3537 2888 3813 2961 Χριστοῦ,

2237 2971 2356 3044 μεθ’
2388 2965 2449 3026 οὗ
2478 2971 2555 3042 τῷ
2583 2972 2757 3039 Πατρὶ
2788 2970 2904 3040 ἅμα
2929 2968 3008 3039 τῷ
3030 2969 3170 3040 ἁγίῳ
3193 2969 3472 3040 Πνεύματι
3504 2970 3816 3041 δόξα,κρά-

2234 3071 2345 3118 τος,
2368 3056 2521 3127 τιμὴ,
2540 3054 2636 3109 νῦν
2648 3054 2738 3107 καὶ
2755 3053 2862 3119 ἀεὶ,
2882 3054 2980 3107 καὶ
2994 3054 3073 3117 εἰς
3088 3054 3209 3119 τούς
3227 3053 3429 3117 αἰῶνας
3443 3053 3551 3106 τῶν
3568 3053 3810 3107 αἰώνων.

2247 3138 2306 3189 Ἀ
2315 3139 2439 3209 μήν.
3276 3128 3347 3193 ο

2297 3251 2326 3290 ι)
2346 3249 2584 3310 ColberL,
2607 3249 2949 3314 ἀνορύττοντες.

3410 3359 3776 3388 κω--δ

1909 3450 2062 3524 [εδδ]
2099 3451 2341 3508 OMIAIA
2376 3450 2522 3521 κε’.

558 3547 759 3603 Πίστει
786 3543 881 3595 καί
916 3544 1048 3611 περὶ
1069 3543 1420 3612 μελλόντων
1446 3544 1602 3610 ηὺνίό

1608 3558 1793 3615 γησεν
1818 3542 2140 3615 Ἰσαὰκτὸν
2236 3544 2467 3612 ἀδελφὸν
2509 3544 2707 3614 μᾶλλον
2744 3544 3174 3600 ἀπολελαυκότα.
3215 3544 3276 3598 Ὅ
3313 3543 3413 3615 μὲν
3438 3544 3545 3613 γὰρ
3588 3547 3650 3599 ἐν
3678 3547 3817 3603 δουο
3894 3558 3897 3561 ’

638 3610 1107 3698 ἰακὼόηκαὶίτὸν
1157 3610 1619 3698 ᾘσαῦκῃίστξι
2236 3610 2480 3695 λείᾳκαὶ
2511 3610 2718 3698 θητείᾳ
2763 3629 2855 3681 καὶ
2905 3627 3170 3691 κινδύνοις
3206 3610 3664 3691 καῖ’ἐπιϐουλαῖς
3711 3637 3819 3687 καὶ

625 3700 794 3737 σκων
849 3681 1110 3735 ἕκαστον
1148 3681 1265 3735 τῶν
1319 3680 1465 3734 υίῶν
1523 3680 1745 3747 Ἰωσὴφ
1806 3680 2134 3747 ηὑλόγησε,

625 3754 723 3827 καί
752 3753 1214 3827 προσεκύνησεν
1255 3749 1363 3827 ’ἐπὶ
1409 3748 1475 3827 τό
1523 3750 1712 3825 dispar
1760 3748 1869 3827 τῆς
1907 3748 2135 3827 ῥάϐδου

626 3816 834 3875 αὐτοῦ.
871 3821 1075 3872 Πίστει
1107 3818 1328 3886 Ἰωσὴφ
1358 3816 1670 3877 τελευτῶν,
1705 3816 1970 3886 περὶτῆς
2003 3816 2137 3886 ἐξότ

626 3835 834 3875 αυτου.
871 3835 1075 3872 ιιιστει
1112 3835 1304 3883 ἰωση’
1358 3835 1670 3877 τελευτῶν,
1705 3835 1839 3886 περι
1863 3835 1970 3883 της
2003 3835 2134 3879 εξο-

625 3891 736 3945 δου
778 3887 896 3941 τῶν
922 3886 1067 3942 υἱῶν
1110 3835 1357 3954 Ἰσραιςλ
1390 3886 1827 3954 ἐμνημόνευσε,
1861 3883 1959 3938 καί
2000 3884 2134 3953 περί

625 3961 743 4014 τῶν
771 3957 967 4011 ὀστῶν
991 3955 1179 4010 αὑτοῦ
1205 3955 1559 4008 ἐνετείλατο.

624 4126 675 4181 α’
683 4168 695 4181 .
718 4123 963 4185 Πολλοί,
986 4122 1141 4191 φησι,
1162 4120 1458 4189 προφῆται
1472 4120 1572 4173 καί
1594 4119 1812 4173 δίκαιοι
1835 4120 2129 4189 ἐπεθύμη-

555 4226 679 4264 σαν
708 4207 857 4260 ἰδεῖν
873 4205 911 4259 d
934 4205 1215 4267 βλέπετε.
1233 4204 1330 4258 καί
1348 4205 1459 4258 οὐκ
1473 4198 1660 4266 εἶδον,
1690 4204 1788 4257 καί
1812 4202 2073 4259 ἀκοῦσαι
2091 4201 2131 4257 ιί

554 4290 826 4349 ἀκούετε,
861 4286 959 4341 καί
990 4287 1103 4340 οὐκ
1146 4285 1445 4354 ἤκουσαν.
1494 4284 1643 4353 τΑρα
1673 4284 1848 4339 πάντα
1887 4285 1958 4339 τά
1998 4284 2129 4355 μέλ-

554 4373 714 4427 λοντα
743 4371 942 4440 ᾔδεσαν
974 4370 1024 4420 οί
1051 4367 1286 4433 δίκαιοι;
1334 4369 1444 4421 Καὶ
1495 4367 1721 4438 σφόδρα.
1775 4368 1839 4421 Εἰ
1892 4366 2000 4436 γὰρ
2034 4368 2130 4421 καὶ

552 4456 643 4511 διὰ
694 4456 793 4525 τὴν
832 4453 1117 4507 ἀσθένειαν
1162 4451 1269 4504 τῶν
1322 4452 1400 4522 μὴ
1461 4451 1773 4522 δυναμένων
1823 4451 1984 4506 αὐτὸν
2040 4451 2127 4505 δέ-

555 4538 773 4606 ξεσθαι,
825 4536 923 4589 οὐκ
956 4534 1371 4588 ἀπεκαλύπτετο
1420 4537 1448 4588 6
1478 4547 1505 4575 α
1530 4534 1676 4600 Υἱὸς,
1729 4536 1839 4596 τοῖς
1874 4536 1933 4585 ἐν
1957 4535 2127 4605 ἀρετῇ

552 4622 954 4690 διαλάμπουσιν
1005 4618 1230 4681 εἰκότως
1308 4616 1743 4671 ἀπεκαλύπτετο.
1803 4615 1976 4670 Τοῦτο
2034 4619 2127 4671 καὶ

553 4707 649 4763 νῦν
679 4708 707 4759 6
734 4703 943 4765 Παῦλός
980 4719 1145 4770 φησιν
1168 4741 1182 4764 ,
1214 4702 1294 4754 ὄτι
1323 4701 1391 4754 τὰ
1423 4701 1686 4769 μέλλοντα
1721 4700 1938 4770 ᾔδεσαν,
1973 4717 2127 4752 τουτ-

550 4789 696 4854 έστι,
749 4786 848 4856 τὴν
893 4785 1187 4841 ἀνάστασιν
1242 4780 1331 4837 τοῦ
1376 4782 1635 4855 Χριστοῦ.
1698 4783 1769 4837 Ἢ
1828 4779 1920 4836 οῦν
1969 4780 2127 4835 τοῦτό

552 4887 705 4941 φησι,
743 4870 776 4939 ἢ
810 4869 890 4933 τὸ,
948 4869 1149 4921 Πίστει
1197 4866 1329 4935 περὶ
1373 4867 1744 4935 μελλόντων,
1775 4866 1835 4918 οὐ
1876 4866 2005 4937 περὶ
2032 4866 2126 4918 τοῦ

555 4954 839 5021 μέλλοντος
862 4950 1077 5013 αἰῶνος.
1112 4950 1246 5003 ἀλλά
1283 4950 1411 5019 περί
1436 4950 1543 5002 τῶν
1573 4950 1805 5003 ἐνταῦθα
1825 4950 2128 5019 μελλόντων

552 5035 779 5101 ὐττερον
795 5032 1056 5100 γίνεσθαι,
1071 5032 1345 5096 λέγει.“Αν
1369 5034 1473 5104 γὰρ
1492 5033 1568 5104 μὴ
1582 5034 1755 5099 τοῦτο,
1778 5033 1895 5097 πῶς
1914 5033 2126 5105 ἄνθρωυ

553 5132 654 5177 πος
680 5113 989 5182 καθήμενος
1016 5116 1071 5165 ἐν
1090 5113 1236 5184 ξένῃ,
1262 5115 1511 5177 τοιαύτας
1536 5114 1785 5182 εὐλογίας
1802 5116 2029 5185 ἠδύνατο
2045 5118 2128 5169 δι-

549 5196 699 5249 δόναι
722 5212 736 5257 ;
772 5193 889 5256 πῶς
902 5194 989 5247 δαὶ
1007 5194 1169 5246 πάλιν
1187 5195 1450 5265 ἐπέτυχεν
1479 5196 1749 5266 εὐλογίας,
1770 5199 1863 5251 καὶ
1878 5199 1977 5252 οὐκ
1998 5198 2121 5252 ἐλα-

549 5280 646 5331 ϐεν
680 5277 851 5345 αὐτήν
870 5294 885 5341 ;
941 5276 1105 5345 Ὁρᾷς
1120 5278 1201 5328 ὅτι
1217 5278 1354 5347 ὅπερ
1372 5278 1507 5348 ἐφην
1522 5280 1614 5332 ἐπὶ
1631 5280 1732 5349 μὲν
1749 5280 1842 5333 τοῦ
1875 5281 2123 5352 ’Λϐραάμ

550 5362 650 5415 καὶ
664 5360 757 5412 ἐπὶ
783 5358 879 5411 τοῦ
912 5357 1105 5411 Ἰακὼϐ
1128 5359 1275 5412 ἐστιν
1308 5362 1503 5427 εἰπεῖν,
1520 5363 1601 5415 ὅτι
1628 5364 1727 5416 οὐκ
1749 5363 2001 5417 ἀπώνατο
2022 5364 2123 5434 τῆς

551 5441 820 5511 εὐλογίας,
860 5442 977 5495 ἀλλ’
1014 5443 1094 5504 είς
1120 5442 1377 5510 ἐκγόνους
1412 5444 1600 5514 ἐξῆλθε
1623 5446 1689 5499 τά
1705 5446 1812 5499 τῶν
1835 5446 2115 5515 εὐλογιῶν,

555 5523 716 5589 αὐτὸς
734 5526 793 5580 δὲ
828 5524 935 5579 τῶν
966 5524 1269 5595 μελλόντων
1298 5524 1516 5597 ἐτυχενς
1548 5528 1875 5599 εὑρίσκομεν
1900 5529 2009 5601 γὰρ
2030 5530 2122 5585 τὸν

554 5711 729 5833 agile
752 5714 912 5776 Colb.,
952 5724 1099 5778 atque
1156 5720 1223 5769 ita
1281 5718 1407 5782 legit
1450 5718 1849 5786 Lal.lnlcrprcs.
1908 5721 2121 5776 Savilius

2236 3708 2475 3769 ἀπάταις
2495 3710 2587 3761 καὶ
2607 3710 2790 3785 φόϐοις
2810 3709 2901 3764 τὸν
2922 3710 3139 3763 ἅπαντα
3156 3710 3425 3778 διεγένετο
3445 3710 3657 3781 χρόνον,
3678 3715 3817 3785 ἐρω-

2235 3790 2476 3860 τώμενός
2491 3809 2548 3845 τε
2573 3792 2723 3862 παρά
2750 3792 2843 3846 τοῦ
2866 3792 3065 3861 Φαραὼ
3084 3794 3238 3863 φησί·
3266 3792 3479 3859 Μικραί
3502 3794 3599 3847 καὶ
3618 3810 3817 3865 πονη-

2224 3874 2327 3941 ραὶ
2348 3876 2407 3927 αἰ
2438 3874 2649 3943 ἡμέραι
2666 3892 2782 3943 μου
2805 3876 3151 3945 γεγόνασιν·
3168 3878 3371 3940 ἐκεῖνος
3390 3877 3445 3931 δὲ
3469 3877 3818 3950 ὲνάδείᾳκαὶ

2233 3954 2491 4026 αὐθεντίᾳ
2524 3954 2715 4030 πολλῇ,
2762 3956 2858 4009 καὶ
2910 3958 3048 4028 μετά
3076 3955 3250 4013 ταῦτα
3274 3955 3342 4030 ἦν
3369 3960 3516 4031 αὐτῷ
3548 3961 3809 4033 φοϐερός,

2232 4037 2345 4092 Ποῦ
2377 4034 2468 4092 οὖν
2492 4037 2758 4111 ἐξέϐησαν
2786 4039 2841 4091 αί
2871 4038 3131 4108 εὐλογίαι,
3164 4040 3404 4111 ἀλλ’ἢέν
3418 4043 3494 4115 τῷ
3524 4043 3813 4115 μέλλοντι;

2241 4121 2407 4192 Ὁρᾷς
2438 4122 2531 4177 ὃτι,
2556 4121 2765 4175 ἀνωθεν
2782 4124 2830 4175 οἰ
2856 4124 3081 4194 πονηροί
3096 4122 3205 4176 τῶν
3234 4125 3469 4180 ἐνταῦθα
3496 4129 3810 4199 ἀπήλαυον·

2229 4206 2277 4258 οἰ
2310 4205 2367 4257 δὲ
2395 4204 2591 4259 δίκαιοι
2622 4204 2952 4269 τούναντίον,
2983 4206 3044 4258 οὐ
3085 4206 3190 4277 μὴν
3224 4209 3442 4273 πάντες.
3480 4212 3608 4264 ’1δού
3641 4210 3754 4281 γὰρ
3778 4214 3812 4265 6

2242 4288 2493 4360 Ἀϐραὰμ
2516 4289 2721 4352 δίκαιος
2742 4281 2810 4359 ἦν
2836 4289 2932 4343 καὶ
2973 4289 3253 4361 ἀπήλαυσε
3282 4294 3377 4346 καὶ
3405 4294 3513 4346 τῶν
3538 4295 3807 4361 ἐνταῦθα,

2231 4369 2369 4441 πλὴν
2404 4369 2542 4441 μετά
2573 4368 2803 4440 θλίψεως
2826 4370 2921 4424 καὶ
2944 4374 3264 4443 πειρασμῶν
3288 4374 3415 4427 ’καὶ
3438 4376 3546 4447 γὰρ
3571 4377 3809 4442 πλοῦτος

2226 4448 2296 4522 ἦν
2326 4452 2474 4523 αὐτῷ
2505 4453 2683 4523 μόνον,
2718 4453 2843 4506 ἐπεὶ
2886 4453 2954 4507 τά
2984 4454 3121 4508 ἄλλα
3154 4458 3331 4511 πάντα
3363 4456 3595 4527 θλίψεως
3630 4459 3807 4529 ἔγεμε

2227 4534 2297 4588 τὰ
2330 4538 2450 4588 κατ’
2470 4535 2650 4590 αὐτόν.
2674 4536 2749 4589 Οὐ
2769 4535 2880 4607 γὰρ
2908 4536 3026 4591 ἐστι
3046 4538 3140 4591 τὸν
3166 4538 3371 4592 δίκαιον
3396 4540 3470 4611 μὴ
3494 4540 3801 4607 θλίϐεσθαι,

2228 4616 2330 4673 κᾶν
2358 4618 2587 4688 πλουτῇο
2620 4620 2747 4672 ὅταν
2774 4619 2885 4689 γὰρ
2908 4618 3161 4692 βούληται
3184 4623 3649 4687 πλεονεκτεῖσθαι,
3682 4625 3806 4677 ἀδι-

2228 4701 2462 4765 κεῖσθαι,
2502 4700 2652 4773 [236]
2690 4701 2757 4754 τὰ
2789 4698 2926 4757 ἀλλα
2962 4703 3213 4773 πάσχειν,
3242 4706 3456 4776 ἀνάγκη
3489 4706 3800 4763 θλίϐεσθαι.

2230 4785 2391 4837 “an:
2421 4784 2524 4837 κᾶν
2572 4782 2819 4855 ἀπολαύῃ
2865 4783 2959 4838 τοῦ
3015 4786 3273 4849 πλούτου,
3304 4789 3406 4841 οὐκ
3450 4789 3692 4852 ἀλύπως.
3731 4792 3803 4844 Τί

2223 4866 2460 4937 δήποτες
2491 4866 2616 4919 Ὅτι
2664 4867 2725 4919 ἐν
2751 4866 2927 4935 θλίψει
2982 4868 3104 4921 ἐστὶ
3134 4870 3230 4922 καὶ
3270 4870 3456 4943 ὀδύνῃ.
3488 4873 3554 4926 Et
3587 4873 3645 4926 δέ
3670 4874 3804 4927 τότε

2225 4950 2284 5004 ἐν
2333 4949 2509 5018 θλίψει
2562 4952 2612 5003 οἰ
2662 4949 2881 5015 δίκαιοι,
2937 4950 3120 5022 πολλῷ
3153 4954 3353 5021 μᾶλλον
3412 4954 3527 5009 νῦν.
3586 4957 3802 5013 Πίστει

2224 5032 2354 5102 περὶ
2384 5034 2749 5099 μελλόντων,
2807 5034 2972 5102 φησὶν
2991 5073 3006 5099 ,
3045 5036 3383 5105 εὐλόγησεν
3428 5039 3632 5095 Ἰσαὰκ
3683 5044 3803 5096 τὸν

2237 5114 2446 5170 Ἰακὼϐ
2489 5115 2589 5169 καί
2639 5115 2745 5169 τὸν
2788 5115 2990 5173 Ἠσαῦ.
3027 5118 3217 5172 Καίτοι
3261 5106 3325 5187 γἐ
3384 5120 3589 5191 μείζων
3646 5118 3718 5192 ἦν
3769 5127 3801 5178 ό

2236 5196 2404 5249 Ἡσαῦ
2426 5212 2439 5227 ·
2476 5196 2613 5249 ἀλλά
2640 5197 2958 5269 προτίθησιν
2984 5199 3092 5252 ἀπὺ
3114 5200 3213 5270 τῆς
3241 5202 3439 5273 ἀρετῆς
3456 5203 3545 5256 τὸν
3571 5203 3797 5260 Ἰακώϐ.

2234 5278 2397 5349 Ὀρᾷς
2419 5279 2499 5332 ὅτι
2522 5274 2590 5349 ἦν
2621 5280 2654 5347 ἡ
2692 5279 2908 5344 πίστις;
2940 5280 3113 5335 Πόθεν
3145 5284 3254 5350 γάρ
3288 5285 3652 5354 ἐπηγγείλατο
3682 5291 3800 5349 τοῖς

2224 5362 2360 5425 υἰοῖς
2406 5361 2475 5415 τά
2531 5361 2770 5415 τοσαῦτα
2795 5362 2992 5431 ἀγαθὰ,
3042 5363 3075 5433 ἢ
3126 5364 3233 5419 ἀπὸ
3262 5367 3354 5421 τοῦ
3405 5367 3680 5420 πιστεύειν
3712 5370 3796 5439 τῷ

2222 5443 2342 5515 Θεῷ
2365 5444 2613 5511 πάντως;
2648 5445 2854 5499 Πίστει
2882 5445 3091 5501 Ἰακὼϐ
3109 5449 3515 5516 ἀποθνήσκων
3525 5448 3797 5505 ἕκαστον

2221 5528 2340 5619 τῶν
2366 5526 2522 5619 υίῶν.
2551 5528 2773 5619 Ἰωσὴφ
2790 5530 3149 5619 εὐλόγησεν.
3190 5532 3453 5619 Ἐνταῦθα
3482 5532 3795 5619 χρίμθεῖναι

2228 5610 2326 5673 τὰς
2343 5610 2591 5678 εὐλογίας
2614 5610 2762 5676 ὅλας,
2789 5612 2874 5665 ἵνα
2908 5613 3001 5667 καί
3028 5616 3059 5685 ὴ
3082 5616 3261 5678 πίστις
3301 5616 3395 5669 καὶ
3425 5617 3456 5685 ή
3482 5610 3796 5686 προφητεία

2228 5692 2394 5747 αὐτοῦ
2453 5694 2749 5764 κατάδηλος
2790 5696 3032 5764 γένηται.
3060 5697 3168 5752 Kal
3197 5699 3641 5765 προσεκύνησε,
3685 5716 3795 5768 φη·

2231 5777 2335 5842 σιν,
2365 5778 2460 5830 ἐπὶ
2519 5779 2578 5832 τὸ
2612 5778 2794 5848 ἄκροι·
2836 5778 2936 5847 τῆς
2972 5780 3196 5847 ῥάϐδου
3251 5781 3456 5836 αὐτοῦ.
3527 5782 3791 5838 Ἐνταῦθα
