3926 6406
149 332 247 386 i'i'i

146 436 381 491 ditantur
414 427 635 493 alienis,
682 439 752 482 ne
801 422 1040 479 volentes
1091 418 1304 490 quidem
1375 416 1520 470 sinit.
1594 413 1727 468 Nam

146 526 219 579 ait
272 524 381 593 (a),
441 520 504 577 Si
563 518 607 573 is
637 516 724 586 qui
769 518 926 584 frater
974 512 1262 567 nominatur
1314 509 1444 562 inter
1494 522 1612 569 vos,
1654 513 1727 559 est

154 615 471 687 fornicator;
489 611 707 667 fratrem
737 604 1035 660 hiediceus
1062 600 1301 657 absolute
1325 596 1567 668 ῳιυιιιγίε
1597 596 1722 650 tide-

146 707 276 769 lem,
304 719 413 759 non
438 716 563 759 eum
585 700 674 770 qui
700 705 785 754 est
813 694 1128 750 monachus.
1155 691 1287 746 Nam
1313 688 1438 759 quid
1476 697 1557 743 est
1581 687 1723 756 quod

146 796 281 851 facit
307 788 735 850 fraternitatem?
764 788 1035 841 lavacrum
1065 780 1489 853 regenerationis
1514 819 1527 844 ,
1568 793 1727 847 posse

147 890 319 943 Deum
373 887 585 941 Patrem
637 893 865 937 vocare.
902 874 1261 944 Quamobrem
1311 872 1726 927 catechumenus

145 976 360 1035 etiamsi
386 976 457 1031 sit
485 970 795 1035 monachus,
837 981 942 1022 non
968 974 1050 1020 est
1073 964 1237 1018 frater
1270 980 1283 1016 :
1318 960 1490 1015 ﬁdelis
1524 969 1724 1025 autem,

146 1070 360 1127 etiamsi
386 1065 687 1122 mundanus
719 1062 789 1118 sit
813 1100 829 1127 ,
859 1075 955 1116 seu
982 1056 1278 1123 saecularis,
1311 1064 1394 1111 est
1439 1053 1621 1108 frater.
1663 1052 1728 1108 Si

144 1163 284 1233 quis,
308 1160 500 1231 inquit,
520 1158 674 1227 frater
697 1155 987 1210 nominatur
1012 1151 1057 1225 (i
1074 1189 1089 1204 .
1122 1149 1239 1204 Cor.
1260 1149 1313 1204 5.
1338 1148 1451 1216 li).
1474 1146 1604 1201 Nam
1629 1160 1728 1201 nec

146 1253 319 1304 ullum
340 1249 551 1320 quidem
577 1256 702 1302 tunc
721 1250 841 1300 erat
864 1239 1113 1297 monachi
1137 1237 1439 1309 vestigium,
1461 1236 1554 1293 sed
1573 1251 1729 1291 mun-

141 1333 304 1387 dauis
334 1349 425 1387 seu
453 1333 799 1387 sa-cnlaribus
827 1333 938 1386 haec
964 1333 1144 1385 omnia
1166 1332 1380 1386 dicebat
1407 1331 1491 1386 hic
1519 1330 1727 1388 beatus.

140 1424 210 1478 Si
227 1426 295 1488 is,
338 1422 528 1492 inquit,
555 1425 644 1494 qui
681 1428 839 1489 frater
861 1424 1179 1488 nominetur,
1214 1423 1277 1477 sit
1307 1424 1615 1493 fornicator,
1641 1431 1731 1481 aut

135 1529 352 1578 avarus,
382 1524 468 1567 aut
498 1514 738 1579 ebriosus,
759 1530 874 1567 cum
891 1513 1183 1583 Itujusmodi
1204 1529 1293 1566 nec
1317 1511 1481 1567 cibum
1506 1529 1727 1569 sumere.

134 1602 250 1658 Sed
294 1618 397 1658 nou
437 1605 507 1659 ita
536 1604 646 1673 agit
685 1618 807 1659 cum
837 1602 1125 1673 gentilibus
1147 1644 1164 1671 ,
1210 1602 1306 1658 sed
1334 1602 1495 1674 quid?
1526 1603 1587 1657 Si
1615 1604 1733 1674 quis

134 1703 290 1746 vocat
314 1710 400 1747 vos
426 1692 729 1762 inﬁdelium,
758 1703 807 1747 et
834 1693 985 1748 vultis
1013 1693 1106 1757 ire,
1136 1710 1283 1748 omne
1309 1694 1444 1764 quod
1471 1694 1607 1748 vobis
1628 1710 1726 1763 ap-

134 1784 354 1853 ponitur
379 1784 717 1855 comedite(l.
758 1782 879 1844 Cor.
914 1784 999 1839 10.
1023 1782 1139 1855 27).
1188 1782 1249 1840 Si
1287 1786 1399 1856 quis
1422 1794 1612 1854 autem,
1641 1786 1727 1840 in-

133 1876 277 1945 quit,
309 1879 469 1945 frater
495 1876 800 1943 nominatur,
835 1885 880 1931 et
909 1876 971 1931 sit
1000 1874 1244 1930 ebriosus.

210 1968 274 2022 4.
306 1967 466 2045 Papa;
515 1983 671 2040 quam
716 1977 904 2024 exacte
933 1969 1165 2040 loquitur
1190 1978 1246 2024 et
1286 1972 1572 2025 accurate!
1625 1984 1725 2025 nos

131 2070 323 2112 autem
370 2074 475 2114 non
516 2058 684 2112 solum
725 2073 830 2113 non
876 2058 1103 2129 fugimus
1129 2059 1390 2122 ebriosos,
1439 2060 1531 2115 sed
1567 2061 1726 2113 etiam

132 2163 236 2203 eos
273 2148 521 2223 adimus.
554 2165 734 2203 eorum
766 2164 882 2220 qua-
927 2149 995 2203 ah
1045 2150 1173 2217 ipsis
1213 2159 1547 2217 apponuntur
1569 2147 1730 2203 futuri

133 2240 459 2309 participes.
492 2238 780 2307 Propterea
809 2240 985 2293 omnia
1008 2254 1207 2309 susque
1240 2238 1411 2308 deque
1435 2248 1562 2294 sunt
1615 2240 1729 2310 agi-

135 2338 276 2395 tata,
308 2330 487 2383 omnia
521 2339 645 2383 sunt
674 2329 915 2394 confusa,
949 2345 1136 2384 eversa
1162 2339 1217 2383 et
1245 2329 1470 2399 perdita.
1494 2329 1625 2383 Nam
1647 2329 1732 2384 dic

132 2421 309 2483 mihi,
346 2422 390 2473 si
424 2422 544 2490 quis
575 2435 761 2475 eorum
804 2420 893 2490 qui
934 2429 1059 2474 sunt
1084 2402 1390 2489 hujusmodi
1421 2430 1471 2475 te
1499 2421 1733 2474 invitarit

112 2511 207 2575 ,ad
238 2512 570 2575 convivium,
615 2518 668 2567 te
694 2512 782 2582 qui
814 2511 1138 2565 existimaris
1178 2527 1379 2581 pauper
1408 2513 1635 2585 vilisque
1679 2523 1733 2567 et

134 2603 390 2671 ahjectus
415 2642 430 2665 ,
464 2600 658 2656 deinde
684 2615 713 2654 a
749 2611 802 2656 te
826 2601 1056 2663 audierit
1086 2619 1099 2655 :
1129 2601 1389 2669 Quoniam
1417 2618 1535 2673 quae
1564 2618 1721 2673 appo-

132 2702 347 2746 nuntur
376 2701 528 2762 parta
547 2702 671 2746 sunt
700 2706 766 2746 ex
789 2693 1031 2755 avaritia.
1060 2706 1166 2747 non
1206 2694 1375 2762 patiar
1402 2710 1575 2749 meam
1615 2695 1732 2764 polo

131 2783 296 2838 luere
320 2783 551 2836 animam
581 2800 594 2835 :
622 2796 800 2836 annon
828 2781 988 2837 fuerit
1015 2783 1290 2847 reveritus,
1324 2800 1500 2838 annon
1529 2785 1729 2854 pudore

132 2874 416 2931 aﬂ‘ectus?
448 2874 561 2929 lloc
603 2876 773 2929 solum
813 2875 1083 2931 sufﬁceret
1132 2874 1199 2929 ad
1243 2877 1632 2946 corrigendum,
1679 2889 1732 2933 et

132 2965 494 3020 efﬁciendum
523 2975 578 3018 ut
604 2979 662 3019 se
696 2965 910 3034 quidem
949 2966 1199 3021 miserum
1247 2966 1466 3021 duceret
1508 2979 1726 3038 propter

195 3055 271 3118 (a)
294 3054 390 3105 Hic
414 3055 579 3117 incipit
598 3054 795 3106 humilia
817 3057 1052 3118 vigesima
1074 3061 1238 3121 quinta
1262 3062 1310 3109 in
1333 3060 1469 3111 Colb.

128 3168 3022 3195 *Μ

915 324 982 383 IN
1016 326 1233 386 EPIST.
1276 326 1365 383 AD
1404 306 1770 381 llEBREGS.
1809 313 1960 372 CAP.
2002 316 2090 373 XI.
2162 316 2396 375 HOMIL.
2446 315 2634 372 XXVI.

3314 312 3412 368 178

1830 412 2068 477 divitias,
2095 420 2147 468 te
2169 422 2348 469 autem
2382 411 2737 467 admiraretur
2772 418 2989 483 propter
3018 419 3408 480 paupertatem,

1831 506 1877 563 si
1905 520 1965 561 se
1990 504 2195 563 videret
2239 518 2270 559 a
2312 513 2362 559 te
2393 513 2537 558 tanto
2565 503 2742 559 studio
2768 502 2990 575 despici.
3017 504 3123 560 Sed
3152 503 3275 560 facti
3312 520 3404 573 su-

1833 612 1970 663 mus,
2004 596 2186 653 nescio
2214 594 2371 661 unde,
2400 596 2544 650 servi
2591 595 2889 659 hominum,
2920 611 3039 651 eum
3071 596 3261 651 Paulus
3285 610 3406 651 sus—

1833 703 1936 759 que
1962 687 2134 757 deque
2158 686 2350 741 clamet
2381 702 2395 741 :
2423 685 2597 741 Nolite
2621 686 2731 752 ﬁeri
2755 686 2883 741 servi
2907 686 3165 740 hominum
3190 687 3266 754 (l.
3293 686 3414 740 Cor.

1835 782 1889 835 7.
1918 780 2035 846 23).
2069 778 2220 834 Unde
2250 776 2373 833 facti
2409 793 2597 832 sumus
2622 778 2760 833 servi
2793 777 3066 832 hominum
3086 778 3108 830 ?
3130 772 3269 845 Quia
3291 778 3415 832 facti

1838 884 2022 927 sumus
2046 868 2187 922 servi
2219 866 2419 921 ventris
2444 876 2499 920 et
2526 870 2765 935 pecuniae
2792 876 2845 920 et
2869 867 3054 935 gloria:
3090 880 3144 924 et
3186 868 3416 924 aliorum

1840 966 2078 1020 omnium
2121 962 2497 1034 :prodidiaus
2546 961 2848 1015 libertatem
2895 976 2996 1030 qua
3048 976 3149 1016 nos
3206 962 3423 1018 donavit

1842 1054 2107 1110 Christus.
2133 1052 2267 1119 Quid
2296 1067 2424 1122 ergo
2440 1059 2765 1105 niaueteum
2786 1049 2874 1119 qui
2905 1051 3074 1104 factus
3100 1059 3183 1104 est
3208 1065 3420 1118 servus,

1845 1144 1932 1200 die
1958 1144 2126 1200 mihi?
2154 1143 2292 1196 Audi
2322 1140 2592 1196 Christum
2624 1140 2891 1195 dicentem
2925 1156 2940 1193 :
2974 1140 3163 1195 Servus
3185 1157 3286 1194 non
3314 1157 3427 1194 ma-

1842 1246 1924 1291 net
1954 1236 2006 1290 in
2031 1234 2179 1287 domo
2210 1234 2259 1286 in
2288 1243 2529 1288 wternum
2584 1229 2762 1302 (Joan.
2786 1231 2839 1287 8.
2867 1229 2983 1302 35).
3018 1230 3192 1286 Habes
3214 1231 3429 1286 absolu-

1842 1335 1952 1381 tam
1998 1325 2341 1389 seuteutiam,
2382 1323 2525 1393 quod
2571 1337 2862 1392 numquam
2894 1323 2948 1376 in
2988 1337 3210 1392 regnum
3252 1323 3427 1392 ingre-

1843 1415 1986 1471 ditur
2022 1431 2036 1467 :
2075 1414 2178 1469 hoc
2226 1413 2371 1469 enim
2401 1424 2484 1468 est
2512 1413 2723 1469 domus.
2758 1413 2892 1468 Nam
2922 1413 2988 1467 In
3020 1415 3192 1479 domo,
3226 1416 3419 1484 inquit,

1845 1505 2019 1561 Patris
2047 1507 2144 1559 mei
2190 1505 2475 1559 mansiones
2502 1506 2674 1559 multa:
2700 1514 2817 1558 sunt
2851 1504 2869 1575 (
2887 1507 3149 1561 10am”.
3180 1506 3259 1578 2).
3294 1506 3427 1562 Scr-

1850 1612 1949 1651 vus
1979 1611 2107 1666 ergo
2135 1610 2240 1649 non
2281 1605 2462 1649 manet
2493 1595 2545 1649 in
2586 1595 2745 1649 domo
2791 1595 2843 1648 in
2888 1604 3144 1650 internum
3175 1615 3187 1650 :
3214 1614 3427 1652 servum

1845 1688 1973 1744 dicit
1999 1687 2199 1756 peccati
2229 1704 2243 1742 :
2272 1687 2362 1757 qui
2381 1695 2559 1741 autem
2585 1687 2636 1740 in
2659 1686 2728 1741 do
2740 1702 2827 1741 tuo
2852 1701 2956 1741 non
2979 1697 3157 1743 manet
3188 1689 3239 1743 in
3265 1699 3427 1744 arter-

1846 1795 1997 1845 num,
2030 1780 2081 1834 in
2106 1780 2347 1849 gehenna
2377 1788 2553 1832 manet
2581 1777 2635 1832 in
2681 1786 2959 1842 aeternum,
2984 1778 3181 1832 nullam
3228 1780 3430 1834 habens

1847 1871 2290 1927 consolationem.
2308 1867 2413 1925 Sed
2427 1868 2569 1924 enim
2591 1882 2678 1923 res
2695 1868 2761 1922 ad
2783 1883 2898 1922 eam
2923 1868 3193 1924 redierunt
3217 1872 3389 1940 impro
3410 1901 3423 1911 -

1846 1958 2067 2016 bitatem
2093 1968 2149 2015 et
2177 1960 2390 2029 vitium,
2416 1970 2476 2017 ut
2519 1962 2680 2019 etlam
2709 1977 2776 2020 ex
2807 1964 2938 2033 ipsis
2963 1965 3157 2020 faciant
3184 1966 3427 2020 eleemo-

1845 2064 2024 2118 syuas,
2064 2059 2118 2105 et
2166 2052 2364 2107 multos
2407 2053 2688 2108 acciniant.
2721 2054 3010 2123 Propterea
3043 2066 3315 2126 amputata
3346 2066 3430 2112 est

1847 2149 2023 2191 nostra
2065 2140 2304 2208 libertas,
2343 2151 2399 2196 et
2431 2158 2534 2196 non
2563 2158 2844 2212 possumus
2871 2146 3097 2214 aliquem
3123 2148 3421 2216 increpare.

1844 2226 1948 2281 Sed
1980 2244 2121 2284 nunc
2143 2229 2213 2284 de
2241 2240 2442 2287 czetero
2472 2232 2734 2302 fugiamus
2775 2250 2969 2289 noxam
3008 2252 3126 2305 qua:
3163 2236 3285 2291 inde
3313 2237 3426 2290 ori-

1846 2327 1933 2372 tur
1965 2335 1978 2372 :
2024 2329 2079 2375 et
2108 2337 2203 2375 vos
2231 2323 2320 2391 qui
2353 2322 2456 2377 hoc
2499 2324 2666 2378 lutum
2696 2326 2942 2387 volvitis.
2977 2336 3187 2381 cessate
3217 2327 3283 2380 ab
3327 2326 3427 2380 hac

1841 2410 2103 2479 pernicie,
2138 2420 2195 2467 et
2213 2413 2459 2469 cohibete
2474 2425 2707 2471 vestrum
2724 2419 3016 2487 appetitum
3032 2419 3103 2474 ab
3120 2417 3427 2488 hujusmodi

1838 2510 2119 2577 conviviis,
2143 2510 2188 2565 si
2204 2510 2386 2580 aliquo
2412 2511 2577 2567 modo
2598 2513 2867 2582 possimus
2880 2513 3075 2570 saltem
3091 2530 3235 2572 nunc
3251 2517 3423 2573 Deum

1843 2603 2077 2672 placare,
2102 2611 2158 2657 et
2185 2601 2323 2656 bona
2353 2604 2609 2668 consequi
2643 2601 2906 2671 promissa
2936 2621 2951 2657 :
2983 2620 3103 2664 alia:
3123 2606 3281 2661 detur
3304 2623 3416 2660 om-

1844 2693 2000 2746 nibus
2039 2692 2251 2761 assequi
2281 2732 2298 2759 ,
2351 2692 2522 2762 gratia
2563 2702 2619 2747 et
2648 2693 2977 2763 benignitate
3007 2697 3219 2753 Domini
3252 2699 3421 2755 nostri

1837 2781 1963 2847 Jesu
1993 2780 2215 2846 Christi,
2245 2798 2366 2837 cum
2396 2797 2505 2850 quo
2533 2782 2673 2837 l'atri
2714 2799 2818 2839 una
2858 2800 2979 2840 cum
3009 2796 3194 2841 sancto
3223 2789 3425 2856 Spiritu

1837 2873 2027 2939 gloria,
2058 2872 2361 2942 imperium,
2385 2873 2574 2936 honor,
2596 2888 2736 2928 uuam
2751 2883 2802 2928 et
2829 2890 3063 2944 semper,
3080 2886 3133 2931 et
3159 2879 3208 2931 in
3230 2879 3426 2933 smeula

1840 2962 2180 3014 εει-ριιιοιίιιιι.
2211 2964 2404 3016 Anien.

3033 3184 3372 3203 Μ

1490 3216 1827 3312 Romam
1867 3248 2107 3310 xxvr.

127 3392 279 3446 Csr.
311 3392 401 3447 il.
434 3407 486 3444 ν.
518 3391 609 3448 20.
643 3391 777 3447 Fide
803 3403 849 3446 et
870 3392 934 3447 de
954 3392 1140 3460 futuris
1165 3390 1421 3445 benedixit
1456 3388 1608 3444 Isaac
1634 3387 1736 3442 Ja-

225 3482 319 3537 cob
340 3492 389 3536 et
422 3481 579 3537 Esau.
608 3482 699 3538 2|.
728 3481 860 3537 Fide
882 3480 1042 3536 Iacob
1070 3482 1291 3535 moriens
1340 3480 1569 3550 singulos
1603 3478 1741 3547 ﬁlio-

218 3590 340 3626 rum
388 3572 584 3644 Ioseph
631 3573 903 3639 benedixit,
957 3583 1002 3626 et
1046 3571 1274 3625 adoravit
1302 3572 1558 3642 fastigium
1587 3571 1742 3640 virgas

213 3667 354 3736 ejus.
388 3665 484 3719 22.
523 3664 655 3720 Fide
692 3666 887 3736 Joseplt
918 3665 1136 3719 moriens
1176 3664 1242 3719 de
1273 3664 1583 3735 profectione
1606 3663 1745 3731 ﬁlio.

215 3774 342 3810 rum
368 3757 543 3812 Israel
572 3767 878 3811 memoratus
904 3766 999 3823 est,
1027 3767 1074 3810 et
1111 3755 1176 3811 de
1207 3757 1403 3811 ossibus
1442 3756 1549 3810 suis
1591 3771 1742 3809 nian-

205 3848 383 3901 discit.

210 3940 269 3993 1.
306 3938 495 4005 Multi,
535 3938 726 4009 inquit,
767 3941 1032 4009 prophetc
1056 3947 1106 3993 et
1122 3940 1255 4010 justi
1280 3941 1547 4010 cupierunt
1573 3942 1745 3996 videre

130 4046 255 4101 qui:
284 4029 501 4094 videtis,
532 4039 580 4084 et
608 4046 710 4083 non
733 4031 1006 4095 viderunt;
1029 4038 1077 4085 et
1111 4032 1291 4086 audire
1316 4047 1430 4101 quae
1471 4033 1659 4088 auditis
1696 4042 1744 4088 et

1833 3388 1953 3432 runt
1968 3379 2074 3434 dies
2094 3380 2192 3433 mei
2215 3378 2471 3451 (Gen.47.
2490 3382 2544 3454 9)
2575 3400 2587 3437 :
2612 3384 2701 3440 ille
2728 3402 2855 3442 vero
2881 3389 2933 3444 in
2973 3392 3259 3448 securitate
3285 3392 3416 3446 visit

1834 3476 1890 3523 et
1917 3484 2106 3540 magna
2136 3472 2469 3534 auctoritate.
2513 3484 2569 3529 et
2598 3488 2779 3545 posma
2803 3478 2899 3536 fuit
2923 3481 2973 3535 ei
3002 3481 3275 3539 terribilis.
3307 3482 3405 3551 libi

1834 3572 1962 3629 ergo
2009 3570 2301 3615 evenerunt
2338 3562 2741 3623 benedictiones
2783 3571 2888 3629 nisi
2927 3572 2978 3626 in
3010 3573 3228 3630 futuro?
3259 3575 3419 3631 Vides

1835 3651 1978 3723 quod
1995 3651 2062 3706 ab
2080 3654 2231 3708 initio
2251 3654 2412 3710 rebus
2436 3660 2789 3725 praesentibus
2809 3664 2960 3733 potiti
2990 3676 3113 3721 sunt
3132 3667 3421 3736 mali;justi

1836 3753 2013 3800 autem
2033 3757 2242 3811 contra,
2269 3762 2372 3801 non
2400 3757 2577 3804 tamen
2596 3766 2803 3808 omnes.
2830 3754 2969 3811 Ecce
2985 3758 3126 3813 enim
3152 3758 3419 3813 Abraham

1838 3845 1953 3891 erat
1973 3837 2171 3906 justus,
2199 3846 2254 3893 et
2281 3843 2621 3911 praesentium
2651 3860 2829 3901 rerum
2860 3850 3070 3919 copiam
3099 3852 3303 3918 habuit,
3328 3853 3423 3908 sed

1837 3941 1959 3981 cum
2009 3926 2300 3985 afflictione
2340 3940 2396 3986 et
2423 3933 2808 3993 tentationibus
2840 3953 2854 3990 :
2887 3941 3084 3995 etenim
3112 3943 3240 3996 solm
3270 3953 3427 3998 erant

1839 4018 2069 4085 divitiae;
2124 4020 2360 4092 alioquin
2388 4032 2544 4079 erant
2574 4025 2694 4096 ejus
2720 4030 2899 4085 omnia
2929 4031 3082 4101 plena
3116 4032 3425 4090 afﬂictionio

1839 4111 1962 4166 bus.
1993 4110 2176 4182 Neque
2204 4114 2347 4169 enim
2374 4114 2491 4171 ﬁeri
2510 4127 2688 4188 potest
2716 4130 2774 4174 ut
2803 4135 2907 4175 non
2938 4122 3203 4193 afﬁigatur
3222 4123 3425 4194 justus,

1842 4202 2052 4260 etiamsi
2083 4204 2152 4258 sit
2174 4203 2324 4259 dives
2354 4224 2367 4259 :
2397 4223 2521 4264 nam
2552 4210 2767 4279 quando
2788 4213 2899 4268 vult
2928 4214 2979 4270 in
3008 4216 3168 4271 rebus
3196 4217 3306 4270 suis
3335 4216 3427 4271 la:-

1842 4295 2121 4365 di,injuria
2149 4294 2288 4352 afﬁci
2318 4308 2371 4354 et
2397 4298 2498 4355 alia
2527 4303 2652 4370 pati,
2697 4319 2917 4360 necesse
2944 4315 3027 4361 est
3058 4316 3115 4361 ut
3140 4307 3425 4377 aflligatur.

1844 4384 2200 4453 Quamobrem
2220 4391 2427 4444 etiamsi
2443 4392 2646 4447 fruatur
2660 4394 2881 4462 divitiis,
2908 4395 3099 4451 fruitur
3112 4412 3215 4452 non
3228 4397 3431 4468 absque

1846 4478 2108 4533 molestia.
2134 4480 2344 4548 Quare?
2371 4481 2630 4550 Quoniam
2653 4486 2808 4540 estin
2835 4485 3124 4543 afﬂictione
3146 4496 3201 4542 et
3219 4487 3428 4542 dolore.

1845 4567 1899 4623 Si
1929 4578 2106 4623 autem
2128 4570 2256 4640 justi
2283 4583 2407 4627 tunc
2455 4585 2607 4628 erant
2641 4576 2692 4631 in
2721 4576 3031 4645 afﬂictione,
3061 4579 3225 4633 multo
3255 4578 3427 4648 magis

1848 4676 2010 4716 nunc.
2038 4660 2170 4717 Fide
2197 4672 2244 4717 et
2270 4664 2333 4717 de
2357 4667 2563 4736 futuris,
2596 4668 2783 4737 inquit,
2815 4668 3069 4723 benedixit
3094 4668 3246 4723 Isaac
3269 4669 3433 4723 Jacob

1855 4767 1904 4811 et
1934 4755 2094 4813 Esau.
2119 4759 2277 4829 Atqui
2299 4757 2439 4815 Esau
2466 4770 2581 4813 erat
2602 4756 2773 4828 major
2789 4767 2948 4825 natu;
2976 4757 3068 4813 sed
3086 4769 3304 4830 propter
3330 4760 3440 4813 vir-

1858 4856 2021 4902 tutem
2052 4849 2315 4919 praeponit
2336 4848 2526 4904 iacoh.
2562 4847 2725 4904 Vides
2740 4858 2937 4919 quanta
2961 4858 3104 4903 esset
3131 4849 3303 4904 ﬁdes?
3328 4849 3441 4906 Un-

1854 4937 2047 4993 denam
2073 4939 2418 5008 pollicebatur
2437 4938 2557 4992 ﬁliis
2582 4947 2688 4993 tam
2716 4939 2879 4993 multa
2897 4939 3058 5007 bona,
3087 4939 3188 4995 nisi
3211 4956 3275 4996 eo
3296 4942 3435 5011 quod

1855 5029 2074 5083 omnino
2122 5028 2231 5083 Deo
2271 5027 2555 5084 crederet?
2585 5027 2718 5084 Fide
2753 5028 2913 5084 Iacob
2954 5032 3172 5086 moriens
3210 5034 3437 5105 singulos

1854 5120 2077 5191 ﬁliorum
2122 5117 2312 5193 Joseph
2362 5118 2636 5174 benedixit.
2692 5119 2789 5176 llic
2840 5121 3101 5193 ponenda:
3138 5132 3265 5179 sunt
3312 5133 3437 5180 tota:

1854 5209 2274 5276 benedictiones,
2300 5218 2428 5265 utet
2449 5210 2580 5266 ﬁdes
2595 5218 2651 5266 et
2671 5211 2949 5283 prophetia
2976 5213 3093 5284 ejus
3114 5215 3183 5269 sit
3208 5216 3434 5271 manife-

1852 5308 1958 5355 sta.
2002 5298 2069 5353 Et
2107 5301 2359 5367 adoravit,
2410 5301 2600 5371 inquit,
2651 5302 2911 5375 fastigium
2965 5307 3121 5377 virga:
3162 5309 3290 5379 ejus.
3336 5307 3433 5362 llic

1852 5389 2087 5444 ostendit
2115 5389 2257 5460 quod
2281 5405 2387 5445 non
2404 5390 2577 5445 solum
2607 5391 2823 5461 dixerit,
2852 5395 2945 5450 sed
2966 5396 3127 5451 etiam
3144 5397 3278 5452 adeo
3297 5412 3432 5453 con-

1850 5476 2043 5537 ﬁderet
2067 5480 2282 5547 futuris,
2303 5490 2361 5536 ut
2387 5482 2548 5537 etiam
2575 5498 2633 5539 re
2655 5482 2769 5557 ipsa
2790 5485 3119 5543 ostenderet.
3141 5487 3273 5542 Nam
3298 5504 3434 5558 quo-

1850 5571 1992 5626 niam
2022 5582 2358 5628 surrecmrus
2374 5581 2488 5629 erat
2514 5588 2609 5629 rex
2636 5576 2772 5629 alius
2793 5590 2856 5630 ex
2879 5576 3155 5646 Ephraim,
3176 5587 3429 5648 pr0pter-

1848 5676 1933 5727 ca,
1995 5662 2167 5733 inquit
2194 5678 2208 5717 :
2243 5661 2306 5717 Et
2330 5662 2559 5718 adoravit
2572 5665 2831 5736 fastigium
2855 5667 3006 5737 virga
3034 5668 3162 5741 ejus.
3190 5668 3302 5724 Hoc
3322 5678 3425 5729 est,

1846 5755 2053 5812 etiamsi
2085 5765 2228 5815 esset
2255 5770 2418 5813 senex
2445 5756 2579 5826 jam,
2605 5744 2859 5814 adorabat
2881 5758 3099 5830 Joseph,
3123 5760 3424 5833 signiﬁcans
3491 5781 3493 5783 ί

127 4139 237 4175 non
265 4121 791 4191 audierunt(Mattlt.
818 4121 1041 4191 13.17).
1070 4120 1337 4191 Numquid
1363 4124 1538 4177 omnia
1566 4123 1748 4178 futura

130 4220 430 4267 noverunt
467 4210 640 4279 justi?
664 4211 918 4268 Maxime.
944 4211 1080 4267 Nam
1110 4213 1154 4268 si
1186 4213 1309 4268 ideo
1338 4228 1442 4267 non
1472 4215 1746 4270 revelaba-

131 4314 219 4358 tur
256 4302 453 4357 Filius
473 4312 693 4371 propter
719 4303 1143 4359 imbecillitatem
1184 4318 1370 4361 eorum
1396 4305 1486 4374 qui
1515 4320 1619 4360 non
1653 4321 1748 4375 po-

130 4403 331 4448 terant
366 4393 543 4462 ipsum
561 4393 853 4465 suscipere,
883 4392 969 4457 iis,
990 4393 1080 4462 qui
1109 4393 1302 4450 virtute
1314 4393 1744 4463 reaplendebaul,

131 4486 354 4541 inerito
403 4482 769 4541 revelabatur.
819 4483 930 4541 lloc
984 4500 1129 4539 nunc
1169 4486 1327 4541 etiam
1355 4485 1488 4543 dicit
1530 4486 1747 4553 Paulus,

136 4576 295 4647 quod
356 4574 602 4631 sciebant
645 4574 825 4630 futura
847 4616 866 4643 ,
892 4590 1085 4645 nempe
1133 4576 1331 4633 Christi
1398 4580 1755 4634 resurrectio-

134 4684 302 4725 nem.
344 4664 447 4720 Vel
475 4666 633 4735 igitur
659 4665 765 4722 hoc
779 4666 937 4730 dicit;
963 4667 1050 4723 vel
1076 4667 1230 4731 illud,
1259 4666 1390 4722 Fide
1417 4668 1481 4724 de
1526 4671 1711 4740 futuris
1731 4711 1747 4736 ,

140 4759 362 4814 dicitur
388 4771 500 4812 non
523 4757 592 4812 de
614 4756 795 4812 futuro
812 4758 1138 4825 smeulo,sed
1167 4759 1236 4815 de
1264 4760 1328 4814 iis
1351 4775 1475 4830 quae
1499 4761 1588 4817 hic
1611 4771 1754 4833 post-

139 4864 206 4903 ea
249 4857 389 4902 sunt
435 4845 633 4903 futura.
686 4847 746 4905 Si
796 4848 899 4904 hoc
926 4864 1034 4905 non
1076 4859 1240 4914 esset.
1271 4852 1540 4922 quomodo
1589 4853 1754 4911 homo

142 4939 358 4993 sedens
390 4938 450 4990 in
480 4946 621 4992 terra
648 4939 930 5008 peregrina
961 4938 1096 4995 tales
1122 4939 1280 4996 daret
1305 4942 1752 5000 benedictiones?

146 5028 445 5099 quomodo
471 5028 790 5091 obtinuisset
818 5028 1268 5098 benedictionem,
1302 5040 1357 5089 et
1380 5048 1500 5090 eam
1532 5050 1637 5090 non
1665 5051 1757 5091 ae.

149 5120 347 5189 cepit?
391 5117 557 5174 Vides
595 5118 739 5188 quod
771 5118 910 5174 idem
957 5120 1243 5177 dicendum
1284 5122 1338 5178 in
1384 5123 1582 5194 Joseph
1611 5127 1753 5196 quod

144 5211 264 5265 disi
288 5210 345 5263 in
371 5207 706 5274 Abrahamo,
726 5211 865 5280 quod
889 5226 992 5266 non
1012 5226 1139 5269 usus
1158 5213 1231 5268 sit
1250 5213 1641 5285 benedictione,
1659 5218 1755 5273 sed

128 5293 571 5352 benedictiones
609 5293 858 5348 exierunt
883 5294 949 5348 ad
976 5304 1263 5364 posteros;
1295 5299 1409 5368 ipse
1434 5307 1617 5355 autem
1666 5298 1749 5352 [υ-

133 5404 261 5445 tura
292 5398 384 5444 est
413 5395 741 5456 assequutus
760 5386 784 5440 ?
804 5386 1105 5444 invenimus
1136 5390 1279 5448 enim
1308 5394 1525 5450 fratrem
1549 5390 1615 5446 iis
1635 5403 1750 5444 ma-

126 5484 223 5553 gis
255 5483 517 5553 potitum.
542 5479 678 5535 Nam
714 5479 827 5550 ipse
850 5480 1062 5550 quidem
1100 5482 1155 5538 in
1183 5484 1442 5543 servitute
1463 5492 1518 5541 et
1545 5482 1602 5538 in
1638 5482 1746 5537 vita

134 5571 496 5628 mercenaria
520 5578 577 5625 et
604 5570 658 5624 in
691 5570 945 5639 periculis
974 5581 1030 5628 et
1066 5572 1119 5627 in
1163 5572 1370 5630 insidiis
1395 5583 1450 5631 et
1501 5577 1553 5630 iu
1598 5574 1751 5629 decc.

120 5680 175 5731 p
188 5665 437 5721 tionibus
454 5672 510 5718 et
540 5662 594 5716 in
614 5661 890 5717 timoribus
916 5672 1027 5718 toto
1048 5673 1285 5736 tempore
1298 5675 1381 5721 est
1401 5678 1639 5722 versatus
1659 5683 1673 5730 ;
1693 5674 1745 5721 et

94 5766 139 5802 3
180 5746 1207 5824 Pharaoneinterrogatusdicit,Pauci,
1227 5756 1413 5826 inquit,
1432 5767 1478 5811 et
1498 5758 1618 5811 moti
1646 5760 1751 5826 fue-
