3926 6406
596 325 697 385 I79
889 380 895 386 .

600 424 761 477 totius
790 418 969 492 populi
996 415 1363 472 adorationem
1392 415 1443 469 ei
1463 416 1712 469 futuram.
1747 417 1813 470 Et
1839 417 1940 471 hoc
1963 420 2176 487 quidem

592 512 704 582 jam
722 510 922 575 evenit,
945 505 1157 577 quando
1178 519 1300 560 eum
1317 504 1607 559 adorarunt
1626 505 1818 560 fratres
1838 506 1975 577 ejus;
1997 521 2179 578 postea

597 611 775 656 autem
807 610 919 655 erat
945 599 1104 653 etiam
1135 603 1449 652 eventurum
1472 611 1569 666 per
1586 596 1769 651 decem
1800 598 1990 652 tribus.
2020 599 2180 654 Vides

596 692 865 762 quomodo
891 688 1137 761 prmdixit
1163 704 1226 744 ea
1270 702 1391 757 qua:
1420 697 1601 758 postea
1620 700 1774 744 erant
1800 689 2007 745 futura?
2032 692 2180 748 vides

595 792 845 852 quantam
880 782 1144 835 haberent
1172 779 1369 835 ﬁdem?
1398 779 1670 851 quomodo
1697 781 1979 837 crederem
2005 782 2072 838 de
2100 784 2178 838 fu-

598 874 768 927 turis?
796 872 929 927 Nam
946 872 1047 925 alia
1078 869 1294 941 quidem
1325 885 1445 938 quae
1467 877 1592 925 sunt
1619 869 1706 924 hic
1728 872 2030 939 praesentia,
2055 882 2179 927 sunt

595 965 839 1034 exempla
868 963 1012 1017 male
1040 961 1273 1030 patiendi
1300 969 1354 1015 et
1378 959 1576 1014 nullius
1602 959 1727 1014 boni
1751 960 1979 1027 fruendi,
2007 970 2063 1016 ut
2087 978 2180 1017 ac-

594 1055 723 1109 cidit
752 1054 803 1108 in
833 1053 1136 1108 Abraltamo
1159 1060 1215 1106 et
1236 1051 1289 1105 in
1318 1049 1483 1105 Abele
1512 1067 1526 1104 :
1557 1051 1660 1104 alia
1718 1061 1897 1107 autem
1937 1062 2061 1107 sunt
2083 1069 2179 1108 ex-

595 1144 770 1211 empla
800 1143 1014 1208 ﬁdei,ut
1036 1141 1087 1195 in
1111 1139 1243 1206 Noe,
1268 1138 1409 1209 quod
1431 1139 1502 1195 sit
1531 1140 1689 1205 Deus,
1721 1141 1863 1209 quod
1892 1141 1959 1195 sit
1989 1158 2173 1198 remu-

595 1236 825 1292 neratio.
869 1234 1004 1290 Nam
1060 1232 1163 1286 hoc
1206 1246 1400 1285 nomen
1433 1230 1559 1300 ﬁdes
1606 1231 1752 1286 varie
1795 1231 2077 1303 accipitur,
2122 1242 2178 1291 et

596 1326 759 1382 modo
789 1325 891 1380 hoc
919 1322 1081 1378 modo
1124 1321 1254 1378 illud
1283 1320 1552 1391 signiﬁcat
1584 1338 1598 1374 :
1631 1320 1717 1376 hic
1744 1331 1923 1378 autem
1953 1324 2172 1391 indicat,

595 1417 738 1487 quod
766 1417 836 1471 sit
860 1412 1240 1477 remuneratio,
1260 1411 1403 1482 quod
1428 1427 1532 1466 non
1555 1412 1607 1466 in
1629 1411 1817 1468 iisdem
1837 1414 2025 1470 eadem
2066 1433 2178 1473 ma-

597 1519 742 1573 neat,
774 1518 829 1561 et
854 1507 995 1577 quod
1038 1503 1347 1560 certandum
1388 1502 1457 1559 sit
1480 1512 1602 1558 ante
1635 1505 1872 1573 praemia.
1916 1507 2047 1575 Qua:
2077 1524 2175 1563 au-

598 1610 707 1655 tem
756 1600 808 1653 in
851 1596 1047 1665 Joseph
1100 1603 1414 1658 evenerunt,
1469 1604 1593 1648 sunt
1617 1596 1782 1649 solius
1836 1597 1956 1651 ﬁdei
1992 1600 2170 1667 :quod

599 1690 915 1759 promiserat
946 1685 1270 1749 Ahrahamo,
1321 1684 1465 1754 quod
1526 1682 1703 1738 fuerat
1744 1686 2029 1755 pollicitus,
2065 1689 2180 1747 Tibi

597 1781 727 1832 dabo
744 1790 788 1832 et
808 1777 984 1832 semini
1004 1786 1089 1828 tua
1110 1784 1293 1828 terram
1315 1774 1463 1838 hanc,
1488 1774 1903 1845 audivitJoseplt
1936 1794 1949 1830 :
1977 1789 2033 1833 et
2057 1795 2177 1837 cum

597 1880 741 1927 esset
772 1871 822 1924 in
856 1880 996 1923 terra
1024 1866 1216 1929 aliena,
1248 1861 1473 1916 necdum
1504 1859 1714 1915 videret
1741 1859 1986 1915 evenisse
2029 1872 2165 1925 pra:-

598 1961 904 2023 dictionem,
935 1971 1002 2011 ne
1033 1956 1110 2008 sic
1136 1952 1350 2023 quidem
1380 1949 1665 2021 despondit
1691 1948 1950 2013 animum,
1978 1944 2073 2001 sed
2101 1945 2173 2000 ita

599 2052 846 2114 credidit,
879 2058 937 2103 ut
961 2049 1121 2103 etiam
1145 2045 1352 2100 diceret
1372 2043 1439 2099 de
1467 2043 1632 2107 exitu,
1661 2051 1715 2098 et
1739 2041 1806 2095 de
1826 2041 1937 2095 suis
1957 2038 2177 2094 manda-

602 2151 685 2197 ret
710 2142 941 2196 ossibus.
976 2139 1091 2193 Non
1121 2151 1248 2206 ergo
1284 2135 1401 2205 ipse
1426 2134 1575 2189 solus
1612 2131 1860 2198 credidit,
1890 2131 1986 2187 sed
2015 2130 2176 2185 etiam

607 2233 741 2286 alios
782 2229 993 2285 induxit
1017 2228 1080 2282 ad
1111 2226 1290 2281 ﬁdem.
1317 2224 1441 2279 Ideo
1467 2225 1626 2280 etiam
1667 2223 1940 2278 mandavit
1967 2230 2024 2276 ut
2047 2235 2181 2275 sent-

605 2321 989 2393 perexitumin
1004 2321 1184 2373 animo
1197 2326 1509 2381 versentur;
1539 2330 1642 2370 non
1669 2324 1848 2370 autem
1873 2315 1941 2369 de
1962 2314 2178 2368 ossibus

608 2413 909 2468 mandasset
927 2411 1025 2464 nisi
1043 2408 1113 2464 de
1135 2408 1312 2463 futuro
1329 2407 1504 2462 reditu
1526 2406 1731 2460 ﬁrmam
1755 2404 2181 2474 persuasionem,

609 2503 897 2558 habuisset.
954 2499 1316 2567 Quamobrem
1362 2511 1484 2552 cum
1533 2495 1718 2551 dicunt
1768 2494 1928 2564 aliqui
1976 2509 1993 2548 :
2042 2494 2183 2549 Ecce

607 2596 768 2651 etiam
793 2594 914 2663 iusti
937 2607 1119 2647 curam
1146 2597 1430 2661 gesserunt
1472 2596 1941 2643 monumentorum
1964 2604 1978 2641 :
2000 2591 2081 2640 eis
2099 2586 2182 2640 di-

606 2701 793 2743 camus
821 2682 963 2755 quod
991 2682 1112 2737 ideo
1139 2696 1323 2736 curam
1351 2687 1669 2750 gesserunt,
1724 2679 1961 2748 alioquin
2006 2688 2182 2732 autem

610 2776 833 2833 minime
856 2792 870 2828 :
900 2774 1105 2829 sciebat
1125 2772 1269 2828 enim
1292 2770 1434 2841 quod
1471 2768 1678 2823 Domini
1704 2778 1776 2823 est
1806 2778 1938 2823 terra
1965 2778 2011 2822 et
2029 2769 2192 2838 pleni-

613 2872 733 2926 tudo
754 2870 863 2942 ejus
890 2866 1007 2938 (Ps.
1035 2866 1128 2921 25.
1157 2867 1234 2932 1).
1282 2863 1397 2919 Non
1430 2862 1532 2917 hoc
1568 2877 1697 2932 ergo
1727 2861 1990 2932 ignoravit
2016 2860 2105 2930 qui
2136 2859 2189 2914 in

615 2970 760 3015 tanta
793 2960 927 3014 vixit
964 2955 1300 3028 philosOphia
1329 2996 1345 3021 ,
1376 2954 1466 3024 qui
1517 2962 1630 3008 toto
1675 2963 1917 3022 tempore
1960 2952 2091 3007 vixit
2133 2952 2187 3006 in

614 3052 869 3122 )Egypto.
920 3048 1081 3120 Atqui
1124 3046 1319 3102 licebat
1346 3046 1417 3110 ei,
1449 3045 1493 3099 si
1522 3044 1705 3111 vellet,
1734 3045 1950 3107 reverti,
2000 3043 2197 3100 licebat

614 3158 718 3196 nou
748 3142 951 3210 lugere.
975 3152 1073 3192 nec
1101 3151 1242 3207 aegre
1279 3135 1419 3190 ferre
1443 3144 1498 3189 et
1535 3135 1806 3205 plangere.
1840 3133 1944 3191 Sed
1974 3145 2029 3191 et
2070 3149 2191 3189 cum

616 3242 817 3301 patrem
852 3229 980 3284 illuc
1007 3226 1343 3289 reduxisset,
1372 3241 1470 3280 cur
1496 3240 1620 3279 ossa
1656 3242 1869 3296 quoque
1908 3241 2004 3281 sua
2047 3225 2197 3280 illinc

613 3322 804 3377 abduci
832 3318 1033 3390 jussit?
1062 3333 1240 3372 annon
1261 3317 1467 3372 scilicet
1490 3325 1775 3388 propterea
1797 3317 1821 3370 ἲ

683 3411 739 3464 2.
774 3409 938 3476 Petri,
991 3407 1168 3474 Pauli,
1199 3408 1416 3463 Joannis
1455 3418 1500 3463 et
1542 3406 1750 3462 Thomte
1772 3406 2040 3476 manifesta
2079 3414 2201 3460 sunt

615 3503 872 3572 sepulcra.
897 3530 967 3539 —
983 3498 1119 3565 Quid
1137 3514 1289 3563 vero,
1315 3499 1401 3554 dic
1422 3498 1553 3553 mihi
1575 3513 1781 3569 quaeso,
1811 3498 1976 3567 ipsius
2002 3496 2200 3569 Moysis

618 3610 739 3650 ossa
769 3609 944 3648 annon
975 3592 1075 3646 sita
1106 3600 1225 3645 sunt
1259 3591 1312 3646 in
1341 3601 1481 3646 terra
1509 3589 1715 3645 aliena?
1743 3590 1969 3645 Aaronis
1997 3597 2197 3654 autem,

618 3686 875 3749 Danielis,
900 3684 1169 3749 leremiae,
1192 3692 1247 3740 et
1267 3684 1629 3754 apostolorum
1663 3684 1974 3751 multorum,
2006 3698 2075 3738 ne
2098 3682 2203 3737 sci-

620 3794 738 3832 mus
760 3775 974 3846 quidem
999 3776 1088 3830 ubi
1110 3776 1212 3828 sita
1242 3774 1369 3829 sint.
1396 3773 1531 3829 Nam
1552 3773 1695 3830 Petri
1723 3775 1939 3844 quidem
1969 3783 2024 3829 et
2050 3774 2200 3830 Pauli

619 3878 675 3924 et
692 3868 912 3924 Joannis
935 3876 990 3922 et
1012 3866 1234 3921 Thomze
1258 3877 1380 3920 nota
1410 3877 1536 3921 sunt
1561 3867 1801 3937 sepulcra
1838 3868 1944 3939 (a);
1975 3867 2202 3923 aliorum

620 3967 823 4025 autem,
863 3972 984 4011 cum
1016 3957 1124 4010 sint
1164 3966 1271 4010 tam
1304 3958 1478 4021 multi,
1522 3974 1782 4029 nusquam
1812 3968 1934 4013 sunt
1962 3967 2107 4014 nota.
2131 3958 2205 4013 De

621 4064 688 4104 eo
710 4062 838 4117 ergo
866 4062 932 4100 ne
960 4047 1293 4115 plangamus,
1324 4063 1496 4117 neque
1526 4047 1661 4103 adeo
1690 4050 1882 4118 pusillo
1910 4060 1964 4105 et
1991 4049 2207 4120 abjecto

624 4138 794 4191 simus
814 4136 993 4189 animo
1018 4151 1034 4190 :
1065 4152 1186 4190 nam
1216 4136 1539 4208 ubicumque
1567 4138 1823 4193 fuerimus
1852 4140 2066 4210 sepulti,
2098 4139 2204 4193 Do-

628 4233 759 4289 mini
786 4246 858 4290 est
886 4246 1041 4299 terra,
1066 4242 1114 4288 et
1143 4230 1400 4303 plenitudo
1439 4231 1571 4303 ejus.
1611 4229 1778 4286 Plane
1812 4229 1872 4285 ﬁt
1912 4224 2055 4298 quod
2084 4222 2197 4278 ﬁeri

622 4338 837 4399 oportet
866 4345 881 4383 :
913 4327 1096 4398 lugere
1123 4334 1301 4379 autem
1323 4332 1378 4379 et
1406 4324 1660 4394 plangere
1686 4330 1742 4377 et
1765 4319 1965 4376 deﬂere
1993 4331 2087 4372 eos
2111 4315 2201 4383 qui

621 4427 994 4482 excesserunt,
1026 4432 1089 4472 ex
1122 4416 1317 4488 pusillo
1358 4424 1412 4469 et
1441 4414 1648 4484 ahjecto
1672 4412 1843 4466 oritur
1880 4411 2079 4464 animo.
2108 4406 2199 4462 25.

623 4512 755 4567 Fide
779 4509 983 4581 Moyses
1005 4520 1151 4562 natus
1173 4508 1453 4562 occultatus
1482 4514 1555 4559 est
1592 4504 1747 4558 tribus
1772 4496 2021 4556 mensibus
2049 4516 2081 4551 a
2112 4508 2203 4567 pa-

619 4602 841 4657 rentibus
869 4601 995 4655 suis.
1024 4599 1184 4654 Vides
1211 4596 1352 4668 quod
1375 4595 1461 4650 hic
1481 4594 1765 4664 sperabant
1788 4607 1906 4662 qua:
1923 4598 2046 4662 post
2060 4604 2205 4643 mor—

620 4704 725 4750 tem
754 4700 907 4748 erant
934 4690 1132 4756 futura,
1164 4688 1375 4758 impleri
1404 4686 1456 4740 iu
1486 4684 1668 4740 terra?
1707 4684 1773 4738 Et
1817 4681 1982 4736 multa
2009 4694 2203 4735 evene-

617 4796 744 4841 runt
792 4794 911 4855 post
941 4791 1396 4839 mortcmcorum.
1432 4779 1543 4834 Hoc
1578 4777 1645 4833 ad
1696 4775 1747 4831 id
1792 4774 1932 4847 quod
1986 4772 2200 4845 quidam

618 4878 823 4941 dicunt,
852 4877 978 4932 liscc
1007 4885 1124 4946 post
1150 4883 1381 4931 mortem
1414 4872 1519 4925 illis
1552 4870 1768 4935 ﬁebant,
1797 4884 1916 4938 qua:
1945 4881 2050 4920 nou
2078 4872 2203 4919 sunt

616 4970 891 5039 assequuti
919 4970 1178 5032 viventes,
1202 4981 1375 5037 neque
1396 4962 1687 5019 credebant
1713 4963 1888 5015 futura
1911 4968 2032 5029 post
2060 4973 2202 5011 tuor-

617 5071 747 5116 tem.
805 5058 873 5112 Et
920 5074 1028 5113 non
1055 5058 1191 5113 dixit
1218 5056 1418 5126 Joseph
1452 5073 1467 5109 :
1498 5053 1627 5109 Mihi
1675 5051 1874 5107 viventi
1918 5066 2024 5105 non
2054 5048 2203 5103 dedit

618 5163 839 5215 terram,
859 5165 1032 5221 neque
1055 5150 1188 5220 patri
1212 5165 1353 5215 meo,
1382 5162 1553 5217 neque
1576 5160 1678 5200 avo
1703 5159 1845 5208 meo,
1867 5143 2020 5213 cujus
2039 5142 2201 5197 etiam

617 5241 901 5314 oportebat
950 5241 1189 5297 revereri
1236 5240 1488 5294 virtutem
1525 5255 1538 5295 :
1570 5237 1672 5292 hos
1699 5247 1878 5292 autem
1910 5236 2202 5291 sceleratos

617 5335 685 5389 iis
709 5332 1016 5404 dignabitur
1064 5331 1259 5402 quibus
1309 5331 1428 5384 illos
1475 5346 1579 5384 non
1608 5339 1690 5383 est
1743 5325 2201 5398 dignatus?Nihil

618 5424 813 5479 horum
834 5422 988 5489 dixit,
1017 5422 1112 5477 sed
1144 5421 1246 5476 ﬁde
1284 5419 1463 5474 omnia
1490 5420 1618 5474 vicit
1658 5429 1712 5474 et
1737 5416 2029 5487 superavit.
2063 5416 2203 5471 Dixit

615 5515 685 5572 de
709 5515 900 5582 Abele,
928 5514 995 5570 de
1019 5512 1155 5579 Noe,
1184 5512 1252 5567 de
1280 5509 1609 5575 Ahrabamo,
1633 5508 1700 5564 de
1724 5509 1892 5577 Isaac,
1919 5507 1986 5563 de
2010 5506 2199 5573 Jacob,

622 5667 702 5725 De
725 5667 926 5723 Thomas
947 5667 1176 5735 sepulcro
1196 5670 1278 5721 ubi
1298 5667 1465 5729 fuerit,
1490 5681 1587 5719 non
1609 5667 1675 5719 ita
1697 5678 1905 5719 certum.

1370 316 1428 373 S.
1468 315 1743 374 JOANNIS
1777 307 2249 372 CIIRYSOSTOMI
2291 304 2605 363 ARCIIIEP.
2645 303 3173 362 CONSTANTIXOP.
3714 313 3786 367 ηπ

2295 410 2364 464 de
2385 409 2606 479 Joseph,
2638 410 2728 478 qui
2758 417 2883 463 sunt
2911 424 3099 463 omnes
3126 403 3294 477 gloria
3319 404 3541 477 insignes
3560 410 3797 468 etadniin-

2295 500 2451 557 hiles.
2487 501 2692 555 Rursus
2720 508 2881 572 auget
2899 498 3348 565 consolationem,
3370 511 3483 553 rem
3505 497 3736 557 deducens
3752 508 3797 561 ad

2294 593 2430 648 viles
2452 606 2729 662 personas.
2762 591 2893 644 Nam
2931 589 3074 660 quod
3116 588 3457 645 admirabiles
3491 590 3679 660 quidem
3716 609 3799 663 per.

2293 698 2440 739 sonte
2468 683 2583 738 haec
2616 682 2723 737 sint
2744 695 2938 752 passae,
2970 690 3025 736 et
3051 680 3194 751 quod
3226 679 3331 735 illis
3360 680 3583 736 minores
3602 696 3800 753 apparue.

2292 776 2422 843 rint,
2455 790 2560 830 non
2606 784 2689 830 est
2714 774 2850 829 adeo
2879 789 3041 844 grave
3072 792 3084 826 :
3114 773 3257 844 quod
3287 783 3464 831 autem
3510 773 3713 831 minores
3732 781 3799 835 visi

2291 866 2399 922 sint
2430 865 2774 936 ignobilibus,
2800 866 2903 921 hoc
2928 878 3057 920 vero
3084 874 3167 920 est
3194 879 3375 935 grave.
3403 863 3467 919 Et
3496 864 3661 934 incipit
3691 882 3713 919 a
3737 885 3801 940 pa.

2292 959 2533 1016 rentibus
2560 958 2778 1031 Moysis,
2806 959 2895 1028 qui
2925 958 3145 1012 minime
3188 967 3341 1013 erant
3371 958 3612 1028 insignes,
3639 968 3685 1015 et
3707 964 3800 1018 nihil

2291 1051 2398 1106 tale
2430 1049 2694 1105 habebant
2726 1050 2885 1121 quale
2914 1049 3072 1104 ﬁlius.
3104 1049 3171 1104 Et
3196 1048 3320 1104 ideo
3350 1049 3630 1119 procedens
3646 1068 3803 1123 quoque

2289 1152 2449 1213 auget
2474 1142 2549 1198 rei
2568 1141 2904 1197 insolentiam
2926 1156 3217 1197 recensens
3238 1142 3487 1196 mulieres
3499 1142 3803 1200 meretriceset

2291 1235 2482 1290 viduas
2512 1251 2527 1289 :
2560 1232 2692 1289 Fide
2711 1234 2878 1300 enim,
2908 1233 3100 1305 inquit,
3136 1232 3316 1286 Raliab
3340 1232 3572 1287 meretrix
3593 1251 3679 1287 non
3699 1239 3803 1303 periit

2287 1345 2400 1383 cum
2414 1327 2709 1394 incredulis,
2731 1327 2987 1397 excipiens
3004 1324 3347 1395 exploratores
3365 1342 3481 1378 cum
3502 1341 3615 1393 pace
3637 1328 3697 1394 (υ.
3720 1328 3801 1396 3i).

2289 1420 2357 1476 Et
2387 1435 2490 1474 non
2519 1419 2694 1474 solum
2724 1417 2869 1485 ﬁdei,
2897 1416 2992 1472 sed
3022 1418 3183 1472 etiam
3208 1415 3537 1471 inlidelitatis
3558 1416 3686 1486 ponit
3706 1433 3805 1471 mer.

2288 1510 2498 1577 cedem,
2523 1509 2653 1565 utin
2684 1509 2818 1564 Noe.
2848 1507 3065 1563 Interim
3094 1516 3272 1562 autem
3305 1519 3529 1561 necesse
3570 1515 3644 1561 est
3675 1506 3804 1564 dicere

2285 1602 2351 1658 de
2377 1601 2685 1674 parentibus
2712 1601 2929 1672 Moysis.
2959 1599 3160 1657 Omnes
3181 1601 3451 1653 masculos
3480 1598 3670 1653 Pharao
3686 1601 3801 1669 jussit

2286 1695 2541 1761 interﬁci,
2586 1703 2640 1750 et
2692 1694 2871 1749 nullus
2922 1692 3108 1764 effugit
3163 1691 3483 1763 periculum.
3539 1688 3673 1745 Unde
3709 1705 3799 1758 ergo

2283 1798 2566 1859 sperarunt
2595 1788 2629 1842 ii
2659 1786 2772 1843 fore
2797 1796 2855 1842 ut
2882 1796 3159 1843 servarent
3194 1783 3491 1839 infantem?
3513 1781 3587 1837 Ex
3632 1780 3731 1834 ﬁde.
3750 1782 3799 1833 Et

2284 1896 2387 1951 qua
2415 1879 2560 1934 ﬁde?
2586 1880 2867 1946 Viderunt,
2893 1879 3086 1950 inquit,
3114 1877 3414 1948 elegantem
3446 1875 3693 1930 infantem.
3721 1872 3801 1943 Ipse

2286 1982 2533 2042 aspectus
2556 1987 2651 2026 eos
2678 1972 2896 2026 attraxit
2919 1970 2985 2026 ad
3016 1970 3195 2025 ﬁdem.
3230 1969 3304 2023 Ita
3334 1968 3517 2023 statim
3538 1965 3602 2019 ab
3625 1964 3748 2020 initio
3768 1979 3802 2016 l'l

2288 2065 2356 2121 ab
2387 2065 2517 2135 ipsis
2544 2065 2721 2119 fasciis
2746 2064 2894 2134 justo
2934 2062 3099 2117 multa
3154 2060 3329 2115 infusa
3354 2066 3474 2114 erat
3514 2056 3694 2128 gratia,
3730 2071 3801 2110 non

2288 2169 2493 2214 natura:
2522 2157 2616 2213 sed
2641 2157 2734 2212 Dei
2762 2170 2946 2227 opera.
2972 2152 3266 2210 Considera
3296 2151 3442 2207 enim
3474 2168 3488 2204 :
3513 2149 3675 2204 statim
3696 2160 3803 2201 nam.

2288 2252 2513 2322 pulcher
2560 2249 2822 2320 apparuit,
2881 2262 2988 2302 non
3033 2244 3308 2301 deformis.
3345 2241 3486 2311 Quid
3529 2239 3804 2296 hoceﬁecit?

2288 2343 2403 2400 Non
2435 2353 2641 2403 natura.
2674 2341 2765 2397 sed
2808 2340 2979 2411 gratia
3020 2338 3136 2402 Dei,
3173 2352 3294 2407 qua:
3322 2344 3377 2390 et
3420 2332 3682 2389 harbaram
3704 2333 3803 2387 illam

2291 2437 2541 2494 excitavit
2564 2434 2839 2490 mulierem
2867 2431 3170 2503 [Egyptiam
3193 2438 3247 2484 et
3269 2424 3647 2488 corroboravit,
3662 2432 3705 2479 et
3722 2439 3805 2477 eum

2290 2531 2497 2601 accepit
2522 2538 2576 2585 et
2597 2526 2885 2596 assumpsit
2906 2543 2919 2579 :
2943 2538 3262 2594 quamquam
3286 2520 3421 2576 lides
3437 2518 3490 2574 in
3514 2518 3591 2572 his
3613 2518 3806 2571 nonsatis

2292 2628 2526 2698 amplum
2581 2623 2763 2676 habuit
2813 2627 3186 2691 argumentum
3235 2632 3249 2669 :
3294 2614 3425 2686 quid
3472 2612 3608 2668 enim
3645 2624 3701 2664 ex
3729 2609 3806 2662 risit

2292 2718 2443 2777 credi
2482 2712 2852 2787 poterat?sed
2902 2726 3018 2775 vos,
3044 2708 3238 2780 inquit,
3292 2721 3360 2761 ex
3423 2704 3583 2761 rebus
3619 2701 3807 2761 creditis.

2294 2814 2454 2869 etiam
2495 2809 2658 2865 multa
2700 2806 2959 2861 habentes
3000 2803 3121 2858 lidei
3170 2802 3393 2871 pignora
3450 2799 3692 2869 (a):nam
3726 2811 3808 2848 ctua

2293 2902 2491 2976 gaudio
2529 2899 2803 2968 suscipere
2827 2896 3086 2950 bonorum
3114 2892 3496 2961 direptionem,
3526 2896 3579 2943 et
3600 2901 3807 2956 quacum-

2296 2975 2401 3066 que
2421 3000 2543 3049 sunt
2567 2986 2892 3059 hujustnodi,
2926 2984 3046 3040 ﬁdei
3069 2992 3182 3038 erat
3203 2992 3257 3037 et
3274 2978 3593 3039 tolerantiae.
3614 2975 3702 3031 Sed
3718 2990 3809 3046 qut)-

2295 3086 2440 3147 niam
2488 3085 2571 3140 isti
2598 3095 2809 3152 quoque
2854 3076 3218 3139 crediderunt,
3267 3072 3469 3128 deinde
3498 3070 3669 3142 pusillo
3686 3078 3728 3123 et
3748 3068 3810 3119 ali-

2291 3177 2440 3249 jecto
2469 3174 2683 3229 fuerunt
2718 3170 2932 3233 animo,
2970 3164 3206 3221 ostendit
3242 3162 3387 3233 quod
3435 3162 3637 3215 illorum
3656 3171 3811 3227 quoque

2299 3268 2435 3324 ﬁdes
2456 3264 2679 3322 multum
2701 3259 3091 3316 extendebatur
3123 3274 3138 3312 :
3164 3255 3336 3327 qualis
3357 3253 3459 3308 fuit
3479 3251 3606 3307 ﬁdes
3624 3248 3810 3307 Abt-alta.

2298 3358 2509 3418 etiamsi
2557 3372 2645 3413 res
2683 3354 2993 3410 viderentur
3025 3364 3277 3421 pugnare.
3322 3348 3389 3402 Et
3436 3362 3535 3400 non
3574 3345 3811 3400 timuerunt.

2300 3452 2491 3523 inquit,
2519 3448 2651 3519 regis
2677 3445 2916 3500 edictum.
2949 3444 3108 3511 Atqui
3138 3438 3267 3494 illud
3295 3452 3461 3508 opere
3483 3434 3723 3496 constitit;

2299 3521 2479 3600 autem
2509 3548 2625 3595 erat
2649 3537 2807 3607 plane
2845 3533 2984 3589 nuda
3013 3530 3255 3603 quaidam
3302 3526 3643 3597 exspectatio.
3679 3522 3729 3578 Et
3748 3521 3815 3574 lion

2300 3633 2515 3704 quidem
2536 3638 2652 3686 erat
2673 3635 2950 3699 parentum
2975 3640 2989 3677 :
3014 3623 3128 3691 ipse
3152 3636 3278 3675 vero
3304 3618 3515 3689 Moyses
3536 3614 3655 3671 nihil
3672 3612 3814 3668 attulit.

2304 3702 2511 3781 Deinde
2538 3732 2726 3775 rursus
2769 3715 2849 3770 eis
2889 3711 3212 3769 conveniens
3250 3708 3408 3763 aﬁ‘ert
3446 3706 3738 3773 exemplum.
3760 3702 3814 3753 vel

2302 3815 2483 3888 potius
2508 3811 2602 3867 illo
2630 3808 2820 3878 majus.
2845 3804 3016 3874 Quale
3039 3801 3167 3857 illud
3184 3801 3207 3854 l
3226 3800 3318 3855 24.
3344 3798 3501 3862 Fide,
3524 3794 3695 3866 inquit,
3713 3791 3816 3860 log-

2304 3883 2383 3963 ses
2410 3903 2619 3978 grandis
2648 3903 2814 3974 factus
2830 3896 3026 3967 negavit
3042 3910 3097 3949 se
3116 3909 3223 3948 esse
3242 3891 3410 3961 lilium
3433 3889 3555 3959 [ilic
3573 3883 3813 3942 Pharaonis.

2303 4000 2396 4057 25.
2434 3995 2597 4067 Magis
2626 3994 2815 4063 eligens
2839 3988 2992 4060 aﬂiigi
3018 4002 3132 4041 cum
3158 3984 3347 4056 populo
3367 3980 3492 4048 Dei,
3516 3995 3659 4051 quam
3676 3987 3817 4045 tenipo-

2304 4090 2465 4145 ratem
2485 4090 2678 4157 peccati
2698 4081 2879 4135 habere
2890 4078 3302 4149 iucunditatem;
3325 4073 3421 4129 26.
3448 4076 3655 4143 majores
3671 4067 3816 4122 dit-itis:

2304 4183 2562 4236 mtimans
2591 4180 2827 4233 thesauro
2854 4176 3221 4249 lanptiorum
3252 4176 3616 4249 improperiunt
3644 4171 3815 4230 Christi:

2306 4275 2576 4345 aspiciebat
2603 4273 2738 4326 enim
2782 4272 2836 4325 in
2875 4270 3351 4325 remunerationem.
3384 4268 3668 4339 Tamquam
3692 4266 3727 4321 si
3764 4265 3815 4315 ris

2303 4363 2509 4419 diceret
2538 4379 2553 4417 :
2581 4361 2750 4418 Nemo
2767 4370 3001 4416 vestrum
3031 4360 3235 4415 dimisit
3254 4360 3483 4430 regiam,
3503 4370 3703 4427 eamque
3720 4370 3812 4425 pn-

2302 4454 2528 4519 claram,
2542 4469 2713 4523 neque
2726 4451 2986 4522 ejusmodi
3014 4451 3315 4515 thesauros,
3330 4465 3526 4520 neque,
3549 4464 3660 4504 eum
3683 4447 3813 4500 licem

2306 4561 2426 4602 esse
2448 4547 2609 4601 illium
2637 4545 2799 4616 regis,
2823 4543 2926 4598 hoc
2950 4542 3208 4613 despexit,
3241 4543 3376 4596 sicut
3398 4541 3523 4596 fecit
3556 4540 3743 4610 Moyses.
3772 4534 3814 4586 Et

2304 4636 2445 4705 quod
2464 4652 2567 4690 non
2583 4645 2782 4691 temere
2796 4633 3055 4689 acleviter
3072 4628 3813 4701 dimiserit.signlﬁcavitdicens:

2308 4723 2360 4778 Ν
2365 4727 2555 4795 «lavit;
2585 4724 2688 4779 hoc
2708 4736 2812 4787 est,
2842 4722 2976 4787 odit,
3004 4730 3278 4776 aversatus
3305 4731 3407 4775 est.
3437 4719 3715 4775 Caeloenitn
3728 4730 3813 4785 prn-

2308 4817 2480 4886 νοεῑιο
2500 4828 3086 4885 eratsupervaraneum
3132 4812 3383 4867 admirari
3412 4814 3605 4883 regiam
3632 4808 3811 4878 Em“.

2376 4907 2431 4962 5.
2461 4906 2528 4959 Et
2548 4905 2672 4959 vide
2695 4920 2856 4975 quam
2879 4902 3268 4957 admirabiliter
3283 4902 3385 4956 hoc
3414 4903 3640 4972 posuerit
3656 4897 3811 4953 Paulus.

2305 4995 2421 5051 Non
2446 4996 2603 5060 dixit,
2633 4994 2865 5063 Majores
2906 4994 3118 5048 divitias
3143 4992 3415 5046 mstimans
3444 4993 3683 5045 thesauro
3698 4985 3809 5052 dig}-

2307 5086 2536 5156 ptiorum
2554 5086 2744 5139 cadum
2763 5094 2817 5139 et
2833 5099 2953 5154 qua:
2965 5093 3089 5137 sunt
3111 5084 3162 5136 in
3179 5081 3323 5136 cadis
3343 5098 3358 5146 ;
3378 5082 3472 5136 sed
3497 5079 3617 5150 quid
3632 5079 3653 5131 ἵ
3669 5076 3813 5141 Impro-

2306 5180 2503 5251 perium
2528 5177 2737 5232 Christi.
2772 5175 2904 5230 Nam
2947 5184 3162 5244 propter
3188 5173 3456 5228 Christum
3504 5169 3693 5242 probris
3711 5163 3809 5219 allici

2306 5270 2498 5324 melius
2525 5268 2867 5331 existimavit,
2886 5276 3050 5336 quam
3078 5278 3197 5319 esse
3228 5263 3279 5317 in
3307 5263 3485 5333 quiete
3508 5270 3562 5317 et
3587 5256 3722 5313 animi
3745 5266 3813 5306 re-

2308 5361 2561 5415 missione
2591 5378 2604 5413 :
2635 5360 2709 5413 ita
2747 5358 2909 5412 etiam
2949 5356 3052 5410 hoc
3078 5356 3251 5424 ipsum
3295 5369 3392 5423 per
3418 5368 3475 5408 se
3501 5360 3611 5407 erat
3640 5357 3809 5403 merces.

2310 5452 2479 5524 Magis
2504 5453 2696 5523 eligens
2714 5449 2869 5523 afﬂigi
2895 5464 3010 5502 cum
3040 5449 3228 5519 papula
3248 5447 3365 5501 Dei.
3391 5446 3519 5502 Nam
3543 5458 3630 5496 vos
3651 5437 3809 5509 quidem

2309 5561 2408 5617 pro
2432 5544 2584 5599 vobis
2609 5540 2881 5614 patimini;
2905 5541 2996 5596 ille
3024 5550 3205 5596 autem
3231 5554 3329 5610 pro
3364 5540 3482 5596 aliis
3509 5536 3673 5608 elegit,
3695 5541 3736 5587 et
3754 5528 3809 5580 ln-

2363 5663 2438 5726 (α)
2466 5661 2558 5712 ilic
2579 5672 2782 5723 magnus
2802 5658 2967 5709 hiatu;
2990 5663 3069 5709 est
3091 5658 3141 5708 io
3164 5656 3301 5710 Colb.
