3926 6406
172 287 285 341 181

161 406 319 461 hens
347 420 412 461 ac
439 406 625 461 volens
668 407 903 475 seipsum
934 406 1164 476 conjecit
1201 405 1255 460 in
1286 414 1392 461 tam
1424 406 1588 461 tnulta
1620 409 1768 477 peri-

161 498 327 563 cula,
348 513 470 552 cum
492 498 540 553 ei
566 498 753 555 liceret
779 509 831 553 et
876 498 963 568 pie
987 512 1148 567 agerc
1174 508 1228 552 et
1258 498 1357 551 l'rui
1391 497 1565 553 bonis.
1599 500 1765 565 Quam

162 591 531 659 temporalem,
561 591 751 659 inquit,
776 592 969 661 peccati
996 590 1178 644 habere
1211 592 1535 661 voluptatem.
1566 590 1766 648 Pecca-

162 690 295 733 tum
313 680 449 735 dixit
466 681 609 736 nolle
628 696 747 734 cum
769 682 887 737 aliis
911 681 1072 752 afﬂigi
1102 698 1113 736 :
1142 681 1242 739 hoc
1265 683 1452 752 inquit,
1487 695 1764 753 peccatum

162 773 525 827 existimavit.
558 774 612 827 Si
644 790 770 843 ergo
812 774 901 829 ille
956 782 1231 844 peccatum
1281 774 1610 829 existimavit
1660 793 1764 830 non

162 873 431 932 prompto
454 872 507 923 et
551 864 715 918 alacri
755 865 934 919 animo
978 878 1098 919 cum
1144 865 1263 918 aliis
1304 862 1483 934 afﬂigi,
1514 882 1762 936 magnum

161 969 311 1025 ergo
338 956 535 1009 bonum
564 967 647 1010 est
672 956 909 1017 afﬂictio.
943 956 995 1011 in
1022 970 1181 1026 quam
1212 972 1270 1012 se
1290 957 1518 1027 conjeeit
1536 974 1568 1013 e
1595 961 1758 1028 regia.

162 1046 310 1101 "me
335 1055 513 1101 autem
542 1047 766 1102 faciebat
793 1047 1032 1117 qua-dam
1062 1063 1252 1118 magna
1283 1047 1582 1117 praevidens
1606 1068 1618 1103 :
1645 1051 1765 1105 ideo

162 1137 255 1191 sic
284 1136 441 1195 dixit.
472 1136 699 1207 Παίονες
724 1137 925 1190 divitias
943 1138 1202 1191 restituatis
1224 1138 1476 1192 thesauris
1488 1136 1764 1210 (Egyptia-

158 1240 296 1279 rttm
346 1229 707 1297 imprttperiunt
759 1228 970 1283 Christi.
1023 1229 1161 1296 Quid
1213 1238 1333 1293 est,
1387 1228 1762 1299 lmproperittm

160 1321 406 1376 Christi?
447 1321 557 1376 Hoc
583 1331 695 1387 est,
748 1322 1107 1391 Opprobrium
1155 1323 1297 1393 quod
1340 1337 1436 1377 vos
1483 1325 1757 1393 patimini,

156 1410 529 1480 opprobrium
573 1411 715 1481 quod
744 1411 990 1466 Christus
1016 1413 1272 1467 sustinuit
1295 1431 1309 1468 :
1336 1421 1430 1468 aut
1466 1414 1605 1484 quod
1636 1429 1762 1484 pro-

158 1511 301 1568 pter
324 1499 593 1556 Christum
625 1501 897 1566 sustinuit,
927 1502 1141 1571 quando
1164 1512 1380 1573 propter
1400 1513 1603 1573 petram
1635 1520 1761 1575 pro-

156 1593 291 1647 bris
323 1592 672 1656 afﬁciebatur,
722 1608 786 1649 ex
839 1607 941 1664 qua
979 1610 1172 1665 aquam
1213 1592 1415 1650 eduxit.
1446 1595 1602 1650 Petra
1629 1597 1763 1659 enim

150 1680 279 1722 erat
334 1670 564 1731 Christus
619 1675 637 1739 (
664 1672 715 1726 l.
746 1672 882 1743 _Cor.
950 1675 1039 1731 10.
1070 1677 1138 1745 4)
1174 1717 1189 1739 ,
1234 1677 1423 1748 inquit.
1476 1680 1758 1749 Quomodo

150 1759 519 1829 Opprobrium
590 1761 827 1823 Citrisd?
900 1765 1032 1831 Quia
1096 1767 1248 1827 bouis
1322 1772 1555 1839 paternis
1604 1789 1760 1829 ever-

153 1850 334 1904 timur
389 1852 597 1921 probris
647 1854 952 1921 afficiatur.
1010 1858 1149 1923 male
1194 1860 1422 1928 patimur
1471 1863 1539 1920 ad
1591 1864 1760 1922 Deum

150 1942 561 2011 confugientes.
596 1945 891 2003 Verisimile
940 1958 1055 2003 erat
1086 1950 1230 2005 illum
1284 1968 1492 2023 quoque
1549 1958 1760 2026 probris

149 2032 318 2087 afﬁci
364 2035 576 2102 quando
615 2034 781 2091 audiit
823 2054 840 2093 :
891 2037 1032 2092 Nam
1071 2056 1150 2093 me
1178 2041 1252 2096 ris
1294 2043 1604 2111 interﬁcere,
1630 2048 1760 2102 sicut

153 2122 284 2176 lteri
356 2124 657 2196 interfecisti
691 2125 995 2197 {Egyptians
1056 2130 1258 2200 (Ereti.
1328 2133 1385 2190 9.
1440 2135 1597 2207 ΗΠ
1645 2139 1759 2196 Hoc

150 2225 247 2270 est
281 2217 667 2286 improperium
689 2219 913 2284 Christi.
940 2222 1007 2278 ad
1032 2223 1191 2279 ﬁnem
1215 2239 1383 2296 usque
1410 2236 1465 2282 et
1487 2229 1553 2283 ad
1579 2240 1759 2289 extre-

154 2322 317 2367 mum
347 2323 517 2376 usque
536 2309 778 2377 spiritum
808 2312 946 2369 male
975 2314 1081 2383 pati
1110 2334 1123 2370 :
1152 2315 1289 2371 sicut
1320 2319 1533 2388 probris
1552 2322 1756 2379 afﬁcie—

154 2395 328 2450 batur
346 2405 404 2451 et
418 2397 685 2463 audiebat,
698 2400 758 2456 Si
773 2396 938 2461 Filius
959 2403 1055 2461 Dei
1077 2420 1129 2463 es
1150 2404 1169 2475 (
1188 2405 1374 2465 Matth.
1401 2408 1492 2465 27.
1516 2410 1621 2483 40)
1642 2452 1659 2477 ,
1689 2414 1759 2469 ab

158 2484 228 2537 iis
259 2501 361 2554 pro
390 2486 585 2556 quibus
614 2488 666 2552 in
696 2502 910 2545 crucem
940 2494 1216 2563 agebatur.
1249 2497 1316 2555 ab
1338 2497 1528 2557 borum
1556 2506 1756 2559 contri-

157 2577 405 2634 bulibus.
440 2580 552 2635 lloc
578 2591 658 2635 est
685 2583 1063 2653 improperium
1103 2586 1333 2655 Christi,
1363 2593 1575 2661 quando
1608 2597 1755 2665 quis-

160 2671 312 2739 piam
342 2687 371 2725 a
422 2672 534 2726 suis
554 2714 569 2738 ,
601 2675 815 2743 quando
836 2675 905 2735 ab
950 2677 1015 2732 iis
1035 2719 1050 2743 ,
1097 2693 1233 2749 quos
1263 2681 1524 2740 beneﬁcio
1552 2685 1717 2753 afﬁcit
1738 2729 1753 2749 ,

160 2763 385 2831 probris
411 2764 657 2819 afﬁcitur.
694 2766 788 2822 Ille
818 2767 960 2822 enim
991 2769 1057 2825 ab
1096 2785 1162 2826 eo
1187 2772 1481 2841 patiebatur
1522 2777 1611 2844 qui
1641 2786 1758 2833 erat

157 2853 435 2909 beneﬁcio
481 2854 724 2911 allectus.
770 2858 866 2915 llic
894 2874 988 2917 eos
1013 2862 1281 2927 excitavit,
1308 2866 1595 2925 ostendens
1613 2870 1757 2939 quod

155 2942 419 2999 Chrisuts
469 2961 680 3015 quoque
728 2947 842 3004 haec
887 2949 1202 3019 patiebatur.
1259 2964 1314 3010 et
1356 2956 1587 3029 Moyses,
1635 2961 1756 3019 duae

154 3035 328 3089 clarae
354 3045 414 3091 et
454 3036 688 3107 insignes
717 3054 983 3108 personas.
1016 3043 1371 3110 Quamobrem
1414 3048 1516 3105 hoc
1558 3053 1758 3120 impro-

155 3126 378 3195 perium
434 3134 517 3181 est
564 3129 732 3199 magis
756 3128 953 3187 Christi
993 3149 1149 3203 quam
1180 3135 1398 3207 Moysis,
1445 3141 1697 3210 quoniam
1724 3159 1755 3199 a

155 3218 278 3275 suis
304 3217 426 3273 btec
447 3234 637 3288 passus
657 3231 760 3277 est.
790 3222 895 3278 Sed
913 3238 1084 3294 neque
1107 3226 1195 3281 ille
1221 3227 1438 3284 fulmina
1458 3233 1757 3300 emittebat,

158 3323 343 3378 neque
372 3309 461 3365 hic
506 3312 705 3381 aliquid
730 3322 812 3367 est
859 3329 1069 3383 passus,
1101 3318 1193 3372 sed
1224 3321 1432 3388 probris
1480 3324 1754 3381 afﬁcieba-

82 3391 93 3402 ’
157 3408 267 3461 tur,
299 3407 358 3454 et
388 3399 595 3455 ferebat
641 3403 841 3467 omnia,
890 3404 996 3460 illis
1024 3409 1361 3466 moventibus
1384 3413 1578 3481 capita.
1608 3415 1756 3482 Quo-

156 3489 309 3543 niam
340 3504 476 3560 ergo
506 3492 792 3548 verisimile
812 3504 928 3553 erat
951 3510 1044 3552 eos
1073 3515 1287 3569 quoque
1329 3502 1443 3558 lure
1468 3505 1674 3571 audire,
1702 3517 1758 3563 et

155 3581 483 3637 desiderare
512 3586 1018 3653 remunerationem,
1047 3590 1178 3645 dicit
1222 3592 1493 3649 Christum
1520 3605 1575 3652 et
1604 3598 1755 3669 Moy-

155 3687 274 3735 sem
308 3673 436 3726 talia
459 3688 579 3729 esse
600 3688 904 3744 perpessos.
930 3677 1164 3749 Requies
1184 3698 1310 3753 ergo
1328 3695 1379 3739 et
1400 3689 1646 3745 remissio
1674 3700 1759 3747 est

154 3765 376 3834 peccati
400 3781 417 3830 ;
450 3766 658 3834 probris
680 3777 857 3823 autem
885 3770 1048 3838 afﬁci,
1078 3773 1295 3831 Christi.
1318 3777 1455 3845 Quid
1483 3796 1611 3851 ergo
1636 3800 1754 3838 ma-

150 3857 235 3911 vis
251 3857 278 3910 ?
309 3858 693 3928 improperium
715 3859 938 3928 Christi,
956 3876 1025 3918 an
1052 3867 1289 3935 requiem
1311 3869 1543 3925 etanimi
1564 3873 1759 3930 remis-

148 3950 377 4004 sionem
398 3949 423 4001 ?
449 3950 538 4003 Ξῖ.
574 3948 706 4005 Fide
733 3953 934 4024 reliquit
958 3954 1270 4027 Egyptttm,
1301 3976 1403 4017 non
1430 3963 1615 4018 veritus
1639 3966 1757 4021 ani-

148 4042 459 4095 mositatem
485 4042 616 4113 regis
638 4059 657 4097 :
673 4045 971 4101 inuisibilem
996 4050 1129 4103 enim
1160 4060 1415 4121 tamquam
1440 4057 1614 4111 videns
1641 4077 1758 4115 sus-

149 4135 345 4188 tinuit.
374 4134 513 4201 Quid
569 4135 737 4190 dieis?
764 4154 870 4192 non
900 4140 1111 4197 timuit?
1131 4145 1289 4214 Atqui
1313 4146 1441 4202 dicit
1463 4147 1758 4221 Scriptura,

148 4227 314 4299 quod
356 4243 479 4281 cum
504 4229 796 4286 audivisset
820 4232 1015 4296 timuit,
1047 4243 1102 4291 et
1129 4235 1249 4293 ideo
1297 4238 1415 4308 fuga
1458 4256 1569 4297 sua:
1595 4245 1756 4301 saluti

149 4318 446 4375 consuluit
469 4328 524 4373 et
547 4319 748 4389 aufugit
770 4330 824 4377 et
848 4319 1029 4380 furtim
1057 4339 1117 4381 se
1145 4327 1433 4395 subduxit,
1478 4343 1531 4388 et
1559 4345 1745 4404 postea

148 4417 280 4465 erat
306 4408 361 4461 in
394 4406 610 4463 timore.
631 4408 864 4471 Attende
892 4410 1182 4484 diligenter
1201 4425 1253 4471 et
1272 4432 1521 4485 accurate
1534 4424 1587 4481 ei
1615 4427 1756 4495 quod

148 4502 368 4556 dictum
395 4509 513 4554 est:
540 4501 694 4566 illud,
735 4500 858 4557 Non
882 4506 1071 4561 veritus
1092 4507 1223 4565 iram
1250 4513 1403 4583 regis,
1426 4514 1561 4571 dixit
1580 4520 1755 4590 respi-

145 4596 309 4648 ciens
328 4590 400 4645 ad
431 4591 480 4646 id
504 4593 647 4664 quod
675 4601 857 4662 postea
880 4595 1162 4654 adstiterit.
1187 4600 1449 4660 Timentis
1468 4607 1610 4663 enim
1639 4619 1757 4666 erat

146 4702 261 4740 non
293 4684 568 4755 attingere
619 4700 810 4742 rursus
855 4687 1221 4751 defensionem
1263 4704 1318 4750 et
1355 4702 1708 4765 patrocinium
1732 4743 1751 4770 ,

144 4791 336 4848 neque
359 4792 475 4830 rem
502 4777 721 4848 aggredi
744 4794 761 4842 ;
783 4779 957 4835 denuo
980 4792 1160 4837 autem
1187 4786 1469 4857 attingere,
1498 4801 1614 4851 erat
1636 4794 1752 4864 ejus

147 4874 247 4943 qui
282 4870 401 4925 Deo
431 4872 611 4925 omnia
640 4873 1028 4930 committebat.
1054 4875 1169 4931 Non
1200 4878 1342 4935 enim
1364 4881 1519 4948 dixit,
1547 4885 1752 4950 Qumrit

150 4981 274 5031 me,
322 4972 383 5019 et
426 4963 641 5034 indagat
665 5005 683 5029 ,
736 4981 838 5020 nec
861 4966 1037 5023 audeo
1071 4969 1257 5025 eadem
1294 4987 1479 5035 rursus
1506 4978 1743 5047 aggredi.

153 5059 281 5113 Erat
309 5058 496 5125 itaque
522 5056 644 5111 fidei
663 5056 867 5128 fugere.
894 5058 1002 5114 Cur
1025 5074 1153 5130 ergo
1176 5077 1279 5117 non
1306 5066 1523 5133 mansit,
1544 5068 1748 5139 inquit?

153 5151 224 5206 Ne
273 5151 327 5206 in
362 5151 654 5219 praevisum
684 5164 743 5206 se
788 5151 1031 5220 injiceret
1076 5155 1389 5224 periculum.
1442 5160 1553 5217 lloc
1600 5165 1741 5220 enim

148 5245 250 5311 jam
305 5251 433 5299 erat
494 5242 769 5310 tentantis,
830 5244 881 5298 in
936 5246 1109 5300 media
1176 5250 1421 5317 prosilire
1483 5255 1738 5323 pericula,

150 5336 443 5397 ctdirere,
494 5333 713 5389 Videam
771 5350 838 5389 an
888 5351 975 5391 me
1024 5348 1200 5393 servet
1249 5340 1407 5397 Deus.
1440 5344 1550 5401 lloc
1578 5350 1737 5404 etiam

149 5428 364 5485 Christo
412 5424 548 5478 dixit
602 5424 875 5490 diabolus,
935 5426 1081 5483 .‘llitte
1134 5440 1180 5483 te
1232 5431 1466 5487 deorsum
1524 5435 1732 5507 (Matth.

116 5527 173 5582 ει.
229 5521 341 5589 6).
406 5516 573 5572 Vides
627 5517 767 5589 quod
832 5524 934 5575 hoc
1009 5522 1077 5575 sit
1128 5522 1483 5595 diabolicum,
1536 5538 1737 5587 temere

88 5626 171 5675 ἐι
234 5609 650 5669 inconsiderate
699 5625 758 5665 se
800 5612 851 5664 iu
902 5614 1131 5680 pericula
1161 5616 1463 5685 conjicere,
1505 5629 1563 5676 et
1613 5632 1729 5679 ten-

75 5708 235 5769 ἴλη-υ
281 5722 357 5761 an
398 5704 544 5759 Deus
582 5704 900 5758 conservet?
950 5705 1042 5759 Eis
1086 5710 1226 5764 enim
1280 5727 1507 5779 prtrcsse
1536 5724 1588 5768 et
1637 5716 1753 5779 eos

483 5798 756 5860 Pnaon.
805 5800 919 5861 Gtt.
971 5804 1192 5867 LXIII.

988 280 1061 337 IN
1093 281 1305 338 EPIST.
1335 284 1423 339 AD
1462 286 1827 345 ilEBREOS.
1872 288 2023 345 CAP.
2058 282 2145 337 ΧΙ.
2200 286 2434 343 llOMlL.
2478 288 2667 345 XXVI.

3350 300 3449 351 182

1871 406 2098 477 amplius
2149 402 2436 457 defendere
2487 418 2593 457 non
2639 411 2888 473 poterat,
2933 418 3053 459 cum
3099 414 3207 463 tam
3255 408 3448 480 ingrati

1864 507 2047 557 essent
2064 496 2252 558 animi,
2273 495 2364 565 qui
2390 494 2759 551 adiciebantur
2782 496 3041 552 beneficio
3066 514 3081 553 :
3107 499 3294 556 fuisset
3317 517 3446 573 ergo

1869 591 2096 647 stultitia
2126 599 2181 644 et
2209 590 2404 642 mentis
2435 587 2681 643 vecordia
2716 588 2822 644 illic
2856 605 3094 647 manere.
3118 587 3243 649 llaec
3265 604 3441 651 autem

1862 684 2038 739 omnia
2065 681 2200 736 facta
2226 689 2353 734 sunt
2373 721 2387 743 ,
2419 679 2560 750 quod
2587 680 2659 734 ita
2682 682 2943 737 tolerabat
2966 694 3236 753 tamquam
3258 686 3445 744 videns

1862 792 1983 830 eum
2014 774 2103 844 qui
2142 787 2249 826 non
2301 770 2446 826 cadit
2493 772 2593 825 sub
2644 772 3022 844 aspectum.(a)
3086 775 3140 830 Si
3183 790 3313 846 ergo
3343 794 3441 833 nos

1859 878 2074 935 quoque
2089 863 2253 917 Deum
2267 868 2446 915 mente
2462 874 2673 929 semper
2687 859 2981 925 videamus,
2999 863 3043 917 si
3061 864 3110 917 in
3125 866 3241 933 ejus
3258 881 3409 922 reeor
3420 900 3434 910 -

1857 958 2074 1011 datioue
2101 969 2313 1023 semper
2330 960 2564 1006 nostram
2583 965 2860 1006 versemus
2872 954 3268 1022 cogitationem,
3285 961 3438 1015 nobis

1856 1047 2033 1102 omnia
2055 1060 2271 1115 semper
2294 1051 2453 1098 erunt
2483 1041 2681 1107 facilia,
2711 1045 2889 1097 omnia
2915 1043 3231 1113 tolerabilia,
3255 1052 3432 1104 omnia

1855 1141 2010 1197 facile
2052 1138 2318 1202 feremus,
2364 1134 2566 1190 erimus
2592 1134 2844 1189 omnibus
2871 1137 3197 1205 superiores.
3227 1138 3282 1199 Si
3312 1144 3432 1212 quis

1851 1236 1995 1289 enim
2034 1231 2226 1286 videns
2272 1229 2563 1292 dilectum,
2603 1228 2688 1282 vel
2718 1228 2894 1293 potius
2939 1227 3056 1298 ejus
3102 1232 3427 1296 recordans.

1847 1325 2084 1396 exsurgit
2109 1327 2291 1377 animo
2313 1330 2370 1376 et
2394 1330 2573 1375 mente
2600 1320 2658 1373 lit
2677 1319 2913 1385 sublimi,
2937 1332 2989 1375 et
3006 1322 3182 1375 omnia
3224 1322 3328 1383 fert
3354 1325 3429 1378 fa-

1848 1420 1968 1483 cile,
1989 1434 2054 1473 ex
2084 1417 2202 1487 ejus
2226 1413 2483 1470 memoria
2511 1412 2727 1482 capiens
2743 1412 3070 1481 voluptatem
3095 1416 3219 1485 :qui
3251 1429 3427 1476 versat

1844 1511 1899 1566 in
1915 1510 2239 1580 cogitatione
2267 1521 2390 1559 eum
2415 1505 2505 1576 qui
2533 1518 2633 1558 nos
2652 1517 2778 1558 vere
2804 1504 3052 1574 dignatus
3067 1515 3149 1561 est
3173 1523 3355 1569 amare
3371 1523 3424 1565 et

1847 1602 1966 1674 ejus
2008 1600 2280 1663 meminit,
2312 1597 2526 1669 quando
2568 1597 2650 1651 vel
2679 1597 2960 1651 molestum
2990 1598 3189 1668 aliquid
3230 1602 3423 1657 sentiet

1847 1682 1931 1739 vel
1962 1682 2200 1737 terribile
2223 1692 2278 1736 et
2300 1683 2659 1751 periculosum
2688 1694 3007 1739 esumescet
3031 1684 3057 1740 ‘l
3084 1686 3300 1753 quando
3326 1690 3431 1742 erit

1847 1772 2044 1841 pusula
2068 1781 2125 1831 et
2169 1773 2379 1844 abjecto
2405 1775 2636 1839 animo?
2676 1775 2995 1846 Numquam.
3046 1778 3238 1838 Omnia
3286 1784 3430 1836 enim

1846 1860 2001 1916 nobis
2028 1860 2275 1917 videntur
2302 1862 2574 1932 difﬁcilia,
2605 1865 2747 1935 quod
2788 1866 2881 1923 Dei
2912 1866 3110 1931 nulla!!!
3140 1866 3433 1931 habeamus

1844 1952 2163 2007 memoriam
2193 1962 2247 2009 ut
2289 1953 2487 2010 habere
2515 1966 2765 2026 oportet,
2796 1957 2940 2027 qttod
2970 1972 3075 2015 non
3104 1973 3228 2017 .eum
3261 1960 3312 2018 in
3339 1978 3427 2017 eo-

1844 2045 2101 2115 gitatione
2138 2058 2397 2117 perpetuo
2420 2049 2860 2107 circumferamus
2888 2068 2903 2108 :
2941 2053 3133 2113 merito
3161 2054 3304 2109 enim
3334 2071 3429 2109 ltu-

1845 2135 1927 2191 bis
1953 2137 2177 2203 dixerit,
2205 2136 2415 2194 Oblitus
2442 2154 2504 2195 es
2533 2140 2638 2196 mei
2659 2182 2675 2208 ,
2703 2156 2804 2213 ego
2847 2158 3061 2213 quoque
3105 2145 3179 2201 tui
3230 2146 3427 2201 oblivi--

1844 2244 1965 2284 mar
1997 2246 2011 2283 :
2041 2238 2097 2286 et
2124 2230 2323 2301 duplici
2351 2232 2560 2288 ratione
2591 2232 2652 2287 ﬁt
2679 2235 2900 2301 malum,
2933 2235 3075 2304 quod
3103 2244 3159 2291 et
3184 2251 3284 2294 nos
3311 2236 3437 2305 ejus.

1843 2320 2243 2387 obliviscamur,
2269 2332 2324 2378 et
2341 2323 2457 2393 ipse
2476 2323 2667 2379 nostri.
2694 2324 2820 2381 lizec
2840 2326 2984 2381 enim
3010 2327 3119 2382 duo
3138 2335 3263 2383 sunt
3288 2328 3427 2383 inter

1842 2426 1903 2469 se
1928 2414 2143 2483 quidem
2173 2415 2451 2485 complexa
2468 2458 2483 2481 ,
2510 2425 2638 2471 sunt
2660 2424 2835 2472 tamen
2861 2418 2989 2473 duo.
3014 2420 3145 2475 Nam
3175 2435 3427 2491 ntagaam

1842 2504 2057 2574 quidem
2085 2520 2199 2559 rem
2224 2503 2349 2558 facit
2389 2505 2480 2560 Dei
2509 2507 2800 2572 memoria;
2844 2522 3089 2576 magnam
3137 2511 3323 2578 etiam,
3371 2525 3421 2566 rt

1841 2592 1981 2663 quod
2006 2608 2103 2648 nos
2124 2609 2246 2649 eum
2264 2593 2555 2651 habeamus
2578 2595 2631 2650 in
2648 2597 3058 2653 memoriaJlatc
3069 2593 3195 2651 facit
3208 2604 3268 2651 ut
3286 2601 3421 2655 bona

1840 2685 2131 2756 eligamus;
2154 2684 2267 2751 illa,
2278 2692 2339 2740 ut
2354 2685 2719 2756 perﬁciamus,
2731 2690 2862 2747 etad
2876 2688 3037 2746 ﬁnem
3078 2690 3420 2748 deducamus.

1844 2777 2130 2847 Propterea
2156 2777 2283 2832 dicit
2302 2777 2562 2853 propheta
2586 2791 2603 2836 :
2632 2780 2829 2845 Mentor
2873 2798 2959 2845 ero
2979 2784 3053 2837 tui
3073 2783 3135 2837 de
3155 2794 3287 2839 terra
3310 2785 3427 2840 λοι-τ

1842 2866 2012 2934 donis,
2036 2876 2081 2922 et
2099 2866 2148 2920 Η
2155 2868 2416 2931 ermoniim
2433 2885 2464 2933 ᾳ
2482 2878 2652 2933 monte
2682 2870 2882 2931 modico
2914 2870 3085 2942 (Prol.
3100 2873 3160 2930 ιι
3174 2914 3188 2928 .
3203 2872 3280 2944 7).
3300 2875 3426 2932 Hcce

1840 2959 1971 3017 dicit
1996 2958 2223 3030 populus
2243 2959 2335 3041 qui
2355 2968 2472 3023 erat
2496 2960 2548 3015 in
2580 2960 2849 3033 Babylone
2863 2961 3086 3031 ,Memor
3104 2981 3191 3021 ero
3207 2967 3299 3022 tui.

1910 3053 1967 3108 4.
2012 3053 2154 3123 Ergo
2182 3062 2237 3107 et
2282 3067 2410 3118 nos,
2457 3052 2629 3122 utqui
2658 3054 2827 3111 simus
2871 3054 2924 3111 in
2974 3054 3280 3129 Babylone,
3310 3057 3425 3114 Iure

1839 3145 2100 3202 dicamus.
2128 3143 2240 3199 Etsi
2264 3144 2405 3199 enim
2437 3159 2543 3198 non
2568 3143 2820 3200 sedemus
2847 3145 2988 3202 inter
3011 3147 3215 3216 hostes,
3238 3163 3424 3209 sumus

1841 3245 2020 3292 tamen
2050 3236 2190 3290 inter
2218 3234 2486 3291 inimicos.
2515 3234 2648 3291 Nam
2677 3251 2743 3291 ex
2774 3236 2884 3292 illis
2910 3238 2998 3303 alii
3026 3240 3241 3310 quidem
3266 3243 3424 3301 sede.

1838 3328 1969 3385 bant
1994 3336 2262 3397 tamquam
2306 3326 2505 3397 captivi
2530 3343 2546 3382 :
2570 3327 2657 3381 alii
2683 3335 2860 3389 autem
2890 3345 2958 3391 ne
2979 3331 3281 3388 sentiebant
3304 3334 3420 3404 qui.

1837 3419 1962 3477 dem
1987 3418 2374 3489 captivitatem,
2403 3426 2461 3472 ut
2484 3418 2689 3484 Daniel,
2722 3429 2780 3475 ut
2806 3428 2915 3477 tres
2937 3421 3111 3491 pueri,
3154 3424 3420 3493 quietiam

1839 3529 1961 3577 cum
1991 3520 2176 3569 essent
2218 3511 2271 3567 in
2299 3512 2643 3582 captivitate,
2693 3513 2812 3583 ipso
2857 3529 3017 3585 rege,
3064 3518 3153 3588 qui
3200 3533 3296 3581 eos
3320 3520 3419 3576 ab—

1837 3606 2064 3660 duxerat
2108 3604 2160 3665 iu
2202 3603 2597 3672 captivitatem,
2628 3614 2781 3660 erant
2824 3605 2877 3667 in
2916 3606 3007 3663 illa
3050 3607 3164 3679 ipsa
3202 3610 3420 3680 regione

1834 3699 2135 3756 clariores:
2165 3696 2364 3755 etenim
2408 3699 2651 3767 captivos
2679 3697 2938 3755 adorabat
2980 3700 3026 3757 is
3063 3700 3153 3772 qui
3196 3701 3417 3763 abduxit

1834 3792 1888 3851 in
1919 3790 2305 3861 captivitatem.
2353 3788 2540 3846 Vidisti
2571 3798 2771 3859 quanta
2799 3804 2886 3846 res
2910 3791 2980 3845 sit
3006 3792 3213 3853 virtus?
3242 3793 3417 3855 Etiam

1833 3901 1956 3943 cum
1997 3893 2179 3940 essent
2207 3883 2260 3937 in
2307 3881 2617 3952 captivitate
2647 3882 2908 3939 adorabat
2943 3892 3215 3954 tamquam
3240 3885 3437 3947 domi;

1834 3994 1955 4036 nos.
1985 3976 2076 4033 Ille
2095 3990 2225 4045 ergo
2248 3984 2365 4031 erat
2392 3974 2637 4044 captivus
2664 3977 2832 4046 magis
2856 3992 3015 4046 quam
3039 3976 3117 4039 ιιῑ,
3149 3979 3267 4034 Non
3289 3978 3414 4041 (uis.

1831 4082 1914 4130 set
1940 4086 2093 4141 teque
2115 4067 2444 4131 mirandum,
2474 4049 2521 4121 si
2550 4082 2670 4122 cum
2695 4069 2951 4127 essentia
2978 4084 3073 4131 sua
3104 4071 3299 4141 patria,
3328 4074 3415 4128 illi:

1830 4164 2054 4221 veniens
2087 4176 2182 4218 eos
2215 4161 2524 4227 adorasset,
2557 4173 2648 4216 aut
2677 4161 2722 4217 si
2771 4161 2880 4219 illic
2917 4174 3233 4234 regnassent
3265 4184 3280 4219 ε
3317 4168 3416 4225 mir

1831 4258 1999 4315 rabile
2029 4264 2112 4311 est
2136 4264 2320 4309 autem
2351 4252 2493 4322 quod
2520 4268 2640 4308 cum
2667 4266 2763 4308 eos
2790 4252 3072 4319 vinxisset,
3098 4262 3153 4311 et
3175 4257 3414 4326 captivos

1832 4352 1885 4407 in
1916 4356 2177 4419 potestate
2223 4359 2319 4401 sua
2362 4344 2622 4408 haberet.
2660 4344 2915 4403 omnibus
2953 4345 3262 4407 videntibus
3306 4364 3412 4405 non

1842 4433 2040 4504 puduit
2064 4450 2161 4490 eos
2202 4436 2455 4501 adorare,
2497 4447 2553 4495 et
2589 4438 2781 4496 Manaa
2811 4438 3007 4494 libare.
3037 4434 3249 4491 Videtis
3277 4432 3422 4501 quod

1843 4541 1934 4581 res
1963 4526 2061 4582 Dei
2088 4536 2220 4582 sunt
2261 4545 2450 4586 revera
2496 4532 2796 4602 praeclarae,
2825 4544 2915 4585 res
2951 4536 3135 4583 autem
3174 4525 3427 4580 humana-

1837 4632 1964 4679 sunt
1990 4622 2223 4678 umbra?
2258 4622 2539 4693 lgnorabat
2568 4636 2697 4691 ergo
2741 4637 2802 4676 se
2827 4622 2927 4675 sibi
2957 4621 3206 4677 dominos
3253 4620 3423 4683 addu—

1836 4729 1962 4773 cere
1984 4758 2000 4784 ,
2029 4725 2083 4773 et
2103 4732 2237 4788 quos
2263 4724 2380 4771 erat
2408 4714 2727 4771 adoraturus
2745 4754 2761 4779 ,
2791 4727 2888 4769 eos
2908 4713 3054 4782 ipsos
3078 4713 3129 4767 in
3151 4711 3421 4773 fornacem

1836 4809 2092 4880 injicere;
2116 4808 2211 4864 sed
2236 4808 2339 4863 hoc
2365 4809 2471 4864 illis
2495 4816 2611 4863 erat
2638 4808 2808 4861 instar
2826 4806 3048 4861 somnii.

1912 4898 2221 4954 Timentibus
2253 4899 2419 4954 Deum
2437 4898 2570 4952 nihil
2590 4897 2877 4952 mlestum.
2904 4926 2978 4938 —
2998 4896 3312 4954 Timeamus
3334 4912 3422 4953 er-

1833 5008 1901 5062 go
1920 5035 1936 5059 ,
1959 5008 1992 5046 ο
2013 4992 2195 5047 dilecti
2216 5032 2231 5055 ,
2265 4992 2550 5046 timeamus
2589 4990 2757 5045 Deum
2787 5005 2800 5043 :
2831 4989 2958 5045 licet
2977 4988 3149 5044 simus
3177 4989 3228 5043 in
3254 4990 3423 5058 capti-

1835 5086 2030 5151 vitate,
2068 5084 2270 5140 erimus
2311 5082 2550 5137 omnium
2571 5081 2856 5137 clarissimi
2882 5098 2896 5134 :
2921 5081 3061 5135 adsit
3100 5082 3259 5137 timor
3291 5081 3414 5141 Dei.

1834 5186 1889 5232 et
1938 5176 2070 5231 nihil
2115 5176 2219 5231 erit
2248 5175 2536 5230 molestum
2557 5214 2573 5237 ,
2603 5173 2718 5228 sive
2757 5172 2961 5227 dixeris
3011 5181 3373 5243 paupertatem
3401 5216 3415 5235 .

1833 5271 1947 5324 sive
1997 5267 2244 5323 morbum
2267 5310 2283 5332 ,
2312 5268 2426 5322 sive
2454 5264 2821 5336 captivitatem.
2843 5305 2859 5329 ,
2906 5265 3022 5321 sive
3063 5266 3376 5321 servitutem
3401 5308 3414 5326 ,

1832 5362 1946 5415 sive
1972 5360 2181 5431 quidvis
2222 5359 2544 5423 molestum;
2570 5356 2665 5413 sed
2691 5356 2783 5410 illa
2823 5357 2934 5427 ipsa
2962 5357 3118 5417 nobis
3153 5370 3311 5426 opem
3336 5357 3414 5410 fc-

1832 5460 1953 5508 rent
1978 5451 2044 5506 ad
2074 5452 2367 5505 contraria.
2400 5450 2501 5520 Ipsi
2529 5457 2685 5506 erant
2703 5448 2931 5517 captivi,
2964 5457 3019 5503 et
3038 5462 3132 5503 rex
3161 5463 3258 5504 eos
3282 5448 3414 5505 ado-

1833 5541 1971 5596 ravit
2000 5559 2013 5596 2
2044 5540 2511 5597 tabernaculorum
2541 5539 2716 5610 opifex
2762 5547 2881 5594 erat
2905 5539 3136 5605 Paulus,
3170 5548 3224 5594 ct
3252 5538 3303 5593 ei
3331 5555 3418 5592 sa-

1916 5713 1990 5779 (α)
2010 5713 2104 5765 Hic
2126 5729 2322 5778 quoque
2346 5716 2502 5766 hiatus
2523 5716 2748 5766 habetur.

3027 5821 3099 5879 12

3067 5863 3099 5880 α
