3926 6406
591 259 687 313 id?»

582 378 894 437 criticabant
940 382 1210 442 tamquam
1245 369 1374 424 Deo.
1426 365 1523 419 Hic
1568 366 1738 420 oritur
1781 363 2035 435 qumstio,
2069 375 2169 413 cur

584 469 812 540 apostoli
836 464 1225 537 prohibuerunt
1253 460 1514 517 sacriticia
1538 500 1553 524 ,
1582 472 1677 512 sua
1709 456 2033 513 vestimenta
2080 455 2165 511 di-

592 560 891 624 sciderunt,
935 564 987 609 et
1032 569 1063 609 a
1095 562 1273 622 cmpto
1313 568 1409 607 eos
1434 551 1790 617 abduxerunt,
1822 556 1878 604 et
1905 547 2169 606 ﬂeverunt

590 655 824 709 dicentes
844 692 857 714 ,
893 648 1029 713 Quid
1079 646 1291 718 facitis?
1318 654 1364 698 et
1391 660 1482 697 nos
1507 644 1745 697 mortales
1774 659 1950 697 sumus
1977 642 2169 697 similes

590 745 719 799 vobis
746 743 970 796 homines
997 740 1135 809 (Act.
1170 739 1254 793 M.
1287 738 1378 805 14)
1418 754 1430 790 :
1462 736 1643 789 Daniel
1671 743 1848 789 autem
1878 734 2008 789 nihil
2045 733 2169 789 fecit

590 833 915 906 liujnsmodi.
965 830 1098 886 Nam
1142 828 1285 900 quod
1320 828 1433 897 ipse
1468 841 1682 896 quoque
1722 834 1867 880 esset
1912 825 2166 891 humilis,

590 940 637 983 ct
689 942 794 981 non
838 925 1013 979 minus
1057 937 1214 992 quam
1249 920 1349 989 ipsi
1404 919 1512 973 Deo
1557 917 1772 972 oll'erret
1810 918 2073 987 gloriam,
2101 932 2168 973 ex

590 1018 767 1073 multis
809 1015 1024 1086 quidem
1065 1024 1149 1068 est
1190 1010 1558 1079 perspicuum.
1601 1007 1829 1062 Maxime
1856 1008 2071 1077 quidem
2115 1018 2171 1064 et

590 1118 711 1163 ante
739 1107 919 1162 omnia
950 1121 1016 1160 ex
1044 1119 1109 1159 eo
1135 1102 1276 1173 quod
1306 1118 1333 1154 a
1366 1102 1474 1155 Deo
1501 1100 1815 1169 diligeretur
1847 1100 1947 1154 hoc
1978 1112 2124 1171 patet
2149 1121 2162 1156 :

596 1218 703 1257 non
726 1199 871 1253 enim
896 1198 1070 1266 ipsum
1094 1195 1184 1248 Dei
1206 1193 1461 1247 honorem
1480 1192 1578 1245 sibi
1600 1202 1943 1259 usurpantem
1960 1193 2174 1249 sivisset

596 1293 797 1355 vivere,
829 1287 1027 1341 nedum
1056 1298 1174 1339 esse
1204 1283 1255 1335 in
1281 1282 1481 1335 honore
1509 1289 1564 1334 et
1601 1281 1994 1337 caristimatioue
2038 1300 2051 1336 :
2081 1298 2170 1337 se.

589 1380 765 1438 eundo
781 1388 987 1444 autem,
1014 1376 1154 1443 quod
1179 1389 1297 1428 cum
1322 1374 1485 1427 multa
1508 1372 1752 1427 libertate
1771 1372 2015 1427 dicebat:
2040 1374 2173 1430 Mihi

588 1489 804 1543 quoque,
830 1488 859 1525 ο
875 1486 981 1534 rex,
999 1484 1098 1521 non
1119 1474 1170 1519 in
1186 1466 1584 1535 sapientia,qua:
1609 1474 1683 1518 est
1708 1465 1758 1517 in
1790 1482 1885 1533 me,
1900 1468 2173 1522 revelatum

588 1569 770 1623 esthoc
796 1562 1088 1633 mysterium
1110 1558 1267 1630 (Dan.
1292 1559 1346 1611 2.
1366 1556 1457 1626 50)
1489 1564 1587 1610 :et
1617 1558 1773 1610 tertio
1814 1573 2018 1626 rursus,
2049 1560 2173 1630 quia

590 1662 643 1715 in
671 1658 789 1713 lacu
814 1664 927 1710 erat
954 1662 1172 1724 propter
1197 1651 1359 1704 Deum
1381 1666 1396 1713 ;
1415 1659 1468 1702 et
1495 1648 1704 1717 quando
1722 1650 1896 1704 cibum
1921 1652 1968 1706 ei
1996 1653 2174 1709 attulit

592 1749 850 1823 propheta
882 1762 896 1799 :
928 1743 1240 1798 Recordatus
1277 1751 1369 1807 est,
1401 1741 1601 1810 inquit,
1636 1742 1731 1793 mei
1759 1739 1899 1796 Deus
1928 1742 2089 1813 (Dan.
2119 1745 2174 1808 4.

594 1835 686 1906 87)
711 1851 727 1889 :
758 1834 894 1890 adeo
922 1840 1037 1889 erat
1061 1831 1276 1888 humilis
1295 1841 1347 1887 et
1369 1840 1652 1886 contritus.
1677 1830 1734 1885 ln
1764 1831 1880 1884 lacu
1908 1839 2022 1885 erat
2049 1843 2175 1897 pro-

598 1936 714 1995 pter
745 1925 908 1979 Deum
930 1965 946 1991 ,
976 1932 1029 1978 et
1052 1938 1111 1979 se
1135 1923 1406 1993 indignum
1435 1922 1778 1978 existimabat
1814 1932 1871 1975 ut
1916 1923 2033 1990 ejus
2087 1936 2174 1975 re-

597 2015 929 2082 cordaretur,
953 2023 1009 2070 et
1033 2022 1093 2070 ut
1116 2014 1480 2070 exaudiretur.
1504 2013 1612 2069 Nos
1634 2022 1811 2068 autem
1855 2028 1976 2067 cum
2019 2012 2176 2067 innu-

599 2107 874 2163 merabilia
904 2107 1229 2164 exsecranda
1274 2107 1562 2162 audeamus
1593 2105 1898 2170 admittere,
1931 2113 1986 2159 et
2013 2107 2178 2161 simus

600 2200 838 2255 omnium
857 2199 1252 2255 sceleratissimi
1276 2198 1571 2254 etmaxime
1588 2198 1923 2265 exsecrandi,
1952 2199 1996 2251 si
2022 2213 2125 2251 non
2149 2208 2179 2251 a

604 2292 778 2361 prima
814 2292 1128 2361 precatione
1160 2292 1415 2345 fuerimus
1438 2290 1696 2357 exauditi,
1725 2290 2044 2346 recedimus.
2068 2291 2176 2345 Re-

602 2398 733 2438 vera
765 2383 988 2437 multum
1021 2384 1161 2437 inter
1190 2382 1310 2436 illos
1338 2391 1391 2436 ct
1418 2396 1518 2436 nos
1546 2382 1792 2449 interest,
1820 2393 2075 2451 quantum
2103 2382 2181 2436 in-

603 2487 686 2532 ter
723 2476 910 2531 cadum
955 2484 1010 2530 et
1040 2483 1271 2535 terram.
1300 2483 1353 2529 et
1398 2473 1442 2528 si
1474 2474 1599 2543 quid
1640 2483 1724 2529 est
1766 2475 2010 2544 amplius.
2045 2475 2182 2543 Quid

604 2568 739 2622 dicis
758 2568 783 2619 ?
807 2576 928 2637 post
963 2575 1069 2619 tam
1114 2567 1282 2620 multa
1310 2576 1456 2620 recte
1484 2574 1537 2619 et
1565 2567 1821 2636 praeclare
1848 2578 1992 2637 gesta
2015 2608 2030 2631 ,
2064 2577 2185 2639 post

605 2658 922 2714 miraculum
974 2658 1024 2711 iu
1073 2657 1191 2711 lacu
1234 2656 1471 2723 factum,
1501 2657 1635 2713 adeo
1674 2657 1926 2715 humilem
1968 2671 2019 2717 te
2067 2678 2185 2719 esse

607 2748 1143 2813 existimas?Certe,
1191 2749 1396 2820 inquit,
1445 2765 1568 2805 nam
1607 2767 1956 2825 quaecumque
1995 2754 2188 2811 feceri-

606 2860 761 2905 mus,
792 2842 931 2898 servi
976 2840 1191 2895 inutiles
1236 2855 1420 2896 sumus
1456 2841 1607 2913 (Luc.
1651 2844 1741 2899 17.
1783 2845 1899 2915 10).
1942 2846 2016 2901 lta
2063 2858 2189 2904 ante

610 2936 826 3005 longum
856 2943 1068 3003 tempus
1099 2933 1343 3003 implevit
1363 2934 1732 3004 evangelicum
1761 2948 2109 3009 praeceptum,
2132 2951 2188 2998 et

608 3041 671 3081 se
702 3026 831 3081 nihil
858 3026 1223 3081 existimabat.
1258 3024 1398 3079 Deus
1418 3067 1433 3088 .
1459 3026 1766 3097 inquiebat,
1798 3031 1897 3084 mei
1925 3042 1996 3086 est
2016 3050 2188 3089 recor-

611 3121 781 3173 datus.
820 3119 948 3187 Ejus
996 3132 1183 3173 rursus
1209 3118 1381 3172 oratio
1409 3118 1529 3173 vide
1557 3128 1751 3189 quanta
1794 3121 1945 3191 plena
1992 3125 2059 3180 sit
2087 3125 2188 3180 hn-

609 3212 874 3268 militatc?
898 3211 987 3266 Sic
1012 3220 1067 3265 et
1090 3221 1199 3265 tres
1226 3210 1376 3279 pueri
1406 3210 1652 3265 dicebant
1681 3229 1693 3264 :
1718 3211 2068 3281 Peccavimus,
2087 3218 2190 3272 ini-

609 3320 706 3375 que
745 3305 939 3374 egimus
967 3302 1187 3372 (Dau.3.
1230 3301 1358 3371 29);
1407 3311 1460 3355 et
1484 3302 1677 3373 ubique
1704 3318 1854 3359 suam
1901 3309 2194 3366 ostendunt

613 3397 989 3453 humilitatem.
1013 3395 1171 3464 Atqui
1204 3394 1386 3449 Daniel
1409 3394 1634 3449 habebat
1658 3397 2077 3457 innumerabiles
2105 3404 2195 3459 sui

615 3488 904 3545 extollendi
930 3488 1278 3551 occasiones,
1313 3484 1408 3540 sed
1446 3486 1650 3541 sciebat
1679 3489 1821 3557 quod
1868 3490 1981 3546 haec
2018 3495 2195 3549 omnia

619 3581 667 3637 ci
690 3581 915 3635 aderant
941 3594 1008 3635 eo
1035 3578 1176 3650 quod
1215 3592 1321 3632 non
1358 3577 1728 3645 extolleretur,
1756 3596 1857 3635 nec
1890 3581 2196 3641 thesaurum

618 3673 877 3742 corrupit.
895 3671 1025 3725 Nam
1045 3669 1183 3740 apud
1206 3683 1393 3723 omnes
1407 3667 1650 3725 homines
1665 3678 1721 3724 et
1735 3670 1787 3725 in
1806 3673 2054 3729 universo
2069 3676 2199 3733 orbe

622 3777 884 3821 terrarum
917 3777 1022 3817 non
1050 3771 1267 3831 propter
1296 3760 1408 3813 llth
1428 3760 1601 3814 solum
1633 3760 2036 3833 decantabatur,
2058 3767 2199 3837 quod

620 3872 716 3912 rex
739 3857 791 3910 in
816 3854 1008 3908 faciem
1028 3850 1320 3922 prociderit
1342 3849 1452 3903 etei
1480 3850 1743 3918 libaverit,
1764 3852 1856 3907 sed
1881 3856 2020 3924 quod
2044 3857 2200 3914 deum

623 3966 746 4007 eum
763 3947 1150 4005 existimaverit
1180 3945 1245 4010 is,
1276 3945 1366 4016 qui
1404 3945 1598 4037 ubique
1635 3956 1894 4005 terrarum
1937 3962 2201 4024 tamquam

624 4044 758 4098 deus
804 4039 1187 4095 honorabatur.
1229 4037 1360 4093 Nam
1415 4038 1527 4108 ipse
1557 4037 1611 4092 in
1668 4041 1967 4097 universam
2008 4054 2203 4112 terram

626 4133 904 4190 obtinebat
954 4129 1282 4185 dominatum
1322 4129 1411 4183 :id
1454 4131 1595 4200 quod
1641 4140 1723 4187 cst
1767 4136 2100 4204 perspicuum
2140 4153 2205 4194 ex

628 4224 859 4281 Jeremia
882 4240 893 4276 :
918 4222 1019 4287 Qui
1047 4232 1252 4288 terram,
1276 4220 1463 4291 inquit,
1486 4222 1649 4275 induit
1671 4232 1923 4294 tamquam
1948 4230 2210 4283 vestimen-

633 4330 737 4372 tum
779 4317 909 4389 (Jer.
948 4315 1038 4369 27.
1078 4312 1152 4385 6);
1169 4324 1223 4368 et
1245 4313 1558 4386 rnrsus:Ego
1586 4332 1697 4370 eam
1718 4318 1835 4370 dedi
1860 4318 2208 4375 Nabuchodo-

629 4428 783 4465 nosor
802 4424 1082 4464 servomeo.
1110 4407 1249 4460 Etex
1277 4406 1341 4460 iis
1354 4422 1470 4476 quae
1490 4408 1671 4462 scrihit
1690 4409 1793 4464 hoc
1821 4427 2002 4465 rursus
2023 4414 2209 4483 liquet,

634 4505 775 4571 quod
802 4514 908 4553 non
937 4496 1111 4548 solum
1140 4490 1250 4545 illic
1281 4489 1370 4541 ubi
1393 4497 1528 4549 erat,
1561 4487 1859 4540 habebatur
1885 4486 1936 4537 in
1965 4486 2192 4535 admira-

633 4592 797 4656 tione,
836 4595 930 4645 sed
968 4587 1131 4643 etiam
1164 4584 1382 4653 ubique,
1412 4591 1464 4633 et
1501 4580 1675 4650 major
1713 4576 2014 4632 habebatur
2041 4583 2201 4643 quam

627 4680 676 4738 si
709 4684 1001 4752 praesentes
1023 4690 1146 4730 eum
1186 4673 1449 4727 vidissent
1489 4670 1710 4739 reliquae
1741 4676 1962 4738 gentes,
1986 4671 2202 4734 quando

627 4772 791 4828 etiam
814 4770 984 4825 literis
1009 4766 1327 4823 servitutem
1358 4761 1645 4817 confessus
1665 4770 1749 4816 est
1773 4767 1828 4814 et
1854 4757 2199 4811 miraculum.

631 4863 737 4919 Sed
758 4878 950 4918 rursus
970 4860 1269 4915 habebatur
1292 4857 1345 4911 in
1367 4855 1729 4911 admiratione
1752 4860 1972 4922 propter
1992 4850 2203 4919 sapien-

630 4956 784 5009 tiam.
812 4951 954 5006 Nam
982 4962 1037 5004 tu
1064 4967 1141 5015 es,
1180 4949 1379 5019 inquit,
1406 4948 1698 5017 sapientior
1730 4943 1944 4998 Daniele
1980 4940 2197 5012 (Ezech.

628 5046 717 5102 28.
750 5046 839 5114 5)?
866 5047 931 5099 Et
975 5053 1097 5114 post
1142 5042 1257 5096 hac
1294 5042 1476 5096 omnia
1520 5039 1658 5096 adeo
1693 5044 1809 5093 erat
1853 5035 2105 5099 humilis,
2142 5040 2203 5088 ut

631 5137 827 5193 millies
857 5145 1077 5207 propter
1107 5133 1393 5187 Dominum
1424 5140 1571 5188 esset
1593 5130 1913 5189 moriturus.

697 5227 752 5283 5.
782 5226 894 5281 Cur
916 5240 1065 5295 ergo,
1089 5239 1213 5279 cum
1248 5229 1392 5277 esset
1430 5220 1566 5276 adeo
1591 5218 1833 5283 humilis,
1864 5230 1972 5271 non
2000 5212 2199 5283 repulit

629 5334 805 5389 neque
829 5316 976 5389 regis
1001 5313 1371 5370 adorationem
1388 5352 1403 5376 ,
1426 5326 1603 5381 neque
1634 5306 1924 5365 libamina?
1955 5305 2067 5359 Hoc
2089 5319 2197 5358 non

626 5411 834 5478 dicam;
859 5408 992 5465 mihi
1013 5406 1160 5466 enim
1182 5404 1377 5464 sutlicit
1400 5404 1576 5461 solum
1596 5402 1776 5460 dicere
1796 5398 2148 5472 quaestionem
2178 5411 2193 5450 :

1293 254 1348 309 S.
1387 244 1667 309 JOANNIS
1701 240 2168 303 CHRYSOSTOMI
2204 242 2523 301 ARCIllEP.
2561 242 3093 302 CONSTANTINOP.

3707 249 3774 302 lit

2281 369 2427 440 quod
2463 369 2728 440 reliquum
2762 380 2847 424 est
2886 370 3041 424 vobis
3075 365 3313 434 dimitto,
3331 376 3389 422 ut
3408 366 3486 424 vel
3504 368 3581 423 sic
3598 382 3785 429 mentem

2282 471 2515 517 vestram
2536 463 2785 517 excitem.
2801 459 2933 515 ltlud
2955 476 3083 517 vero
3104 475 3320 526 moneo,
3338 467 3395 515 ut
3421 462 3592 514 omnia
3613 474 3785 533 propter

2278 551 2372 609 Dei
2412 557 2659 610 timorem
2697 556 2931 625 eligatis,
2950 571 3071 611 cum
3097 555 3225 609 talia
3245 554 3485 609 habeatis
3503 558 3788 624 exempla,et

2273 646 2418 716 quod
2438 656 2588 701 certo
2607 662 2670 702 ea
2686 662 2903 717 quoque
2919 662 3039 716 quae
3058 647 3146 700 hic
3162 655 3290 702 sunt
3309 662 3662 716 assequentur,
3678 649 3712 703 si
3728 649 3790 705 la-

2272 744 2394 790 tura
2415 738 2627 792 sincere
2650 737 3143 807 apprehendamus.
3183 736 3315 791 Nam
3340 738 3483 808 quod
3507 737 3603 792 hoc
3621 754 3711 793 non
3730 743 3789 798 ie.

2271 828 2407 882 cerit
2427 844 2490 882 ex
2515 830 2851 898 arrogantia,
2880 829 3228 899 perspicuum
3251 839 3335 883 est
3358 845 3423 884 ex
3442 844 3506 883 eo
3525 830 3655 899 quod
3672 831 3788 887 dire-

2272 917 2521 982 rit,Dona
2542 928 2632 972 tua
2653 923 2758 972 sint
2779 920 2873 973 tibi
2894 918 3054 987 (Dan.
3073 919 3125 974 5.
3147 920 3258 987 l7).
3275 919 3484 975 Etenim
3505 930 3581 975 est
3598 918 3693 975 haec
3712 924 3790 978 alia

2270 1009 2435 1063 etiam
2458 1012 2711 1079 quaestio,
2731 1010 3006 1080 quomodo
3028 1010 3208 1065 verbis
3229 1010 3512 1079 repellens,
3531 1010 3671 1066 factis
3689 1012 3789 1081 ipsis

2267 1100 2529 1157 honorem
2567 1102 2826 1172 suscepit,
2861 1110 2915 1157 et
2952 1112 3203 1172 torquem
3243 1101 3789 1173 gestavit.£tllerodes

2265 1196 2485 1265 quidem
2509 1209 2631 1249 cum
2653 1192 3023 1258 audisset,Est
3039 1209 3136 1247 eoa:
3150 1193 3330 1258 Dei,et
3348 1208 3448 1245 non
3462 1194 3787 1263 hominishlct.

2265 1286 2353 1341 12.
2380 1286 2495 1353 22),
2518 1287 2779 1355 quoniam
2805 1301 2912 1340 non
2936 1285 3085 1340 dedit
3108 1286 3337 1355 gloriam
3377 1283 3508 1345 Deo.
3528 1286 3732 1353 crepuit,
3750 1298 3789 1342 et

2260 1375 2431 1433 effusa
2460 1386 2587 1431 sunt
2612 1379 2819 1432 viscera
2841 1378 2961 1446 ejus
2977 1395 2990 1430 :
3006 1378 3097 1431 hic
3115 1384 3297 1431 autem
3318 1377 3482 1430 etiam
3511 1375 3597 1431 Dei
3617 1380 3789 1436 admisit

2262 1470 2546 1531 honorem,
2573 1485 2681 1523 non
2708 1469 2874 1524 verba
2901 1477 3133 1524 tantum.
3173 1468 3281 1524 Sed
3310 1484 3534 1525 necesse
3553 1479 3631 1525 est
3648 1471 3789 1527 dicere

2258 1560 2519 1630 quidnam
2556 1561 2658 1615 hoc
2687 1562 2779 1615 sit.
2807 1559 2921 1615 lllic
2946 1560 3167 1630 quidem
3206 1560 3458 1615 homines
3490 1561 3541 1614 in
3576 1562 3787 1630 majorem

2258 1652 2530 1708 cadebant
2562 1651 2949 1717 idololatriam,
2983 1652 3069 1707 hic
3096 1659 3411 1713 autemnon
3448 1653 3645 1707 itidem.
3672 1654 3786 1719 Quo-

2256 1743 2450 1798 modo?
2478 1741 2613 1797 Nam
2645 1742 2792 1815 quod
2819 1744 2908 1800 hic
2935 1745 3281 1801 existimatus
3302 1753 3454 1801 esset
3474 1747 3614 1811 talis,
3640 1749 3696 1803 ad
3718 1749 3785 1803 Dei

2257 1834 2516 1891 honorem
2567 1836 2911 1907 pertinebat;
2961 1852 3087 1893 nam
3126 1847 3411 1908 propterea
3454 1838 3601 1907 prius
3629 1839 3739 1893 dixit
3777 1861 3787 1892 :

2259 1921 2391 1976 Mihi
2416 1933 2583 1977 autem
2605 1940 2705 1977 non
2727 1925 2777 1977 in
2801 1924 3070 1994 sapientia,
3092 1940 3208 1992 qua
3233 1935 3306 1978 cst
3334 1925 3387 1978 in
3419 1941 3501 1979 me
3518 1965 3533 1989 ,
3551 1927 3779 1979 revelatam

2258 2023 2332 2067 est
2357 2012 2517 2084 (Dan.
2546 2013 2602 2067 2.
2636 2013 2746 2085 30).
2778 2015 3026 2084 Alioquin
3056 2031 3155 2070 nec
3194 2016 3435 2069 cernitur
3475 2014 3729 2071 admittere
3744 2017 3788 2071 ii-

2256 2105 2469 2161 bamina
2499 2124 2512 2159 :
2542 2107 2678 2161 dixit
2717 2108 2859 2161 enim
2882 2148 2897 2174 ,
2953 2108 3155 2177 inquit,
3200 2107 3344 2178 quod
3373 2115 3589 2177 Oportet
3630 2108 3785 2173 litare.

2257 2201 2478 2256 minime
2506 2208 2681 2255 autem
2708 2209 2791 2255 est
2830 2201 3168 2255 manifestum
3194 2199 3336 2270 quod
3376 2215 3468 2253 res
3508 2199 3712 2253 deducta
3740 2203 3789 2254 sit

2256 2292 2323 2346 ad
2350 2289 2621 2346 etl'ectum.
2654 2291 2764 2345 l|lic
2790 2306 2919 2345 vero
2948 2291 3289 2346 adduxerunt
3338 2298 3525 2344 tauros
3563 2298 3616 2344 ut
3640 2288 3788 2343 immo-

2268 2382 2440 2436 larent
2468 2398 2482 2434 :
2509 2391 2565 2437 et
2594 2383 2852 2437 vocabant
2878 2382 3102 2437 alterum
3131 2381 3345 2452 quidem
3367 2382 3587 2447 Jovem,
3614 2382 3789 2436 alterum

2268 2486 2399 2529 vero
2424 2472 2767 2527 Mercurium.
2796 2473 3061 2543 Torquem
3084 2481 3261 2528 autem
3285 2472 3524 2537 admisit,
3556 2482 3611 2526 ut
3631 2488 3680 2527 se
3697 2472 3788 2526 red-

2263 2564 2416 2619 deret
2466 2561 2843 2630 manil‘estum;
2888 2565 3116 2619 libamen
3172 2576 3350 2619 autem
3380 2580 3481 2618 cur
3522 2580 3619 2617 non
3644 2562 3788 2616 dicitur

2266 2656 2527 2725 repellere
2541 2655 2565 2709 ἲ
2584 2656 2792 2711 Etenim
2810 2657 2917 2711 illic
2933 2672 3036 2711 non
3058 2657 3314 2723 fecerunt,
3334 2655 3436 2711 sed
3450 2657 3668 2726 aggressi
3684 2666 3786 2716 sunt,

2262 2755 2320 2802 et
2358 2746 2748 2817 prohibuerunt
2793 2747 3019 2819 apostoli
3054 2768 3067 2811 :_
3113 2748 3468 2819 quamobrem
3512 2746 3594 2800 hic
3630 2762 3791 2815 quoque

2261 2838 2543 2910 oportebat
2580 2841 2760 2895 statim
2805 2840 3107 2910 repellere:
3137 2848 3193 2895 et
3214 2840 3323 2894 illic
3348 2848 3499 2893 totus
3538 2848 3639 2892 erat
3662 2853 3790 2908 popa.

2265 2930 2364 2998 lus,
2394 2930 2484 2986 hic
2502 2940 2681 2989 autem
2707 2940 2983 3003 tyrannus.
3014 2930 3123 2986 Cur
3144 2945 3273 3000 ergo
3300 2946 3431 2985 eum
3456 2930 3524 2983 ab
3548 2929 3628 2983 illa
3650 2943 3785 2983 renoa

2264 3021 2585 3087 abduxerit,
2616 3022 2727 3077 dixi
2756 3032 2911 3077 antea
2934 3064 2950 3089 ,
2982 3022 3123 3093 quod
3173 3037 3280 3077 non
3330 3021 3537 3075 libabat
3579 3030 3789 3087 tamquam

2264 3114 2369 3171 deo
2394 3114 2461 3169 ad
2494 3114 2839 3170 evertendam
2892 3115 3200 3185 religionem
3220 3156 3234 3178 ,
3279 3113 3376 3169 sed
3428 3122 3636 3183 prepter
3663 3111 3790 3177 majus

2266 3205 2600 3260 miraculum.
2641 3205 2958 3272 Quomodo?
2986 3205 3212 3275 Propter
3259 3205 3430 3259 Deum
3462 3204 3583 3259 iecit
3613 3202 3789 3257 edictum

2265 3311 2387 3350 eum
2436 3296 2716 3350 Dominum
2764 3295 3027 3351 conﬁtens
3071 3295 3240 3350 :ideo
3290 3295 3405 3365 ejus
3440 3295 3677 3349 honorem
3717 3306 3791 3344 non

2265 3388 2559 3441 auferebat.
2590 3386 2861 3443 llliautem
2893 3402 2998 3442 non
3025 3388 3102 3441 sie
3122 3430 3135 3453 ,
3159 3387 3253 3442 sed
3278 3388 3425 3457 ipsos
3454 3387 3685 3457 putabant
3707 3397 3793 3439 esse

2266 3481 2397 3535 deos
2426 3498 2439 3534 :
2474 3490 2755 3550 propterea
2785 3481 3133 3550 repellebant.

2339 3573 2441 3628 Cur
2466 3573 2651 3627 Daniel
2676 3572 2770 3628 sibi
2813 3574 3036 3627 oblatum
3071 3573 3286 3627 libamen
3335 3572 3544 3626 admisit
3574 3581 3616 3625 et
3640 3587 3693 3622 an
3726 3566 3794 3619 Iul-

2268 3665 2475 3719 miscrit.
2506 3693 2577 3705 -—
2606 3664 2701 3718 llic
2721 3673 2899 3718 autem
2925 3679 3046 3718 cum
3076 3663 3377 3727 adorasset,
3409 3672 3535 3716 tunc
3561 3663 3650 3714 hoc
3673 3659 3792 3713 facit:

2271 3773 2374 3812 non
2417 3758 2557 3811 enim
2602 3772 2723 3810 eum
2783 3755 3025 3810 adoravit
3072 3765 3337 3824 tamquam
3367 3753 3549 3819 deum,
3576 3751 3659 3806 sed
3695 3762 3795 3803 tam-

2269 3862 2426 3918 quam
2485 3846 2754 3901 hominem
2809 3846 3125 3915 sapientcm.
3172 3844 3276 3901 Sed
3349 3859 3450 3899 nec
3500 3851 3684 3897 certum
3740 3848 3794 3892 at

2272 3938 2412 4009 quod
2440 3938 2681 3993 libaverit
2709 3954 2723 3992 :
2750 3937 2901 4003 Quod
2929 3936 2975 3990 si
3014 3938 3174 3992 etiam
3216 3936 3432 4000 libavit,
3462 3936 3631 3987 libavit
3655 3932 3694 3985 id
3720 3946 3793 3983 nou

2270 4030 2591 4098 suscipiente
2623 4028 2858 4083 Daniele.
2890 4027 3055 4096 Quid,
3091 4027 3231 4097 quod
3262 4026 3421 4080 etiam
3452 4026 3613 4094 ipsum
3642 4020 3794 4076 vocarit

2274 4123 2512 4178 Baltasar
2538 4121 2703 4191 ipsius
2729 4120 2813 4175 dei
2858 4134 3053 4174 nomen
3078 4119 3103 4171 ?
3148 4118 3222 4172 Ita
3252 4117 3384 4172 deos
3416 4131 3542 4170 suos
3565 4113 3678 4168 nihil
3715 4128 3790 4162 iu:-

2271 4229 2432 4285 gnum
2480 4211 2884 4275 existimabant,
2912 4225 3032 4265 cum
3077 4209 3237 4264 etiam
3270 4206 3537 4275 captivum
3562 4206 3633 4258 sic
3678 4217 3788 4253 vora-

2275 4316 2355 4362 ret
2379 4304 2470 4373 qui
2499 4318 2687 4360 omnes
2726 4302 2947 4373 jubebat
2974 4300 3171 4355 variam
3194 4309 3246 4354 et
3266 4297 3605 4366 multiplicem
3625 4293 3790 4345 adorare

2277 4399 2561 4469 imaginem
2582 4438 2598 4464 ,
2643 4406 2693 4453 et
2723 4395 2812 4466 qui
2838 4394 3049 4451 colebat
3075 4392 3360 4448 draconem
3386 4408 3400 4444 :
3424 4400 3479 4444 et
3504 4396 3641 4469 erant
3670 4383 3790 4469 Balar-

2292 4466 2420 4553 ιυηῇ
2444 4495 2602 4563 longe
2632 4488 2956 4545 amentiores
2982 4483 3048 4537 iis
3071 4479 3166 4551 qui
3205 4483 3360 4531 erant
3408 4466 3609 4563 Ly‘stris
3633 4480 3644 4515 :

2292 4546 2476 4640 hhrem
2502 4546 2607 4637 udn
2636 4580 2831 4635 licebat
2867 4591 2961 4632 eos
2988 4546 3167 4629 statim
3190 4568 3255 4621 ad
3280 4567 3381 4618 hoc
3408 4559 3679 4649 inducere:
3692 4546 3800 4649 illiil-1

2288 4687 2551 4749 praeterea
2600 4674 2703 4728 dici
2740 4677 3006 4742 possunt,
3051 4663 3146 4721 sed
3198 4662 3411 4716 interim
3443 4644 3801 4749 limesulhciual.

2292 4741 2346 4827 Si
2404 4784 2532 4839 ergo
2589 4741 2834 4820 volumus
2882 4765 3061 4816 omnia
3122 4756 3256 4810 bona
3317 4742 3610 4839 cense'tUi;
3655 4741 3797 4839 TW?

2296 4881 2414 4919 mus
2464 4829 2584 4933 qua:
2632 4858 2698 4913 ad
2750 4858 2915 4911 Deum
2946 4850 3237 4922 pertinent.
3268 4829 3801 4933 Sicuten-imquiqu:

2684 4946 2931 5010 trunndi,
2965 4952 3022 4997 et
3050 4941 3133 4993 his
3159 4946 3216 4992 et
3241 4934 3347 4989 illis
3372 4925 3653 4984 excidunt:
3676 4922 3730 4969 ita
3744 4922 3802 4977 qm

2294 5014 2616 5130 praeponunt
2641 5060 2759 5116 quae
2794 5039 2861 5094 ad
2904 5038 3069 5091 Deum
3113 5028 3443 5130 Numen")

2589 5094 2673 5194 Ne;
2688 5150 2816 5205 ergo
2840 5131 2957 5185 haec
2986 5132 3291 5196 quairamus
3313 5157 3329 5180 ,
3356 5111 3446 5168 sed
3475 5109 3562 5205 illa
3589 5122 3602 5157 ς
3625 5110 3671 5205 αἱ
3688 5094 3801 5205 etin:

2296 5156 2555 5223 quuntur.
2590 5156 2665 5194 ne
2688 5156 2816 5205 ergo
2841 5156 2957 5185 uim;
2986 5156 3291 5196 quam...”
3313 5157 3329 5180 ,
3357 5156 3446 5215 Ἴ..-
3476 5156 3562 5163 .--κ
3594 5156 3599 5157 ,

2299 5247 2326 5266 ·-
2342 5257 2434 5266 η-
2469 5233 2732 5266 mm...st
2758 5231 3173 5266 Νιηςρηιιειῐηιη.
3192 5212 3245 5266 in
3262 5207 3475 5263 Christo
3495 5199 3616 5256 Iesu
3640 5191 3801 5249 ὓοωιυθ

2299 5247 2437 5303 bona
2469 5233 2735 5311 promissa
2758 5231 3173 5292 consequamur,

2305 5346 2511 5397 llOSll’O.
