3968 6554
197 343 290 403 ηδ
1082 341 1148 400 IN
1187 342 1408 404 EPIST.
1447 345 1540 401 AD
1568 346 1933 405 HEBRA'JOS.
1961 350 2118 408 CAP.
2158 354 2246 410 XI.
2287 356 2521 419 HOMIL.
2564 362 2755 419 XXVI.

253 458 275 527 Ι
276 457 395 530 162]
409 457 744 531 θοόηθῶμεν
756 457 874 525 οὖν,
889 461 1189 534 ἀγαπητοὶ,
1213 462 1304 517 τὸν
1326 463 1480 532 Θεὸν,
1497 465 1746 537 φοϐηθῶ-

196 561 285 614 μεν
311 563 323 575 ·
369 543 471 597 κᾶν
518 546 577 597 ἐν
617 545 969 618 αἰχμαλωσίᾳ
1004 541 1153 618 ὦμεν
1179 590 1193 611 ,
1245 548 1463 604 πάντων
1514 553 1750 622 ἐσόμεθα

196 628 575 700 λαμπρότεροι·
605 631 770 699 φόϐος
800 631 1056 700 παρέστω
1101 631 1261 698 Θεοῦ,
1290 636 1383 687 καὶ
1418 635 1570 688 οὐδὲν
1597 637 1748 689 ἐσται

197 713 431 783 λυπηρὸν,
459 714 566 768 κᾶν
597 716 790 768 πενίαν
839 715 1023 788 εἴπῃς,
1069 715 1174 769 κᾶν
1218 716 1393 778 νόσον,
1440 718 1544 771 κᾶν
1584 722 1748 788 αίχμ-

200 796 432 861 αλωσίαν,
448 795 555 850 κᾶν
568 797 835 862 δουλείαν,
859 800 964 852 κᾶν
979 798 1157 853 ὁτιοῦν
1174 800 1284 852 τῶν
1301 799 1564 873 λυπηρῶν
1578 820 1591 832 ·
1610 802 1748 855 ἀλλὰ

200 884 280 935 καὶ
307 881 439 934 6616
463 883 650 934 ἐκεῖνα
680 883 813 952 ἡμῖν
857 885 1184 954 συνεργήσει
1228 885 1365 954 πρὸς
1404 887 1470 938 16
1501 887 1740 941 ἐναντία.

199 965 516 1035 Δξχμάλωτοι
541 960 686 1034 ἦσαν
729 961 898 1029 οὗτοι,
927 965 1018 1020 καὶ
1049 968 1462 1039 προσεκύνησεν
1496 970 1682 1034 αὐτοῖς
1711 970 1740 1021 6

198 1048 424 1121 βασιλεύς
445 1065 462 1078 ·
498 1051 825 1119 σκηνοποιὸς
849 1047 916 1123 ἦν
945 1052 975 1103 6
1012 1051 1247 1116 Παῦλος,
1299 1052 1392 1106 καὶ
1417 1051 1573 1105 έθυον
1598 1052 1745 1124 αύτῷ

193 1134 256 1197 ὡς
279 1132 405 1204 Θεῷ.
448 1132 720 1188 Ἐνταῦθα
745 1131 968 1205 ζήτημα
994 1134 1330 1188 άνακύπτει·
1363 1136 1612 1207 ἐρωτῶσι
1636 1135 1743 1210 γὰρ

193 1217 357 1272 πολλοὶ
403 1216 688 1285 λέγοντες·
719 1216 786 1270 Τί
832 1217 1033 1288 δήποτε
1078 1221 1128 1272 οί
1167 1219 1270 1289 μέν
1317 1219 1608 1274 ἀπόστολοι
1645 1220 1742 1284 τὰς

193 1302 361 1364 θυσίας
397 1301 685 1372 ἀπεῖρξαν,
737 1301 832 1356 καὶ
874 1301 1171 1373 διέρρηξαν
1203 1303 1384 1357 αὐτῶν
1412 1303 1482 1358 16
1528 1304 1742 1374 ἱμάτια,

191 1385 274 1440 καὶ
307 1386 590 1454 ἀπήγαγον
633 1386 832 1449 αὐτοὺς
880 1385 980 1458 τῆς
1022 1387 1444 1458 ἐπιχειρήσεως,
1500 1387 1595 1441 καὶ
1639 1389 1745 1442 άπ-

189 1468 436 1540 ωδύροντο
472 1470 748 1538 λέγοντες,
793 1471 856 1525 Τί
887 1470 1140 1536 ποιεῖτε;
1184 1471 1284 1528 καί
1343 1470 1517 1541 ἡμεῖς
1546 1474 1743 1542 ὁμοιο-

187 1552 375 1619 παθεῖς
415 1554 561 1623 ὑμῖν
601 1555 792 1622 ἐσμεν
833 1553 1130 1622 ἄνθρωποι
1159 1572 1173 1586 ο
1204 1557 1233 1609 6
1264 1555 1324 1608 δὲ
1354 1555 1554 1626 Δανιὴλ
1588 1556 1743 1610 οὐδὲν

185 1635 405 1690 τοιοῦτον
437 1636 720 1709 ἐποίησεν.
760 1637 882 1690 Ὅτι
916 1636 1026 1708 γὰρ
1056 1636 1152 1690 καὶ
1174 1637 1338 1701 αὐτὸς
1365 1638 1623 1703 ταπεινὸς
1650 1635 1740 1711 ἦν,

185 1719 266 1773 καὶ
289 1719 491 1773 τούτων
519 1720 619 1792 ούχ
649 1714 812 1791 ἦττον
857 1719 1092 1790 ἀνέφερε
1127 1720 1204 1791 τῷ
1232 1720 1350 1792 Θεῷ
1387 1722 1562 1788 δόξαν,
1610 1724 1742 1778 πολ-

185 1802 389 1873 λαχόθεν
417 1803 601 1876 δῆλον.
630 1802 884 1859 Μάλιστα
915 1803 1016 1874 μὲν
1040 1803 1149 1876 γὰρ
1185 1805 1282 1858 καὶ
1312 1805 1527 1876 πρῶτον
1553 1807 1650 1861 καὶ
1683 1807 1744 1870 ἐξ

185 1888 330 1942 αὐτοῦ
352 1888 450 1942 τοῦ
486 1887 760 1957 φιλεῖσθαι
787 1887 937 1957 παρὰ
959 1886 1055 1940 τοῦ
1084 1887 1240 1954 Θεοῦ,
1270 1886 1431 1942 τοῦτο
1458 1890 1619 1960 δῆλον
1642 1907 1656 1922 ·
1679 1892 1739 1946 ού

183 1974 276 2044 γάρ
304 1975 367 2026 ἃν
411 1973 580 2026 αὐτὸν
615 1971 1070 2041 σφετεριζόμενον
1115 1969 1217 2024 τοῦ
1261 1971 1398 2025 Θεοῦ
1445 1972 1545 2044 τὴν
1576 1974 1742 2045 τιμὴν

183 2055 257 2108 da
280 2053 462 2124 ζῆσαι,
495 2055 560 2108 06
591 2055 735 2123 λέγω
764 2053 1159 2123 εὐδοκιμῆσαι·
1198 2053 1471 2125 δεύτερον,
1519 2057 1600 2110 ὅτι
1649 2058 1742 2111 καὶ

183 2140 306 2207 μετά
333 2137 538 2208 πολλῆς
566 2139 676 2208 τῆς.
695 2137 1011 2209 παρρησίας
1039 2137 1218 2205 ἔλεγε,
1259 2138 1367 2191 Καὶ
1391 2139 1540 2208 ἐμοὶ,
1556 2141 1742 2204 βασι-

178 2220 298 2288 λεῦ,
318 2223 428 2276 οὐκ
462 2222 534 2275 ἐν
555 2222 742 2291 σοφίᾳ
784 2220 856 2288 τῇ
901 2220 1060 2290 οὔσῃ
1085 2221 1157 2274 ἐν
1183 2222 1310 2290 ἐμοὶ
1345 2221 1744 2294 ἀπεκαλύφθη

177 2307 239 2360 τὸ
285 2305 621 2374 μυστήριον
666 2305 881 2359 τοῦτο·
942 2304 1036 2358 καὶ
1092 2305 1274 2375 τρίτον
1317 2305 1497 2371 πάλιν,
1557 2308 1640 2360 ὅτι
1683 2310 1741 2362 ἐν

177 2390 350 2460 λάκκῳ
393 2384 464 2459 ῆν
500 2389 591 2442 διά
629 2389 722 2443 τὸν
762 2389 929 2442 Θεόν·
961 2389 1055 2442 καὶ
1096 2389 1288 2460 ἐπειδὴ
1331 2388 1538 2462 τροφὴν
1592 2391 1741 2464 αὐτῷ

177 2473 417 2544 ἐκόμισεν
459 2473 488 2526 6
521 2473 834 2544 προφήτης,
877 2472 1066 2542 φησὶν,
1124 2471 1432 2541 Ἐμνήσθη
1473 2473 1583 2545 γάρ
1619 2492 1740 2544 μου

178 2559 207 2612 ό
229 2557 366 2622 Θεός
385 2575 402 2588 ·
438 2556 615 2620 οὕτως
639 2551 708 2628 ἦν
729 2555 984 2619 ταπεινὸς
1013 2555 1109 2610 καὶ
1135 2555 1614 2627 συντετριμμένος.
1653 2558 1741 2612 Ἐν

176 2641 350 2712 λάκκῳ
375 2638 443 2714 ἦν
472 2640 564 2694 6:6
591 2639 688 2692 τὸν
714 2639 869 2705 Θεὸν,
921 2639 1016 2692 καὶ
1063 2637 1282 2703 ἀνάξιον
1325 2639 1518 2693 ἐαυτὸν
1551 2641 1741 2710 ἠγεῖτο

174 2723 260 2794 τῆς
291 2725 516 2795 μνήμης
557 2724 652 2779 καὶ
689 2722 784 2776 τοῦ
831 2720 1187 2792 ἀκουσθῆναι.
1236 2723 1428 2793 Ἡμεῖς
1472 2723 1529 2776 δὲ
1571 2723 1739 2794 μυρία

175 2808 468 2880 τολμῶντες
499 2807 695 2878 μιαρὰ,
727 2807 824 2860 καὶ
842 2806 1060 2860 πάντων
1086 2804 1238 2873 ὄντες
1267 2804 1620 2876 μιαρώτεροι,
1642 2806 1737 2860 ἐάν

176 2893 236 2962 μὴ
282 2892 351 2945 ἐκ
387 2890 615 2964 πρώτης
666 2890 832 2960 εὐχῆς
886 2887 1265 2959 ἀκουσθῶμεν,
1321 2888 1736 2960 ἀναχωροῦμεν.

175 2977 372 3038 Ὄντως
401 2975 538 3028 πολὺ
573 2975 635 3028 τὸ
669 2974 836 3045 μέσον
885 2973 1111 3026 ἐκείνων
1139 2972 1234 3026 καὶ
1276 2973 1456 3044 ἡμῶν,
1486 2973 1609 3027 ὅσον
1638 2974 1735 3027 τοῦ

171 3060 391 3136 ούρανοῦ
418 3061 556 3131 πρὸς
597 3059 697 3130 τὴν
724 3059 853 3129 γῆν,
890 3058 986 3111 καὶ
1017 3058 1073 3110 εἴ
1103 3075 1155 3111 τι
1202 3057 1382 3111 πλέον.
1419 3057 1484 3110 Τί
1521 3057 1734 3125 λέγεις;

173 3146 298 3216 μετά
362 3144 602 3198 τοσαῦτα
656 3142 1081 3214 κατορθώματα,
1142 3143 1281 3214 μετὰ
1339 3141 1399 3196 τὸ
1443 3143 1501 3194 ἐν
1549 3141 1738 3213 λάκκῳ

170 3229 452 3300 γενόμενον
481 3227 692 3292 θαῦμα,
722 3226 868 3279 οὕτω
899 3225 1128 3278 σεαυτὸν
1153 3225 1409 3279 ταπεινὸν
1439 3227 1545 3296 ἡγῇ
1567 3244 1582 3291 ;
1605 3226 1735 3291 Ναὶ,

170 3314 354 3384 φησίν·
408 3305 511 3365 ὅσα
568 3310 679 3381 γὰρ
742 3309 810 3364 ἂν
869 3309 1254 3380 ἐργασώμεθά,
1311 3311 1520 3379 ἀχρεῖοι
1561 3309 1736 3362 δοῦλοί

169 3398 346 3468 ἐσμεν.
376 3395 534 3450 Οὕτω
568 3392 877 3466 προλαϐὼν,
906 3393 968 3446 τὸ
993 3393 1350 3462 εύαγγελικὸν
1372 3393 1737 3464 παράγγελμα

169 3481 416 3551 ἐπλήρου,
457 3478 553 3532 καὶ
593 3477 750 3531 οὐδὲν
785 3478 972 3548 ἠγεῖτο
1008 3478 1222 3533 ἑαυτόν.
1283 3477 1588 3547 Ἐμνήσθη
1628 3477 1736 3548 γάρ

165 3582 265 3633 μου
288 3567 330 3619 ό
353 3562 518 3630 Θεὸς,
547 3561 721 3630 ἔλεγε.
748 3561 857 3613 Kal
877 3563 910 3631 ή
941 3561 1076 3631 εὐχὴ
1098 3559 1262 3614 66106
1289 3563 1389 3631 696
1422 3561 1584 3615 πάλιν
1606 3562 1736 3631 ὅσης

169 3645 665 3716 ταπεινοφροσύνης
698 3643 879 3714 γέμει.
901 3643 1058 3697 Οῦτω
1080 3656 1105 3685 α
1135 3645 1230 3698 καὶ
1276 3645 1324 3697 οἱ
1349 3646 1500 3714 τρεῖς
1547 3644 1737 3708 παῖδες

171 3731 338 3798 ελεγον
359 3745 376 3763 ·
418 3727 805 3798 Ἠμάρτομεν,
847 3726 1242 3796 ἠνομήσημεν
1260 3745 1274 3758 ·
1317 3728 1413 3780 καὶ
1458 3726 1735 3798 πανταχοῦ

169 3817 218 3868 16
252 3815 516 3869 ταπεινὸν
569 3811 779 3865 ἐαυτῶν
829 3810 1160 3866 δεικνύουσι.
1195 3812 1386 3865 Καίτοι
1433 3828 1495 3881 γε
1531 3809 1676 3882 εἶχεν
1707 3813 1737 3866 6

172 3899 344 3971 Δανιὴλ
368 3896 582 3969 μυρίας
603 3895 862 3967 ἀφορμὰς
883 3894 983 3948 τοῦ
1005 3894 1354 3966 ἐπαίρεσθαι,
1377 3896 1493 3949 ἀλλ’
1512 3895 1628 3968 ᾔδει
1654 3896 1736 3950 ὅτι

173 3981 465 4035 καὶταῦτα
509 3977 661 4049 αὐτῷ
693 3978 941 4048 ὑπῆρχεν
973 3978 1082 4031 άπὸ
1125 3977 1218 4031 τοῦ
1266 3978 1340 4049 μὴ
1384 3978 1734 4050 ἐπαίρεσθαι,

173 4066 249 4118 καὶ
273 4067 329 4118 06
359 4062 644 4131 διέφθειρε
673 4060 766 4113 τὸν
795 4059 1090 4132 θησαυρόν.
1125 4060 1286 4131 Παρά
1334 4060 1484 4132 [245]
1527 4062 1737 4126 πάντας

174 4147 263 4216 γὰρ
290 4144 624 4216 ἀνθρώπους
653 4144 680 4184 b
711 4144 806 4197 καὶ
831 4145 892 4196 ἐν
921 4146 988 4214 τῇ
1019 4143 1318 4216 οἰκουμένῃ
1343 4145 1494 4216 πάσῃ
1521 4145 1622 4198 οὐκ
1645 4146 1738 4198 ἐπὶ

171 4231 356 4294 τούτοις
397 4228 561 4300 ᾔδετε
599 4228 781 4299 μόνον,
811 4227 896 4280 ὅτι
928 4227 1097 4299 ῥίψας
1121 4227 1314 4280 ἐαυτὸν
1337 4228 1417 4292 είς
1445 4227 1737 4298 πρόσωπον

171 4317 195 4368 6
223 4313 741 4385 666:1666561tewsv
768 4311 938 4381 αὐτῷ,
968 4311 1183 4365 ἀλλ’ὅτι
1212 4312 1304 4365 καὶ
1337 4311 1459 4364 θεὸν
1488 4312 1737 4383 ἐνόμισεν

172 4399 357 4451 αύτὸνδ
396 4393 682 4464 πανταχοῦ
721 4394 820 4465 τῆς
852 4394 957 4464 γῆς
984 4394 1059 4458 ὼς
1099 4393 1220 4458 θεὸς
1258 4392 1596 4465 τιμώμενος·
1627 4396 1736 4450 πά-

174 4496 258 4549 σης
281 4481 390 4552 γὰρ
435 4478 602 4541 αὐτὸς
634 4478 888 4546 ἐκράτει·
937 4478 1033 4532 καὶ
1073 4476 1233 4550 δῆλον
1277 4478 1388 4533 ἀπὸ
1420 4479 1514 4532 τοῦ
1573 4479 1737 4551 Ἱερε-

174 4564 310 4632 μίου·
354 4564 426 4616 ὀ
456 4561 953 4630 ἀναϐαλλόμενος
985 4560 1116 4631 γὰρ,
1142 4561 1299 4632 φησὶ,
1347 4563 1462 4628 τὴν
1489 4563 1625 4634 γῆν,
1657 4565 1737 4630 ὡς

173 4648 381 4711 Ιιιὰτιον
401 4664 420 4679 ·
458 4645 552 4699 καὶ
579 4644 764 4710 πάλιν,
809 4645 959 4714 Ἐγὼ
985 4644 1178 4698 ἔδωκα
1212 4645 1399 4713 αὐτὴν
1435 4650 1738 4717 Ναϐουχο-

172 4729 412 4798 δονόσορ
441 4726 524 4793 τῷ
543 4727 744 4792 δούλῳ
761 4744 900 4795 μου.
927 4728 1038 4781 Kal
1060 4725 1120 4791 ἐξ
1147 4721 1222 4781 ὧν
1244 4729 1550 4784 ἐπιστέλλει
1578 4731 1736 4800 δῆλον

173 4811 310 4865 τοῦτο
341 4811 533 4875 πάλιν,
581 4811 664 4863 ὅτι
714 4810 816 4864 οὐκ
863 4811 981 4863 ἐκεῖ
1010 4811 1174 4880 μόνον
1206 4811 1571 4881 ἐθαυμάζετο,
1605 4814 1736 4868 ἔνθα

171 4890 245 4965 ἦν,
278 4895 417 4949 ἀλλὰ
453 4893 551 4947 καὶ
589 4891 892 4962 πανταχοῦ,
934 4893 1030 4946 καὶ⁵
1065 4893 1268 4964 μείζων
1304 4891 1373 4967 ἦν
1403 4897 1735 4964 ἀκουόμενος

173 4980 270 5048 ἢεί
295 4979 545 5050 παρόντα
569 4972 710 5030 εἶδον
740 4977 902 5030 αὑτὸν
937 4975 1008 5030 16
1044 4977 1209 5031 λοιπά
1251 4978 1402 5050 ἔθνη,
1441 4982 1602 5033 όπότε
1641 4982 1736 5035 καὶ

174 5060 248 5114 διὰ
296 5062 648 5134 γραμμάτων
699 5059 1019 5130 ὡμολόγησε
1073 5060 1171 5132 τὴν
1239 5061 1482 5117 δουλείαν
1534 5065 1628 5118 καὶ
1674 5066 1736 5118 τὸ

175 5145 356 5215 θαῦμα.
401 5143 546 5198 Ἀλλ’
573 5144 724 5214 ὅμως
741 5144 836 5196 καὶ
870 5145 964 5197 ἐπὶ
997 5143 1160 5215 σοφία
1180 5146 1340 5198 πάλιν
1370 5147 1732 5219 ἐθαυμάζετο·

179 5231 256 5300 Μὴ
279 5230 621 5300 σοφώτερος
654 5230 765 5300 γάρ
796 5225 870 5294 εἴ,
899 5231 1056 5300 φησὶ,
1086 5229 1168 5284 σὺ
1196 5231 1303 5285 τοῦ
1329 5233 1594 5301 Δανιήλ;
1626 5237 1735 5289 Καὶ

177 5316 298 5382 μετά
329 5315 508 5368 ταῦτα
541 5315 722 5367 πάντα
753 5313 927 5377 οὕτως
954 5308 1024 5385 ἦν
1057 5317 1333 5382 ταπεινὸς,
1366 5318 1440 5381 ὼς
1475 5320 1734 5392 μυριάκις

176 5398 251 5450 διὰ
275 5399 362 5451 τὸν
390 5398 676 5469 Δεσπότην
709 5397 1022 5452 ἀποθανεῖν.

230 5575 255 5613 b
283 5576 448 5646 γετίνα
485 5589 668 5646 prgccs
698 5577 1003 5646 conlinentia
1042 5582 1288 5634 excidisse
1323 5589 1463 5646 putat
1497 5587 1644 5646 Dun.,
1678 5597 1731 5637 et

177 5639 427 5700 supplgnda
460 5653 519 5688 ex
545 5641 662 5688 Dan.
701 5655 770 5700 Ix,
793 5642 840 5690 5.

230 5697 499 5776 :fiolb.
531 5708 692 5776 ι-θειο.
738 5697 994 5765 [interpres
1026 5706 1128 5758 Lat.
1152 5721 1262 5758 cum
1303 5707 1463 5770 Colb.,
1493 5711 1651 5776 Regg.
1678 5719 1729 5762 ει

179 5758 392 5834 Commel.
419 5763 682 5847 conseglit.

1929 470 1992 526 ε’.
2017 473 2081 525 Τί
2103 474 2292 544 δήποτ’
2317 473 2411 532 οῦν
2432 480 2576 535 οὕτω
2595 484 2848 547 ταπεινὸς
2865 482 2963 550 ὦν,
2989 485 3050 538 06
3071 486 3424 559 διεκρούσατο

1854 555 1978 609 οὔτε
2007 559 2106 628 τὴν
2135 562 2504 634 προσκύνησιν
2529 567 2624 636 τὴν
2663 568 2812 637 παρά
2846 570 2940 621 τοῦ
2981 555 3264 638 βασιλέως,
3300 573 3424 630 οὔτε

1853 640 1951 728 16c;
2007 644 2280 710 σπονδάς;
2340 646 2512 700 Τοῦτο
2561 651 2661 701 οὐκ
2704 652 2848 728 ἐρῶ·
2910 653 3070 723 ἀρκεῖ
3097 655 3206 726 γάρ
3242 675 3332 728 μοι
3365 661 3427 712 τὸ

1853 723 2076 810 ζήτημα
2101 727 2261 796 μόνον
2291 732 2492 784 εἰπεῖν·
2523 733 2584 786 τὸ
2625 733 2682 786 δέ
2706 725 2890 788 λοιπὸν
2929 739 3056 806 ὑμῖν
3084 723 3310 810 ἀφίημι,
3338 741 3425 795 ἵνα

1851 809 1954 861 κᾶν
1997 809 2140 863 οὕτω
2177 813 2521 886 διαναστήσω
2568 818 2720 887 ὑμῶν
2761 821 2860 891 τὴν
2903 821 3160 877 διάνοιαν.
3211 809 3426 880 Ἐκεῖνο

1854 892 2036 964 μέντοι
2074 899 2395 968 παρεγγυῶ,
2451 901 2627 956 πάντα
2679 903 2767 956 διὰ
2815 904 2906 957 τὸν
2944 906 3037 958 τοῦ
3079 908 3216 962 Θεοῦ
3259 911 3450 978 φόϐον-

1851 979 2144 1049 αἰρεῖσθοι,
2185 982 2559 1053 ὑποδείγματα
2604 987 2829 1039 τοιαῦτα
2867 988 3128 1058 ἔχοντας·
3198 994 3292 1046 καὶ
3340 996 3425 1048 ὅτι

1850 1061 2018 1125 ὅντως
2048 1066 2142 1117 καὶ
2170 1065 2277 1117 τῶν
2312 1067 2547 1121 ἐνταῦθα
2583 1070 2998 1140 ἐπιτευξὸμεθσ,
3029 1074 3125 1126 ἐὰν
3150 1076 3258 1129 τῶν
3290 1077 3424 1147 μελ-

1851 1145 2062 1232 λόντων
2076 1149 2314 1232 γνησίως
2333 1150 2773 1221 ἀντιλαϐώμεθα.
2798 1154 2923 1207 Ὅτι
2945 1154 3054 1226 γὰρ
3074 1156 3176 1210 οὐκ
3197 1145 3427 1232 ἀπονοίᾳ.

1849 1227 2008 1284 τοῦτο
2051 1231 2298 1303 ἐποίησε,
2345 1234 2503 1304 δῆλον
2546 1236 2655 1289 άπὸ
2688 1237 2782 1289 τοῦ
2814 1239 3010 1302 εἰπεῖν,
3069 1241 3143 1294 Τὰ
3199 1227 3429 1310 δόματᾶ

1851 1328 1969 1368 σου
1991 1314 2089 1368 σοὶ
2113 1315 2288 1369 ἔστω.
2319 1319 2428 1370 Kal
2459 1320 2568 1391 γὰρ
2603 1321 2697 1373 καὶ
2731 1321 2890 1375 τοῦτο
2923 1322 3084 1377 πάλιν
3109 1323 3298 1396 ἕτερον
3324 1324 3426 1396 ζή-

1850 1414 2026 1467 τημα,
2064 1401 2179 1464 πῶς
2209 1401 2286 1471 τῷ
2318 1401 2461 1472 λόγῳ
2492 1404 2935 1474 διακρουόμενος,
2975 1406 3065 1460 διὰ
3099 1408 3207 1461 τῶν
3248 1408 3427 1480 ἔργων

1849 1481 2069 1547 ἐδέξατο
2097 1485 2198 1555 τὴν
2223 1485 2411 1556 τιμὴν,
2442 1489 2536 1541 καὶ
2570 1489 2800 1559 ἐφόρεσε
2834 1491 2930 1543 τὸν
2981 1491 3278 1563 μανιάκην.
3315 1495 3426 1548 Καὶ

1847 1569 1876 1620 6
1904 1567 2003 1636 μὲν
2039 1567 2288 1640 Ἡρώδης
2306 1570 2570 1636 ἀκούσας,
2615 1573 2790 1640 Φωνὴ
2829 1574 2998 1635 Θεοῦ,
3039 1576 3139 1629 καὶ
3175 1579 3287 1631 οὐκ
3314 1578 3424 1632 ἁν-

1847 1651 2104 1720 θρώπου,
2131 1653 2319 1724 ἐπειδὴ
2353 1654 2427 1726 μὴ
2451 1655 2618 1711 ἔδωκε
2645 1656 2802 1723 δόξαν
2847 1657 2924 1727 τῷ
2957 1657 3098 1728 Θεῷ,
3133 1660 3421 1733 διερῤάγη,

1847 1737 1945 1790 καὶ
1978 1735 2208 1809 ἐξεχύθη
2238 1737 2308 1790 τὰ
2333 1738 2616 1808 σπλάγχνα
2651 1740 2846 1794 αὐτοῦ·
2884 1734 3043 1806 οὗτος
3067 1742 3125 1796 δέ
3165 1746 3260 1798 καὶ
3285 1745 3422 1800 Θεοῦ

1845 1820 2012 1891 τιμὴν
2065 1823 2404 1892 προσήκατο,
2455 1823 2578 1892 οὐχὶ
2630 1825 2855 1894 ῥήματα
2901 1825 3083 1897 μόνον.
3158 1827 3426 1884 Ἐνταῦθα

1847 1904 2141 1972 ἀναγκαῖον
2176 1907 2351 1958 εἰπεῖν
2373 1906 2424 1959 τί
2447 1907 2510 1978 δὴ
2549 1907 2707 1961 τοῦτό
2734 1910 2904 1966 ἐστιν.
2934 1913 3054 1963 Ὀτι
3083 1912 3291 1966 ἐκεῖθεν
3326 1915 3425 1984 μὲν

1847 1989 1926 2050 εἰς
1956 1988 2402 2058 είδωλολατρείαν
2433 1991 2727 2054 ἐξέπιπτον
2757 1995 2806 2045 οἱ
2857 1994 3134 2065 ἄνθρωποι
3178 1995 3424 2064 μείζονα.

1847 2072 2098 2126 ἐντεῦθεν
2123 2072 2178 2124 δέ
2201 2072 2404 2128 ούκέτι.
2440 2073 2595 2139 Πῶς;
2635 2076 2708 2128 T6
2734 2076 2842 2146 γάρ
2872 2077 3193 2148 νομισθῆναι
3235 2080 3426 2133 τοῦτον

1845 2155 2106 2215 τοιοῦτον.
2139 2156 2274 2227 τιμὴ
2305 2158 2386 2220 εἰς
2420 2156 2510 2210 τὸν
2540 2156 2672 2211 Θεὸν
2702 2155 2771 2228 ῆν
2791 2175 2804 2189 ·
2847 2160 2938 2213 6:6
2965 2161 3073 2232 γάρ
3102 2161 3262 2216 τοῦτο
3289 2180 3424 2232 προ-

1845 2239 2028 2293 λαϐὼν
2058 2235 2198 2292 εἷπε·
2224 2240 2332 2293 Καὶ
2361 2239 2489 2308 ἐμοὶ
2524 2240 2591 2292 δὲ
2612 2243 2723 2295 οὐκ
2757 2242 2827 2294 ἑν
2850 2245 3038 2311 σοφίᾳ
3066 2243 3140 2312 τῇ
3172 2244 3329 2313 οὔσῃ
3357 2246 3427 2299 ἐν·

1845 2325 1972 2393 ἐμοὶ
1998 2324 2416 2392 ἀπεκαλύφθη.
2451 2324 2662 2387 ’Ἄλλως
2693 2325 2768 2392 δὲ,
2807 2327 2930 2379 οὐδὲ
2963 2328 3215 2396 φαίνεται
3251 2347 3425 2400 1:906-

1845 2408 2060 2478 ιέμενος
2094 2407 2192 2470 τάς
2220 2407 2488 2471 σπονδάς·
2540 2404 2661 2461 εἷπε
2699 2409 2796 2477 μὲν
2825 2409 2956 2480 γάρ,
2989 2412 3172 2480 φησιν,
3205 2413 3287 2466 ὅτι
3317 2412 3424 2482 χρὴ

1847 2492 2089 2554 σπεῖσαι,
2129 2488 2282 2542 οῦπω
2310 2489 2366 2542 δέ
2395 2490 2556 2559 δῆλον
2605 2492 2845 2558 ἐγένετο,
2882 2493 2964 2545 δτι
3019 2492 3170 2566 1244]
3225 2497 3318 2548 καὶ
3365 2495 3426 2548 τὸ

1845 2575 2007 2644 ἔργον
2039 2572 2547 2644 παρηκολούθησεν.
2594 2573 2744 2627 Ἐκεῖ
2769 2575 2826 2628 δὲ
2851 2575 3090 2645 ἤνεγκαν
3130 2577 3271 2631 ὥστε
3297 2579 3426 2640 τοὺς

1843 2657 2074 2728 ταύρους
2100 2656 2407 2711 καταθῦσαι
2438 2668 2463 2696 ε
2484 2675 2498 2687 ·
2537 2657 2632 2710 καὶ
2669 2658 2899 2712 ἐκάλουν
2929 2659 3022 2713 τὸν
3055 2661 3153 2730 μὲν
3185 2663 3304 2726 Δία,
3333 2663 3424 2716 16v

1843 2742 1900 2795 δὲ
1954 2743 2184 2814 Ἑρμῆν.
2232 2741 2337 2794 Τὸν
2383 2741 2482 2812 μὲν
2523 2737 2617 2794 οὖν
2657 2743 2927 2814 μανιάκην
2964 2747 3302 2816 προσήκατο,
3336 2747 3425 2800 ἵνα

1841 2826 2000 2897 δῆλον
2034 2826 2226 2880 ἐαυτὸν
2255 2828 2490 2898 ποιήσῃ⁶
2533 2827 2636 2898 την
2668 2827 2852 2898 μέντοι
2885 2829 3119 2899 σπονδὴν
3147 2831 3232 2884 6:6
3256 2831 3309 2884 τί
3347 2831 3423 2903 μὴ

1843 2911 2094 2981 φαίνεται
2118 2909 2574 2981 διακρουόμενος;
2606 2911 2701 2963 καὶ
2726 2911 2836 2984 γὰρ
2863 2915 2980 2966 ἐκεῖ
3000 2914 3100 2967 οὐκ
3131 2915 3421 2987 ἐποίησαν,

1841 2994 1955 3048 ἀλλ’
2024 2992 2414 3064 ἐπεχείρησαν,
2470 2994 2565 3046 καὶ
2635 2994 2918 3049 ἐκώλυσαν
2974 2999 3026 3050 οἱ
3086 2999 3421 3056 ἀπόστολοι·

1841 3079 1980 3134 ὥστε
2029 3077 2124 3130 καὶ
2175 3075 2411 3130 ἐνταῦθα
2440 3076 2549 3129 ἔδει
2577 3078 2781 3142 εὐθέως
2821 3080 3289 3153 διακρούσασθαι·
3327 3087 3423 3139 καὶ

1839 3165 1958 3216 ἐκεῖ
1981 3162 2078 3232 μὲν
2107 3160 2276 3230 δῆμος
2302 3159 2595 3232 ὁλόκληρος
2626 3157 2714 3232 ῆν,
2759 3163 2997 3218 ἐνταῦθα
3041 3166 3098 3218 δὲ
3134 3165 3418 3238 τύραννος.

1841 3244 1907 3300 Τί
1940 3241 2033 3298 οῦν
2058 3243 2220 3297 αὑτὸν
2251 3243 2352 3296 οὑκ
2375 3243 2656 3314 ἀπήγαγε,
2692 3245 2980 3314 προλαϐὼν
3007 3244 3185 3312 εἷπον,
3209 3250 3292 3302 ὅτι
3323 3251 3422 3322 οὐχ

1838 3330 1914 3394 ὼς
1942 3328 2048 3398 θεῷ
2082 3327 2338 3380 ἔσπενδεν
2365 3327 2458 3379 ἐπὶ
2489 3329 2769 3399 ἀνατροπῇ
2797 3331 2891 3384 τοῦ
2917 3331 3279 3402 σεδάσματος,
3302 3333 3420 3388 ἀλλ’

1840 3415 1933 3467 ἐπὶ
1971 3409 2178 3482 μείζονι
2213 3409 2478 3480 θαύματι.
2527 3409 2686 3476 Πῶς;
2733 3413 2858 3465 Ὅτι
2902 3414 2996 3468 τοῦ
3037 3415 3174 3468 Θεοῦ
3227 3416 3418 3472 ἐνεκεν

1838 3496 2114 3565 διάταγμα
2138 3493 2404 3559 τέθεικεν,
2439 3493 2721 3563 ὁμολογῶν
2754 3496 2920 3550 αὐτοῦ
2946 3497 3045 3568 τὴν
3075 3497 3416 3555 δεσποτείαν·

1839 3582 1982 3635 ὥστε
2018 3580 2117 3633 οὐκ
2147 3577 2532 3649 ῆκρωτηρίαζε
2570 3579 2672 3648 τὴν
2708 3582 2894 3650 τιμήν.
2949 3582 3180 3637 Ἐκεῖνοι
3224 3583 3281 3637 δὲ
3317 3585 3419 3660 οὐχ

1839 3665 2034 3730 οὕτως,
2065 3664 2161 3720 ἀλλ
2205 3665 2407 3728 αὐτοὺς
2444 3665 2695 3734 ἐνόμιζον
2741 3662 2883 3719 εἶναι
2928 3667 3056 3731 τοὺς
3097 3665 3284 3733 θεούς·
3329 3670 3420 3726 διὰ

1839 3751 1999 3806 τοῦτο
2027 3747 2386 3823 διεκρούοντο.

1913 3882 2128 3944 Ἄλλως
2152 3881 2232 3943 δὲ,
2269 3881 2362 3936 καὶ
2387 3881 2780 3952 προσκυνήσας
2813 3881 3064 3948 ἐνταῦθα,
3100 3881 3223 3935 τότε
3249 3879 3422 3935 ταῦτα

1841 3970 1986 4022 ποιεῖ
2009 3984 2022 3998 ·
2050 3966 2172 4019 ούδέ
2199 3965 2310 4037 γὰρ
2339 3967 2414 4028 ὼς
2454 3965 2562 4034 θεῷ
2610 3967 3046 4036 προσεκύνησεν,
3077 3965 3193 4018 ἀλλ’
3218 3965 3293 4028 ὼς
3321 3966 3421 4020 ἀν-

1841 4051 2047 4124 θρώπῳ
2090 4048 2258 4118 σοφῷ.
2295 4049 2369 4101 O6
2404 4047 2563 4117 δῆλον
2593 4047 2648 4100 δὲ
2675 4047 2793 4102 ούδέ
2835 4049 2916 4100 ὅτι
2954 4049 3245 4102 ἔσπεισεν·
3283 4049 3332 4102 εί
3359 4049 3420 4102 δὲ

1841 4135 1937 4188 καὶ
1965 4133 2240 4194 ἔσπεισεν,
2270 4131 2386 4184 ἀλλ’
2424 4131 2484 4184 06
2534 4131 2830 4201 δεχομένου
2858 4131 2952 4185 τοῦ
2989 4132 3211 4203 Δανιήλ.
3247 4132 3313 4185 Τί
3337 4132 3418 4198 δὲ,

1839 4219 1921 4273 61:
1957 4217 2121 4270 αὐτὸν
2171 4215 2266 4269 καί
2306 4215 2594 4285 Βαλτάσαρ
2628 4215 2907 4277 ἐκάλεσεν,
2955 4215 3217 4271 τοῦ¹θεοῦ
3242 4215 3418 4270 αὑτοῦ

1839 4304 1901 4357 τὸ
1919 4303 2120 4372 δνομας
2163 4297 2353 4362 οὕτως
2380 4299 2532 4352 οὐδὲν
2577 4298 2764 4367 θαῦμα
2805 4298 3038 4368 ἡγοῦντο
3084 4299 3264 4353 αὐτῶν
3291 4301 3431 4364 τοὺς·

1842 4387 2018 4451 θεοὺς,
2053 4387 2190 4440 ὅπου
2237 4402 2301 4453 γε
2341 4383 2436 4436 καὶ
2465 4383 2556 4436 τὸν
2589 4381 2938 4453 αἰχμάλωτον
2965 4381 3139 4445 οὕτως
3177 4383 3364 4437 ἐκάλει
3388 4385 3419 4437 6

1841 4472 2049 4533 πάντας
2073 4468 2310 4522 κελεύων
2350 4467 2450 4536 τὴν
2487 4466 2676 4520 εἰκόνα
2715 4468 3045 4534 προσκυνεῖν
3079 4465 3178 4535 τὴν
3219 4483 3421 4520 παντο·

1838 4555 2014 4625 δαπὴν
2036 4552 2138 4607 ’καὶ
2172 4550 2446 4621 ποικίλην,
2497 4550 2591 4602 καὶ
2631 4549 2723 4602 τὸν
2760 4550 3034 4620 δράκοντα
3068 4551 3242 4602 σέϐων
3268 4568 3281 4582 ·
3321 4551 3420 4602 καὶ

1841 4639 2064 4694 ἐκείνων
2094 4636 2228 4689 πολὺ
2258 4630 2402 4705 ἦσαν
2429 4632 2780 4703 ἀνοητότεροι
2825 4633 2876 4684 οἱ
2926 4631 3266 4684 Βαϐυλώνιοι
3308 4631 3417 4684 τῶν

1840 4725 1899 4778 ἐν
1931 4722 2152 4791 Λύστρα
2173 4736 2187 4751 ·
2215 4719 2296 4771 6:6
2325 4717 2425 4770 οῦκ
2454 4716 2580 4785 ἐνῆν
2615 4714 2818 4777 εὐθέως
2845 4714 3065 4782 ἐνάγειν
3105 4715 3301 4776 αὐτοὺς
3332 4715 3417 4777 εἰς

1838 4805 2016 4859 τοῦτο.
2081 4802 2191 4856 Kal
2242 4799 2410 4852 πολλὰ
2456 4799 2523 4853 ἀν
2566 4814 2651 4859 τις
2684 4795 2830 4849 εἴποι
2861 4813 2876 4828 ·
2933 4797 3071 4859 τέως
3130 4795 3188 4848 δὲ
3239 4793 3416 4849 ταῦτα

1839 4889 2020 4961 ἀρκεῖ.
2047 4887 2144 4940 Ἂν
2171 4886 2352 4938 τοίνυν
2378 4880 2698 4953 βουλώμεθα
2728 4880 2948 4932 πάντων
2993 4881 3273 4948 ἐπιτυχεῖν
3305 4877 3416 4931 τῶν

1839 4971 2084 5042 ἀγαθῶν,
2110 4970 2178 5023 16
2215 4967 2359 5022 κατὰ
2388 4965 2521 5018 Θεὸν
2570 4963 2850 5032 ζητῶμεν.
2887 4963 3102 5032 ’Ὠσπερ
3131 4961 3238 5032 γὰρ
3268 4963 3315 5014 οί
3346 4962 3414 5015 16

1837 5057 1934 5113 τοῦ
1993 5056 2199 5125 κόσμου
2263 5051 2574 5120 ζητοῦντες,
2637 5049 2733 5102 καὶ
2784 5047 2987 5100 τούτων
3037 5045 3131 5098 καὶ
3189 5046 3416 5099 ἐκείνων

1839 5141 2200 5196 ἐκπίπτουσιν
2220 5155 2234 5171 ·
2258 5135 2430 5197 οὕτως
2467 5134 2516 5185 οί
2548 5133 2617 5184 τά
2644 5130 2786 5186 κατά
2835 5131 2968 5183 Θεὸν
3015 5129 3414 5199 προτιμῶντες,

1838 5223 2168 5295 ἀμφοτέρων
2237 5217 2682 5286 ἐπιτυγχάνουσι.
2740 5214 2831 5285 Μὴ
2894 5213 2958 5284 δὴ
3013 5211 3187 5266 ταῦτα
3229 5212 3416 5267 λοιπῶν

1839 5307 2116 5379 ζητῶμεν,
2163 5304 2278 5358 ἀλλ’
2327 5305 2532 5364 ἐκεῖνα,
2585 5303 2670 5354 ἶνα
2711 5299 2945 5353 καὶτῶν
2989 5297 3415 5369 ἐπηγγελμένων

1840 5393 2066 5462 ἀγαθῶν
2103 5389 2453 5460 ἐπιτύχωμεν
2495 5389 2552 5441 ἐν
2594 5386 2816 5460 Χριστῷ
2873 5381 3047 5456 Ἰησοῦ
3095 5385 3174 5453 τῷ
3224 5385 3415 5455 Κυρίῳ

1841 5476 2015 5548 ἡμῶν.

1898 5705 1924 5746 δ
1955 5706 2236 5770 Conjeclum
2263 5709 2358 5766 est,
2405 5703 2506 5753 Ἐκ,
2544 5704 2595 5752 δὲ
2614 5704 2689 5761 ἦν.
2711 5703 2793 5750 καὶ
2831 5702 2934 5757 τοὺς
2963 5719 3006 5751 1.
3043 5703 3169 5750 ὥστε
3208 5691 3412 5748 καταθῦ-

1837 5787 1937 5820 σαι.
