3926 6406
185 377 297 433 I85

1045 391 1108 447 IN
1146 391 1361 451 EPIST.
1403 395 1493 449 AD
1530 395 1887 457 HEBRAEOS.
1926 402 2079 459 CAP.
2124 404 2214 463 XI.
2259 408 2483 467 HOMIL.
2531 412 2735 471 XXVII.

3368 415 3470 470 186

1052 610 1057 615 ’
1504 627 1854 692 HOMILIA
1899 628 2166 690 xxvu.

179 742 322 801 Car.
351 748 440 802 Η.
469 763 522 802 v.
544 749 642 805 ‘28.
674 748 807 805 Fide
829 750 1096 806 ceiebravit
1124 753 1315 823 pascha
1340 764 1387 806 et
1415 751 1679 823 sanguinis
1707 752 1781 819 ef-

259 841 553 909 fusionem,
594 858 659 895 ne
692 842 778 913 qui
817 842 1047 897 uastabat
1083 844 1368 915 primitiae,
1412 852 1637 914 tangeret
1672 859 1777 898 eos.

256 930 355 1005 29.
383 931 516 986 Fide
534 936 840 989 transierunt
859 952 1000 990 mare
1026 935 1272 1003 Rubrum,
1297 945 1555 1007 tamquam
1573 952 1664 1005 per
1683 936 1781 990 ari-

254 1022 380 1076 dam
421 1035 656 1080 terram:
675 1028 811 1095 quod
847 1028 1043 1099 aperti
1077 1026 1338 1098 Egyptii,
1378 1028 1600 1082 decorati
1637 1038 1775 1081 sunt.

254 1113 351 1170 30.
398 1113 530 1169 Fide
567 1117 703 1170 muri
741 1115 948 1172 Iericho
988 1127 1307 1186 corruerunt,
1334 1120 1551 1174 circuitu
1577 1119 1777 1174 dierum

253 1216 468 1275 septem.
496 1208 584 1264 3i.
622 1207 755 1264 Fide
784 1209 963 1265 Raltab
992 1211 1230 1267 meretrix
1256 1227 1358 1266 non
1385 1213 1532 1282 periit
1559 1229 1673 1267 cum
1696 1212 1777 1267 itt-

253 1300 500 1364 credntis,
520 1301 780 1373 excipiens
807 1304 1153 1369 exploratores
1176 1322 1290 1360 cum
1319 1322 1471 1375 pace.

250 1392 277 1445 1
292 1431 306 1445 .
342 1391 503 1446 Multa
529 1393 666 1449 solet
694 1394 888 1451 Paulus
916 1396 1198 1468 interiecta
1222 1399 1453 1470 probare
1474 1415 1542 1456 ac
1564 1403 1771 1456 contir-

170 1498 355 1549 rnare,
384 1493 441 1540 et
466 1494 549 1540 est
572 1485 762 1542 creber
786 1490 1089 1545 sententiis.
1124 1490 1269 1548 Talis
1298 1491 1442 1547 enim
1481 1503 1567 1548 est
1600 1495 1769 1564 gratia

174 1572 416 1645 Spiritus
446 1593 459 1631 :
488 1592 593 1632 non
620 1578 675 1633 in
697 1580 984 1636 verborum
1007 1582 1349 1640 multitudine
1369 1587 1612 1643 continet
1642 1604 1771 1660 pau-

170 1681 271 1725 cos
292 1683 508 1733 sensus,
532 1671 624 1725 sed
648 1671 703 1726 in
735 1672 1019 1728 verborum
1043 1673 1301 1732 brevitate
1327 1679 1548 1735 multum
1571 1690 1626 1737 et
1652 1697 1767 1738 ma-

170 1772 341 1828 gnam
387 1759 521 1814 indit
568 1760 992 1833 intelligentiam.
1042 1765 1173 1821 Vide
1214 1781 1383 1838 ergo,
1429 1783 1559 1825 cum
1600 1772 1769 1829 instar

170 1850 568 1905 adhortationis
592 1851 661 1907 de
690 1854 797 1909 (ide
822 1854 1145 1921 dissereret,
1176 1856 1331 1928 cujus
1360 1858 1542 1930 ﬁgura:
1568 1872 1621 1917 et
1648 1879 1766 1936 my-

170 1943 326 1998 sterii
359 1944 665 2012 admoneat,
694 1947 847 2016 cujus
874 1948 1134 2005 habemus
1157 1952 1461 2010 veritatem.
1492 1953 1643 2020 Fide,
1679 1957 1762 2012 iu-

173 2037 314 2111 quit,
346 2036 609 2091 celebravit
642 2038 843 2093 Pascha
871 2051 918 2094 et
942 2043 1207 2113 sanguinis
1235 2042 1551 2115 eﬂ'ttsionem,
1586 2062 1650 2103 ne
1677 2051 1765 2118 qui

177 2127 402 2181 uastabat
432 2129 767 2199 primogenita
787 2144 872 2185 eos
894 2141 1138 2203 tangeret.
1159 2136 1239 2209 (a)
1272 2135 1408 2204 Quid
1431 2149 1513 2194 est
1540 2143 1763 2214 sangui-

173 2219 260 2274 nis
287 2220 513 2275 eifusio?
553 2223 734 2291 Agnus
762 2218 1163 2279 sacriﬁcabatur
1196 2225 1251 2279 in
1291 2228 1495 2285 wdibns
1514 2272 1529 2297 ,
1555 2241 1610 2289 et
1637 2250 1762 2290 san-

168 2314 291 2382 guis
312 2313 431 2383 ejus
454 2314 760 2369 illinebatnr
782 2316 1048 2385 postibus,
1072 2326 1128 2372 et
1153 2317 1253 2372 hoc
1278 2330 1392 2374 erat
1419 2338 1526 2392 quo
1554 2328 1763 2381 munie-

166 2408 330 2464 batur
378 2400 659 2473 rEgyptius
704 2402 972 2457 interitus.
1018 2403 1075 2460 Si
1118 2420 1245 2477 ergo
1283 2412 1503 2480 sanguis
1539 2414 1664 2483 agni
1711 2415 1762 2468 in

166 2496 351 2555 medio
380 2493 753 2567 Egyptiorum
784 2505 841 2550 et
876 2495 936 2551 in
969 2506 1117 2552 tanto
1146 2499 1317 2557 exitio
1358 2502 1552 2559 illaesos
1585 2514 1765 2561 custo-

163 2590 352 2646 diebat
380 2589 597 2646 Judaeos
615 2628 635 2654 ,
668 2588 839 2643 multo
865 2589 1035 2660 magis
1061 2606 1158 2646 nos
1184 2595 1522 2650 conservabit
1546 2600 1764 2668 sanguis

163 2683 392 2747 Christi,
424 2681 590 2736 illitos
613 2696 718 2735 non
749 2682 1024 2751 postibus,
1059 2683 1153 2739 sed
1190 2686 1388 2743 nostris
1413 2687 1606 2744 animis
1634 2708 1647 2743 :
1677 2699 1762 2746 et.

162 2773 312 2830 enim
343 2787 488 2827 nunc
515 2786 728 2842 quoque
756 2771 857 2841 qui
876 2781 1047 2827 vastat
1073 2781 1130 2828 et
1155 2775 1352 2845 perdit,
1383 2778 1434 2833 in
1466 2778 1565 2835 hac
1585 2781 1761 2838 media

161 2875 327 2921 nocte
352 2864 561 2921 circuit.
590 2863 698 2919 Sed
720 2879 995 2920 armemus
1014 2865 1107 2921 illo
1130 2868 1413 2924 sacriﬁcio.
1449 2870 1759 2931 Unctionem

160 2967 325 3012 vocat
354 2955 671 3011 en‘usionem
702 2969 805 3011 :ex
832 2955 1069 3027 Aigypto
1092 2958 1236 3013 enim
1260 2974 1365 3015 nos
1389 2961 1574 3019 eduxit
1597 2966 1757 3034 Deus,

160 3064 195 3105 ε
227 3048 492 3114 tenebris,
521 3063 591 3102 ex
624 3047 946 3102 idololatria.
977 3047 1136 3118 Atqui
1155 3051 1299 3121 quod
1323 3050 1519 3109 factum
1543 3057 1758 3128 quidem

158 3142 283 3204 fuit,
323 3140 458 3195 nihil
498 3148 644 3206 erat;
690 3140 831 3210 quod
862 3152 1051 3197 autem
1086 3142 1212 3198 hinc
1243 3147 1638 3216 perﬁciebatur,
1672 3165 1761 3209 res

160 3246 378 3302 magna.
405 3230 536 3286 Nam
563 3230 705 3301 quod
735 3231 932 3287 factum
959 3232 1174 3303 quidem
1207 3235 1301 3291 fuit
1319 3275 1335 3304 ,
1364 3248 1481 3294 erat
1506 3244 1757 3313 sanguis;

156 3324 306 3395 quod
333 3331 519 3377 autem
543 3322 894 3391 efﬁciebatur,
917 3326 1064 3380 salus
1087 3332 1145 3381 et
1172 3327 1466 3385 obstruetio
1490 3346 1554 3387 ac
1579 3335 1762 3404 prohi-

156 3412 297 3472 bitio
348 3412 619 3470 interitus.
660 3412 861 3470 Timuit
899 3417 1212 3487 sanguinem
1256 3422 1510 3491 angelus;
1560 3425 1762 3484 sciebat

154 3508 305 3564 enim
351 3506 504 3576 cuius
550 3515 697 3563 esset
739 3515 929 3581 typus;
974 3508 1221 3579 horruit,
1266 3523 1495 3571 mortem
1550 3518 1761 3577 Domini

126 3598 406 3671 -cogitans
440 3613 455 3651 :
482 3607 763 3667 propterea
791 3612 896 3654 non
925 3600 1174 3671 tangebat
1202 3613 1401 3672 postes.
1445 3605 1585 3662 Dixit
1612 3609 1763 3683 Moy-

156 3704 289 3755 ses,
332 3686 557 3758 Ungite;
613 3697 670 3743 et
715 3696 1014 3758 unxerunt,
1060 3690 1383 3765 fueruntque
1430 3698 1763 3758 conﬁdentes

159 3789 213 3835 et
244 3780 445 3835 securi.
478 3780 583 3835 Vos
609 3790 787 3837 autem
814 3781 983 3853 ipsius
998 3785 1120 3855 agni
1141 3785 1401 3844 habentes
1422 3794 1759 3865 sanguinem,

159 3889 267 3928 non
298 3871 606 3927 conﬁditis?
650 3872 783 3927 Fide
819 3877 1127 3931 transierunt
1157 3894 1295 3934 mare
1325 3881 1591 3952 Rubrum,
1624 3895 1759 3941 tam-

156 3979 311 4036 queam
337 3979 431 4035 per
454 3964 654 4018 aridam
674 3975 881 4023 terram.
914 3967 1118 4024 Rursus
1147 3979 1314 4026 totum
1340 3976 1591 4045 populum
1610 3992 1761 4035 com-

161 4065 318 4126 parat
356 4055 575 4125 pOpulo,
604 4070 677 4131 ne
714 4057 925 4122 dicant,
967 4059 1081 4115 Non
1124 4076 1413 4131 possumus
1459 4078 1581 4125 esse
1624 4073 1763 4128 sicut

158 4149 357 4203 Sancti.
391 4144 540 4209 Fide.
570 4150 764 4218 inquit.
795 4153 1104 4207 transierunt
1146 4172 1285 4210 mare
1335 4158 1588 4218 Rubrum.
1625 4177 1755 4219 Ιπιη-

162 4257 319 4309 quam
345 4254 433 4299 per
457 4240 653 4292 aridam
674 4250 859 4293 terram
880 4257 899 4293 :
918 4241 1054 4308 quod
1078 4243 1269 4313 experti
1284 4241 1522 4313 ngy‘ptii
1542 4243 1748 4312 fuerunt

162 4332 433 4387 submersi.
470 4330 568 4385 llic
597 4331 675 4385 eis
704 4341 918 4385 revocat
946 4332 998 4386 in
1026 4333 1340 4387 memoriam
1379 4349 1440 4388 ea
1468 4349 1586 4403 qum
1625 4348 1746 4403 per—

161 4423 306 4494 pessi
338 4431 466 4477 sunt
493 4421 546 4476 in
576 4419 826 4494 Egypto.
859 4422 1138 4489 Quomodo
1165 4423 1301 4477 ﬁde?
1329 4424 1591 4490 Quoniam
1620 4439 1744 4493 spe-

157 4522 351 4572 rarunt
376 4529 435 4569 se
466 4528 561 4583 per
582 4527 729 4573 mare
756 4512 1093 4578 transituros,
1117 4521 1170 4568 et
1197 4512 1317 4568 ideo
1338 4519 1603 4569 orabant:
1633 4515 1740 4569 imo

151 4620 286 4661 γοα-ο
309 4614 427 4661 erat
457 4604 667 4676 Moyses
690 4604 781 4675 qui
801 4606 1006 4658 orabat.
1038 4603 1195 4659 Vides
1224 4604 1363 4674 quod
1393 4605 1586 4675 ubique
1606 4605 1738 4659 ildes

150 4697 389 4753 binuana
416 4703 705 4766 exsuperat
730 4696 1005 4750 ratiocinia
1031 4706 1086 4751 et
1113 4696 1528 4751 imbecillitatem
1559 4707 1610 4752 et
1638 4698 1736 4751 hu-

149 4788 477 4843 militatem?
510 4787 660 4843 vides
680 4830 695 4854 ,
720 4788 881 4842 simul
910 4796 964 4842 et
989 4787 1308 4852 credebant,
1339 4798 1395 4844 et
1416 4789 1729 4858 supplicium

142 4885 534 4946 'cxtimnerunt,
576 4888 630 4933 et
668 4880 723 4933 in
759 4880 1015 4949 sanguine
1046 4880 1327 4944 ostiorum,
1367 4891 1419 4934 et
1457 4881 1507 4933 in
1549 4880 1730 4937 Rubro

148 4972 321 5028 mari?
361 4972 427 5029 Et
453 4971 556 5030 hoc
578 4971 884 5026 declarabat
910 4972 1072 5026 fuisse
1092 4986 1285 5041 aquam
1309 5014 1322 5036 ,
1366 4987 1461 5042 per
1504 4987 1597 5027 eos
1638 4974 1727 5043 qui

138 5064 463 5121 ceciderunt
498 5071 555 5117 et
589 5064 647 5116 in
676 5076 745 5118 ea
785 5062 1001 5116 fuerunt
1029 5061 1289 5128 soB'ocati,
1323 5071 1375 5117 et.
1410 5078 1515 5117 non
1563 5062 1726 5119 fuisse

146 5154 434 5215 visionem,
466 5151 562 5207 sed
589 5153 883 5206 veritatem.
925 5150 1029 5206 Sed
1063 5152 1200 5205 sicut
1228 5152 1321 5221 qui
1358 5151 1571 5208 fuerunt
1595 5169 1723 5207 conc

138 5244 349 5315 ltlmpti-
371 5260 400 5297 a
432 5244 695 5309 leonibus,
716 5243 1071 5301 ostendebant
1112 5259 1288 5299 rerum
1320 5246 1595 5302 veritatem
1617 5286 1633 5311 ,
1662 5257 1719 5307 et

139 5336 223 5404 qui
249 5334 521 5389 combusti
548 5333 762 5388 luerunt
788 5334 837 5387 in
866 5332 1100 5400 inrimce,
1135 5335 1205 5389 ita
1238 5351 1377 5391 nunc
1400 5352 1608 5408 quoque
1638 5340 1717 5392 vi-

139 5428 231 5483 des
256 5441 348 5483 res
369 5426 584 5482 easdem
609 5426 690 5479 bis
714 5425 927 5495 quidem
951 5426 1113 5481 fuisse
1133 5428 1289 5482 saluti
1308 5439 1361 5484 et
1384 5429 1583 5498 gloriae,
1610 5431 1719 5487 illis

139 5527 311 5573 autem
338 5516 528 5572 exitio.
559 5515 784 5569 Tantum
818 5517 1013 5571 bonum
1041 5526 1123 5572 est
1150 5517 1280 5572 fides
1310 5537 1322 5572 :
1350 5534 1471 5573 nam
1500 5522 1711 5591 quando

137 5609 194 5664 sit
235 5619 445 5663 tantam
486 5608 786 5661 venerimus
833 5608 1266 5677 perplexitatem,
1312 5620 1366 5666 ut
1411 5611 1585 5670 nullus
1627 5615 1710 5671 in.-

171 5738 254 5837 ἀι)
282 5775 377 5829 Hic
402 5777 647 5829 ltotn‘d'tum
672 5782 787 5849 inril
805 5784 839 5835 il
864 5783 1001 5837 Colb.

1899 753 2347 818 u-niaturetitus,
2368 764 2494 810 tunc
2512 756 2815 826 liberamur,
2837 763 3042 817 etiamsi
3068 767 3131 820 ad
3152 767 3164 820 i
3172 782 3316 836 psam
3338 786 3470 824 nior-

1896 850 2000 897 tem
2019 843 2551 907 venerimus,etiamsi
2569 860 2861 916 restiostra:
2878 854 2984 907 sint
3003 855 3156 922 plane
3172 859 3467 930 desperata:

1894 944 1947 990 et
1980 934 2294 1004 deploratae.
2323 935 2462 1003 Quid
2500 936 2646 992 enim
2685 941 2920 996 restabat
2955 944 3134 1000 aliud?
3155 948 3389 1022 Egyptii
3413 963 3465 1009 ct

1890 1041 2037 1080 mare
2074 1040 2167 1080 eos
2201 1024 2603 1082 circumdabant
2648 1028 2913 1098 inermes,
2952 1044 3012 1090 et
3053 1042 3331 1109 oportebat
3369 1061 3460 1100 eos

1887 1117 1969 1172 vel
2009 1117 2259 1172 soli‘ocari
2301 1117 2559 1188 fugientes
2581 1161 2596 1186 ,
2627 1120 2708 1175 vel
2741 1121 2974 1181 incidere
3001 1127 3052 1181 in
3084 1146 3269 1186 atauus
3293 1134 3460 1207 ΑΕΗ-

1882 1211 2102 1281 ptiacas.
2146 1208 2255 1264 Sed
2291 1219 2465 1265 tiunen
2494 1226 2527 1265 a
2552 1212 2711 1267 rebus
2733 1214 2868 1269 adeo
2895 1216 3071 1273 dubiis
3103 1230 3158 1274 et
3193 1226 3457 1293 perplexis

1878 1319 1972 1359 eos
2003 1303 2246 1359 liberavit
2276 1318 2340 1357 ac
2369 1308 2726 1361 conservavit.
2771 1308 2865 1364 His
2894 1310 3033 1366 idem
3064 1330 3211 1370 mare
3240 1319 3452 1387 quidem

1875 1403 2099 1448 stratum
2142 1392 2237 1448 fuit
2277 1394 2415 1449 sicut
2450 1403 2591 1450 terra
2611 1435 2628 1463 ,
2658 1396 2776 1452 illos
2804 1409 2981 1456 autem
3009 1403 3291 1462 submersit
3320 1418 3451 1466 tam-

1873 1500 2033 1556 quam
2069 1499 2237 1539 mare.
2288 1484 2397 1539 Illic
2421 1484 2633 1555 quidem
2656 1488 3067 1547 obliviscebatur
3100 1506 3322 1564 naturae,
3364 1500 3448 1556 hic

1871 1578 2031 1632 etiam
2070 1577 2331 1631 adversus
2384 1576 2529 1647 ipsos
2556 1581 2878 1640 armabatur.
2924 1584 3054 1641 Fide
3079 1591 3213 1643 muri
3237 1590 3444 1648 Iericho

1867 1678 2161 1723 corruerunt
2199 1669 2415 1722 circuitu
2452 1680 2637 1742 septem
2673 1673 2888 1728 dierum.
2933 1676 3050 1732 Non
3093 1682 3237 1738 enim
3275 1700 3446 1742 sonus

1867 1761 2110 1815 tubarum
2141 1771 2321 1832 potest
2345 1780 2529 1820 muros
2553 1766 2821 1836 dejicere,
2853 1772 3065 1829 etiamsi
3095 1778 3240 1834 mille
3267 1795 3441 1835 annos

1862 1854 2119 1916 sonuerit,
2150 1852 2242 1908 sed
2269 1853 2398 1910 {idos
2417 1866 2600 1923 potest
2625 1860 2825 1915 ontnia‘.

1929 1945 1984 1998 2.
2017 1945 2175 2000 Vides
2209 1960 2333 2000 eam
2375 1946 2570 2015 ubique
2620 1948 2833 2012 mutari,
2877 1963 2981 2002 non
3029 1950 3432 2019 consequentia,

1858 2050 1960 2091 nec
1985 2035 2100 2106 lege
2131 2045 2355 2103 natura),
2383 2037 2478 2092 sed
2509 2038 2685 2092 omnia
2716 2038 2831 2093 ﬁeri
2859 2048 3054 2108 praeter
3081 2043 3434 2111 exspectatio-

1858 2126 2014 2182 nem?
2052 2126 2191 2196 Ergo
2226 2125 2313 2181 hic
2348 2142 2560 2199 quoque
2591 2138 2783 2198 praeter
2822 2132 3272 2200 exspectationem
3303 2133 3433 2188 linnt

1856 2217 2054 2272 omnia.
2094 2217 2225 2271 Nam
2252 2218 2500 2287 quoniam
2527 2235 2725 2290 susque
2760 2220 2931 2292 deque
2966 2222 3177 2278 dicebat
3202 2223 3428 2278 creden-

1853 2307 1980 2363 dum
2024 2322 2143 2362 esse
2181 2308 2296 2377 spei
2344 2309 2534 2363 futura:
2567 2351 2582 2375 ,
2638 2312 2739 2366 hoc
2805 2322 2973 2367 totum
3031 2314 3175 2383 quod
3228 2314 3428 2370 dicitur

1852 2400 2038 2467 movit,
2060 2400 2349 2455 ostendens
2370 2401 2509 2471 quod
2540 2417 2643 2456 non
2663 2418 2803 2459 nunc
2828 2405 3022 2470 solum,
3047 2405 3139 2460 sed
3169 2407 3329 2461 etiam
3358 2407 3427 2462 ab

1851 2490 2002 2544 initio
2021 2489 2197 2544 omnia
2226 2490 2479 2545 miracula
2506 2508 2600 2560 per
2625 2491 2763 2548 hanc
2785 2503 2901 2548 acta
2929 2505 3053 2549 sunt
3081 2505 3135 2549 et
3167 2495 3421 2565 perfecta.

1851 2578 1980 2633 Fide
2010 2579 2191 2633 litt/tab
2218 2581 2450 2633 meretrix
2484 2598 2582 2635 non
2618 2584 2765 2652 periit
2803 2600 2917 2638 cum
2953 2585 3257 2649 incredulis,
3289 2588 3423 2640 exci-

1846 2673 1989 2743 piens
2014 2672 2358 2739 exploratores
2382 2689 2497 2726 cum
2534 2690 2673 2741 pace.
2716 2675 2895 2745 Turpe
2920 2686 3005 2731 est
3033 2693 3161 2747 ergo
3188 2679 3231 2732 si
3259 2678 3426 2733 etiam

1846 2763 2128 2818 meretrice
2173 2764 2477 2832 apparentia
2522 2765 2687 2834 magis
2734 2765 3002 2822 increduli
3039 2783 3053 2823 :
3097 2782 3419 2837 quamquam

1844 2854 1930 2909 illa
1969 2855 2110 2909 viros
2145 2855 2345 2910 audivit
2386 2864 2589 2911 tantum
2613 2858 2985 2913 ammntiantes
3011 2869 3066 2914 et
3089 2860 3265 2914 statim
3296 2876 3418 2915 cre-

1842 2945 1994 3000 didit.
2045 2946 2190 3001 Fiuis
2224 2963 2350 3016 ergo
2382 2958 2464 3002 est
2497 2959 2854 3018 consequutus
2883 2971 2895 3004 :
2925 2966 3044 3004 nam
3074 2967 3197 3006 cum
3229 2966 3418 3007 omnes

1841 3038 2144 3107 periissem,
2169 3040 2280 3092 sola
2304 3039 2399 3093 luit
2419 3039 2584 3094 salva.
2611 3039 2725 3094 Non
2747 3039 2879 3093 dixit
2897 3041 3037 3110 apud
3061 3056 3138 3104 se.
3168 3043 3271 3097 Ero
3293 3059 3432 3097 cum.

1840 3127 2019 3182 multis
2052 3129 2141 3199 qui
2181 3139 2305 3183 sunt
2344 3130 2449 3183 inci
2480 3145 2623 3184 :non
2664 3130 2823 3197 dixit,
2848 3131 3027 3202 Egone
3054 3149 3267 3202 possum
3294 3148 3414 3190 eSSe

1840 3220 2154 3291 prudentior
2191 3228 2268 3275 tot
2302 3221 2429 3276 viris
2467 3221 2884 3293 intelligentibus
2909 3223 2996 3293 qui
3025 3238 3129 3278 non
3155 3224 3413 3292 credunt,

1837 3321 1891 3367 et
1913 3327 2011 3383 ego
2037 3312 2235 3368 credo?
2266 3312 2405 3367 Nihil
2426 3312 2556 3366 dixit
2582 3313 2860 3382 ejusmodi,
2885 3315 3025 3384 quod
3050 3316 3413 3373 verisimiliter

1836 3410 1972 3463 alius
2011 3409 2236 3465 dixisset
2276 3422 2330 3465 et
2370 3408 2605 3474 fecisset,
2635 3410 2728 3465 sed
2758 3410 2913 3465 dictis
2942 3411 3186 3466 credidit.
3219 3412 3308 3467 52.
3346 3414 3411 3467 Et

1835 3502 1955 3570 quid
1983 3500 2149 3554 adhuc
2169 3502 2332 3553 diram
2349 3503 2375 3555 ?
2402 3501 2597 3570 deﬁciet
2621 3517 2698 3554 me
2717 3511 2912 3571 tempus
2932 3513 3266 3557 enarrantem.
3292 3504 3409 3559 Non

1834 3593 2061 3662 amplius
2082 3593 2148 3649 de
2172 3603 2367 3648 caetero
2391 3594 2537 3662 ponit
2558 3594 2796 3660 nomina,
2823 3594 2917 3649 sed
2942 3610 3063 3650 cum
3086 3595 3331 3652 desiisset
3353 3600 3405 3651 in

1835 3688 2197 3751 meretricem,
2242 3695 2296 3740 et
2334 3701 2427 3740 eos
2474 3686 2757 3740 excitasset
2792 3702 2891 3757 per
2931 3687 3235 3756 qualitatem
3278 3703 3403 3757 per-

1831 3792 1997 3844 sonm,
2024 3792 2129 3831 non
2153 3775 2377 3845 amplius
2399 3776 2584 3830 dilatat
2607 3776 2871 3841 historias,
2893 3792 2958 3831 ne
2983 3778 3223 3834 rideatur
3247 3779 3403 3833 nimis

1832 3869 2034 3940 prolixa
2066 3870 2137 3922 uti
2169 3867 2403 3933 ratione;
2452 3877 2771 3922 nontamen
2791 3884 2882 3923 eas
2911 3868 3162 3935 dimittit,
3191 3870 3285 3924 sed
3312 3871 3404 3925 ad—

1829 3960 2043 4016 modum
2073 3960 2338 4029 Sapienter
2369 3960 2646 4028 percnrrit,
2684 3968 2965 4030 utrumque
2991 3975 3204 4026 curans,
3237 3972 3291 4017 et
3317 3978 3402 4017 sa.

1830 4053 2067 4109 tietatem
2111 4051 2338 4122 fugiens,
2386 4060 2440 4107 et
2483 4051 2867 4107 sententiarum
2907 4052 3248 4109 crebritatem
3295 4071 3411 4110 nou

1826 4144 2093 4215 perimens
2119 4161 2133 4198 :
2170 4158 2340 4213 neque
2367 4143 2588 4199 omnino
2618 4143 2762 4198 siluit
2780 4184 2795 4207 ,
2850 4160 3023 4214 neque
3052 4145 3237 4201 dicens
3262 4156 3402 4202 attn-

1827 4238 1887 4291 lit
1922 4237 2245 4302 molestiam,
2266 4235 2357 4291 sed
2383 4246 2664 4306 utrmnqne
2687 4236 2828 4293 facit.
2855 4237 2984 4291 Nam
3008 4240 3220 4308 quando
3249 4243 3400 4311 quis-

1826 4327 1965 4399 piam
1993 4327 2338 4382 vehementer
2376 4326 2669 4391 cont-endit,
2719 4329 2765 4383 si
2805 4337 2991 4399 pet-gat
3035 4332 3359 4388 centenderc
3382 4377 3395 4395 .

1825 4426 2013 4473 enecet
2047 4417 2341 4471 auditorem
2387 4432 2732 4485 personam,
2782 4420 3021 4474 molestia
3062 4420 3320 4487 alliciens,
3344 4436 3398 4480 et

1825 4507 2068 4577 prmbens
2089 4507 2155 4562 de
2171 4522 2229 4562 se
2249 4508 2710 4579 opinionemquod
2724 4510 2794 4564 sit
2813 4510 3124 4566 ambitiosus
3148 4524 3200 4565 et
3228 4513 3396 4567 bono-

1819 4598 1892 4651 ris
1909 4596 2133 4666 cupidus
2150 4606 2366 4667 oportet
2389 4599 2532 4654 enim
2557 4615 2617 4655 se
2638 4603 3049 4658 accommodare
3075 4606 3306 4660 utilitati.
3332 4607 3399 4661 Et

1815 4688 1938 4757 quid
1951 4688 2119 4741 adhuc
2133 4689 2338 4745 dicunt?
2354 4689 2524 4761 inquit
2540 4709 2552 4746 :
2569 4692 2763 4761 deficiet
2779 4709 2858 4747 me
2873 4703 3067 4765 tempus
3083 4708 3399 4752 enarrantem

1816 4781 1879 4833 de
1899 4779 2119 4846 cheon,
2142 4780 2328 4848 Barac,
2359 4783 2635 4854 Sampson,
2656 4783 2861 4857 Iephte,
2886 4786 3075 4855 David,
3100 4789 3329 4860 Samuel,
3354 4804 3401 4846 et

1818 4872 2095 4941 prophetis.
2119 4872 2347 4939 Quidam
2369 4874 2589 4929 Paulum
2608 4875 3028 4945 reprehendunt,
3049 4880 3190 4950 quod
3209 4881 3397 4944 Barac.

1816 4963 2077 5032 Sampson
2104 4972 2158 5017 et
2181 4962 2376 5033 Jepbte
2413 4965 2466 5019 in
2510 4963 2596 5021 bis
2640 4977 2804 5036 ponat
2842 4969 2996 5026 locis.
3047 4971 3184 5040 Quid
3227 4973 3401 5029 dicis?

1814 5067 1935 5107 cum
1978 5055 2313 5110 meretricem
2345 5057 2614 5124 posuerit,
2645 5057 2745 5112 hos
2776 5075 2880 5115 non
2913 5064 3115 5132 ponet?
3148 5063 3227 5119 Ne
3269 5066 3413 5120 mibi-

1814 5147 1954 5199 enim
1984 5146 2242 5216 reliquam
2273 5162 2459 5201 eorum
2488 5148 2649 5203 vitam
2679 5150 2879 5207 dixeris
2898 5192 2913 5219 ,
2942 5154 3037 5209 sed
3067 5171 3192 5209 num
3220 5156 3395 5212 credi~

1811 5235 2006 5293 derunt
2041 5246 2099 5293 et
2140 5237 2243 5294 [ide
2279 5241 2745 5310 resplenduernnt.
2780 5244 2846 5298 Et
2873 5250 3155 5318 prophetis,
3190 5251 3276 5305 55.
3307 5254 3403 5322 qui

1810 5345 1899 5398 per
1937 5328 2090 5398 ﬁdem
2131 5332 2355 5386 vicerunt
2395 5350 2570 5405 regna.
2610 5334 2768 5391 Vides
2806 5340 2945 5408 quod
2985 5356 3090 5395 non
3135 5342 3267 5397 ferat
3294 5345 3402 5399 hoc-

1811 5420 2176 5478 testimonium
2197 5422 2263 5477 de
2290 5424 2391 5477 vita
2416 5426 2668 5494 praeclara
2698 5446 2711 5480 :
2739 5443 2844 5482 non
2869 5430 3012 5485 enim
3035 5444 3149 5486 erat
3178 5434 3228 5488 id
3249 5438 3395 5504 quod

1811 5512 2076 5580 pr:rcipue
2117 5514 2490 5582 qmerebalur;
2536 5518 2630 5572 sed
2664 5518 2782 5573 lidei
2814 5520 3024 5577 interim
3052 5533 3167 5579 erat
3192 5528 3393 5580 exatni-

1807 5603 1972 5656 natio.
2008 5601 2138 5657 Nam
2169 5603 2255 5659 dic
2282 5604 2433 5673 mihi,
2462 5622 2639 5663 annon
2669 5610 2773 5664 ﬁde
2802 5612 3115 5667 universum
3141 5617 3389 5671 confece-

1806 5698 1962 5751 tznnt?
2007 5700 2319 5765 Quomodo?
2354 5702 2473 5757 Per
2511 5704 2683 5771 ﬁdem,
2730 5707 2921 5776 inquit,
2953 5708 3172 5761 vicerunt
3211 5725 3382 5779 rcgmt,

1806 5807 1996 5860 uentpe
2041 5792 2280 5853 Gedeon.
2331 5794 2542 5863 Operatt'
2574 5807 2597 5847 .'
2636 5808 2707 5858 Lnt.
2735 5799 3009 5867 jns:itium.
3064 5801 3287 5866 Quinum
3333 5802 3384 5855 lii
