3926 6406
500 380 601 436 187

495 501 655 558 smn?
684 500 845 556 Iidem
871 499 1091 553 omnino
1120 496 1197 551 illi
1230 514 1244 550 :
1274 506 1370 552 aut
1400 497 1784 569 benignitatem
1813 498 1899 553 hic
1924 498 2081 568 justi-

497 594 622 648 tiam
651 593 794 647 dicit.
829 584 1013 661 Adepti
1040 599 1157 643 sunt
1184 590 1617 659 repromissiones.
1665 590 1740 644 De
1776 590 1970 645 Davide
1996 606 2081 644 ar-

493 683 665 738 bitror
679 698 799 737 eum
822 681 1021 736 dicere.
1052 681 1322 747 Quasnam
1348 680 1767 750 promissiones?
1797 680 1868 735 De
1894 682 1957 735 iis
1973 683 2081 753 agit

494 777 562 833 de
587 777 779 847 quibus
802 774 1032 837 dicebat,
1062 773 1205 844 quod
1238 788 1422 828 semen
1450 773 1566 842 ejus
1596 788 1869 828 sessurum
1896 775 1963 828 sit
1991 789 2081 828 su-

494 881 589 936 per
611 865 790 922 sedem
810 865 945 934 ejus.
978 864 1345 919 Obturaverunt
1366 880 1455 918 ora
1481 865 1700 929 leonum,
1728 866 1813 919 δι.
1838 867 2081 919 exstinxe-

492 967 608 1011 runt
637 959 878 1028 impetum
906 958 1059 1028 ignis,
1086 956 1373 1027 effugerunt
1396 956 1553 1009 aciem
1578 956 1757 1025 gladii.
1789 955 1919 1011 Vide
1946 974 2069 1027 quo~

492 1050 654 1105 modo
698 1058 852 1104 erant
902 1050 953 1103 in
1006 1049 1120 1118 ipsa
1165 1057 1371 1112 morte,
1420 1047 1603 1101 Daniel
1645 1047 2004 1103 circumdatus
2047 1064 2077 1103 a

496 1141 738 1196 leonibus
762 1182 777 1206 ,
812 1150 921 1195 tres
949 1140 1100 1209 pueri
1131 1140 1220 1208 qui
1250 1138 1516 1211 degebant
1542 1139 1593 1192 in
1624 1137 1873 1202 fornace,
1912 1139 2080 1194 Abra-

503 1234 647 1301 ham,
672 1232 838 1295 lsaac,
867 1231 1032 1286 Jacob
1060 1231 1112 1284 in
1137 1230 1365 1284 diversis
1391 1228 1800 1293 tentationibus;
1831 1238 1885 1283 et
1911 1244 1977 1285 ne
2002 1230 2079 1285 sic

494 1327 710 1395 quidem
736 1326 1111 1395 desperarunt.
1141 1323 1252 1378 Hoc
1274 1322 1417 1377 enim
1445 1331 1525 1376 est
1561 1322 1690 1376 ﬁdes
1718 1342 1729 1376 :
1755 1322 1966 1391 quando
1993 1337 2079 1376 res

496 1420 545 1471 in
570 1417 892 1471 contrarium
917 1423 1131 1481 exeunt,
1159 1424 1283 1469 tunc
1308 1421 1517 1484 oportet
1542 1413 1763 1469 credere
1782 1414 1923 1483 quod
1950 1413 2080 1468 nihil

494 1511 704 1565 eveniat
733 1509 1079 1574 contrarium,
1110 1506 1203 1561 sed
1230 1508 1407 1559 omnia
1435 1505 1834 1574 consequentia.
1866 1504 2079 1576 E/Tuge-

495 1612 613 1655 runt
642 1602 797 1654 aciem
818 1600 996 1671 gladii.
1033 1597 1295 1652 Existimo
1321 1611 1442 1651 eum
1476 1611 1661 1650 rursus
1690 1596 1869 1651 dicere
1892 1596 1960 1651 de
1988 1596 2083 1649 tri-

498 1678 597 1731 bus
640 1678 838 1747 pueris.
888 1676 1259 1731 Convaluerunt
1305 1680 1367 1732 de
1404 1680 1715 1748 inﬁrmitate,
1760 1688 1916 1753 fortes
1956 1685 2079 1753 facti

492 1777 607 1822 sunt
636 1769 690 1822 in
720 1768 866 1833 bello,
897 1778 1063 1822 castra
1087 1778 1333 1822 verterunt
1359 1779 1659 1824 exterarum.
1693 1771 1789 1827 Hie
1811 1774 1968 1828 tacite
1998 1774 2071 1828 si-

492 1859 710 1928 gnificat
735 1857 877 1928 quod
904 1857 1099 1913 factum
1126 1868 1208 1913 est
1237 1859 1288 1913 in
1318 1859 1489 1914 reditu
1512 1876 1540 1914 a
1565 1861 1856 1933 Babylone.
1901 1864 1973 1918 De
1995 1866 2075 1919 in-

494 1950 733 2018 ﬁrmitate
755 1965 773 2002 :
800 1948 903 2003 hoc
931 1959 1031 2011 est,
1063 1949 1129 2005 de
1154 1952 1483 2020 captivitate.
1525 1952 1749 2018 Quando
1779 1969 1865 2009 res
1894 1955 2074 2009 Judai-

494 2056 568 2093 ea:
582 2040 691 2109 jam
708 2050 863 2095 erant
883 2041 1199 2112 desperatae,
1218 2044 1430 2113 quando
1457 2059 1486 2098 a
1513 2055 1848 2104 mortuorum
1866 2049 2074 2104 ossibus

495 2132 624 2185 nihil
663 2130 997 2195 differebant,
1029 2141 1153 2187 tunc
1190 2134 1294 2189 illis
1330 2134 1486 2191 ﬁebat
1526 2136 1744 2193 reditus.
1785 2140 1913 2205 Quis
1956 2154 2075 2209 spe-

494 2231 668 2277 rasset
695 2220 930 2276 futurum
957 2232 1013 2278 ut
1042 2223 1277 2279 redirent
1305 2240 1333 2279 a
1369 2226 1658 2297 Babylone,
1689 2239 1743 2283 et
1769 2244 1872 2284 nou
1900 2232 2073 2287 solum

495 2313 750 2381 redirent,
779 2315 871 2370 sed
900 2316 1061 2370 etiam
1092 2316 1256 2372 fortes
1286 2316 1493 2385 ﬁerent,
1525 2330 1577 2374 et
1604 2330 1870 2377 verterent
1898 2340 1957 2379 ac
1986 2324 2074 2380 fu-

494 2414 683 2475 garent
710 2418 883 2460 castra
911 2410 1255 2462 exterorum?
1284 2409 1351 2463 At
1377 2411 1529 2465 nobis
1550 2453 1563 2475 ,
1594 2412 1780 2483 inquit,
1812 2415 1941 2471 nihil
1969 2418 2076 2474 tale

493 2498 703 2551 accidit.
736 2498 837 2553 Sed
866 2499 978 2553 hinc
1003 2508 1126 2553 sunt
1148 2501 1252 2570 typi
1283 2500 1600 2557 futurorum.
1634 2506 1944 2575 Acceperunt
1962 2525 2074 2562 mu-

494 2589 640 2642 lieres
662 2590 724 2643 de
748 2592 1109 2645 resurrectione
1129 2603 1352 2647 mortuos
1378 2611 1517 2648 suos.
1554 2596 1628 2650 De
1659 2599 1929 2667 prophetis
1960 2601 2074 2659 hanc

492 2682 640 2748 dicit,
670 2698 860 2751 nempe
900 2684 967 2738 de
1010 2684 1204 2739 Eliszeo
1244 2696 1297 2740 et
1340 2686 1499 2742 Elia:
1530 2700 1768 2745 mortuos
1810 2694 1950 2747 enim
2002 2695 2075 2749 illi

492 2773 833 2829 suscitarunt.
878 2774 966 2830 55.
1011 2777 1111 2832 Alii
1155 2788 1322 2830 autem
1366 2779 1572 2833 distenti
1606 2792 1741 2847 sunt,
1779 2800 1880 2837 non
1919 2787 2077 2840 susci-

494 2866 684 2934 pientes
708 2868 1131 2937 redemptionem,
1165 2879 1221 2922 ut
1247 2869 1503 2924 meliorem
1539 2874 1813 2928 invenirent
1848 2892 2075 2931 resurre-

493 2960 729 3012 ctionem.
762 2962 829 3013 At
854 2975 949 3014 nos
977 2976 1080 3014 non
1110 2962 1378 3031 assequuti
1400 2980 1583 3017 sumus
1604 2968 2073 3024 resurrectionem.

492 3048 601 3104 Sed
631 3065 866 3119 possum,
898 3052 1099 3121 inquit,
1131 3052 1414 3109 ostendere
1443 3056 1602 3109 etiam
1631 3057 1749 3111 illos
1777 3057 1939 3114 fuisse
1969 3061 2079 3115 dis-

495 3150 700 3204 sectos,
740 3142 831 3196 sed
872 3142 1289 3212 redemptionem
1321 3158 1427 3199 non
1457 3148 1778 3217 suscepisse,
1811 3159 1869 3204 ut
1893 3152 2081 3206 melio-

493 3247 607 3288 rem
653 3244 1067 3304 assequerentur
1113 3237 1582 3292 resurrectionem.
1632 3240 1739 3294 Cur
1784 3242 1948 3307 enim,
1993 3243 2078 3299 dic

493 3324 645 3389 mihi,
670 3340 787 3378 cum
813 3326 995 3379 liceret
1018 3325 1210 3390 vivere,
1235 3325 1558 3382 noluerunt?
1577 3343 1753 3384 annon
1776 3332 1896 3400 quia
1918 3334 2076 3389 vitam

494 3414 874 3482 exspectabant
901 3415 1217 3469 meliorem?
1246 3415 1310 3469 Et
1334 3416 1422 3486 qui
1450 3417 1582 3473 alios
1609 3420 1947 3487 suscitarant,
1979 3423 2078 3493 ipsi

496 3507 631 3559 mori
670 3506 979 3577 elegerunt,
1014 3518 1069 3561 ut
1094 3508 1368 3563 meliorem
1401 3522 1813 3580 assequerentur
1842 3530 2082 3572 resurre~

495 3598 751 3661 ctionem,
775 3615 878 3652 non
913 3599 1068 3655 talem
1090 3601 1301 3670 qualem
1329 3603 1474 3670 pueri
1499 3604 1800 3658 muiierum.
1831 3607 1928 3661 Hic
1951 3606 2080 3665 mihi

496 3692 711 3746 videtur
736 3702 790 3747 et
817 3692 1074 3748 Joannem
1108 3695 1328 3748 innuere
1370 3703 1425 3748 et
1460 3695 1712 3750 Jacobum
1749 3716 1761 3751 :
1794 3702 2082 3767 ἀποτυμπαο

498 3794 654 3852 visne;
688 3786 829 3839 enim
874 3796 957 3840 est
992 3787 1183 3855 capitis
1212 3788 1524 3855 amputatio.
1553 3788 1770 3844 Licebat
1797 3792 1876 3846 eis
1900 3794 2081 3851 videre

498 3876 685 3939 solem,
730 3876 922 3930 licebat
964 3891 1069 3929 non
1119 3876 1457 3944 redarguere,
1496 3886 1549 3931 et
1598 3888 1772 3933 tamen
1818 3882 1905 3951 qui
1950 3883 2083 3939 alios

499 3968 906 4031 suscitaverant,
932 3966 1237 4021 maluerunt
1262 3967 1540 4034 excedere,
1566 3979 1621 4023 ut
1642 3971 1915 4028 meliorem
1938 3992 2087 4032 asse-

502 4070 794 4128 querentur
818 4058 1283 4113 resurrectionem.
1306 4058 1394 4113 56.
1414 4060 1515 4113 Alii
1540 4077 1651 4115 vero
1674 4063 1889 4118 ludibria
1911 4077 1958 4120 et
1977 4085 2085 4121 ver-

503 4148 624 4202 bera
665 4146 903 4218 experti,
942 4147 1149 4216 insuper
1190 4156 1237 4199 et
1273 4146 1475 4199 uincula
1513 4157 1558 4200 et
1594 4138 1834 4215 carceres,
1875 4148 2090 4218 lapidati

502 4248 643 4304 sunt,
674 4238 794 4291 secti
821 4246 959 4302 sunt,
987 4237 1160 4290 tentati
1186 4244 1323 4291 sunt.

577 4330 629 4385 3.
662 4330 717 4381 In
749 4327 813 4381 iis
838 4328 1053 4393 desinit,
1086 4329 1139 4381 in
1172 4329 1256 4394 iis,
1286 4327 1521 4397 inquam,
1551 4343 1669 4398 qua:
1695 4338 1849 4383 erant
1871 4329 2091 4398 conjun-

503 4421 669 4473 ctiora
693 4428 747 4473 et
772 4418 937 4486 magis
960 4417 1262 4473 familiaria.
1290 4418 1415 4473 Hmc
1440 4420 1580 4473 enim
1608 4420 1837 4475 maxime
1864 4419 2091 4474 alTerunt

502 4512 951 4577 consolationem,
982 4511 1196 4581 quando
1225 4526 1289 4566 ex
1317 4510 1501 4566 eadem
1538 4527 1697 4566 causa
1738 4512 1896 4567 fuerit
1937 4522 2089 4569 ortus

501 4605 655 4657 dolor
684 4620 698 4633 ·
732 4603 968 4673 alioquin
996 4603 1204 4657 etiamsi
1232 4603 1602 4658 vehementius
1630 4603 1849 4668 dixeris,
1884 4620 1987 4657 non
2018 4604 2088 4658 sit

499 4701 676 4748 autem
706 4710 769 4747 ex
798 4694 983 4748 eadem
1013 4709 1172 4748 causa
1198 4704 1346 4748 ortus
1374 4693 1549 4758 dolor,
1579 4694 1711 4748 nihil
1738 4693 1926 4749 efﬁcis.
1957 4694 2087 4749 Pro-

502 4794 680 4855 pterea
714 4787 764 4838 in
796 4786 896 4840 hoc
923 4784 1055 4839 finiit
1084 4785 1405 4853 orationem,
1438 4785 1624 4840 dicens
1647 4786 1873 4851 vincula,
1903 4800 2087 4841 carce-

498 4892 608 4942 res,
634 4877 878 4943 verbera,
904 4877 1276 4947 lapidationes,
1298 4894 1361 4933 ea
1384 4880 1611 4933 innuens
1632 4894 1752 4947 quae
1780 4878 2090 4933 acciderunt

500 4966 770 5036 Stephano
798 4978 848 5021 et
874 4968 1181 5035 Zachariae;
1210 4980 1266 5025 et
1287 4970 1406 5025 ideo
1428 4971 1703 5040 suhjuuxit
1726 4988 1738 5023 :
1758 4970 1824 5025 In
1845 4972 2090 5027 occisione

500 5060 659 5130 gladii
690 5061 876 5113 mortui
901 5070 1035 5115 sunt.
1069 5061 1208 5128 Quid
1240 5061 1408 5117 dicis?
1431 5063 1517 5117 alii
1546 5063 1760 5132 quidem
1790 5063 2090 5133 effugerunt

500 5153 667 5209 aciem
694 5153 889 5224 gladii;
923 5155 1011 5209 alii
1033 5165 1207 5208 autem
1231 5155 1424 5209 mortui
1450 5164 1576 5210 sunt
1602 5156 1653 5210 in
1684 5157 1951 5212 occisione
1974 5156 2088 5227 gla-

498 5248 610 5299 dii?
648 5247 773 5316 quid
819 5257 899 5300 est
941 5246 1080 5301 hoc?
1115 5256 1289 5301 utrum
1333 5248 1539 5313 laudas,
1568 5257 1743 5302 utrum
1769 5249 2089 5304 admiraris?

500 5338 619 5397 hoc,
650 5354 715 5390 an
756 5337 923 5391 illud?
971 5336 1220 5403 Maxime,
1263 5337 1462 5407 inquit,
1501 5349 1553 5391 et
1582 5338 1683 5393 hoc
1709 5348 1762 5394 et
1793 5340 1952 5402 illud;
1989 5340 2089 5394 hoc

503 5441 771 5498 tamquam
794 5428 946 5493 vobis
975 5428 1319 5496 conjunctum
1350 5438 1402 5481 et
1423 5428 1703 5493 familiare,
1729 5430 1856 5485 illud
1883 5440 2084 5496 autem,

498 5524 749 5593 quoniam
772 5520 930 5576 etiam
965 5522 1016 5575 in
1036 5521 1148 5590 ipsa
1173 5529 1346 5575 morte
1374 5521 1540 5573 valuit
1580 5520 1730 5586 ﬁdes,
1757 5532 1811 5576 et
1830 5533 1912 5577 est
1932 5532 2088 5595 typus

497 5618 821 5671 futurorum.
860 5614 975 5668 Duo
1005 5623 1129 5667 sunt
1157 5614 1300 5668 enim
1350 5612 1608 5668 miracula
1652 5613 1811 5680 fidei,
1852 5619 1993 5687 quod
2035 5628 2089 5674 et

497 5725 685 5779 magna
715 5708 935 5771 cinciat,
960 5715 1014 5761 et
1038 5699 1228 5777 magna
1259 5706 1510 5776 patiatur,
1536 5719 1589 5761 et
1617 5706 1749 5762 nihil
1776 5724 1834 5763 se
1864 5712 1967 5779 pati
1996 5727 2090 5765 ex-

500 5806 712 5873 istimet.
748 5803 855 5877 Nec
886 5810 1064 5871 potes,
1096 5801 1286 5871 inquit,
1316 5800 1503 5859 dicere,
1528 5800 1665 5873 quod
1696 5813 1869 5887 essent
1899 5818 2087 5871 pecca-

1238 372 1295 428 S.
1329 368 1609 453 JOANNIS
1631 368 2098 427 CHRYSOSTOMI
2132 369 2445 427 ARCHIEP.
2484 370 3016 428 CONSTANTINOP.

3665 372 3764 429 188

2176 497 2320 541 tores
2341 496 2394 541 et
2414 485 2661 541 homines
2690 486 2843 541 nihili
2865 505 2879 540 :
2898 501 3021 541 nam
3048 485 3150 542 etsi
3187 494 3353 541 totum
3380 486 3639 543 mundum
3663 489 3762 544 illis

2175 598 2236 636 ex
2268 580 2496 635 adverso
2524 579 2798 646 statueris,
2848 579 3063 634 invenio
3115 578 3233 634 illos
3262 581 3437 649 pretio
3483 581 3538 635 in
3571 590 3761 638 statera

2174 670 2607 743 przeponderare.
2638 669 2761 724 Ideo
2782 669 2943 724 etiam
2965 670 3043 725 sic
3062 669 3213 736 dixit,
3238 669 3433 737 Quibus
3452 670 3638 742 dignus
3668 690 3762 727 non

2174 773 2279 817 erat
2305 764 2542 817 mundus.
2585 761 2723 829 Quid
2756 776 2887 831 ergo
2929 760 3015 816 hic
3054 770 3210 816 erant
3245 764 3545 832 accepturi,
3574 765 3765 834 quibus

2175 856 2305 910 nihil
2361 855 2581 924 dignum
2635 852 2817 908 erat?
2886 852 2987 907 [lie
3044 867 3231 908 eorum
3294 863 3529 908 mentem
3571 856 3762 925 erigit,

2173 946 2426 1003 erudiens
2460 961 2528 1001 ne
2561 946 2671 999 sint
2709 944 2851 999 afﬁxi
2909 946 3297 1015 prmsentibus,
3352 956 3407 1001 et
3455 957 3515 1002 ut
3565 950 3761 1018 majora

2174 1040 2350 1093 animo
2378 1038 2579 1108 agitent
2605 1037 2855 1091 omnibus
2880 1052 2999 1107 qua:
3035 1046 3161 1091 sunt
3214 1038 3266 1091 in
3315 1039 3423 1092 vita
3481 1043 3760 1108 prmsenti;

2174 1127 2435 1199 siquidem
2493 1137 2637 1183 totus
2694 1126 2923 1181 mundus
2967 1142 3073 1181 non
3124 1136 3211 1182 est
3254 1129 3318 1182 iis
3366 1128 3582 1200 dignus.
3632 1132 3764 1199 Quid

2174 1239 2304 1295 ergo
2357 1224 2436 1277 vis
2490 1222 2578 1277 hic
2631 1221 2912 1291 accipere?
2967 1222 3220 1291 probrum
3273 1231 3357 1276 est
3401 1231 3458 1277 et
3494 1235 3766 1279 contunie—

2176 1316 2265 1375 lia,
2304 1314 2346 1368 si
2392 1313 2479 1368 hie
2523 1311 2825 1367 mercedem
2864 1312 3155 1381 acceperis.
3195 1311 3277 1365 Ne
3323 1312 3593 1368 mundana
3643 1330 3764 1385 ergo

2172 1406 2352 1453 mente
2386 1398 2652 1468 agitemus
2672 1438 2688 1462 ,
2726 1412 2901 1468 neque
2927 1398 3015 1454 hic
3039 1414 3344 1469 quaeramus
3368 1402 3758 1455 remanentiu-

2174 1504 2318 1552 nem,
2344 1503 2516 1559 neque
2546 1489 2715 1542 simus
2735 1488 2869 1544 adeo
2893 1504 3155 1560 pauperes
3183 1508 3196 1545 :
3226 1506 3350 1546 nam
3369 1492 3414 1547 si
3440 1503 3583 1547 toms
3612 1508 3759 1547 inun-

2173 1579 2273 1634 dus
2301 1595 2407 1633 non
2432 1590 2515 1635 est.
2539 1581 2620 1634 his
2649 1580 2840 1651 dignus
2858 1622 2873 1646 ,
2901 1582 3028 1652 quid
3060 1591 3265 1652 partem
3291 1583 3527 1655 quaeris?
3553 1580 3623 1639 Et
3648 1600 3759 1640 meo

2175 1672 2316 1727 rito:
2349 1682 2472 1726 sunt
2512 1674 2654 1727 enim
2697 1674 2855 1729 amici
2896 1674 3013 1730 Dei.
3058 1675 3313 1730 Mundum
3352 1691 3484 1747 ergo
3517 1679 3604 1732 hic
3640 1677 3763 1733 dicit

2173 1763 2589 1830 multitudinem,
2618 1772 2711 1818 aut
2741 1764 2908 1835 ipsam
2937 1776 3241 1821 creaturam
3265 1785 3279 1822 ε
3307 1777 3597 1838 utrumque
3621 1769 3760 1824 enim

2172 1856 2311 1911 solet
2348 1856 2527 1911 dicere
2566 1856 2861 1926 Scriptura.
2892 1858 2949 1914 Si
2978 1860 3251 1922 universa,
3280 1860 3482 1930 inquit,
3515 1870 3760 1915 creatura

2176 1947 2347 2015 posita
2375 1944 2535 2000 fuerit
2556 1962 2677 2000 cum
2705 1947 2817 2002 suis
2845 1947 3150 2003 hominibus
3169 1989 3184 2015 ,
3216 1950 3453 2004 nondum
3478 1950 3762 2019 aequabunt

2176 2053 2363 2094 eorum
2410 2039 2637 2108 pretium
2673 2058 2687 2094 :
2714 2049 2769 2095 et
2798 2040 3011 2095 merito.
3058 2039 3206 2096 Sicut
3236 2042 3377 2097 enim
3408 2040 3593 2097 decies
3620 2043 3764 2098 mille

2177 2130 2355 2201 pondo
2381 2132 2549 2202 paleae
2579 2140 2634 2187 et
2662 2130 2792 2187 [ωιιὶ
2821 2148 2926 2188 non
2951 2134 3287 2204 aequaverint
3315 2134 3547 2204 pretium
3577 2134 3762 2190 decem

2177 2224 2611 2294 margaritarum,
2642 2224 2713 2279 ita
2742 2239 2840 2280 nec
2866 2224 2940 2279 illi
2970 2242 2985 2279 :
3013 2224 3201 2281 Melior
3232 2238 3306 2282 est
3338 2231 3474 2281 enim
3513 2244 3648 2282 unus
3685 2231 3761 2298 [a-

2178 2316 2314 2370 ciens
2358 2316 2667 2370 voluntatem
2714 2315 2963 2383 Domini,
3016 2334 3170 2387 quam
3218 2318 3381 2373 decies
3425 2321 3569 2373 mille
3613 2319 3762 2386 iniqui

2180 2407 2365 2479 (Eccli.
2391 2409 2476 2463 16.
2503 2408 2580 2484 5);
2609 2408 2789 2465 decies
2811 2410 2958 2465 mille
2984 2426 3089 2465 non
3119 2412 3317 2467 multos
3334 2413 3543 2477 dicens,
3567 2413 3663 2468 sed
3692 2414 3764 2467 in-

2179 2502 2384 2556 ﬁnitam
2408 2502 3037 2575 multitudinem-Cogita
3061 2514 3256 2575 quanta
3280 2522 3365 2561 res
3385 2506 3454 2560 sit
3473 2507 3760 2575 virjustus.

2180 2594 2323 2649 Dixit
2346 2594 2382 2648 .I
2387 2611 2497 2649 esus
2524 2594 2688 2663 Nave,
2720 2596 2830 2651 Stet
2856 2597 2933 2651 sol
2960 2608 3135 2651 contra
3162 2596 3391 2661 Gabaou,
3416 2609 3463 2650 et
3492 2598 3619 2650 luna
3646 2615 3759 2651 con-

2180 2697 2260 2740 tra
2289 2686 2469 2741 vallem
2500 2685 2688 2753 Elom;
2726 2697 2773 2741 et
2810 2691 3000 2759 factum
3024 2698 3096 2742 est
3126 2688 3274 2759 (Jos.
3300 2689 3389 2743 10.
3422 2688 3545 2757 l2).
3583 2688 3763 2745 Veniat

2182 2794 2309 2850 ergo
2352 2780 2634 2834 universus
2673 2780 2819 2835 orbis
2856 2788 3013 2836 terrae
3038 2822 3054 2845 ,
3097 2781 3205 2835 imo
3246 2796 3378 2836 vero
3408 2779 3554 2845 duo,
3585 2791 3643 2835 et
3668 2793 3762 2836 tres

2185 2872 2368 2936 etiam,
2400 2879 2455 2926 et
2494 2879 2742 2939 quatuor,
2784 2880 2841 2925 et
2879 2870 3065 2941 viginti
3104 2870 3265 2926 orbes
3306 2880 3483 2933 terrae,
3514 2880 3569 2926 et
3597 2871 3762 2926 dicant

2184 2963 2288 3018 hoc
2315 2972 2369 3017 et
2397 2963 2623 3028 faciant;
2667 2961 2763 3017 sed
2801 2976 2907 3016 non
2943 2971 3214 3032 poterunt.
3244 2963 3341 3017 Dei
3365 2972 3545 3017 autem
3571 2964 3762 3017 amicus

2181 3053 2340 3108 amici
2381 3053 2681 3122 imperabat
2718 3054 3015 3118 creaturis;
3068 3054 3176 3107 imo
3202 3068 3331 3108 vero
3358 3053 3595 3108 amicum
3620 3069 3760 3108 suum

2183 3146 2411 3216 rogavit,
2440 3153 2495 3199 et
2523 3144 2789 3200 cedebant
2812 3160 2932 3215 quae
2960 3145 3268 3200 serviebant
3288 3184 3302 3208 .
3334 3154 3391 3201 et
3417 3143 3644 3201 inferior
3669 3146 3760 3207 im-

2188 3238 2409 3308 perabat
2438 3237 2705 3306 supernis.
2736 3236 2900 3293 Vides
2930 3237 3072 3308 quod
3098 3252 3161 3292 ea
3187 3246 3363 3292 creata
3387 3239 3497 3292 sint
3527 3239 3580 3293 in
3608 3240 3757 3293 servi-

2186 3339 2375 3396 tutem,
2398 3344 2613 3383 cursum
2636 3330 2986 3383 constitutum
3015 3328 3329 3398 implentia?
3359 3328 3475 3385 Hoc
3495 3339 3578 3386 est
3605 3331 3759 3398 majus

2185 3437 2342 3491 quam
2390 3436 2510 3490 qua:
2556 3419 2693 3474 facta
2741 3429 2865 3473 sunt
2904 3434 2933 3474 a
2979 3419 3181 3491 Moyse.
3229 3419 3447 3489 Quare?
3493 3420 3610 3475 Non
3649 3432 3758 3479 sunt

2185 3512 2327 3565 enim
2361 3511 2530 3579 paria,
2560 3512 2826 3579 imperare
2855 3511 3011 3577 mari,
3043 3519 3100 3565 et
3126 3511 3193 3565 iis
3218 3526 3335 3580 qua:
3362 3520 3489 3568 sunt
3520 3512 3573 3565 in
3599 3512 3755 3567 caelo:

2189 3617 2308 3655 nam
2339 3602 2465 3655 illud
2496 3616 2708 3670 thque
2732 3610 2815 3656 est
2841 3617 3092 3671 magnum
3120 3611 3175 3657 et
3200 3602 3357 3658 valde
3385 3618 3655 3673 magnum,
3674 3603 3755 3659 sed

2190 3709 2293 3747 non
2321 3709 2434 3763 par.
2464 3693 2602 3748 Audi
2625 3708 2754 3749 vero
2774 3709 2872 3749 cur
2894 3696 3013 3749 talis
3036 3695 3107 3749 sit
3131 3694 3373 3749 effectus.
3404 3694 3620 3760 Quare?
3644 3693 3754 3750 Jesn

2190 3800 2383 3839 nomen
2407 3793 2523 3839 erat
2553 3792 2710 3855 typus
2735 3784 2956 3839 Christi.
2990 3785 3278 3856 Propterea
3305 3801 3455 3861 ergo,
3478 3797 3533 3842 et
3552 3796 3752 3858 propter

2192 3878 2360 3947 ipsam
2384 3877 2436 3931 in
2468 3886 2594 3949 typo
2615 3878 3022 3947 appellationem
3047 3878 3212 3933 verita
3235 3888 3319 3934 est
3340 3891 3607 3936 creatura.
3634 3878 3752 3946 Quid

2192 3970 2358 4026 vero?
2385 3970 2523 4025 alius
2548 3986 2652 4025 non
2672 3980 2891 4025 vocatus
2915 3970 3013 4025 fuit
3031 3971 3221 4025 Jesus?
3244 3972 3349 4027 Sed
3373 3973 3475 4028 iste
3496 3983 3750 4043 propterea

2194 4066 2415 4112 vocatus
2443 4064 2527 4111 est
2553 4054 2602 4107 in
2635 4054 2802 4123 ﬁgura
2834 4070 2848 4107 :
2882 4067 3003 4107 nam
3042 4051 3319 4105 dicebatur
3358 4053 3523 4106 etiam
3553 4054 3746 4106 Auses:

2197 4156 2479 4218 pr0pterea
2509 4152 2769 4199 mutatum
2799 4143 2894 4197 fuit
2919 4157 3145 4206 nomen;
3176 4142 3451 4211 pnedictio
3480 4143 3617 4197 enim
3650 4150 3746 4196 erat

2190 4248 2245 4291 ct
2274 4235 2572 4308 prophetia.
2607 4236 2724 4305 Ipse
2752 4234 3004 4303 pepulum
3037 4233 3331 4287 introduxit
3368 4233 3422 4287 in
3465 4232 3744 4303 promissio-

2191 4345 2334 4394 nem,
2368 4328 2506 4382 sicut
2533 4326 2691 4382 Jesus
2718 4326 2772 4380 in
2800 4325 3013 4389 etclam,
3046 4340 3152 4378 non
3183 4325 3290 4390 lex,
3322 4324 3466 4379 sicut
3496 4340 3595 4380 nec
3617 4324 3744 4395 Moy-

2190 4436 2307 4485 ses,
2339 4418 2432 4475 sed
2463 4420 2659 4473 mansit
2687 4426 2837 4472 extra
2867 4435 2880 4472 :
2914 4430 3019 4470 non
3056 4424 3233 4484 potest
3269 4415 3354 4469 lex
3398 4416 3739 4475 introducere.

2187 4511 2280 4565 sed
2298 4511 2487 4582 gratia.
2508 4510 2669 4565 Vides
2693 4509 2887 4578 ﬁguras
2906 4507 3084 4561 multis
3106 4516 3251 4561 retro
3278 4508 3415 4561 actis
3439 4508 3738 4577 temporibus

2174 4603 2334 4671 prius
2357 4601 2607 4657 describi.
2628 4599 2913 4669 Imperavit
2927 4606 3205 4661 creaturze,
3223 4597 3331 4651 imo
3342 4613 3477 4653 vero
3495 4584 3741 4669 praecipua:

2188 4697 2325 4765 parti
2373 4704 2654 4760 creaturae,
2686 4692 2935 4747 deorsum
2965 4700 3113 4745 stans
3138 4690 3234 4759 ipsi
3264 4690 3447 4759 capiti,
3475 4699 3532 4744 ut
3558 4687 3740 4759 quando

2187 4787 2384 4841 videris
2422 4787 2473 4841 in
2503 4786 2667 4856 ﬁgura
2689 4784 2920 4839 hominis
2943 4783 3124 4838 Jesum
3151 4782 3339 4838 eadem
3369 4784 3650 4846 dicentem,
3688 4794 3738 4833 ne

2188 4879 2513 4949 perturberis
2541 4893 2672 4932 neve
2701 4875 2969 4932 terrearis.
3002 4876 3119 4945 Ipse
3157 4875 3315 4929 etiam
3346 4874 3560 4929 vivente
3586 4872 3737 4941 Moyse

2186 4972 2319 5025 fudit
2342 4981 2395 5026 et
2416 4970 2612 5040 fugavit
2641 4968 2821 5023 hostes
2855 4988 2867 5023 :
2898 4967 2985 5021 hic
3012 4967 3172 5021 etiam
3200 4964 3416 5019 vivente
3454 4964 3569 5035 lege
3588 4961 3733 5017 omnia

2184 5064 2540 5128 administrat,
2573 5062 2667 5117 sed
2696 5076 2802 5117 non
2827 5069 3028 5130 aperte.
3060 5058 3164 5115 Sed
3186 5058 3467 5113 videamus
3487 5066 3664 5129 quanta
3680 5054 3734 5108 sit

2186 5159 2352 5211 virtus
2380 5168 2703 5210 sanctorum.

2255 5251 2305 5304 4.
2338 5249 2524 5304 Contra
2547 5264 2631 5301 eos
2654 5247 2739 5314 qui
2769 5246 2945 5317 caelum
2988 5242 3218 5297 dicebant
3256 5259 3364 5297 esse
3387 5243 3647 5313 sphaeram.
3674 5268 3730 5280 —-

2185 5344 2239 5398 Si
2275 5343 2358 5397 hic
2389 5342 2509 5396 talia
2543 5348 2853 5410 Operantur,
2880 5339 2925 5393 si
2958 5338 3043 5392 hic
3073 5352 3134 5392 ea
3169 5337 3367 5393 faciunt
3396 5352 3517 5405 quae
3561 5331 3725 5403 angeli,

2183 5434 2307 5507 quid
2350 5433 2506 5489 illic?
2536 5441 2793 5503 quantum
2838 5432 3036 5484 habent
3082 5427 3471 5498 splendorem?
3510 5426 3725 5481 Fortasse

2185 5529 2546 5600 unusquisque
2568 5535 2803 5579 vestrum
2829 5523 2985 5579 vellet
3017 5537 3137 5577 esse
3159 5519 3484 5590 huiusmodi,
3503 5529 3556 5573 ut
3573 5522 3723 5588 posset

2183 5625 2445 5692 imperare
2473 5621 2569 5676 soli
2597 5629 2651 5674 et
2681 5618 2840 5672 luna}.
2887 5616 2984 5670 Hic
3007 5616 3041 5669 ii
3068 5614 3158 5684 qui
3192 5614 3385 5668 cadum
3431 5613 3599 5667 dicunt
3620 5620 3717 5663 esse

2183 5716 2472 5785 Spharram,
2492 5712 2618 5784 quid
2646 5710 2917 5767 dixerint?
2945 5707 3054 5763 Cur
3075 5723 3179 5762 non
3206 5706 3361 5773 dixit,
3390 5706 3502 5761 Stet
3522 5704 3610 5766 sol,
3638 5697 3714 5754 sed

2182 5806 2413 5871 addidit,
2455 5804 2563 5860 Stet
2609 5812 2785 5859 contra
2829 5800 3067 5867 Gabaon,
3096 5809 3142 5856 et
3193 5800 3315 5854 luna
3355 5806 3526 5857 contra
3561 5792 3708 5849 valle!
