3926 6406
585 328 677 385 191

1236 318 1294 373 S.
1333 313 1610 373 JOANNIS
1642 308 2115 372 CllllYSOSTOlll
2160 305 2475 364 AnClllEP.
2510 290 3042 359 CONSTANTINOP.
3665 297 3733 354 ωε

592 453 743 505 hodie
782 448 858 517 (2.
903 446 1026 515 Reg.
1058 442 1144 498 16.
1200 441 1287 495 to.
1331 439 1443 511 12).
1474 438 1553 493 Tu
1595 444 1771 491 autem
1801 433 1870 489 de
1907 443 1959 488 te
1984 433 2171 489 dicens
2268 424 2513 490 facimus,
2535 430 2592 478 et
2628 416 2877 475 omnia.a
2923 409 3077 468 nobis
3113 402 3342 512 ﬂuont.ad
3368 404 3735 517 gloriam,

590 496 798 584 summai
826 496 1057 592 malailsi
1089 538 1196 578 non
1224 522 1292 577 ab
1312 496 1431 574 aliis
1462 519 1648 573 audias
1688 530 2000 587 magnorum
2032 514 2173 569 viro-
2270 518 2570 574 veritatem.
2593 514 2879 582 Propterea
2899 513 3024 560 sunt
3049 501 3229 559 omnia
3252 497 3597 564 inania,omnia
3610 496 3736 553 dubia.

592 639 711 677 rum
737 630 790 676 et
810 589 1073 690 iustorum
1110 614 1317 682 laudes,
1349 612 1611 669 eﬂ‘eraris.
1652 610 1814 667 Vides
1847 607 1991 680 quod
2035 607 2173 663 ludis
2273 608 2631 679 Quamobrem
2663 617 2795 674 rogo
2821 609 2881 655 ut
2903 611 3045 653 nunc
3071 592 3261 690 saltem
3284 589 3562 690 abstineatis
3583 599 3743 644 amatre

592 714 649 767 in
677 712 836 766 rebus
864 724 968 763 non
1010 707 1264 763 ludicris?
1316 704 1504 760 laudes
1528 703 1671 759 enim
1699 701 2008 772 repellimus
2036 696 2172 752 alia-

592 818 709 857 rum
738 800 949 855 laudum
976 800 1266 863 desiderio,
1286 808 1345 852 ut
1374 799 1566 851 iterum
1593 795 1795 863 majora
1823 803 2173 861 assequamur

591 892 855 957 eneomia,
890 901 947 946 ut
989 892 1042 945 in
1072 890 1280 960 majore
1323 889 1618 943 habeamur
1654 885 2027 941 admiratione.
2066 881 2176 937 Nos

594 982 778 1054 itaque
799 998 906 1038 non
934 983 1285 1038 admittentes
1328 980 1514 1036 laudes
1548 988 1606 1034 ut
1651 993 1744 1034 eas
1762 990 2052 1048 augeamus
2078 975 2181 1030 hoc

2277 705 2537 761 malorum
2584 697 2727 753 inani
2771 692 2938 766 gloria
2960 731 2976 757 ,
3007 696 3064 745 et
3089 685 3276 741 vivatis
3302 691 3358 738 ut
3394 682 3489 738 Deo
3512 682 3680 751 placet:
3707 693 3744 737 ut

2280 797 2453 851 futura
2497 802 2711 860 quoque
2740 786 2881 841 bona
2927 789 3341 851 consequamur,
3388 773 3436 828 in
3476 771 3748 829 Christolesu

2285 886 2511 943 Domino
2537 890 2742 939 nostro.

602 1116 3757 1151 MM

1871 1175 2219 1238 HOMILIA
2258 1172 2554 1234 XXVIII.

601 1319 731 1375 ω.
755 1318 842 1372 ll.
882 1332 934 1370 v.
963 1316 1053 1372 57.
1099 1314 1413 1369 Circuierunt
1439 1312 1491 1365 in
1517 1309 1734 1375 melotis,
1761 1308 1815 1362 in
1843 1307 2056 1377 pellibus
2081 1321 2166 1358 ea.

670 1409 856 1482 prinis,
882 1416 1101 1479 egentes,
1124 1404 1422 1477 angustiati,
1451 1401 1619 1472 afﬂicti
1634 1418 1651 1465 ;
1674 1399 1764 1455 58.
1791 1396 1973 1468 quibus
1993 1395 2178 1464 dignus

674 1518 775 1555 non
803 1509 910 1553 erat
936 1497 1178 1561 mundus;
1207 1497 1259 1548 in
1285 1491 1645 1548 solitudinibus
1676 1496 1921 1555 errantes,
1950 1488 2003 1541 in
2032 1503 2180 1539 mou-

676 1591 827 1651 tibus,
854 1590 907 1643 in
931 1588 1183 1658 speluncis
1210 1595 1257 1639 et
1285 1587 1338 1638 in
1366 1584 1590 1637 cavernis
1620 1591 1787 1635 teme.

678 1683 731 1740 1.
772 1683 997 1751 Semper
1022 1679 1257 1750 quidem,
1293 1677 1524 1731 maxime
1552 1683 1730 1729 autem
1760 1670 1974 1743 quando
2002 1668 2181 1740 cogito

607 1789 696 1831 res
718 1783 896 1845 gestas
922 1781 1249 1833 sanctorum,
1280 1779 1403 1825 tunc
1430 1765 1559 1820 mihi
1587 1765 1735 1820 venit
1781 1764 1833 1817 in
1860 1772 2093 1818 mentem
2120 1760 2187 1815 de

609 1884 696 1924 me
721 1869 1030 1937 desperare.
1055 1864 1193 1936 quod
1244 1878 1342 1917 nec
1387 1862 1439 1916 in
1486 1860 1689 1915 somnis
1736 1858 1950 1928 quidem
1982 1856 2186 1927 experti

608 1974 816 2023 sumus,
848 1959 899 2011 in
932 1958 1129 2027 quibus
1158 1957 1256 2009 viri
1290 1954 1365 2008 illi
1398 1961 1507 2007 toto
1537 1961 1779 2020 tempore
1808 1956 1935 2004 sunt
1961 1947 2185 2014 versati,

610 2066 715 2103 non
746 2056 1085 2117 peccatorum
1118 2061 1301 2115 poenas
1328 2046 1553 2107 luentes,
1574 2041 1667 2097 sed
1696 2056 1782 2096 res
1801 2041 1966 2095 bonas
1991 2055 2057 2095 ex
2073 2039 2185 2094 vir-

600 2135 714 2182 tute
732 2138 979 2198 gerentes
996 2137 1047 2181 et
1066 2143 1277 2198 semper
1294 2127 1496 2183 afﬂicti.
1514 2130 1645 2184 Nam
1661 2130 1832 2201 cogita
1852 2130 1981 2184 mihi
2001 2130 2193 2194 Eliam,

614 2218 683 2273 ad
722 2229 889 2290 quem
923 2218 1083 2274 hodie
1112 2220 1250 2273 redit
1273 2220 1444 2275 oratio
1472 2236 1487 2275 :
1513 2221 1581 2275 de
1611 2222 1701 2276 illo
1736 2222 1879 2275 enim
1918 2220 2005 2275 hic
2032 2220 2194 2287 dicit,

613 2314 933 2370 Circuierunt
988 2315 1041 2365 in
1087 2313 1305 2373 int-lotis.
1346 2323 1397 2368 et
1456 2315 1507 2367 in
1557 2329 1680 2368 eum
1729 2313 1981 2369 desinunt
2027 2313 2195 2383 ipsius

616 2402 862 2473 exempla
895 2421 910 2458 :
940 2402 1082 2473 quod
1114 2410 1231 2457 erat
1260 2402 1525 2457 familiare
1553 2404 1669 2459 istis
1699 2412 1753 2458 et
1791 2404 2086 2474 preprium.
2129 2402 2197 2455 Et

620 2494 934 2550 memoratis
978 2493 1241 2564 apostolis
1287 2493 1430 2563 quod
1481 2494 1533 2548 in
1581 2494 1853 2549 occisione
1888 2493 2051 2564 gladii
2092 2494 2198 2547 sint

619 2586 814 2641 mortui
843 2627 858 2651 ,
900 2582 1041 2654 quod
1091 2583 1307 2653 lapidati
1332 2626 1348 2648 ,
1389 2584 1634 2639 ascendit
1664 2599 1852 2639 rursus
1881 2584 1947 2639 ad
1980 2583 2151 2637 Eliam
2179 2623 2194 2648 ,

618 2675 710 2746 qui
750 2674 937 2730 eadem
962 2690 1080 2743 qua:
1108 2674 1207 2743 ipsi
1247 2689 1435 2743 passus
1464 2683 1565 2728 est.
1608 2673 1742 2729 Nam
1783 2674 2040 2744 quoniam
2082 2680 2199 2727 erat

621 2765 912 2822 verisimile
938 2781 1032 2819 eos
1061 2764 1139 2820 de
1170 2763 1427 2832 apostolis
1473 2764 1708 2818 nondum
1757 2770 1957 2818 tantam
1998 2779 2197 2819 conce-

624 2862 765 2931 pisse
809 2857 1147 2928 opinionem,
1178 2857 1245 2910 ab
1285 2871 1351 2910 eo
1398 2855 1488 2926 qui
1537 2856 1634 2910 fuit
1679 2863 2016 2925 assumptus,
2044 2864 2099 2911 et
2142 2855 2196 2909 in

622 2948 855 3002 maxima
873 2946 1085 3001 habitus
1104 2955 1187 3001 est
1206 2944 1583 3011 admiratione,
1601 2943 1758 3000 aﬂ'crt
1773 2944 2203 2999 exhortationem

618 3052 673 3093 et
693 3037 1138 3094 consolationem.
1164 3035 1479 3092 Circuierunt
1499 3036 1665 3103 enim,
1690 3034 1881 3105 inquit,
1909 3035 1962 3088 in
1983 3034 2203 3098 melotis,

618 3129 671 3183 in
702 3128 919 3198 pellibus
947 3127 1194 3199 caprinis,
1224 3137 1446 3199 egentes,
1472 3125 1769 3197 angustiati,
1797 3125 2005 3196 afﬂicti:
2028 3124 2207 3194 quibus

619 3219 806 3292 dignus
831 3235 932 3274 non
960 3232 1070 3273 erat
1103 3218 1344 3272 mundus.
1374 3217 1451 3273 Ne
1474 3229 1679 3273 vestem
1712 3218 1927 3288 quidem
1950 3258 1965 3282 ,
1996 3217 2202 3287 inquit,

620 3309 889 3365 habebant
912 3320 1136 3381 propter
1159 3326 1424 3364 summam
1456 3308 1806 3364 afﬂictionem
1826 3351 1842 3375 ,
1875 3324 1981 3363 non
2013 3310 2203 3364 civita-

620 3414 745 3468 tem,
778 3418 884 3458 non
913 3402 1158 3470 domum,
1187 3420 1291 3457 non
1325 3402 1685 3457 habitaculum
1713 3421 1727 3457 :
1751 3401 1854 3456 hoc
1874 3401 2014 3472 quod
2045 3401 2204 3455 Chri-

616 3504 733 3549 stus
785 3493 1027 3558 dicebat,
1066 3492 1237 3547 Filius
1283 3503 1451 3547 autent
1503 3493 1726 3546 hominis
1770 3508 1873 3545 non
1925 3491 2071 3545 habet
2119 3492 2206 3545 ubi

615 3594 773 3652 caput
800 3585 1007 3639 reclinet
1041 3583 1261 3656 (Matth.
1290 3586 1345 3640 8.
1372 3583 1488 3657 20).
1518 3584 1657 3653 Quid
1686 3584 1829 3647 dico,
1863 3598 1968 3637 non
1999 3583 2204 3636 habita—

616 3674 833 3730 culum?
865 3690 934 3731 ne
977 3677 1265 3732 stationem
1308 3676 1525 3747 quidem
1552 3694 1565 3731 :
1598 3692 1721 3730 nam
1752 3690 1929 3745 neque
1958 3690 2078 3729 cum
2109 3691 2203 3730 ve-

620 3769 829 3825 nissent
857 3770 912 3825 in
942 3770 1287 3826 solitudinem
1311 3810 1326 3835 ,
1355 3770 1593 3840 quietem
1620 3769 1849 3839 agebant
1876 3784 1890 3823 :
1925 3783 2032 3822 non
2059 3769 2201 3823 enim

614 3863 764 3928 dicit,
793 3862 1069 3918 Sedebant
1099 3863 1152 3916 in
1181 3862 1489 3926 solitudine,
1515 3861 1610 3916 sed
1636 3870 1692 3915 et
1716 3876 1837 3915 cum
1866 3860 1973 3915 illic
1997 3870 2200 3928 essent,

615 3956 891 4027 fugiebant
919 3965 974 4011 et
1000 3956 1149 4011 illinc
1174 3954 1606 4024 expellebantur,
1634 3970 1739 4009 non
1770 3953 1945 4008 solum
1970 3968 2034 4008 ex
2060 3963 2199 4007 terra

617 4047 877 4111 habitata,
903 4046 996 4101 sed
1024 4046 1185 4100 etiam
1209 4062 1275 4101 ex
1304 4044 1655 4100 iuhabitabili.
1708 4045 1773 4100 Et
1804 4046 1854 4099 in
1883 4043 2200 4100 memoriam

614 4138 695 4192 eis
726 4146 942 4199 revocat
969 4137 1085 4192 loca
1117 4137 1169 4191 in
1198 4137 1393 4204 quibus
1423 4135 1680 4193 sederunt
1700 4177 1716 4198 ,
1749 4146 1804 4192 et
1832 4151 1920 4192 res
1945 4152 2063 4207 qua:
2095 4135 2203 4190 illic

617 4229 775 4291 facta:
804 4238 929 4284 sunt
956 4247 969 4283 :
999 4227 1241 4305 Egentes,
1265 4230 1456 4305 afﬂicti.
1489 4228 1692 4284 Deinde
1730 4244 1846 4294 vos,
1882 4228 2081 4299 inquit,
2114 4242 2203 4281 ac-

614 4330 807 4377 cusant
854 4330 1076 4391 propter
1114 4321 1412 4389 Christum,
1443 4331 1498 4375 et
1548 4315 1973 4389 hoe'patrabant
2011 4329 2200 4373 contra

616 4413 793 4474 Eliam
826 4431 841 4469 :
868 4413 996 4484 quid
1043 4413 1316 4473 habebant
1342 4414 1410 4468 de
1441 4430 1545 4483 quo
1572 4429 1692 4467 eum
1721 4420 2075 4477 accusarent,
2107 4427 2203 4465 cur

612 4507 983 4577 expellerent,
1016 4515 1473 4579 persequerentur
1503 4515 1555 4562 et
1584 4522 1705 4562 cum
1736 4507 1873 4561 fame
1901 4505 2199 4561 conﬂictari

612 4610 870 4669 urgerent
885 4598 908 4648 Ἰ
925 4598 1077 4666 Quod
1098 4598 1151 4653 hi
1172 4585 1391 4670 quoque
1418 4609 1541 4651 tunc
1573 4596 1907 4667 patiebantur
1932 4616 1944 4651 :
1968 4608 2202 4667 propter-

611 4706 676 4744 ea
705 4690 832 4746 alibi
868 4688 1106 4756 dicebat,
1136 4689 1525 4755 Decreveruut,
1554 4687 1744 4758 inquit,
1770 4688 1987 4742 mittere
2011 4687 2088 4740 eis
2110 4686 2198 4756 qui

610 4782 919 4853 afﬂiguntur
947 4798 1011 4839 ex
1039 4782 1339 4853 discipulis.
1367 4782 1627 4850 Quantum
1656 4790 1927 4850 suppetunt
1945 4780 2096 4833 alicui
2114 4785 2200 4851 fa-

612 4878 841 4941 cultates,
859 4887 1142 4932 statuerunt
1186 4877 1526 4947 unusquisque
1553 4891 1727 4929 eorum
1757 4876 1949 4928 mittere
1967 4873 2018 4927 iu
2052 4874 2201 4927 mini-

612 4968 821 5021 sterium
852 4968 1192 5023 habitantibus
1220 4969 1272 5022 in
1295 4967 1483 5022 Iudaea
1513 4967 1755 5037 fratribus
1787 4966 1921 5039 (Act.
1950 4966 2039 5021 ll.
2062 4964 2131 5019 9.9
2153 4966 2195 5036 ).

613 5058 766 5126 Quod
812 5059 1002 5114 borum
1047 5076 1262 5131 quoque
1318 5069 1451 5135 erat.
1499 5060 1699 5131 Aﬂlicti,
1742 5060 1941 5129 inquit;
1996 5057 2047 5112 id
2094 5067 2196 5124 est,

612 5150 753 5206 male
797 5150 1099 5219 patientes,
1142 5151 1195 5206 iu
1242 5152 1382 5215 viis,
1434 5153 1485 5203 in
1532 5152 1779 5219 periculis
1808 5167 1821 5205 :
1851 5150 1991 5220 quod
2036 5152 2196 5204 etiam

613 5242 803 5297 horum
834 5254 972 5299 erat.
1023 5244 1339 5298 Circuierunt
1368 5253 1566 5307 autem,
1598 5246 1722 5313 quid
1750 5246 1865 5299 est?
1907 5244 1973 5297 In
2017 5243 2200 5297 solitu-

609 5334 833 5397 dinibus,
866 5335 1076 5405 inquit,
1106 5345 1333 5390 errantes
1360 5345 1407 5388 et
1435 5336 1686 5389 montibus
1714 5348 1757 5389 ct
1786 5338 1836 5389 in
1864 5338 2121 5405 speluncis
2150 5347 2197 5389 et

608 5426 836 5480 cavernis
865 5435 1030 5484 terrae.
1060 5427 1337 5497 Tanquam
1372 5426 1598 5497 fugitivi,
1629 5427 1820 5497 inquit,
1847 5427 2194 5494 circuierunt,

610 5525 663 5571 et
695 5516 785 5585 qui
813 5531 843 5571 e
868 5518 981 5571 suis
1007 5519 1240 5588 migrant
1270 5518 1511 5583 sedibus,
1539 5529 1808 5589 tamquam
1832 5520 1921 5591 qui
1955 5522 2195 5591 turpissi-

612 5624 822 5663 morum
855 5609 1117 5664 scelerum
1156 5618 1280 5663 sunt
1305 5610 1572 5678 convicti,
1615 5619 1887 5679 tamquam
1933 5628 2001 5666 ne
2048 5612 2194 5681 digni

610 5694 828 5758 quidem
873 5696 1040 5751 solent
1088 5696 1282 5752 intueri
1313 5737 1328 5760 ,
1360 5711 1427 5750 ne
1454 5712 1517 5752 ex
1549 5696 1835 5757 solitudine
1864 5696 2078 5769 quidem
2109 5697 2186 5752 itt-

2288 1311 2548 1354 venerunt
2587 1300 2876 1371 effugium,
2916 1301 3013 1358 sed
3057 1317 3275 1376 semper
3315 1304 3573 1375 Oportebat
3607 1308 3765 1383 iugere,

2286 1394 2567 1462 oportebat
2609 1395 2831 1451 latibula
2874 1411 3155 1466 qurerere,
3183 1396 3462 1467 oportebat
3498 1414 3553 1454 se
3587 1402 3702 1459 vivos
3731 1407 3766 1461 in

2286 1494 2481 1539 terram
2525 1484 2811 1555 infodere,
2855 1502 3072 1558 semper
3113 1503 3236 1544 esse
3281 1490 3333 1544 in
3374 1497 3526 1545 metu.
3553 1492 3628 1547 39.
3658 1492 3706 1547 Et
3734 1498 3768 1550 lii

2285 1595 2455 1632 omnes
2498 1580 2779 1633 testimonio
2820 1579 3019 1650 probati
3052 1597 3140 1650 per
3165 1581 3319 1650 ﬁdem
3342 1622 3359 1648 ,
3401 1598 3496 1635 non
3532 1583 3769 1638 obtinuerunt

2284 1669 2746 1739 repromissionem,
2772 1670 2864 1725 40.
2892 1669 3004 1725 Deo
3034 1688 3126 1741 pro
3156 1671 3300 1726 nobis
3330 1673 3501 1727 melius
3516 1675 3673 1742 aliquid
3694 1694 3771 1745 pro-

2285 1762 2498 1827 ridente,
2524 1774 2576 1815 ut
2602 1780 2664 1816 ne
2682 1764 2790 1818 sine
2815 1765 2955 1819 nobis
2975 1776 3465 1820 contaminarentur.
3486 1766 3598 1834 Quae
3612 1779 3771 1840 estergo

2286 1868 2491 1914 merces
2517 1863 2679 1908 tantm
2705 1855 2854 1925 spei?
2879 1872 2998 1926 qua:
3025 1857 3423 1912 remuneratio?
3448 1857 3596 1913 Tanta
3615 1872 3724 1914 certe
3737 1869 3771 1915 ut

2285 1943 2529 1998 oratione
2556 1945 2781 2014 exprimi
2810 1960 2915 1999 non
2949 1947 3137 2016 possit.
3167 1946 3247 1999 Ea
3276 1948 3419 2002 enim
3438 1988 3453 2009 .
3484 1947 3660 2018 inquit,
3684 1966 3773 2018 pre-

2286 2037 2481 2106 paravit
2507 2035 2643 2092 Dens
2670 2038 2996 2108 diligentibus
3022 2055 3161 2104 eum,
3190 2055 3306 2110 qua
3331 2056 3485 2109 neque
3511 2040 3658 2094 oculus
3675 2042 3772 2105 vidit,

2285 2147 2373 2184 nec
2398 2132 2537 2185 auris
2566 2131 2759 2184 audivit
2784 2172 2799 2196 ,
2831 2147 2923 2185 nec
2953 2131 3005 2185 in
3031 2148 3118 2185 cor
3145 2113 3368 2185 hominis
3407 2133 3773 2202 ascendmnt(l.

2285 2220 2402 2276 Cor.
2431 2220 2487 2277 2.
2517 2221 2610 2292 9).
2669 2221 2774 2276 Sed
2812 2222 3040 2275 nondum
3083 2231 3409 2292 acceperunt,
3452 2237 3617 2276 verum
3654 2223 3773 2277 adhuc

2284 2319 2617 2380 exspectant,
2646 2327 2767 2366 cum
2800 2311 2854 2365 in
2886 2321 3030 2374 tanta
3059 2311 3398 2367 decesserint
3423 2312 3689 2367 afﬂictione.
3710 2314 3777 2368 Tot

2284 2414 2409 2456 sunt
2437 2402 2563 2456 anni
2590 2417 2656 2457 ex
2685 2418 2791 2473 quo
2819 2402 3098 2470 vicerunt,
3129 2412 3182 2459 et
3227 2404 3464 2459 nondum
3494 2418 3773 2474 acceperunt:

2285 2512 2379 2551 vos
2402 2506 2579 2551 autem
2607 2497 2732 2550 dum
2760 2496 2936 2551 adhuc
2957 2496 3196 2563 certatis,
3227 2498 3409 2553 moesti
3434 2498 3584 2552 estis?
3608 2500 3779 2569 Cogitate
3856 2536 3857 2545 η

2289 2603 2383 2643 vos
2417 2604 2628 2658 quoque
2656 2588 2780 2657 quid
2813 2596 2869 2642 et
2896 2596 3154 2658 quantum
3183 2589 3273 2655 sit,
3304 2588 3495 2643 sedere
3516 2588 3779 2645 Abrahamet

2284 2682 2504 2738 Paulum
2548 2682 2852 2753 apostolum
2896 2690 3274 2752 exspectantes
3328 2681 3537 2752 quando
3588 2691 3633 2737 tu
3671 2683 3779 2738 lueris

2283 2784 2723 2838 consummatus,
2756 2783 2814 2828 ut
2844 2784 2971 2828 tunc
3001 2775 3208 2843 possint
3244 2775 3492 2845 accipere
3533 2775 3776 2830 mercedem.

2283 2868 2439 2935 Nam,
2473 2868 2573 2922 nisi
2601 2882 2700 2921 nos
2728 2882 2945 2937 quoque
2972 2866 3327 2937 adfuerimus,
3364 2867 3604 2937 praedixit
3618 2868 3680 2922 eis
3700 2867 3782 2922 Ser-

2284 2970 2439 3015 vator
2463 2974 2523 3015 se
2549 2974 2655 3013 non
2686 2958 2935 3013 daturum
2964 2974 2978 3009 :
3003 2959 3141 3011 sicut
3163 2958 3207 3011 si
3237 2967 3395 3027 pater
3417 2957 3675 3013 benevolus
3690 2957 3782 3010 ditat

2284 3052 2467 3131 probis
2498 3049 2621 3106 filiis
2643 3059 2698 3105 et
2722 3061 2812 3120 qut
2843 3065 2978 3117 Opus
3008 3047 3387 3113 confecerunt,
3409 3062 3467 3103 se
3492 3064 3587 3103 non
3606 3048 3781 3102 daturum

2285 3145 2426 3218 quod
2453 3144 2650 3205 edant,
2687 3143 2786 3196 nisi
2822 3141 3073 3195 venerint
3103 3155 3292 3195 eorum
3334 3140 3542 3195 fratres.
3572 3140 3638 3194 Tu
3661 3146 3781 3193 autem

2285 3251 2426 3307 a‘gre
2458 3235 2565 3291 fers
2592 3234 2734 3305 quod
2768 3233 3071 3287 mercedem
3102 3232 3344 3286 nondum
3389 3230 3673 3301 acceperis?
3695 3229 3783 3297 Quid

2286 3345 2415 3400 ergo
2444 3328 2601 3383 faciet
2629 3327 2780 3391 Abel,
2809 3327 2899 3396 qui
2932 3336 3059 3379 ante
3084 3339 3273 3379 omnes
3303 3324 3466 3390 vicit,
3498 3333 3551 3380 et
3575 3322 3694 3378 sedet
3716 3336 3783 3375 non

2286 3418 2606 3477 coronatus?
2626 3416 2750 3488 quid
2775 3432 2900 3470 vero
2922 3415 3072 3470 Noe?
3093 3413 3219 3485 quid
3239 3413 3297 3478 ii,
3318 3414 3411 3485 qui
3439 3413 3541 3468 illis
3561 3412 3683 3468 fuere
3700 3422 3787 3464 tem-

2286 3514 2536 3586 poribus,
2568 3511 2656 3581 qui
2691 3519 2741 3563 te
2772 3520 2827 3564 et
2856 3524 2951 3563 uos
2975 3508 3066 3579 qui
3104 3518 3226 3577 post
3255 3515 3308 3562 te
3337 3516 3497 3562 erunt
3520 3504 3787 3575 exspectant?

2358 3602 2762 3658 Christianorum
2805 3600 2999 3669 Optima
3030 3599 3276 3652 conditio.
3300 3628 3375 3639 —
3405 3597 3562 3653 Vides
3584 3594 3702 3668 quod
3723 3594 3789 3647 illis

2288 3708 2472 3748 sumus
2500 3692 2831 3760 superiores,
2856 3702 2909 3744 et
2937 3690 3126 3744 melior
3152 3690 3221 3742 sit
3247 3697 3437 3744 nostra
3466 3704 3611 3759 quam
3637 3687 3787 3741 illorum

2288 3784 2558 3839 conditio?
2580 3781 2655 3836 De
2672 3781 2813 3835 nobis
2835 3785 2988 3845 enim,
3015 3779 3209 3850 inquit,
3232 3780 3437 3850 aliquid
3450 3780 3615 3833 melius
3628 3776 3790 3848 prendit

2292 3874 2448 3928 Deus.
2472 3872 2550 3927 Ne
2570 3872 2881 3927 viderentur
2892 3872 3033 3925 enim
3057 3885 3178 3924 esse
3199 3870 3443 3925 melioris
3459 3885 3608 3940 quam
3622 3880 3791 3922 noscon-

2292 3961 2531 4026 ditionis,
2577 3964 2623 4015 si
2655 3959 2809 4030 primi
2863 3970 3273 4025 coronarentur,
3333 3957 3571 4013 deﬁnivit
3612 3950 3790 4009 omnibus

2294 4068 2457 4106 unum
2492 4062 2701 4120 tempus
2744 4066 3094 4115 coronarum;
3138 4059 3191 4104 et
3218 4049 3309 4120 qui
3337 4058 3444 4103 tam
3472 4048 3635 4103 multis
3653 4052 3742 4098 ante
3762 4051 3792 4093 te

2295 4143 2452 4197 annis
2478 4143 2622 4203 vicit,
2645 4150 2816 4195 tecum
2846 4140 3037 4210 accipit
3061 4155 3341 4195 coronam.
3368 4139 3531 4195 Vides
3565 4137 3644 4192 Dei
3667 4145 3790 4189 caram

2295 4243 2350 4287 et
2399 4230 2826 4302 providentiam?
2875 4230 2989 4285 Non
3037 4230 3188 4295 dixit,
3220 4230 3296 4285 Ne
3350 4232 3469 4285 sine
3516 4228 3652 4284 nobis
3688 4238 3775 4278 coro

2298 4335 2524 4389 nentur;
2582 4322 2700 4388 sed,
2756 4321 2822 4377 Ut
2872 4339 2973 4377 non
3022 4323 3131 4377 sine
3169 4323 3311 4377 nobis
3359 4327 3793 4377 consummarentrr:

2298 4417 2476 4487 itaque
2507 4426 2630 4470 tunc
2659 4423 2919 4484 apparent
2963 4414 3211 4484 perfecti.
3255 4416 3645 4470 Praecesserunt
3663 4412 3702 4463 in
3721 4421 3797 4460 cere

2300 4506 2621 4572 taminihus,
2678 4504 2774 4561 sed
2843 4521 2947 4559 non
3012 4504 3323 4575 przecedunt
3365 4506 3419 4560 in
3474 4502 3682 4560 coronis.
3720 4495 3795 4550 Non

2299 4598 2418 4652 illos
2468 4597 2625 4663 laesit,
2677 4596 2772 4651 sed
2818 4611 2917 4652 nos
2965 4595 3300 4651 honoravit:
3339 4596 3441 4666 ipsi
3494 4595 3625 4649 enim
3668 4590 3798 4644 fratres

2296 4694 2631 4753 exspectant.
2665 4685 2801 4741 Nam
2852 4686 2895 4739 si
2952 4700 3141 4739 omnes
3187 4699 3375 4740 sumus
3428 4700 3586 4740 unum
3634 4689 3795 4747 corpus.

2297 4780 2507 4834 exsistit
2553 4777 2676 4833 huic
2719 4777 2931 4847 corpori
2980 4778 3153 4846 major
3196 4777 3467 4847 voluptas.
3494 4774 3684 4848 quando
3704 4781 3799 4824 com-

2298 4872 2530 4925 muniter
2572 4879 2883 4931 coronatur,
2938 4877 2994 4922 et
3041 4884 3147 4923 non
3174 4869 3508 4940 singulatim.
3559 4865 3730 4922 Etenim
3767 4858 3798 4910 in

2299 4961 2402 5014 hoc
2432 4975 2645 5030 quoque
2667 4968 2791 5013 sunt
2810 4959 2940 5030 justi
2963 4959 3333 5026 admirabiles,
3358 4960 3501 5030 quod
3523 4952 3799 5014 hetauturbo-

2299 5051 2381 5105 nis
2413 5049 2635 5105 fratrum
2670 5058 2941 5120 tamquam
2973 5051 3107 5106 suis.
3142 5051 3505 5119 Quamobrem
3538 5051 3629 5104 hoc
3652 5057 3800 5116 quoque

2298 5143 2406 5198 illis
2433 5142 2574 5197 cedit
2600 5158 2666 5198 ex
2696 5143 2861 5197 animi
2890 5143 2970 5197 sui
3002 5146 3291 5204 sententia,
3319 5142 3468 5213 quod
3499 5156 3612 5198 cum
3638 5132 3800 5209 ρτορτὶίε

2300 5234 2558 5288 tnetnhris
2587 5233 2696 5288 sint
2716 5234 2958 5288 coronati
2988 5251 3001 5286 :
3031 5233 3172 5302 quod
3197 5235 3339 5288 enim
3367 5233 3527 5288 simul
3548 5216 3640 5285 sint
3661 5223 3799 5297 gltvrili'

2297 5329 2421 5391 cati,
2448 5343 2636 5398 magna
2665 5337 2748 5382 est
2772 5327 3039 5396 voluptas.
3081 5326 3231 5400 (Cap.
3264 5328 3349 5396 12)
3385 5329 3437 5380 l.
3468 5326 3721 5395 ldeoquert
3742 5330 3798 5368 aut

2300 5432 2494 5475 tantam
2520 5420 2755 5474 habentes
2780 5419 3071 5490 impositam
3101 5419 3280 5473 nubem
3311 5420 3532 5473 testium.

2367 5514 2422 5568 2.
2466 5513 2739 5583 Scriptura
2770 5528 2912 5583 saepe
2940 5512 3134 5582 accipit
3162 5512 3582 5566 consolationem
3607 5506 3654 5563 in
3676 5501 3795 5559 malis.

2296 5624 2327 5662 e
2355 5615 2513 5660 rebus
2540 5622 2659 5677 qua:
2685 5605 2935 5660 accidunt
2963 5623 2975 5660 :
3001 5616 3057 5659 ut
3084 5604 3297 5677 quando
3318 5604 3452 5659 dicit
3478 5591 3796 5674 propheta:Ex

2295 5710 2441 5770 testu,
2475 5709 2521 5755 et
2548 5698 2759 5769 duritie,
2790 5708 2838 5754 et
2866 5698 3111 5754 imbribus
3142 5699 3319 5773 eripiet
3346 5707 3396 5753 te
3425 5695 3573 5755 Περὶ.
3602 5694 3646 5751 4.
3673 5690 3742 5759 6);
3763 5692 3797 5737 εί
