3926 6406
163 265 273 323 193

149 393 357 459 David,
394 395 494 451 Per
512 397 647 453 diem
665 400 743 454 sol
761 416 862 454 non
885 412 997 457 uret
1021 412 1089 467 te,
1114 421 1275 476 neque
1294 408 1419 463 luna
1441 425 1531 479 per
1549 420 1747 465 noctem

147 484 345 552 (Psal.
372 488 495 544 120.
525 489 603 559 6).
633 491 742 546 Hoc
763 494 923 547 etiam
947 494 1035 550 hic
1056 496 1204 563 dicit,
1230 499 1372 568 quod
1395 500 1608 558 illorum
1630 519 1746 561 san-

143 588 380 636 ctorum
409 583 729 649 recordatio,
761 586 899 641 sicut
926 587 1097 644 nubes
1123 605 1244 644 eum
1275 592 1367 662 qui
1398 595 1572 651 uritur
1595 614 1624 652 a
1652 614 1743 654 ca-

141 668 355 727 lidiore
383 674 535 728 radio
559 675 863 743 obumbrat,
893 677 964 733 ita
986 681 1183 735 excitat
1204 692 1255 737 et
1278 699 1487 741 recreat
1508 690 1740 744 animam

136 776 279 831 quas
304 766 465 818 malis
497 765 724 822 laborat.
759 768 825 822 Et
850 785 961 824 non
987 771 1141 837 dixit,
1175 773 1230 827 lu
1256 776 1422 832 altum
1449 792 1616 849 super
1642 796 1741 836 nos

134 853 378 920 elatam,
407 855 523 919 sed,
554 856 718 912 Nobis
743 860 1029 929 impositam
1055 878 1074 919 :
1100 865 1243 933 quod
1271 867 1489 935 quidem
1513 881 1628 925 erat
1651 874 1745 928 illo

130 944 414 1013 amplius,
434 956 491 1000 ut
511 962 607 1016 per
628 948 731 1005 hoc
750 951 1079 1018 ostenderet,
1098 956 1241 1024 quod
1263 958 1492 1014 nobisin
1515 963 1741 1019 circuitu

129 1031 443 1101 impositus
473 1040 641 1110 magis
678 1056 894 1098 securos
922 1044 1129 1101 reddet.
1155 1046 1342 1104 Testes
1363 1051 1493 1106 dicit
1517 1070 1624 1108 non
1646 1072 1743 1112 eos

124 1117 325 1174 solum
356 1122 452 1192 qui
483 1133 610 1178 sunt
640 1131 691 1179 tn
722 1127 911 1194 Novo,
950 1134 1043 1187 sed
1090 1138 1253 1194 etiam
1284 1156 1379 1195 eos
1405 1144 1493 1212 qui
1526 1159 1652 1201 sunt
1682 1150 1734 1204 in

124 1204 333 1265 Veteri
366 1227 385 1265 :
415 1227 537 1268 nam
573 1214 675 1284 ipsi
716 1232 933 1291 quoque
972 1224 1212 1280 tulerunt
1257 1204 1624 1290 testimonium
1676 1239 1744 1295 de

122 1298 227 1355 Dei
266 1306 648 1375 magnitudine
669 1326 682 1361 :
705 1319 760 1365 ut
781 1321 890 1367 tres
914 1317 1083 1383 pueri,
1110 1328 1165 1373 et
1193 1320 1357 1390 Elius,
1384 1335 1433 1380 et
1465 1329 1741 1397 propin-tte

117 1409 355 1449 omnes.
394 1397 716 1466 Deponeutes
742 1419 891 1459 omne
930 1411 1153 1476 pondus.
1194 1412 1390 1481 Omne,
1425 1421 1742 1488 quodnam?

115 1480 431 1549 Somnum,
454 1489 851 1560 negligentiam,
874 1497 1006 1553 viles
1026 1510 1081 1554 et
1103 1503 1340 1573 abjectas
1359 1480 1735 1579 cogitationes,

112 1575 317 1629 omnia
342 1576 598 1633 humana.
618 1581 687 1636 Et
707 1584 1040 1643 circumstans
1061 1608 1152 1646 nos
1175 1606 1458 1661 peccatum.
1479 1602 1735 1674 Autquod

113 1676 220 1716 nos
254 1664 432 1723 facile
452 1670 820 1739 circumsistit,
849 1688 944 1733 aut
967 1681 1111 1750 quod
1139 1684 1295 1741 facile
1321 1690 1521 1757 patitur
1548 1664 1731 1751 nt-cir.

111 1759 561 1815 rumveniatur:
592 1762 693 1820 hoc
718 1776 897 1823 autem
930 1773 1107 1841 potius
1137 1792 1150 1829 :
1181 1776 1336 1835 facile
1365 1783 1531 1851 enim,
1568 1788 1610 1840 si
1646 1805 1735 1845 ve-

108 1846 296 1904 limus
316 1893 335 1913 ,
370 1868 659 1922 possumus
681 1874 939 1930 superare
966 1878 1267 1933 peccatum.
1303 1871 1407 1927 Per
1434 1879 1731 1946 patientiam

100 1953 412 1997 curramus
433 1949 744 2015 propositum
767 1953 910 2007 nobis
930 1965 1205 2013 certamen.
1226 1961 1342 2017 Non
1360 1964 1515 2035 dixit,
1533 1968 1732 2041 Pugue-

94 2044 271 2095 mus,
300 2048 502 2102 neque,
533 2037 843 2108 Luctemur,
874 2060 1069 2117 neque,
1101 2050 1307 2107 Bellum
1333 2070 1607 2126 geramus,
1631 2064 1725 2118 sed

89 2126 271 2193 quod
305 2138 430 2183 erat
453 2133 702 2190 euntibus
731 2136 921 2206 levius,
946 2156 1142 2213 nempe
1170 2161 1387 2203 cursum
1411 2150 1461 2205 in
1489 2154 1721 2210 medium

981 284 1046 340 IN
1083 285 1295 346 EPIST.
1337 288 1428 345 AD
1465 290 1827 354 llEBiUEOS.
1867 300 2020 361 CAP.
2063 309 2175 365 Xil.
2216 313 2452 373 llOMlL.
2494 321 2720 383 XXVI".

3334 340 3427 396 191

1851 420 1992 477 sione
2021 434 2352 500 contempta?
2376 434 2723 512 Prohrosam,
2754 444 2955 518 inquit,
2985 451 3146 527 elegit
3173 468 3423 517 mortem.

1851 509 1980 568 Esto
2004 517 2146 572 enim
2168 560 2183 584 ,
2216 520 2419 591 inquit,
2453 537 2537 584 est
2563 542 2848 605 mortuus;
2892 558 2990 600 cur
3038 546 3430 617 iguominiose.’

1850 601 1964 657 Non
1992 618 2214 676 propter
2237 613 2400 677 aliud.
2430 634 2590 687 quam
2615 640 2713 680 nos
2737 601 2959 698 docens,
2984 601 3284 708 tttglorlatit
3308 660 3428 712 quae

1849 695 1918 748 ah
1957 696 2260 757 hominibus
2297 705 2456 762 datur
2490 711 2641 769 nihili
2669 716 2947 779 ducamus.
2980 726 3273 799 Propterea
3301 750 3424 791 cum

1850 887 1904 929 ut
1933 879 2189 937 adversus
2212 900 2328 939 eam
2357 889 2527 945 simus
2548 896 2779 954 audaces
2804 942 2820 963 .
2850 914 2904 958 et
2930 922 3047 961 eam
3079 913 3230 968 nihili
3259 916 3426 972 iacia-

1850 982 1986 1021 mus.
2009 970 2185 1038 Quare
2210 991 2313 1031 uon
2339 977 2492 1043 dixit,
2519 982 2763 1055 Tristitia,
2794 993 2885 1047 sed
2915 994 3264 1069 Con/mione?
3284 970 3427 1074 Quo-

1852 1060 1991 1112 niam
2024 1077 2130 1116 non
2163 1064 2277 1120 lucc
2310 1067 2513 1126 ierebal.
2541 1090 2662 1131 eum
2694 1082 2927 1141 tristitia.
2970 1089 3099 1154 Quis
3137 1104 3313 1151 autem
3356 1101 3453 1155 sit

1846 1146 1967 1245 linis
1986 1152 2107 1209 audi
2138 1171 2151 1207 :
2174 1154 2338 1225 Atque
2356 1159 2408 1213 in
2429 1163 2638 1220 dextera
2657 1172 2790 1225 sedis
2814 1173 2909 1228 Dei
2930 1146 3084 1234 sedet.

1832 1233 1997 1289 mium
2026 1242 2379 1298 certaminis?
2403 1247 2559 1315 Quod
2593 1253 2793 1313 Paulus
2822 1277 3036 1335 quoque
3062 1233 3307 1333 scribens
3331 1282 3411 1336 di-

1829 1327 1903 1379 cit
1933 1344 1947 1380 :
1981 1326 2203 1399 Propter
2226 1336 2363 1402 quod
2389 1349 2435 1391 et
2466 1339 2602 1397 Deus
2629 1346 2783 1402 istum
2807 1326 3304 1431 supermltauit,
3321 1326 3413 1425 ᾗ-

1828 1418 1965 1471 navit
1993 1419 2072 1473 illi
2098 1437 2299 1486 nomen,
2339 1429 2477 1496 quod
2522 1442 2594 1486 est
2634 1452 2788 1507 super
2828 1458 2979 1500 omne
3015 1465 3219 1519 nomen,
3258 1469 3315 1512 ut
3356 1462 3410 1517 in

1829 1510 2029 1563 nomine
2051 1511 2180 1567 Jcsu
2208 1532 2354 1573 omne
2382 1537 2516 1591 genu
2543 1526 2781 1594 ﬂectatur
2809 1533 3070 1610 (Philipp.
3102 1543 3156 1597 2.
3426 1532 3439 1541 ³

1833 1598 1968 1655 Dicit
1989 1603 2129 1672 quod
2153 1616 2236 1660 est
2262 1612 2557 1669 secundum
2578 1598 3269 1697 earnemlAtqu'e'masime
3293 1598 3409 1711 qui:

1833 1688 1944 1711 ΑΨ
2230 1700 2241 1710 .
2370 1702 2400 1711 ..

1828 1688 1988 1757 dem,
2032 1696 2241 1759 etiamsi
2291 1702 2495 1758 nullum
2545 1719 2689 1765 esset
2741 1721 3074 1787 propositum
3127 1688 3405 1797 prmmium

1826 1787 2155 1855 certaminis,
2187 1791 2464 1851 sufﬁceret
2506 1804 2812 1873 exemplum
2860 1810 2927 1865 ad
2976 1787 3405 1883 persuadendum

1827 1968 1982 2023 nobis
2006 1973 2166 2026 etiam
2196 1991 2571 2046 proponuntur
2597 1993 2836 2055 pratmia,
2868 2011 2973 2049 non
3002 2003 3273 2070 qutelibet,
3307 2012 3401 2065 sed

1826 2072 2012 2128 magna
2056 2072 2109 2115 et
2151 2064 2459 2125 iueﬁ'ahilia.
2507 2074 2870 2143 Quamobrem
2901 2103 2999 2142 nos
3028 2109 3242 2164 quoque
3280 2114 3399 2153 emn

1824 2148 2023 2219 allqnid
2052 2155 2158 2209 tale
2188 2160 2326 2225 passi
2360 2162 2637 2233 fuerimus,
2669 2184 2795 2227 ante
2823 2148 3099 2245 apostolos
3128 2148 3402 2247 Christum

80 2218 326 2271 attulit.
381 2220 567 2292 Neque
592 2223 759 2294 dixit,
789 2227 980 2285 Cursui
1007 2233 1324 2304 adjiciamus
1348 2279 1365 2304 ,
1395 2242 1491 2296 sed
1516 2284 1530 2308 ,
1568 2243 1621 2298 In
1659 2262 1725 2300 eo

79 2307 224 2375 ipso
259 2311 647 2371 sustineamus
671 2328 725 2374 et
758 2322 1144 2393 persistamus,
1176 2344 1243 2383 ne
1269 2330 1440 2387 simus
1466 2333 1719 2394 dissoluti

73 2413 137 2455 ct
192 2408 497 2463 enervati.
541 2409 852 2482 Currmnus,
887 2415 1095 2488 inquit,
1125 2437 1340 2492 agonem
1382 2430 1718 2498 propositum.

70 2497 322 2553 Deinde
351 2503 744 2559 consolationis
765 2514 823 2563 et
840 2511 1232 2569 exhortationis
1259 2528 1443 2588 caput,
1472 2497 1612 2590 quod
1638 2535 1718 2578 est

68 2600 131 2645 et
166 2594 444 2661 priurum
466 2606 522 2652 et
547 2598 811 2668 ultimum,
837 2607 1008 2674 ponit,
1033 2608 1303 2666 Christum
1331 2631 1344 2667 :
1373 2614 1428 2671 2.
1452 2617 1716 2688 Aspicien-

68 2694 177 2744 tes,
209 2684 441 2755 inquit,
466 2687 519 2743 in
540 2701 796 2747 auctorem
819 2695 942 2763 ﬁdei
965 2709 1010 2753 et
1038 2714 1493 2761 consummatorent
1516 2706 1715 2763 Iesum.

1770 2292 1773 2295 _
1823 2241 2136 2307 cogitemus.
2161 2246 2369 2314 Quare?
2393 2252 2525 2319 Quia
2551 2266 2656 2312 tota
2680 2262 2796 2330 ejus
2830 2241 2935 2321 vita
2968 2272 3120 2340 plena
3152 2275 3248 2332 fuit
3275 2296 3399 2336 con-
3446 2296 3447 2299 ‘

1824 2332 2057 2385 tumeliis
2086 2351 2100 2387 :
2133 2350 2346 2408 semper
2373 2345 2514 2398 enim
2547 2351 2686 2406 male
2710 2356 2988 2426 audiebat,
3018 2374 3076 2419 ut
3102 2370 3189 2436 qui
3223 2387 3391 2426 voca-

1822 2430 1970 2474 retur
1990 2421 2244 2491 l'uriosus,
2268 2430 2520 2489 seductor
2544 2448 2597 2491 et
2620 2421 3006 2517 praestigiator;
3036 2465 3090 2509 ct
3111 2421 3401 2530 aliquando

1820 2512 2033 2581 quidem
2056 2515 2305 2573 dicebant
2326 2522 2517 2592 Judmi,
2552 2528 2650 2583 llic
2671 2512 2867 2592 nonest
2889 2557 2921 2593 α
2941 2542 3088 2611 Deo;
3116 2512 3402 2620 aliquando

1819 2610 2016 2668 autem,
2051 2604 2172 2661 Non
2194 2650 2206 2671 ,
2236 2611 2326 2663 sed
2347 2616 2540 2671 seducit
2570 2622 2780 2691 turbas;
2808 2638 2862 2683 et
2890 2604 3112 2704 rursus,
3143 2604 3397 2699 seductor

1817 2691 1907 2747 ille
1933 2695 2128 2750 dicebat
2156 2701 2324 2756 adhuc
2350 2706 2667 2775 rivens,l’ost
2696 2724 2795 2771 tres
2820 2720 2924 2776 dies
2948 2691 3227 2799 resurpam.
3260 2735 3401 2792 Prte-

1817 2782 2091 2853 stigiarum
2119 2805 2332 2861 quoque
2370 2806 2424 2851 et
2465 2804 2685 2871 magica:
2733 2811 2864 2865 artis
2910 2828 3033 2870 eum
3075 2826 3397 2884 accusabant

1816 2875 2055 2933 dicentes
2084 2896 2096 2933 ε
2126 2878 2192 2934 In
2225 2883 2501 2943 Beelzebub
2530 2895 2666 2963 ejicit
2692 2898 2946 2959 dtemonia
2997 2875 3393 2979 (Jortin—8.18:

1817 2977 1861 3020 et
1888 2967 1940 3023 7.
1974 2969 2063 3035 ii;
2096 2972 2284 3031 Matth.
2307 2977 2397 3031 27.
2428 2982 2517 3037 63.
2543 2995 2590 3038 et
2618 2988 2704 3042 l2.
2729 2991 2821 3064 24)
2849 3012 2861 3047 :
2887 3005 2942 3051 et
2969 2967 3109 3067 quod
3140 2967 3401 3066 insaniret

1816 3066 1871 3112 et
1902 3059 2122 3117 haberet
2151 3064 2477 3127 dzemouium
2507 3093 2520 3130 :
2557 3077 2679 3135 Non
2710 3083 2832 3140 bene
2857 3088 3169 3162 dicebamus,
3202 3101 3394 3173 inquit.

1821 3151 1950 3173 _---J
1982 3153 2067 3173 L—l
2091 3164 2121 3173 κ·
2171 3156 2185 3173 ⁸
2358 3163 2369 3173 ¹
2572 3171 2581 3173 “

1814 3151 1950 3220 quod
1975 3153 2121 3208 ltabet
2149 3156 2458 3217 daemonium
2487 3178 2536 3221 et
2563 3171 2755 3228 insanit
2797 3178 2991 3245 (Joan.
3024 3187 3112 3240 10.

67 2774 254 2841 Quod
285 2778 422 2847 ipse
442 2795 655 2852 quoque
678 2783 924 2841 Christus
945 2790 1161 2846 assidue
1182 2793 1395 2851 dicebat
1421 2800 1531 2853 suis
1555 2801 1719 2857 disci-

67 2870 237 2941 pttlis
300 2888 317 2925 :
376 2871 446 2928 Si
498 2884 690 2944 patrem
738 2879 967 2949 familias
1010 2881 1294 2940 Beelzebub
1347 2892 1713 2961 appellarunt,

68 2973 302 3033 quanto
334 2966 509 3036 magis
537 2966 838 3026 domesticos
865 2973 976 3043 ejus
998 2974 1215 3045 (Matth.
1248 2978 1338 3035 10.
1363 2982 1496 3053 25)?
1521 2994 1575 3040 et
1598 3002 1716 3041 rur-

70 3069 195 3115 sus,
239 3054 308 3107 Ν
312 3071 387 3109 οη
419 3066 493 3109 est
522 3058 804 3130 discipulus
831 3079 990 3135 supra
1015 3066 1337 3138 magistrum,
1363 3089 1521 3145 neque
1541 3092 1714 3132 servus

74 3161 245 3213 super
281 3146 563 3201 dominum
586 3166 735 3206 suum
762 3152 781 3225 (
814 3151 949 3209 Ibid.
978 3172 1025 3211 υ.
1052 3156 1189 3228 21).
1234 3160 1551 3231 Aspicieutes
1580 3208 1595 3230 ,
1629 3168 1713 3223 in-

77 3236 198 3305 quit
234 3253 255 3291 :
300 3238 415 3293 hoc
443 3250 549 3308 est,
580 3249 640 3296 ut
664 3243 939 3301 discamus
964 3262 1206 3318 currere,
1240 3253 1522 3312 videamus
1552 3258 1707 3315 Chri-

81 3338 263 3383 stum.
308 3328 471 3385 Sicnt
491 3335 633 3388 enim
659 3336 710 3389 in
741 3339 993 3395 omnibus
1013 3344 1219 3399 artibus
1245 3354 1300 3400 et
1325 3349 1710 3408 certaminibus

86 3420 139 3474 ad
178 3423 505 3491 magistros
534 3426 877 3495 aspicientes,
912 3430 983 3485 ita
1013 3431 1068 3486 in
1097 3446 1282 3490 mente
1310 3446 1483 3494 artem
1516 3440 1707 3510 impri-

95 3514 309 3566 mimus
332 3554 347 3574 .
386 3528 486 3583 per
517 3516 728 3573 videndi
772 3519 1080 3579 facultatem
1118 3527 1377 3595 quasdam
1429 3544 1705 3593 sumentes

95 3605 332 3673 regulas
367 3624 382 3660 :
416 3608 488 3662 ita
542 3609 628 3665 hic
676 3628 931 3685 quoque,
978 3617 1022 3671 si
1073 3620 1300 3676 velimus
1343 3637 1603 3692 currere,
1650 3639 1706 3685 et

96 3686 323 3745 discere
352 3704 500 3749 recte
526 3711 760 3767 currere,
790 3707 1079 3775 aspicimus
1105 3711 1170 3765 ad
1196 3712 1474 3771 Christum
1505 3729 1689 3775 aucto-

94 3795 197 3833 rem
232 3781 380 3838 ﬁdei
419 3794 475 3840 et
510 3803 1000 3852 consummatorem
1026 3800 1229 3857 .lesum.
1260 3804 1399 3873 Quid
1442 3808 1544 3865 hoc
1573 3812 1695 3866 est?

94 3870 137 3924 id
165 3882 273 3927 est
296 3914 318 3935 ,
350 3873 468 3945 ipse
492 3882 648 3935 nobis
675 3884 831 3941 ﬁdem
859 3887 1079 3959 indidit,
1106 3894 1219 3964 ipse
1246 3870 1566 3971 principium
1589 3902 1691 3959 dc-

92 3963 177 4017 u'it.
236 3965 415 4033 Quod
445 3970 653 4029 dicebat
688 3976 937 4034 Christus
965 3963 1287 4056 discipulis:
1322 3963 1443 4046 Non
1481 4010 1567 4047 vos
1616 4012 1696 4050 me

89 4057 349 4126 elegistis,
380 4065 470 4116 sed
500 4082 587 4135 ego
613 4067 743 4139 elegi
769 4088 855 4126 vos
881 4073 1060 4145 (Joan.
1090 4080 1176 4134 15.
1207 4081 1319 4154 16).
1352 4083 1545 4141 Paulus
1571 4098 1698 4158 quo-

90 4164 186 4214 que
225 4151 377 4206 dicit
405 4171 420 4207 :
453 4154 594 4212 Tunc
622 4177 923 4233 cognoscam
952 4169 1081 4224 sicut
1108 4182 1157 4227 et
1194 4151 1424 4247 cognitus
1452 4196 1563 4234 sum
1594 4180 1614 4253 (
1639 4182 1691 4236 l.

86 4236 201 4292 Cor.
234 4242 343 4297 13.
378 4243 507 4317 12).
538 4248 593 4303 Si
638 4262 820 4308 autem
864 4256 977 4327 ipse
1010 4261 1166 4317 nobis
1206 4236 1458 4337 imposuit
1486 4236 1695 4342 princi-

89 4330 234 4397 pinm
261 4375 281 4395 ,
314 4334 437 4404 ipse
462 4354 678 4413 quoque
707 4346 863 4401 nobis
894 4350 1053 4407 ﬁnem
1085 4330 1333 4425 imponit.
1381 4330 1696 4435 Qui-propo-

83 4420 175 4472 sito
202 4423 326 4476 sibi
348 4429 539 4496 gaudio
565 4434 805 4490 sustinuit
825 4455 1041 4507 crucem,
1064 4449 1362 4520 confusione
1384 4464 1691 4527 contempta.

86 4510 197 4568 lloc
235 4526 332 4569 est
362 4560 376 4581 ,
412 4520 605 4578 licebat
646 4526 696 4580 ci
738 4529 872 4584 nihil
917 4535 1057 4603 pati,
1090 4538 1133 4592 si
1179 4540 1438 4599 voluisset
1469 4563 1483 4600 :
1520 4563 1692 4619 neque

80 4610 230 4661 etiitn
271 4625 559 4680 peccatum
587 4617 731 4684 fecit,
765 4639 939 4694 neque
966 4628 1216 4686 iuventus
1237 4643 1319 4689 cst
1343 4635 1500 4692 dolus
1523 4640 1574 4694 in
1598 4656 1693 4696 ore

78 4697 195 4765 ejus
235 4702 419 4774 (lsai.
449 4707 538 4761 55.
571 4710 645 4782 9)
672 4730 685 4765 :
715 4712 853 4771 sicut
882 4716 1000 4787 ipse
1028 4736 1243 4794 quoque
1268 4725 1479 4783 dicit‘iu
1512 4730 1691 4787 Evan-

76 4793 239 4857 geliis
272 4813 289 4848 :
340 4796 483 4851 Venit
514 4805 690 4857 mutuli
716 4808 971 4879 princeps,
1002 4814 1125 4868 etin
1156 4833 1233 4871 me
1253 4835 1354 4873 non
1379 4821 1526 4877 habet
1549 4826 1693 4894 quid-

75 4899 237 4949 quam
276 4888 467 4959 (Joan.
498 4894 586 4949 14.
615 4897 733 4967 50).
764 4900 891 4956 Erat
919 4920 1047 4976 ergo
1072 4908 1121 4962 ei
1153 4922 1458 4983 promptum
1478 4959 1493 4981 ,
1523 4888 1572 4971 si
1598 4935 1691 4974 vo-

89 4974 294 5034 luisset
327 4998 434 5036 non
464 4987 645 5043 venire
672 4990 737 5045 ad
765 5008 977 5050 crucem
1004 5015 1017 5051 :
1048 4997 1351 5058 Potestatem
1390 5007 1531 5062 enim
1556 5051 1573 5076 ,
1602 5010 1687 5065 in-

81 5069 215 5134 quit,
245 5071 422 5127 habeo
445 5079 666 5145 ponendi
689 5086 911 5139 animam
933 5104 1115 5151 meant,
1143 5103 1192 5145 et
1218 5105 1511 5163 potestatem
1532 5102 1689 5158 habeo

80 5171 272 5215 rursus
308 5165 592 5237 recipiendi
619 5188 729 5225 eam
761 5173 939 5242 (Joan.
977 5179 1061 5235 i0.
1094 5182 1205 5254 18).
1237 5184 1313 5259 (a)
1354 5188 1409 5244 Si
1440 5206 1567 5262 ergo
1597 5195 1687 5266 qui

85 5251 328 5309 minime
376 5272 599 5316 necesse
638 5262 867 5322 habebat
907 5251 1179 5343 cruciﬁgi,
1213 5251 1432 5349 propter
1460 5251 1558 5339 nos
1591 5251 1687 5342 finit

81 5348 389 5403 (’I'nciﬁxus
417 5368 433 5404 :
459 5364 660 5422 quanto
689 5361 856 5432 magis
888 5378 983 5432 par
1006 5375 1090 5421 est
1120 5378 1176 5423 ut
1206 5387 1303 5426 nos
1333 5377 1508 5431 omnia
1540 5377 1688 5434 forti-

86 5438 156 5488 ιρι·
194 5439 495 5498 feramus?
524 5444 625 5512 Qui
652 5453 934 5521 preposito,
969 5457 1169 5527 inquit,
1195 5462 1289 5516 sibi
1312 5468 1498 5535 gaudio
1528 5472 1686 5525 susti-

76 5532 184 5583 nttit
218 5549 440 5587 crucem
465 5577 479 5599 ,
510 5541 813 5609 confusione
846 5556 1149 5613 contempta.
1181 5552 1316 5621 Quid
1355 5568 1435 5613 est
1454 5600 1469 5626 ,
1498 5558 1689 5632 Confu-

152 5695 241 5757 (α)
265 5694 485 5747 Grandis
505 5697 582 5748 hic
598 5699 757 5750 hiatus
778 5714 855 5754 est
878 5707 922 5755 in
949 5709 1161 5763 Culbert.

1817 3242 1932 3297 lucc
1957 3244 2025 3298 ab
2054 3246 2161 3303 illis
2192 3252 2474 3322 audiebat,
2499 3274 2622 3315 cum
2664 3280 2759 3321 eos
2802 3268 3078 3331 beneﬂciis
3117 3242 3355 3341 alliceret
3378 3330 3394 3352 ,

1818 3337 2072 3392 miracula
2106 3339 2327 3412 faceret,
2363 3347 2457 3403 Dei
2490 3368 2651 3421 opera
2683 3362 3013 3421 ostenderet.
3046 3369 3174 3426 Nam
3203 3376 3247 3430 si
3274 3380 3392 3448 qui-

1820 3425 1931 3448 ΛΑ-.-
1968 3429 2095 3448 _°I,-|
2130 3432 2153 3448 ρ
2215 3435 2226 3446 ι
2363 3437 2374 3448 ι
2594 3445 2623 3448 -.

1815 3425 1934 3482 dem
1967 3429 2097 3485 nihil
2129 3432 2329 3489 faciens
2362 3437 2477 3494 lucc
2501 3445 2751 3513 audiret,
2786 3452 2917 3508 nihil
2948 3469 3094 3515 esset
3121 3463 3259 3520 adeo
3290 3425 3395 3525 iui-

1814 3535 1932 3573 rum
1955 3538 1969 3574 :
1994 3522 2039 3575 si
2064 3534 2242 3580 autem
2285 3528 2486 3586 docens
2524 3550 2643 3605 qua:
2673 3543 2941 3609 pertinent
2979 3550 3045 3605 ad
3092 3558 3393 3632 veritatem,

1816 3626 1838 3632 Α
1852 3629 1876 3632 -.
1893 3612 1936 3632 -l!
1954 3614 1999 3632 Al
2019 3630 2032 3632 —
2049 3625 2061 3632 -
2348 3623 2359 3632 '
2468 3625 2479 3632 “

1813 3612 2068 3670 audiebat
2097 3632 2155 3673 se
2182 3623 2359 3677 vocari
2387 3625 2746 3697 seductorem,
2776 3646 2831 3689 et
2851 3637 3125 3701 dzemoucs
3148 3612 3391 3720 ejicicns:

1810 3704 2062 3761 audiebat
2082 3724 2141 3764 se
2168 3713 2365 3779 probro
2385 3719 2563 3786 appeti
2586 3725 2728 3791 quod
2752 3725 2975 3786 haberet
2996 3704 3392 3807 damni-zenae;

1812 3811 2160 3869 qumcumque
2184 3813 2339 3858 erant
2365 3812 2632 3865 contraria
2661 3823 3225 3895 evertens,dicebatur
3255 3848 3393 3903 prcc-

1810 3886 2057 3957 stigiator
2079 3909 2093 3945 :
2114 3908 2271 3963 quam
2303 3896 2546 3955 tnimhilc
2568 3902 2693 3960 illud
2715 3910 2836 3963 est?
2864 3892 3064 3971 liorum
3093 3922 3233 3976 enim
3255 3886 3390 3982 Icum

1810 3978 2026 4034 assidue
2050 3986 2389 4043 accusabant.

1887 4071 1942 4127 5.
1981 4071 2037 4127 Si
2062 4074 2143 4126 vis
2166 4081 2343 4128 autem
2383 4075 2569 4130 audire
2609 4076 2831 4133 dicteria
2876 4089 2931 4136 et
2954 4083 3234 4142 irrisiones
3256 4105 3390 4160 quas

1815 4162 1870 4218 in
1898 4178 2020 4219 eum
2047 4165 2379 4233 emittebant,
2400 4168 2540 4237 quod
2565 4179 2777 4224 nostros
2799 4172 3030 4231 maxime
3051 4180 3261 4236 mordet
3284 4185 3374 4238 aui

1813 4268 1951 4319 mos,
1983 4255 2104 4310 audi
2137 4257 2363 4324 primum
2393 4272 2423 4311 a
2443 4274 2679 4328 genere:
2704 4260 2826 4316 Non
2856 4275 2928 4318 est
2968 4266 3067 4330 hic,
3110 4267 3299 4340 inquit,
3324 4274 3390 4342 fi.

1811 4348 1911 4401 lius
1936 4349 2088 4419 fabri,
2112 4350 2259 4419 cujus
2281 4366 2372 4403 nos
2392 4352 2619 4405 novimus
2645 4364 2837 4423 patrem
2859 4366 2908 4410 et
2932 4362 3185 4414 matrem?
3222 4379 3390 4421 nonne

1810 4439 1993 4508 fratres
2012 4441 2122 4511 ejus
2150 4458 2324 4496 omnes
2344 4443 2483 4513 apud
2508 4460 2599 4498 nos
2618 4454 2733 4499 sunt
2756 4445 2970 4515 (Matth.
3008 4451 3089 4505 15.
3115 4452 3204 4522 55)
3228 4453 3252 4505 'l
3273 4465 3325 4508 et
3355 4471 3386 4511 a

1810 4530 1977 4599 patria
2006 4546 2126 4586 eum
2156 4532 2486 4588 ludiﬁcantes
2515 4533 2762 4590 dicebant
2789 4552 2912 4592 eum
2959 4554 3078 4593 esse
3107 4557 3173 4595 ex
3216 4542 3383 4598 Naza-

1810 4622 1946 4677 reth.
1978 4624 2038 4677 Et
2060 4639 2280 4678 rursus:
2310 4623 2597 4696 Interroga,
2624 4628 2812 4696 inquit,
2839 4640 2887 4681 et
2906 4631 3018 4683 ride
3038 4631 3174 4701 quod
3196 4648 3260 4685 επ
3279 4631 3385 4687 Ga-

1805 4712 1942 4765 liltca
1972 4729 2071 4767 non
2102 4715 2263 4785 surgit
2305 4717 2551 4785 prop/tela
2596 4716 2775 4788 (Joan.
2824 4719 2880 4772 7.
2925 4718 3130 4788 59.):ct
3178 4722 3382 4779 ferebat

1802 4818 1922 4857 cum
1956 4802 2039 4856 his
2070 4813 2415 4873 appeteretnr
2439 4805 2737 4859 calumniis.
2771 4807 2836 4861 Et
2865 4823 3052 4863 rursus
3082 4810 3330 4866 dicebant
3360 4830 3377 4868 :
3406 4842 3407 4845 η

1803 4894 1983 4946 Annon
2006 4896 2125 4947 dicit
2148 4894 2417 4964 Scriptura
2440 4897 2577 4965 quod
2594 4912 2656 4950 ea:
2674 4895 2929 4953 Bethleem
2945 4899 3051 4953 uico
3071 4902 3202 4955 venit
3224 4903 3346 4957 Chii
3358 4933 3377 4945 ε

1799 4993 1906 5036 stus
1945 4983 2052 5055 (Ib.
2080 5000 2127 5037 υ.
2161 4985 2291 5053 49.)?
2319 4986 2406 5040 Vis
2436 4989 2597 5041 etiam
2633 4987 2819 5043 audire
2859 4989 3138 5045 irrisiones
3182 4995 3377 5063 quibus

1798 5073 1848 5127 in
1879 5089 2001 5128 eum
2024 5075 2124 5128 sub
2162 5074 2274 5145 ipsa
2316 5091 2480 5131 cruce
2505 5077 2825 5133 utebantur?
2860 5080 3145 5138 illudentes
3168 5085 3365 5142 adora-

1799 5165 1924 5219 bant
1946 5182 2089 5233 eum,
2120 5175 2173 5221 et
2214 5168 2579 5235 percutiebant
2615 5180 2670 5225 et
2706 5171 2964 5239 colaphos
2985 5175 3369 5247 impiugebaut,

1794 5256 2179 5327 dicebantque:
2208 5257 2305 5312 Dic
2327 5260 2470 5314 nobis
2492 5262 2603 5331 quis
2617 5272 2691 5315 est
2709 5264 2795 5333 qui
2813 5275 2858 5319 te
2872 5269 3114 5336 percussit
3128 5270 3153 5322 7
3174 5279 3228 5325 et
3246 5286 3371 5327 ace-

1796 5358 1903 5402 tum
1933 5348 2228 5405 offerebant
2246 5352 2316 5415 ei,
2347 5352 2584 5408 dicentes
2607 5372 2623 5409 :
2647 5353 2709 5410 Si
2728 5373 2778 5409 es
2800 5355 2970 5413 Filius
2993 5359 3103 5424 Dei,
3126 5362 3373 5420 descende

1790 5441 1854 5494 de
1881 5458 2027 5496 cruce
2061 5442 2273 5513 (Matth.
2305 5444 2395 5499 26.
2426 5445 2513 5501 68.
2541 5457 2588 5500 et
2613 5446 2703 5503 27.
2727 5449 2840 5520 40).
2870 5450 3136 5508 Praeterea
3180 5467 3370 5510 servus

1789 5548 2001 5604 quoque
2027 5535 2297 5604 poutilicis
2323 5536 2471 5591 dedit
2512 5538 2560 5593 ei
2590 5539 2822 5609 alapam,
2865 5551 2919 5595 et
2946 5541 3109 5596 dicit:
3144 5545 3206 5598 Si
3236 5547 3370 5599 male

1789 5625 2029 5693 loquutus
2065 5642 2199 5692 sum,
2254 5629 2587 5682 testimonium
2628 5631 2834 5701 per/libs
2868 5633 2933 5687 de
2957 5635 3195 5690 tnalo:si
3219 5637 3362 5699 bene,

1786 5715 1907 5779 quid
1935 5734 2014 5771 me
2041 5718 2192 5772 raedis
2225 5718 2401 5790 (Joan.
2434 5719 2520 5774 18.
2542 5720 2673 5791 ‘25)?
2699 5721 2766 5775 Et
2787 5722 3073 5780 irridentes
3097 5726 3362 5795 imposue-
