3926 6406
595 288 692 344 195

596 419 723 469 runt
750 409 799 466 ei
836 401 1196 475 chlamydem,
1240 406 1295 453 et
1336 402 1597 466 spuerunt
1624 393 1677 446 in
1710 391 1826 459 ejus
1868 390 2090 453 faciem;
2119 398 2175 444 et

599 508 919 561 tentationes
941 499 988 554 ci
1012 509 1223 564 semper
1250 489 1592 552 adhibebant,
1620 501 1741 539 eum
1769 492 2057 540 tentantes.
2085 483 2175 537 Vis

597 597 757 651 etiam
788 592 970 647 videre
1012 585 1400 645 accusationes,
1451 595 1571 649 qua:
1609 578 1766 640 clam,
1809 591 1927 646 qum
1978 574 2173 644 palam,

596 704 716 760 qua:
744 687 903 740 etiam
929 682 1001 735 ab
1027 679 1156 748 ipsis
1179 677 1375 731 fiebant
1400 670 1711 740 discipulis?
1737 667 1790 722 Ν
1797 686 1880 721 um
1901 676 1945 720 et
1968 682 2072 731 vos,
2098 666 2178 720 in-

597 757 731 848 quit,
760 775 905 829 vultis
934 770 1111 825 abire?
1138 778 1211 831 et,
1245 764 1566 821 Dtemonium
1607 761 1756 815 habes
1783 758 1963 830 (Joan.
2000 758 2052 812 6.
2084 757 2174 812 68.

598 880 645 924 et
673 871 726 924 7.
757 868 877 935 20).
908 863 1187 919 dicebatur
1215 860 1284 913 ab
1311 860 1376 912 iis
1401 858 1491 926 qui
1529 856 1639 924 jam
1680 852 2039 907 crediderant.
2084 850 2177 903 Dic

599 972 776 1017 autem
805 959 957 1024 mihi,
990 969 1169 1009 nonne
1198 953 1311 1022 ipse
1328 964 1539 1020 quoque
1557 960 1769 1015 semper
1795 943 2048 1012 fugiebat,
2070 940 2174 997 ali-

600 1052 813 1124 quando
842 1050 1057 1120 quidem
1084 1048 1137 1101 in
1170 1044 1463 1107 Galilaeam,
1491 1036 1777 1108 aliquando
1798 1044 1975 1090 autem
2006 1034 2058 1088 in
2086 1032 2180 1088 Ju-

600 1122 810 1200 daeum?
838 1157 1017 1196 annon
1047 1139 1114 1192 ah
1145 1136 1276 1207 ipsis
1307 1129 1625 1188 incunabilis
1648 1127 1747 1182 fuit
1772 1126 1937 1180 multa
1968 1122 2179 1193 appeti-

603 1249 691 1291 tus
713 1232 1040 1290 tentationc?
1060 1244 1238 1283 annon
1263 1242 1409 1289 eum,
1450 1238 1571 1277 cum
1599 1229 1743 1277 esset
1770 1219 1964 1284 infans,
2009 1225 2182 1271 mater

601 1325 824 1382 deduxit
851 1325 902 1378 in
921 1319 1246 1391 Egyptum?
1274 1317 1496 1384 Pr0pter
1517 1311 1631 1367 haec
1646 1310 1822 1365 omnia
1841 1309 1971 1365 dicit
1992 1323 2007 1361 :
2032 1306 2182 1376 Aspi-

602 1421 786 1474 cientes
816 1416 869 1470 in
897 1425 1152 1468 auctorem
1178 1411 1299 1479 ﬁdei
1326 1418 1373 1463 et
1401 1413 1854 1462 consummatorem
1878 1401 2077 1467 Jesum,
2095 1401 2183 1469 qui

608 1500 866 1571 proposita
888 1501 981 1554 sibi
1005 1501 1191 1568 gaudia
1220 1498 1456 1552 sustinuit
1485 1513 1702 1558 crucem,
1732 1493 2029 1561 confusione
2050 1506 2176 1543 cort-

603 1599 814 1662 tempta,
842 1599 992 1660 atque
1020 1588 1073 1641 in
1102 1587 1306 1653 dextera
1335 1586 1469 1640 sedis
1494 1585 1591 1639 Dei
1612 1587 1767 1638 sedet.
1800 1583 1878 1637 Ad
1906 1598 2026 1636 eum
2053 1596 2181 1652 ergo

602 1674 923 1753 aspiciamus
949 1691 999 1735 et
1015 1680 1082 1734 ad
1103 1680 1220 1748 ejus
1238 1677 1546 1747 discipulos,
1571 1677 1808 1745 legentes
1823 1689 1940 1743 quae
1960 1688 2177 1741 perpes-

602 1787 695 1827 sns
720 1782 798 1825 est
823 1772 1035 1831 Paulus.
1060 1782 1113 1825 et
1138 1770 1412 1824 audientes
1436 1783 1557 1822 eum
1584 1766 1849 1821 dicentem
1873 1782 1886 1818 :
1911 1764 1978 1818 In
2021 1764 2182 1817 multa

602 1866 869 1934 patientia,
881 1867 933 1917 in
950 1863 1372 1927 tribulationibus,
1389 1865 1440 1914 in
1459 1858 1903 1923 necessitatibugin
1920 1872 2182 1926 persequu-

603 1957 841 2019 tionibus,
860 1957 910 2008 in
928 1955 1193 2024 angustiis,
1215 1956 1265 2006 in
1283 1954 1466 2022 plagis,
1485 1953 1537 2004 in
1549 1948 1909 2015 carceribus,in
1924 1948 2183 2002 seditioni-

598 2046 1032 2115 bus,in}ejuniis,
1049 2046 1101 2097 in
1128 2043 1419 2105 laboribus,
1434 2043 1488 2094 in
1510 2040 1775 2103 castitate,
1792 2038 1847 2090 in
1866 2035 2086 2091 scientia
2100 2034 2177 2099 (2.

598 2138 722 2193 Cor.
737 2141 788 2193 ti.
807 2136 945 2206 4-6);
966 2147 1017 2190 et
1031 2150 1241 2199 rursus,
1261 2125 2178 2203 Usqueadhancharamesurimuset

601 2231 835 2289 sitimus,
848 2238 896 2283 et
908 2228 1243 2285 nudisumus,
1259 2235 1308 2280 et
1320 2221 1897 2280 colanhisctrdimur,et
1909 2214 2179 2270 instabiles

603 2335 799 2381 sumus,
830 2326 877 2369 et
903 2315 1190 2368 laboramus
1216 2320 1478 2381 operante:
1520 2306 1748 2360 manibus
1783 2305 2000 2357 nostris:
2026 2302 2186 2354 ntale-

604 2409 841 2471 dicimur,
890 2415 936 2459 et
979 2403 1351 2463 benedicimus;
1397 2398 1822 2469 persequutionem
1854 2394 2093 2464 patimur,
2139 2400 2185 2444 et

604 2499 941 2559 sustinemus;
970 2494 1397 2562 blasphemamur,
1428 2499 1475 2544 et
1518 2490 1837 2543 obsecramus
1880 2485 1955 2555 (ι.
1978 2482 2100 2537 Cor.
2128 2482 2180 2536 3.

608 2588 779 2644 11-15
798 2588 841 2659 ).
872 2587 1135 2641 Passusne
1162 2592 1245 2638 est
1271 2581 1554 2652 quispiam,
1584 2578 1669 2633 vel
1697 2577 1969 2631 minimam
1996 2574 2185 2629 horum

608 2679 853 2751 partem?
878 2677 1175 2747 Tamquam
1220 2672 1553 2736 seductores,
1582 2668 1773 2736 inquit,
1808 2676 2074 2730 tamquam
2102 2663 2187 2717 in-

608 2773 801 2836 fames,
850 2781 1120 2839 tamquam
1151 2764 1282 2820 nihil
1335 2762 1595 2817 habentes
1649 2758 1726 2830 (2.
1766 2757 1885 2813 Cor.
1926 2757 1980 2811 6.
2017 2756 2108 2825 8):
2136 2763 2191 2809 et

610 2878 821 2927 rursus,
853 2861 898 2914 Α
936 2858 1135 2913 luditis
1176 2855 1439 2927 quinquies
1463 2851 1836 2924 quadragenas,
1864 2865 1969 2903 una
2001 2850 2184 2912 minus,

611 2953 784 3022 accepi
802 2970 822 3017 ;
849 2960 925 3005 ter
942 2951 1095 3019 virgis
1114 2962 1273 3002 caesus
1292 2962 1427 3010 sum,
1448 2944 1601 2999 semel
1616 2942 1871 3007 lapidatus
1886 2956 1997 2997 sum
2013 2955 2032 3005 ;
2047 2947 2192 2992 nocte

610 3056 662 3102 et
686 3046 768 3099 die
790 3044 843 3096 in
873 3040 1129 3113 profundo
1149 3039 1305 3092 maris
1329 3036 1426 3107 fui,
1447 3044 1494 3089 et
1516 3035 1568 3088 in
1591 3033 1852 3087 itineribus
1873 3045 2027 3101 sepe,
2059 3029 2191 3100 aﬁli-

612 3137 879 3202 ctionibus,
903 3133 1157 3204 angustia,
1187 3130 1323 3200 fame
1346 3128 1420 3200 (2.
1451 3125 1571 3183 Cor.
1607 3127 1693 3181 11.
1718 3123 1935 3190 21-26).
1963 3124 2029 3178 Ει
2048 3122 2191 3194 quod

612 3232 730 3286 inec
759 3229 866 3283 Dco
896 3226 1189 3294 placerent,
1217 3222 1342 3278 audi
1370 3235 1490 3276 eum
1518 3219 1819 3274 dicentem:
1857 3216 2073 3287 Propter
2099 3217 2194 3269 hoc

613 3331 689 3376 ter
718 3319 989 3373 Dominum
1031 3314 1228 3385 rogavi,
1269 3323 1313 3368 et
1335 3312 1462 3366 dixit
1490 3310 1647 3365 mihi:
1686 3308 1884 3379 Suﬂicit
1912 3308 1999 3361 tibi
2028 3308 2194 3377 gratia

613 3431 726 3468 mea
744 3428 761 3462 :
786 3412 942 3465 virtus
968 3409 1100 3463 enim
1130 3423 1240 3460 mea
1259 3407 1312 3459 in
1336 3405 1628 3473 inﬁrmitate
1663 3401 1943 3470 perﬁcitur.
1976 3398 2196 3468 Propter

614 3504 772 3577 quod,
802 3502 993 3572 inquit,
1021 3500 1195 3568 placeo
1225 3497 1350 3551 mihi
1380 3497 1432 3549 in
1460 3493 1838 3562 inﬁrmitatibus
1862 3491 2005 3556 meis,
2030 3491 2081 3544 in
2111 3491 2196 3560 af-

616 3592 946 3667 ﬂictionibus,
968 3592 1019 3643 in
1048 3586 1445 3650 necessitatibus,
1478 3586 1531 3637 in
1561 3581 1831 3652 angustiis,
1859 3580 1911 3634 in
1940 3580 2122 3651 plagis,
2145 3580 2199 3632 in

616 3685 922 3749 carceribus,
950 3692 1003 3736 ut
1030 3683 1082 3737 in
1109 3696 1188 3734 me
1213 3678 1455 3733 inhabitet
1481 3677 1637 3730 virtus
1659 3674 1846 3729 Christi
1868 3672 1945 3743 (2.
1965 3671 2083 3727 Cor.
2108 3669 2195 3724 l2.

618 3780 674 3835 8.
697 3779 751 3835 9.
783 3776 893 3847 10).
922 3774 1057 3831 Audi
1080 3780 1257 3826 autem
1289 3769 1460 3840 ipsum
1482 3781 1697 3837 quoque
1723 3764 1990 3820 Christum
2013 3762 2199 3817 dicen-

618 3880 765 3926 tem:
800 3867 865 3922 ln
914 3864 1103 3920 mundo
1128 3861 1444 3933 aﬁlictionem
1472 3856 1714 3910 habebitis
1744 3853 1923 3924 (.loan.
1957 3853 2043 3907 16.
2082 3851 2197 3919 55).

618 3966 676 4021 3.
718 3962 1031 4032 Recogitate,
1062 3958 1253 4026 inquit,
1284 3972 1416 4019 eum,
1444 3954 1531 4024 qui
1570 3952 1721 4006 talem
1751 3950 1989 4005 sustinuit
2018 3965 2050 4001 a
2081 3965 2201 4019 pec-

621 4050 874 4107 catoribus
897 4048 1134 4101 adversus
1158 4047 1325 4116 ipsum
1344 4043 1809 4106 contradictionem,
1838 4049 1891 4093 ιιι
1916 4057 1979 4094 ne
2002 4039 2191 4109 defati-

622 4142 809 4215 gemini
833 4139 1015 4194 animis
1041 4137 1215 4191 vestris
1243 4134 1551 4201 deﬁcientes.
1580 4131 1708 4186 Jure
1737 4130 1929 4185 merito
1956 4131 2071 4183 inec
2103 4126 2201 4182 ad-

624 4232 800 4289 didit:
827 4245 948 4285 nam
973 4229 1017 4283 si
1040 4227 1405 4297 proximorum
1432 4237 1531 4278 nos
1550 4221 1788 4277 excitant
1808 4218 2201 4289 perpessiones,

630 4319 802 4391 ipsius
829 4315 1039 4372 Domini
1066 4311 1442 4385 perpessiones
1468 4317 1723 4380 quantam
1755 4304 1911 4361 nobis
1932 4318 2038 4359 non
2069 4319 2214 4374 prte-

631 4413 836 4470 bcbunt
857 4409 1020 4466 animi
1048 4404 1416 4463 alacritatem?
1441 4401 1566 4474 quid
1602 4399 1756 4456 nobis
1786 4413 1895 4454 non
1923 4395 2120 4451 faciet?
2147 4392 2216 4451 Et

630 4505 758 4562 vide
781 4500 1056 4575 quomodo
1087 4497 1507 4571 prtetermittens
1526 4491 1708 4548 omnia
1734 4489 1937 4557 dicere,
1968 4502 2062 4558 per
2087 4501 2217 4542 con-

632 4598 1006 4656 tradictionem
1046 4602 1216 4649 totum
1242 4586 1597 4659 significavit:
1628 4585 1764 4639 ictus
1789 4583 1932 4638 enim
1959 4580 2015 4637 in
2042 4579 2214 4651 genis,

630 4693 825 4758 risum,
850 4685 1229 4747 contumelias,
1259 4678 1726 4751 exprobrationes,
1756 4673 2055 4741 irrisioues,
2103 4672 2220 4728 hmc

631 4783 813 4840 omnia
852 4778 1107 4836 indicavit
1155 4790 1253 4846 per
1300 4769 1783 4829 contradictionem
1818 4784 1833 4821 :
1867 4782 2043 4835 neque
2090 4779 2219 4818 vero

633 4876 812 4931 solum
840 4873 951 4938 illa,
985 4868 1080 4927 sed
1105 4878 1162 4925 et
1185 4881 1306 4938 qua:
1333 4868 1549 4921 fuerunt
1577 4861 1631 4916 in
1677 4860 1923 4921 universa
1966 4857 2087 4911 vine
2117 4855 2217 4910 do-

634 4968 829 5022 ctrina.
876 4964 1001 5019 llaec
1032 4963 1213 5032 igitur,
1243 4955 1600 5020 dilectissimi,
1633 4967 1846 5022 semper
1890 4961 2218 5020 reputemus,

636 5067 691 5111 et
708 5063 869 5111 noctu
885 5062 942 5109 et
960 5049 1190 5108 interdiu
1215 5049 1267 5103 in
1295 5046 1490 5102 animis
1508 5044 1710 5100 nostris
1734 5056 2029 5105 versemus,
2050 5040 2222 5093 scien-

638 5158 719 5204 tes
744 5144 885 5216 quod
909 5144 1105 5199 istbinc
1121 5155 1311 5211 magna
1329 5136 1647 5207 reportaturi
1676 5149 1862 5190 sumus
1893 5132 2052 5196 bona,
2087 5129 2221 5183 ιιιιιΙ-

638 5250 855 5309 tamque
882 5236 1006 5291 inde
1030 5234 1315 5290 utilitatem
1344 5231 1685 5300 recipiemus.

711 5329 899 5387 Christi
920 5326 1265 5399 perpessiones
1280 5324 1333 5376 in
1360 5321 1653 5376 memoriam
1677 5316 1996 5373 revocanda.
2018 5343 2092 5356 -—
2106 5312 2221 5368 Ma-

639 5439 801 5495 gnum
832 5422 998 5485 enim,
1034 5432 1223 5474 revera
1251 5429 1499 5484 magnum
1549 5420 1678 5467 sunt
1724 5411 1978 5467 solatium
2024 5406 2224 5464 Christi

643 5515 1017 5588 perpessiones
1037 5520 1093 5566 et
1109 5509 1481 5580 perpessiones
1502 5503 1887 5577 apostolorum.
1912 5502 2063 5560 Adeo
2079 5502 2225 5558 enim

641 5608 845 5667 sciebat
874 5606 1011 5662 hanc
1038 5605 1180 5661 viam
1210 5602 1422 5658 virtutis
1447 5615 1567 5656 esse
1597 5599 1897 5663 meliorem,
1929 5606 1987 5654 ut
2008 5607 2064 5653 et
2085 5596 2222 5666 ipse,

641 5702 730 5773 qui
765 5716 825 5756 ea
853 5715 957 5755 non
987 5697 1198 5770 egebat,
1241 5711 1360 5753 eam
1400 5696 1463 5750 sit
1508 5694 1811 5765 ingressus:
1840 5690 1978 5749 adeo
2023 5687 2226 5748 sciebat

1307 272 1366 329 S.
1393 268 1671 328 JOANNIS
1707 267 2178 325 CIIRYSOSTOMI
2208 259 2520 318 ARClllEP.
2559 248 3093 311 CONSTANTINOP.

3683 245 3755 299 l96

2265 380 2627 436 afllictiomem
2674 376 2885 448 juvare,
2916 380 2977 428 ut
3000 385 3120 442 qum
3148 367 3318 440 magis
3356 367 3422 423 sit
3445 383 3585 426 causa
3616 374 3761 442 quietis

2265 488 2320 532 et
2346 472 2701 532 remissionis.
2732 469 2869 525 Audi
2897 469 3040 523 enim
3072 465 3247 535 ipsum
3262 461 3518 519 Christum
3537 464 3760 524 dicentem:

2269 570 2331 625 Si
2367 570 2478 639 quis
2520 584 2620 622 non
2652 565 2798 632 tollat
2837 576 3037 616 crucem
3081 574 3247 622 suam,
3278 566 3326 611 et
3351 572 3425 610 me
3452 568 3670 625 seruatur,
3692 580 3764 617 non

2266 673 2338 716 est
2367 677 2445 715 me
2474 660 2658 730 dignus
2696 654 2911 727 (Matth.
2944 651 3033 707 10.
3066 648 3183 719 58).
3216 649 3295 702 Ac
3323 648 3365 701 si
3394 647 3605 703 diceret:
3627 649 3672 704 Si
3707 669 3763 717 es,

2269 754 2463 825 inquit,
2496 750 2813 821 discipulus,
2857 747 3069 801 imitare
3096 743 3432 812 Magistrum;
3464 740 3556 795 hoc
3578 742 3691 797 enim
3710 757 3769 799 est

2268 844 2537 914 discipuli.
2555 842 2613 899 Si
2632 850 2810 896 autem
2842 840 2957 907 ipse
2974 835 3186 907 quidem
3204 832 3348 888 venit
3362 847 3454 902 per
3473 830 3766 901 afﬂictionetn,

2272 945 2328 990 tu
2348 945 2525 990 autem
2549 949 2645 1003 per
2659 933 2894 1002 quietem
2918 935 2975 981 et
3000 926 3392 988 remissionem,
3419 937 3519 977 non
3541 924 3694 979 eadem
3711 928 3771 982 vis

2270 1026 2570 1097 ingrederis
2592 1038 2694 1093 qua
2726 1020 2818 1075 ille
2846 1027 2931 1075 est
2957 1019 3253 1087 ingressus,
3281 1012 3375 1068 sed
3414 1012 3530 1065 alia.
3555 1012 3773 1080 Quomodo

2270 1133 2398 1190 ergo
2422 1116 2666 1185 sequeris
2696 1116 2801 1168 'non
2828 1108 3098 1182 sequens?
3124 1105 3393 1178 quomodo
3432 1120 3489 1161 es
3525 1104 3772 1177 discipulus,

2271 1226 2378 1267 non
2404 1223 2634 1279 sequens
2673 1201 3026 1275 Magistrum?
3068 1199 3182 1255 Hoc
3209 1198 3407 1254 Paulus
3432 1211 3623 1266 quoque
3649 1198 3773 1253 dicit:

2270 1303 2387 1359 Nos
2406 1302 2619 1371 inﬁrmi,
2646 1316 2734 1354 vos
2755 1308 2923 1352 autem
2952 1300 3138 1367 fortes;
3171 1308 3263 1345 nos
3289 1290 3540 1361 ignobiles,
3566 1300 3776 1344 possunt

2272 1394 2465 1449 nobiles
2497 1393 2546 1461 (1
2565 1430 2579 1445 .
2611 1390 2731 1447 Cor.
2765 1390 2821 1444 4.
2845 1386 2958 1459 10).
2984 1387 3091 1440 Aut
3117 1382 3388 1454 quomodo
3408 1389 3490 1459 est
3509 1381 3674 1433 rationi
3690 1395 3779 1434 con-

2273 1493 2590 1539 sentanenm
2614 1496 2712 1535 nos
2739 1476 2978 1534 aemulari
3000 1473 3293 1536 contraria,
3312 1479 3367 1526 et
3384 1486 3482 1524 vos
3500 1469 3683 1539 quidem
3696 1485 3780 1526 esse

2276 1574 2589 1643 discipulos,
2624 1585 2724 1625 nos
2749 1580 2926 1623 autem
2956 1564 3277 1635 magistros?
3300 1563 3483 1631 Magna
3507 1577 3620 1631 ergo
3637 1578 3707 1616 res
3725 1574 3781 1617 est

2273 1664 2511 1728 afflictio,
2543 1677 2577 1717 0
2602 1659 2816 1715 dilecti:
2842 1660 2949 1712 duo
2978 1657 3124 1711 enim
3167 1654 3355 1717 efficit,
3385 1666 3551 1720 eaque
3588 1653 3779 1714 maxima,

2272 1763 2327 1810 et
2352 1763 2565 1825 peccata
2598 1751 2764 1817 delet,
2790 1759 2845 1805 et
2872 1747 2997 1802 facit
3026 1746 3191 1801 fortes
3218 1754 3274 1799 et
3302 1743 3563 1798 robustos.

2339 1840 2395 1889 4.
2441 1835 2579 1902 Quid
2630 1850 2777 1897 vero,
2829 1833 3018 1903 inquit,
3060 1831 3106 1886 si
3146 1830 3399 1885 everterit
3429 1838 3483 1883 et
3512 1828 3779 1898 perdiderit?

2269 1927 2385 1983 Non
2413 1927 2517 1981 hoc
2548 1925 2673 1980 facit
2700 1923 2941 1989 afflictio,
2965 1923 3059 1978 sed
3087 1931 3268 1976 nostra
3297 1921 3524 1991 ignavia.
3545 1920 3778 1987 Quomodo,

2271 2018 2479 2090 inquit?
2508 2018 2562 2072 Si
2592 2016 2757 2072 sobrii
2788 2015 2975 2080 simus,
3009 2015 3052 2068 si
3087 2015 3250 2067 Deum
3280 2024 3530 2082 rogemus
3556 2023 3606 2063 ut
3632 2025 3711 2063 non
3731 2012 3779 2063 si-

2272 2122 2363 2166 nat
2390 2126 2486 2166 nos
2519 2109 2708 2165 tentari
2742 2107 2858 2177 plus
2883 2122 3041 2176 quam
3074 2105 3215 2159 ferre
3242 2104 3530 2174 possimus,
3559 2102 3599 2156 si
3625 2103 3663 2155 ei
3685 2117 3780 2155 sem-

2277 2219 2371 2278 per
2399 2203 2694 2258 hmreamus
2716 2244 2729 2266 ,
2765 2199 2971 2255 fortiter
2998 2198 3256 2254 stabimus
3276 2206 3332 2250 ct
3358 2196 3411 2250 in
3438 2195 3563 2249 acie.
3588 2195 3781 2262 Quamdiu

2274 2312 2394 2352 eum
2432 2295 2774 2349 habuerimus
2805 2291 3103 2360 adjutorem
3128 2331 3143 2354 ,
3172 2288 3385 2343 etiarnsi
3413 2285 3641 2340 omnibus
3664 2286 3783 2339 ventis

2276 2388 2642 2444 vehementius
2679 2384 2931 2455 spirariut
2959 2382 3313 2448 teutationcs,
3346 2388 3504 2436 erunt
3528 2379 3662 2433 nobis
3682 2379 3781 2448 [talea

2275 2490 2330 2537 et
2354 2481 2538 2536 folium
2567 2478 2708 2550 quod
2751 2478 2940 2533 leviter
2980 2485 3035 2532 et
3078 2485 3279 2531 temere
3310 2473 3500 2529 fertur.
3540 2469 3657 2526 Audi
3692 2471 3786 2526 Pan-

2279 2575 2386 2630 lum
2418 2574 2682 2628 dit-entem
2717 2588 2731 2625 :
2764 2568 2831 2624 In
2853 2571 2931 2623 his
2958 2569 3188 2624 omnibus
3215 2579 3546 2637 superamus;
3567 2573 3616 2619 et
3636 2577 3785 2623 rursus,

2284 2667 2532 2723 Existimo
2557 2665 2690 2719 enim
2716 2662 2850 2734 quod
2877 2679 2975 2716 non
2998 2670 3116 2714 sunt
3141 2657 3411 2729 condigna
3431 2654 3667 2727 passiones
3683 2655 3787 2723 hujut

2282 2758 2518 2829 temporis
2556 2756 2624 2809 ad
2664 2758 2890 2827 futuram
2920 2752 3137 2825 gloriam
3165 2765 3279 2821 quae
3306 2748 3602 2802 revelabitur
3624 2746 3667 2798 in
3694 2743 3787 2797 nobis

2284 2852 2458 2925 (Rom.
2486 2850 2541 2906 8.
2572 2850 2660 2904 57.
2692 2858 2737 2903 ει
2766 2847 2886 2918 18);
2919 2858 2971 2901 et
3000 2860 3207 2910 rursus,
3257 2841 3325 2895 Id
3366 2840 3503 2911 quod
3536 2841 3585 2893 in
3623 2840 3790 2907 presenti

2282 2955 2356 2999 est
2399 2952 2803 2997 momentaneum
2847 2949 2893 2993 et
2936 2939 3042 2992 leve
3082 2935 3430 2993 tribulationis
3470 2944 3655 2997 nostra,
3687 2948 3791 2996 supra

2285 3036 2488 3089 modum
2504 3042 2746 3086 wternum
2760 3028 2939 3101 gloria:
2955 3027 3151 3098 pondus
3167 3036 3412 3097 operatur
3428 3025 3481 3077 in
3502 3022 3629 3077 nobis
3638 3020 3701 3091 (2.
3713 3018 3790 3074 Cor.

2294 3128 2339 3182 1.
2375 3124 2482 3197 16).
2518 3122 2651 3179 Vide
2685 3130 2882 3193 quanta
2918 3120 3152 3191 pericula
3172 3158 3188 3184 ,
3219 3116 3497 3186 naufragia
3518 3156 3531 3177 ,
3562 3117 3793 3182 frequentes

2285 3219 2621 3279 afﬂictioues,
2662 3226 2717 3271 et
2744 3230 2863 3286 quae
2891 3222 3015 3269 sunt
3059 3210 3391 3281 hujnsmodi,
3422 3218 3572 3264 vocat
3598 3208 3708 3261 levia
3732 3215 3795 3259 :et

2288 3310 2539 3365 mundare
2566 3307 2706 3361 hunc
2731 3306 3065 3360 adamantem
3097 3302 3199 3356 hoc
3227 3316 3461 3370 corpore
3498 3299 3667 3354 leviter
3683 3308 3723 3352 et
3743 3306 3795 3349 ιε·
3870 3336 3871 3369 ἐ

2288 3415 2439 3457 mere
2476 3399 2738 3454 indutum.
2785 3397 2860 3453 Es
2901 3396 2955 3450 in
2986 3392 3344 3465 paupertate?
3387 3391 3483 3445 sed
3510 3406 3607 3444 non
3634 3389 3677 3442 in
3700 3396 3795 3441 tanta
3870 3374 3871 3393 ¹

2288 3502 2484 3565 quanta
2516 3491 2711 3546 Paulus
2732 3531 2747 3557 ,
2778 3489 2868 3559 qui
2898 3502 3020 3542 cum
3048 3486 3218 3551 fame,
3256 3484 3343 3538 siti
3374 3494 3430 3539 et
3472 3483 3685 3537 nuditate
3706 3494 3796 3533 ωει-
3870 3488 3871 3493 ‘

2290 3586 2591 3641 ﬂictabatnr
2618 3600 2633 3636 :
2664 3598 2769 3637 non
2791 3582 2934 3636 enim
2962 3595 3123 3634 unum
3150 3578 3293 3632 diem
3322 3575 3431 3631 hoc
3450 3584 3529 3631 est
3550 3572 3796 3645 passus,ted

2290 3688 2549 3751 perpetuo
2593 3676 2694 3732 hoc
2736 3673 3054 3743 patiebatur.
3104 3670 3253 3727 Unde
3301 3670 3406 3725 hoc
3447 3668 3672 3724 constat?
3707 3664 3796 3719 Audi

2290 3787 2413 3827 eum
2456 3769 2720 3824 dicentem
2758 3783 2771 3819 :
2808 3763 2977 3834 Usque
3013 3764 3067 3817 in
3113 3763 3243 3817 hanc
3279 3763 3465 3815 horam
3508 3760 3799 3822 esurimu,“

2291 3862 2509 3925 sitimus,
2541 3869 2586 3914 et
2622 3858 2745 3913 nudi
2773 3873 2952 3911 sumus
2980 3857 3056 3925 (1.
3088 3854 3207 3908 Cor.
3238 3855 3294 3909 4.
3329 3854 3450 3923 11).
3479 3854 3652 3922 Papae!
3679 3865 3798 3920 quso—

2292 3962 2399 4009 tam
2429 3952 2650 4022 gloriam
2694 3950 2803 4017 jam
2852 3954 3171 4017 assequutus
3219 3945 3273 3998 in
3320 3944 3692 4014 praedicatione,
3730 3951 3797 3992 tam
3870 3928 3871 3935 “

2292 4047 2459 4102 multa
2489 4044 2712 4107 ferebat,
2742 4051 2795 4097 et
2817 4042 2925 4110 jam
2958 4040 3139 4110 viginti
3166 4053 3335 4092 stultos
3379 4038 3433 4091 in
3461 4052 3521 4090 ea
3550 4033 3797 4091 confecerat.

2294 4136 2512 4209 quando
2542 4135 2655 4190 lucc
2682 4132 2995 4189 scribebat?
3026 4131 3148 4186 Scia
3180 4130 3333 4191 enim,
3381 4128 3577 4196 inquit,
3617 4124 3798 4178 hominem

2292 4239 2410 4295 ante
2438 4243 2598 4282 annos
2623 4223 3003 4295 quatuordecim
3026 4262 3041 4286 ,
3091 4222 3195 4275 sire
3236 4222 3290 4273 in
3329 4236 3562 4288 corpore,
3592 4218 3677 4271 sive
3705 4224 3799 4268 (Im

2293 4337 2475 4391 corpus
2518 4320 2683 4373 nescio
2730 4316 2805 4387 (2.
2857 4315 2975 4368 Cor.
3018 4313 3103 4369 l2.
3158 4313 3253 4382 2);
3298 4323 3354 4366 et
3384 4326 3585 4375 rursus,
3614 4308 3713 4362 Post
3738 4314 3798 4356 tm

2293 4427 2454 4465 annos
2474 4450 2487 4473 ,
2520 4407 2725 4477 inquit,
2755 4406 2959 4461 ascendi
2985 4403 3359 4473 Jerosolymant
3390 4400 3533 4470 (Gal.
3566 4403 3611 4454 1.
3644 4398 3729 4466 18).
3758 4393 3801 4446 Et

2295 4518 2482 4558 rursus
2518 4500 2641 4555 audi
2681 4513 2803 4554 eum
2842 4496 3106 4552 dicentem
3142 4513 3154 4548 :
3198 4494 3398 4548 Bonum
3438 4503 3510 4547 est
3555 4491 3660 4544 mihi
3694 4484 3799 4554 mgis

2294 4598 2446 4662 mori,
2474 4611 2623 4665 quam
2646 4602 2701 4645 ut
2720 4590 2936 4663 gloriam
2962 4604 3125 4641 meam
3150 4587 3260 4656 quis
3286 4595 3509 4639 evacuet.
3534 4583 3631 4638 Nec
3655 4581 3731 4635 hoc
3748 4592 3800 4629 :0-

2296 4693 2405 4747 lnm
2427 4733 2439 4747 .
2471 4687 2564 4755 sed
2593 4689 2753 4741 etiam
2787 4695 2972 4736 rursus
3002 4678 3245 4734 scribens
3273 4678 3487 4730 diccbat
3518 4694 3531 4729 :
3563 4675 3689 4728 Sicut
3722 4682 3801 4731 pur-

2297 4750 2733 4849 gamenta‘mundi
2766 4769 2886 4838 facta
2913 4780 3087 4819 sumus
3115 4761 3193 4836 (1.
3220 4761 3337 4817 Cor.
3367 4761 3424 4818 9.
3465 4760 3549 4816 15.
3586 4766 3627 4812 et
3658 4755 3701 4810 1.
3725 4750 3797 4849 1-3).

2302 4841 2436 4932 ῥιιὶιί
2467 4864 2607 4919 fame
2635 4858 2889 4931 gravius?
2916 4854 3042 4926 quid
3073 4855 3291 4925 frigore,
3324 4851 3451 4923 quid
3478 4848 3663 4905 insidiis
3685 4860 3709 4897 a
3732 4841 3801 4895 ln-

2305 4957 2509 5021 trlbus,
2549 4968 2681 5023 quos
2729 4951 2891 5005 etiam
2930 4946 3161 5017 appellat
3218 4944 3380 4998 falsos
3422 4938 3645 4996 fratres?
3683 4945 3804 4989 nonne

2304 5046 2590 5101 vocabatur
2614 5043 2759 5097 orbis
2796 5052 2951 5095 terrm
2982 5038 3267 5109 pernicies,
3310 5050 3413 5089 non
3455 5035 3703 5103 impostor,
3734 5037 3800 5075 non

2302 5136 2561 5194 eversor?
2596 5151 2773 5188 annon
2803 5130 3251 5187 conscindebatur
3294 5126 3475 5196 flagris
3513 5112 3801 5179 cmsusiﬂﬁ

2307 5230 2461 5283 nobis
2488 5227 2699 5283 veniant
2730 5225 2781 5279 in
2811 5233 3081 5287 mentem,
3115 5235 3147 5274 0
3177 5218 3375 5282 dilecti,
3418 5216 3534 5271 haec
3564 5210 3799 5279 cogitemus-

2308 5325 2422 5379 btec
2452 5318 2854 5377 meminerimus
2881 5325 2933 5370 et
2956 5327 3241 5383 numquam
3266 5310 3610 5366 dissolvemur
3630 5312 3677 5358 et
3696 5308 3799 5351 ener-

2308 5416 2570 5478 vabimnr,
2615 5409 2823 5465 etiamsi
2869 5407 3061 5476 injuria
3107 5404 3395 5458 afliciamur
3424 5442 3439 5467 ,
3485 5394 3671 5455 etiamsi
3709 5390 3799 5442 liam

2308 5516 2490 5577 nostra
2520 5504 2859 5575 diripiantur,
2891 5499 3096 5555 etiamsi
3128 5496 3266 5552 mala
3294 5480 3549 5567 patiamur
3576 5491 3798 5543 inuumcn-

2311 5606 2475 5659 Dctur
2501 5598 2654 5656 nobis
2676 5606 2736 5652 ut
2758 5596 2810 5653 in
2839 5592 2985 5650 caelis
3012 5593 3067 5648 in
3092 5591 3231 5648 bona
3261 5589 3424 5645 simus
3452 5576 3797 5641 existimatione-

2311 5706 2365 5753 et
2392 5702 2517 5752 sunt
2541 5690 2719 5748 omnia
2750 5684 3044 5744 tolerabilia
3074 5701 3088 5738 :
3133 5682 3289 5739 detur
3329 5689 3383 5735 ut
3423 5676 3529 5732 illic
3556 5670 3799 5725 resnoslw
