3926 6406
156 306 232 363 197

156 513 212 564 tio
251 492 754 571 cojusmodicumque
802 488 1019 552 fuerint,
1053 487 1168 543 bac
1213 496 1338 541 sunt
1382 488 1569 542 umbra
1617 496 1672 542 et

148 596 389 656 somnium.
406 586 459 639 ltt
476 582 579 637 illis
609 598 726 652 qua:
749 590 1029 650 spernuntur
1045 590 1099 634 et
1125 588 1523 647 exspectantur,
1541 579 1670 633 nihil

147 700 208 748 est
223 696 357 757 grave
378 692 471 731 nec
486 683 693 737 natura,
719 688 817 726 nec
835 681 1098 740 tempore.
1126 669 1264 737 Quid
1281 670 1425 725 enim
1447 671 1529 726 vis
1544 686 1666 725 eum

153 788 228 838 illis
241 771 461 848 gravibus
480 778 535 824 et
555 766 828 821 atrocibus
849 765 1226 821 conferamus?
1246 765 1371 835 quid
1400 781 1521 820 cum
1549 766 1670 836 igne

151 876 215 945 qui
237 886 325 925 non
355 870 523 934 potest
555 860 820 929 exstingui
844 862 866 914 ?
892 875 1015 914 cum
1041 874 1223 914 verme
1248 859 1339 928 qui
1371 872 1478 913 non
1507 859 1672 913 mori-

146 980 211 1023 tnt'
233 963 251 1015 ?
270 957 383 1029 quid
410 969 469 1008 ex
500 954 563 1007 iis
590 966 707 1022 quae
734 952 824 1007 hic
852 960 977 1006 sunt
1015 960 1190 1021 potest
1223 951 1404 1006 dicere
1431 965 1526 1020 par
1550 966 1671 1007 esse

144 1058 320 1122 stridori
334 1052 587 1117 dentiant,
618 1049 864 1111 vinculis,
888 1047 1125 1102 tenebris
1146 1046 1528 1112 exterioribus,
1553 1045 1667 1113 irae,

141 1146 396 1212 attiictioui,
433 1141 738 1211 angustim?
764 1141 834 1194 At
864 1137 1135 1206 tempore?
1162 1136 1231 1191 Et
1259 1136 1541 1207 quid'sunt
1575 1136 1669 1191 de-

139 1250 226 1304 cies
265 1239 395 1295 mille
429 1234 555 1289 anni
592 1233 659 1285 ad
694 1230 889 1286 saecula
932 1228 1137 1283 infinita
1179 1237 1234 1284 et
1272 1243 1390 1298 quae
1421 1241 1525 1282 non
1572 1228 1669 1282 de-

134 1334 319 1393 sinunt?
339 1342 509 1384 nonne
535 1331 789 1394 quantutn
814 1336 970 1391 parva
981 1328 1126 1391 gutta
1145 1320 1212 1375 ad
1227 1320 1476 1389 abyssum
1496 1318 1672 1372 inlini-

135 1429 257 1485 tani?
282 1427 343 1477 At
373 1417 715 1474 conferentur
741 1429 862 1469 eum
887 1413 1042 1468 bonis
1067 1413 1091 1463 ?
1116 1412 1221 1467 Sed
1249 1412 1358 1466 illic
1386 1413 1559 1480 major
1588 1421 1671 1466 est

132 1516 427 1591 exsuperatio
454 1531 470 1566 :
504 1512 718 1576 Oculus,
734 1508 925 1579 inquit,
947 1524 1048 1562 non
1072 1507 1216 1574 sidit,
1240 1523 1328 1560 nec
1359 1507 1499 1560 auris
1522 1506 1672 1558 audi-

130 1622 202 1679 rit,
220 1624 260 1668 et
284 1614 331 1665 in
349 1624 432 1663 cor
461 1604 679 1659 hominis
696 1604 799 1655 noti
819 1601 1245 1669 ascenderunt“.
1262 1598 1388 1653 Cor.
1418 1599 1472 1652 2.
1494 1599 1572 1669 9).
1600 1599 1670 1652 Et

131 1716 227 1768 haec
266 1718 438 1763 rursus
484 1708 644 1756 erunt
672 1699 726 1753 in
752 1697 969 1752 saeculis
1004 1694 1254 1751 inﬁnitis.
1288 1695 1388 1748 Pro
1418 1693 1502 1747 his
1532 1702 1670 1762 ergo

127 1821 276 1863 annon
305 1802 496 1855 bonum
524 1802 604 1849 est
632 1792 826 1846 millies
853 1788 1127 1844 conscindi
1150 1827 1165 1854 ,
1198 1786 1428 1841 interimi
1452 1826 1466 1849 ,
1495 1785 1667 1845 exuri.

127 1883 248 1936 mille
269 1878 433 1931 subire
480 1874 975 1943 mortes,-quodvis
1012 1885 1177 1941 grave
1217 1882 1273 1926 et
1318 1882 1564 1941 asperum
1613 1883 1666 1927 et

122 1974 270 2030 verbis
307 1979 357 2025 et
400 1968 581 2022 rebus
606 1967 736 2037 ipsis
779 1965 1078 2021 sustinere?
1117 1964 1251 2018 Nam
1279 1965 1323 2019 si
1354 1965 1467 2019 ﬁeri
1501 1965 1670 2035 possit

127 2080 173 2122 ut
207 2068 254 2119 in
287 2064 394 2132 igne
431 2059 545 2113 usti
587 2060 918 2121 viveremus,
951 2050 1132 2112 anndn
1164 2056 1439 2126 oporteret
1481 2056 1662 2112 omnia

128 2158 315 2229 perpeti,
340 2164 392 2206 at
419 2153 569 2206 bona
597 2151 685 2204 illa
716 2149 977 2220 promissa
1007 2148 1456 2217 assequeremur?

185 2248 491 2315 Ειεεπιοδῃηα
520 2257 753 2313 quianam
781 2256 894 2295 uere
921 2240 1025 2293 dici
1053 2240 1232 2309 possit.
1277 2268 1349 2278 -—-
1392 2238 1496 2293 Sed
1542 2239 1667 2307 quid

119 2346 213 2399 lucc
246 2341 359 2395 dico
398 2338 650 2392 delirans
691 2335 832 2404 apud
883 2332 1130 2387 homines
1174 2332 1263 2402 qui
1310 2345 1375 2385 ne
1418 2332 1671 2399 pecunias

119 2433 295 2505 quidem
307 2430 622 2499 despiccere
635 2425 790 2480 velint
804 2467 818 2490 ,
835 2425 927 2479 sed
945 2433 1210 2493 tamquam
1233 2422 1561 2476 immortales
1582 2435 1673 2475 eas

114 2532 409 2580 assectautur
433 2526 490 2574 et
527 2519 606 2574 eis
632 2516 1026 2580 adluerescunt,
1052 2521 1108 2571 ει
1133 2516 1177 2569 si
1204 2530 1271 2569 ex
1299 2514 1477 2568 multis
1502 2529 1669 2583 pauca

114 2617 326 2671 dederint
345 2654 359 2677 ,
388 2620 576 2666 totum
617 2623 677 2663 se
710 2607 1020 2663 existimant
1058 2605 1294 2661 fecisse?
1321 2604 1436 2659 Non
1461 2615 1544 2660 est
1572 2605 1674 2660 hoc

111 2709 412 2775 cleemosyna
454 2720 468 2755 ε
502 2702 857 2769 eleemosyna
898 2705 983 2753 est
1026 2696 1169 2751 illius
1215 2695 1389 2749 viduae
1436 2694 1672 2750 eleemo-

112 2814 236 2868 syna,
264 2811 379 2865 qua:
415 2793 711 2848 universas
747 2805 873 2845 suas
902 2787 1138 2859 profudit
1171 2787 1453 2843 facultates
1479 2786 1672 2858 (Marc.

111 2892 179 2944 12.
206 2888 304 2959 44).
337 2886 393 2942 Si
424 2894 625 2939 autem
655 2882 709 2935 in
740 2893 792 2936 te
820 2896 926 2935 non
965 2881 1128 2945 cadit,
1158 2888 1216 2934 ut
1246 2888 1452 2934 tantum
1484 2892 1675 2950 eroges

111 2990 330 3050 quantum
375 2978 467 3031 illa
528 2974 710 3039 vidua,
757 2988 917 3041 eroga
944 2971 1138 3026 saltem
1179 2970 1435 3041 quidquid
1465 2981 1548 3026 est
1581 2982 1674 3025 stt-

112 3078 495 3143 pertacanenm,
528 3065 676 3119 habe
710 3079 833 3134 qua:
873 3062 1167 3128 sufficiunt,
1197 3076 1303 3115 non
1334 3071 1453 3130 quin
1482 3076 1675 3131 super-

110 3166 199 3217 flua
237 3171 372 3215 sunt.
422 3156 535 3213 Sed
588 3171 751 3210 nemo
795 3163 879 3209 est
914 3153 1004 3223 qui
1033 3160 1219 3222 eroget
1256 3166 1322 3205 ne
1351 3165 1415 3206 ea
1461 3152 1674 3221 quidem

109 3270 209 3324 qua:
232 3261 347 3308 sunt
374 3262 789 3321 supervacanea
819 3265 835 3301 :
859 3262 981 3300 nam
1010 3242 1263 3315 quamdiu
1293 3245 1457 3301 habes
1484 3247 1675 3301 multos

108 3345 323 3408 famulos,
347 3352 404 3399 et
430 3345 622 3398 vestes
648 3340 847 3395 sericas
870 3377 886 3403 ,
920 3336 1037 3391 haec
1061 3337 1241 3393 omnia
1262 3344 1392 3391 sunt
1417 3350 1678 3404 superva-

107 3445 267 3493 canea.
297 3436 440 3491 Nihil
470 3444 561 3489 est
584 3432 953 3488 necessarium
978 3443 1078 3484 nec
1097 3428 1217 3483 usui
1246 3427 1487 3483 serviens
1514 3428 1563 3481 in
1589 3427 1675 3493 iis,

104 3534 201 3585 sine
219 3532 409 3602 quibus
432 3529 630 3582 vivere
660 3537 944 3594 possumus
970 3538 985 3585 ;
1011 3534 1075 3577 ea
1104 3530 1229 3575 sunt
1257 3533 1678 3590 supervacanea,

106 3636 150 3677 et
167 3633 303 3677 extra
330 3630 461 3675 sunt
508 3618 716 3689 posita.
750 3615 888 3683 Quid
917 3615 987 3667 sit
1023 3628 1153 3683 ergo
1189 3612 1263 3678 id,
1304 3612 1421 3667 sine
1443 3626 1549 3682 quo
1576 3626 1680 3665 non

106 3715 345 3781 poSsitnus
373 3712 591 3773 vivere,
623 3707 921 3770 videamus,
951 3705 995 3759 si
1018 3703 1214 3774 placet.
1235 3703 1349 3758 Etsi
1368 3704 1520 3757 solos
1542 3702 1683 3758 duds

105 3802 372 3857 habeamus
410 3799 680 3862 famulos,
728 3809 1015 3866 possumus
1040 3794 1242 3848 vivere.
1272 3792 1405 3847 Nam
1436 3793 1524 3846 ubi
1557 3798 1685 3848 sunt

98 3894 240 3963 aliqui
262 3895 351 3963 qui
381 3894 584 3946 vivunt
616 3888 823 3957 absque
849 3885 1083 3950 famulis,
1111 3898 1271 3955 quam
1304 3881 1565 3938 habemus
1584 3889 1685 3940 nos

97 3984 507 4047 excusationem,
544 3982 593 4035 si
626 3994 734 4033 non
759 3978 927 4031 simus
946 3974 1461 4030 contenti‘duobus?
1492 3975 1688 4029 Pessn-

93 4094 201 4133 tnus
224 4078 386 4131 etiam
415 4091 488 4131 ex
537 4071 804 4127 lateribus
838 4070 1038 4123 habere
1067 4067 1285 4122 demum
1326 4064 1686 4122 ctmstru'btatn

99 4172 241 4224 trium
278 4169 730 4223 habitaculorum
766 4181 790 4216 ηε
828 4172 883 4217 ει
920 4162 1023 4216 hoe
1069 4160 1358 4215 sufﬁceret
1384 4156 1556 4213 nouis.
1594 4156 1689 4215 Dic

93 4266 219 4317 enim
248 4262 403 4324 mihi,
426 4274 624 4313 annon
651 4264 776 4309 sunt
796 4252 1069 4322 aliquiqui
1092 4260 1211 4304 eum
1235 4250 1418 4303 liberis
1443 4258 1497 4302 et
1520 4258 1690 4303 inore

101 4366 242 4403 unam
285 4350 499 4404 habent
536 4344 823 4401 domum?
865 4344 984 4398 Sint
1020 4348 1220 4403 autem,
1263 4338 1309 4394 si
1344 4338 1496 4403 Veiis,
1527 4337 1688 4391 etiam

97 4438 191 4494 duo
210 4440 415 4494 famuli.
442 4439 516 4493 Et
542 4435 823 4507 quomodo
844 4468 859 4499 ,
888 4433 1101 4505 inquies
1126 4473 1140 4498 ,
1169 4438 1276 4486 non
1304 4439 1386 4485 est
1410 4429 1581 4500 pudor
1606 4429 1692 4482 in-

99 4546 312 4596 gentiam
339 4531 619 4585 incedere
654 4528 775 4582 cum
816 4526 1026 4580 duobus
1053 4523 1306 4578 fanntlis?
1336 4524 1517 4592 Apage
1537 4564 1552 4586 ,
1582 4534 1691 4575 non

97 4633 167 4675 est
193 4625 367 4692 pudor
394 4624 665 4692 ingenuae
692 4618 941 4673 incedere
964 4628 1084 4670 cum
1103 4614 1309 4669 duobus
1338 4613 1569 4676 famulis,
1596 4612 1692 4667 sed

99 4716 258 4779 pudor
282 4725 368 4770 est
395 4713 711 4784 procedere
728 4722 849 4765 cum
871 4710 1072 4764 multis.
1096 4706 1345 4763 Fortasse
1372 4706 1557 4761 ridetis
1579 4706 1693 4761 haec

96 4805 382 4862 audientes.
412 4805 675 4868 Credite,
700 4801 809 4855 hoc
826 4810 912 4854 est
934 4799 1125 4868 pudor,
1148 4812 1268 4854 cuin
1292 4797 1477 4851 multis
1504 4809 1693 4865 proce-

96 4897 230 4951 dere.
256 4898 414 4953 Sicut
440 4898 544 4967 qui
578 4910 713 4949 oves
740 4893 993 4956 vendunt,
1023 4899 1116 4944 aut
1140 4891 1278 4946 sicut
1305 4892 1694 4958 cauponato‘re’s

94 4992 513 5061 mancipiorum,
556 4998 816 5056 magnum
845 4984 1118 5055 quidpiam
1146 4975 1469 5037 existimatis
1506 4992 1694 5049 proce-

94 5080 211 5136 dere
249 5097 375 5136 eum
407 5080 616 5134 niultis
646 5078 879 5132 famulis.
928 5077 1040 5129 Hoc
1081 5084 1164 5129 est
1207 5074 1376 5127 fastus
1422 5082 1477 5127 et
1527 5072 1699 5125 inanis

91 5172 246 5241 gloria
278 5193 292 5227 :
324 5175 464 5229 illud
496 5184 590 5228 eet
629 5170 965 5240 philosophia
988 5178 1045 5222 et
1081 5168 1352 5220 honestas.
1379 5165 1509 5220 Nam
1542 5164 1699 5234 inge—

93 5282 243 5319 uuam
275 5283 388 5321 non
434 5280 511 5321 ex
557 5263 906 5318 nudtitudine
953 5261 1394 5331 pedissequorum
1443 5269 1701 5335 apparere

92 5366 344 5425 oportet:
403 5374 542 5427 qua:
592 5355 744 5411 enim
798 5363 883 5408 est
924 5355 1096 5406 virtus
1143 5351 1235 5405 illa
1285 5349 1450 5403 multa
1499 5348 1700 5402 habere

92 5450 396 5519 mancipia?
430 5449 557 5503 Hoc
590 5463 703 5501 non
729 5456 812 5500 est
830 5446 1062 5500 auium:
1100 5441 1243 5513 quod
1281 5444 1457 5495 autem
1486 5456 1593 5494 non
1620 5444 1703 5493 est

93 5540 277 5595 anima:
301 5581 317 5606 ,
364 5557 481 5595 non
516 5538 768 5594 ostendit
806 5537 1114 5605 ingenuam.
1151 5533 1377 5602 Quando
1406 5532 1702 5601 estpaucis

95 5644 362 5699 contenta,
398 5643 538 5687 tunc
572 5642 713 5684 vere
731 5638 815 5683 est
840 5630 1066 5698 iugentia
1099 5646 1112 5681 :
1147 5620 1363 5694 quando
1384 5630 1703 5695 autem‘eget

97 5726 291 5793 multis,
326 5738 415 5783 cst
445 5724 670 5779 ancilla
695 5736 747 5776 et
770 5720 1007 5776 deterior
1034 5719 1335 5790 mamipiis.

426 5812 730 5871 ΡΛτιιοι.
777 5810 891 5871 Gn.
945 5811 1164 5873 LXIII.

808 298 875 356 ῙΝ
902 296 1129 356 ΕΡΙΒΤ.
1173 298 1263 354 AD
1300 292 1660 365 HEBRA'IOS.

1771 298 1851 353 lP.
1897 296 2011 354 ΧΠ.
2055 294 2288 356 HOMIL.
2330 292 2568 357 XXVIII.
2606 294 2613 336 ἶ

153 423 260 473 bello
282 414 522 480 geramus,
558 407 613 452 et
650 410 840 452 eorum
871 410 992 469 quae
1023 394 1109 450 hic
1133 404 1257 449 sunt
1286 395 1430 450 nulla
1456 394 1559 449 erit
1581 408 1673 448 ra-
1720 418 1727 425 -

3206 289 3343 357 ’158

1847 405 1902 459 5.
1934 403 2026 459 Dic
2054 404 2204 471 mihi,
2225 407 2399 475 angeli
2419 421 2596 462 annon
2617 407 2716 462 soli
2738 408 2923 465 orbem
2945 416 3103 467 terra:
3137 412 3355 480 obeunt,

1776 504 1831 549 et
1860 512 1968 550 non
2009 507 2169 567 egent
2216 499 2397 568 aliquo
2426 502 2517 570 qui
2558 502 2629 556 sit
2669 516 2765 557 eos
2812 508 3180 573 sequututus?
3229 516 3355 563 noui

1776 597 2059 657 propterea
2087 600 2214 643 sunt
2253 591 2429 657 nobis,
2460 592 2549 660 qui
2574 607 2826 663 egemus,
2854 592 3155 653 deteriores
3202 600 3237 653 ii
3266 602 3358 670 qui

1770 695 1880 733 non
1908 681 2110 748 egent?
2135 679 2192 735 Si
2221 695 2350 751 ergo
2376 697 2444 737 ne
2469 685 2690 738 omnino
2718 686 2931 755 quidem
2974 704 3134 759 egere
3153 695 3357 748 assecla

1773 769 1854 823 vel
1882 768 2203 839 pedissequo
2229 779 2308 823 est
2335 770 2656 840 angelicum,
2684 788 2929 843 quaenam
2957 780 3126 849 magis
3152 783 3357 837 accedit

1770 860 1835 914 ad
1866 860 2026 915 vitam
2067 861 2362 931 angelicam
2385 902 2400 928 ,
2429 862 2563 917 eane
2594 880 2731 933 qua:
2782 869 2964 922 multis
3009 870 3248 941 indiget,
3286 889 3354 928 an

1770 968 1889 1022 (pta:
1919 952 2136 1023 paucis?
2163 953 2349 1009 Nonne
2383 962 2465 1008 est
2500 954 2601 1009 hoc
2643 958 2850 1024 pudor?
2889 960 3057 1027 pudor
3100 973 3182 1017 est
3210 965 3351 1019 enim

1804 1044 1969 1113 liquid
2000 1054 2156 1114 turpe
2186 1045 2361 1099 facere
2387 1054 2442 1101 et
2465 1046 2778 1100 absurdum.
2810 1048 2900 1103 Die
2925 1052 3076 1117 utihi,
3109 1070 3353 1123 quaenam

1766 1138 1832 1191 ad
1864 1152 1923 1191 se
1948 1138 2213 1192 convertit
2232 1152 2331 1192 eos
2356 1153 2475 1208 quae
2504 1147 2629 1194 sunt
2659 1140 2710 1193 in
2742 1137 2880 1203 foro,
2910 1154 3042 1197 eane
3071 1161 3189 1214 quin
3214 1148 3348 1201 mul-

1769 1236 1851 1280 tos
1885 1242 2065 1283 secum
2095 1229 2259 1296 ducit,
2289 1247 2355 1284 an
2378 1242 2439 1285 ea
2467 1247 2585 1301 qua:
2618 1232 2861 1301 paucos?
2891 1235 2987 1289 hac
3019 1248 3198 1291 autem
3231 1255 3351 1308 qua:

1769 1314 1963 1384 pauens
2008 1319 2187 1383 ducit,
2242 1337 2419 1376 annon
2466 1337 2529 1377 ea
2580 1324 2749 1393 magis
2786 1342 2904 1392 qua:
2960 1327 3073 1381 sola
3122 1344 3345 1399 apparo;

1766 1425 1870 1465 non
1904 1411 2172 1480 praevisa?
2201 1412 2358 1467 Vides
2388 1413 2528 1483 quod
2572 1415 2702 1469 illud
2729 1417 2798 1470 sit
2841 1417 3041 1485 pudor?
3089 1421 3343 1488 Quaenam

1761 1503 1816 1557 in
1864 1517 1923 1558 se
1948 1505 2331 1560 convertit‘eo‘s
2367 1508 2455 1574 qui
2487 1517 2610 1561 sunt
2640 1508 2692 1561 in
2723 1510 2871 1571 foro,
2917 1527 3051 1566 eane
3078 1530 3195 1582 qua:
3225 1516 3343 1584 pul-

1761 1593 1921 1647 chras
1943 1604 2117 1664 gestat
2136 1602 2331 1660 vestes,
2367 1612 2434 1650 an
2463 1614 2582 1667 quae
2608 1598 2919 1668 simpliciter
2948 1612 3031 1657 est
3078 1606 3266 1659 vestita
3294 1620 3345 1661 et

1763 1686 1911 1740 nullo
1934 1698 2240 1756 comparato
2261 1688 2407 1743 eultu
2428 1702 2479 1745 et
2508 1695 2864 1748 ornamento?
2889 1714 3130 1765 quaenam
3164 1716 3346 1753 rursus

1763 1778 1933 1845 magis
1958 1779 2025 1832 ad
2056 1793 2115 1833 se
2141 1783 2409 1835 convertit
2438 1796 2530 1851 eos
2554 1784 2647 1852 qui
2676 1796 2798 1838 sunt
2826 1786 2878 1839 in
2910 1787 3043 1853 foro,
3070 1805 3203 1847 cane
3228 1808 3347 1860 qua:

1764 1868 1920 1921 mulis
1950 1870 2159 1924 vehitur
2187 1881 2239 1926 et
2267 1873 2522 1927 inauratis
2548 1877 2815 1945 stragulis,
2856 1893 2922 1930 an
2964 1895 3025 1933 ea
3056 1895 3172 1950 (νοω
3214 1878 3345 1936 'sim-

1765 1958 1974 2027 pliciter
2003 1970 2069 2015 et
2095 1963 2614 2036 qumnudocumquc,
2664 1967 2757 2022 sed
2802 1967 2997 2026 decore
3039 1983 3091 2026 et
3128 1974 3347 2029 honene

1766 2051 2000 2105 incedit?
2028 2066 2096 2107 an
2152 2055 2286 2109 hanc
2315 2074 2380 2111 ne
2409 2059 2700 2115 viderimus
2747 2062 2964 2131 quidem
2997 2073 3051 2118 et
3077 2068 3350 2136 aspexeri-

1764 2154 1904 2208 ntus,
1932 2144 2074 2197 illam
2106 2155 2283 2201 autem
2337 2164 2443 2202 non
2474 2152 2647 2204 solum
2679 2162 2733 2206 ut
2768 2155 2981 2210 videant
3017 2167 3207 2227 urgent
3247 2161 3347 2214 ali-

1764 2235 1875 2301 qui,
1907 2235 2001 2288 sed
2033 2238 2191 2291 etiam
2221 2251 2412 2309 regant
2438 2256 2681 2311 quietiam
2708 2244 2776 2298 sit
2797 2256 2852 2301 et
2876 2249 3054 2303 unde?
3082 2250 3229 2305 Mitto
3256 2271 3350 2307 att-

1766 2335 1872 2386 tetu
1903 2329 2084 2384 dicere
2113 2343 2308 2399 quanta
2344 2335 2469 2389 hinc
2511 2338 2716 2392 oriatur
2750 2328 2966 2396 invidia.
3007 2343 3148 2410 Quid
3197 2362 3347 2419 ergo,

1740 2417 1853 2473 .die
1883 2421 2035 2488 mihi,
2066 2431 2149 2476 est
2189 2424 2363 2495 turpe,
2396 2427 2562 2481 videri
2608 2444 2677 2483 an
2733 2445 2837 2485 non
2878 2432 3084 2487 videri?
3138 2417 3351 2506 quando

1738 2521 1850 2565 ~est
1874 2513 2049 2581 major
2076 2515 2264 2583 pudor,
2308 2518 2522 2587 quando
2549 2535 2738 2577 omnes
2765 2524 2830 2578 ad
2871 2540 2988 2579 eam
3016 2531 3345 2596 aspexerint.

1765 2606 1832 2656 a'n
1863 2602 2078 2672 quando
2104 2606 2284 2660 nullus
2304 2608 2327 2660 ?
2348 2610 2576 2678 quando
2605 2625 2793 2667 omnes
2817 2614 2883 2668 de
2918 2630 2977 2670 ea
3010 2632 3253 2686 qua-nam
3282 2624 3354 2677 sit

1767 2695 2091 2763 resciscunt,
2118 2713 2183 2751 an
2208 2700 2419 2767 quando
2446 2717 2512 2757 ne
2534 2714 2722 2757 curant
2741 2707 2997 2775 quidem?
3032 2709 3185 2766 Vides
3211 2716 3352 2782 quod

1768 2800 1874 2840 non
1921 2797 2140 2857 propter
2178 2790 2459 2858 pudorem,
2501 2795 2593 2849 sed
2627 2808 2845 2866 [πορίων
2874 2800 3083 2856 inanem
3128 2803 3348 2872 gloriam

1764 2879 1943 2932 omnia
1983 2881 2230 2950 agimus?
2258 2883 2361 2939 Sed
2391 2886 2639 2955 quoniam
2673 2888 2777 2945 hoc
2809 2890 2921 2948 ﬁeri
2956 2896 3058 2949 non
3097 2911 3267 2966 potest
3297 2912 3353 2954 ut

1766 2984 1864 3025 nos
1888 2971 1956 3026 ab
1987 2971 2091 3026 illis
2121 2973 2472 3042 abducamus,
2506 2978 2705 3033 sufficit
2731 2983 2857 3038 mihi
2900 2984 3115 3041 interim
3156 3001 3212 3043 ut
3255 3008 3351 3047 vos

1765 3061 1982 3117 discatis
2008 3062 2111 3118 hoc
2140 3081 2243 3120 non
2272 3082 2388 3121 esse
2421 3071 2822 3139 turpitudinem.
2866 3076 3049 3135 Solum
3080 3094 3350 3150 peccatum

1765 3162 1851 3208 est
1877 3155 2169 3225 turpitudo,
2214 3158 2354 3225 quod
2387 3174 2545 3215 nemo
2572 3163 2837 3219 existimat
2893 3184 3011 3223 esse
3058 3173 3348 3239 pudorem,

1766 3244 1862 3299 sed
1901 3245 2112 3314 quidvis
2151 3248 2316 3317 magis
2346 3262 2506 3319 quam
2546 3251 2738 3321 ipsum.
2776 3255 3104 3314 Vestimenta
3157 3262 3263 3317 sint
3289 3244 3352 3320 ca

1766 3350 1888 3404 qua:
1905 3346 2031 3390 sunt
2057 3340 2196 3403 usui,
2218 3356 2321 3394 non
2344 3352 2523 3396 autem
2542 3357 2932 3413 supervacanea
2970 3368 2981 3403 :
3005 3356 3257 3409 caeterum
3285 3373 3353 3411 ne

1768 3424 1825 3478 in
1852 3426 2045 3481 nimias
2073 3442 2166 3482 vos
2208 3430 2527 3486 concludam
2557 3438 2859 3503 angustias,
2889 3439 3017 3495 illud
3061 3443 3350 3513 admonco,

1752 3514 1911 3585 quod
1957 3530 2063 3570 non
2114 3518 2185 3573 sit
2229 3521 2381 3575 vobis
2411 3538 2547 3592 opus
2583 3526 2762 3580 aureis
2807 3533 3138 3587 ornamentis
3182 3552 3353 3605 neque

1754 3610 2057 3666 subtilibus
2091 3614 2240 3668 “telis.
2296 3616 2363 3669 Et
2394 3618 2506 3672 lucc
2550 3636 2661 3674 non
2700 3634 2799 3691 ego
2839 3623 2959 3677 dico
2995 3643 3005 3676 :
3039 3642 3157 3681 nam
3208 3624 3348 3699 quod

1754 3718 1875 3758 mon
1902 3719 2018 3759 mea
2055 3706 2163 3759 sint
2182 3707 2365 3772 verba,
2392 3709 2521 3763 audi
2568 3711 2779 3767 beatum
2808 3715 3030 3770 Paulum
3062 3719 3347 3786 dicentem,

1759 3804 1822 3847 et
1846 3794 2162 3850 mulieribus
2180 3800 2605 3868 praecipientem,
2636 3801 2709 3856 Ut
2739 3821 2792 3858 re
2811 3814 3007 3870 ornent,
3034 3823 3132 3861 non
3156 3811 3205 3863 in
3248 3822 3351 3865 tor-

1762 3934 1767 3939 .
1793 3891 1856 3945 tis
1880 3892 2101 3944 crinibus
2128 3901 2214 3944 aut
2241 3904 2388 3955 nitro,
2426 3902 2511 3945 aut
2545 3894 2850 3964 margaritis,
2881 3903 2968 3946 aut
2993 3906 3124 3949 ve'stc
3149 3902 3367 3966 pretiosa

1797 3982 1872 4051 (1.
1904 3981 2034 4034 Tim.
2066 3981 2120 4035 9..
2148 3981 2226 4051 9).
2253 3981 2359 4038 Sed
2390 3982 2503 4045 die,
2553 3982 2822 4053 quomodo
2861 3978 2942 4038 vis
2973 3996 3028 4039 ut
3060 3996 3305 4053 ornetur,
3336 4004 3369 4039 (ι

1764 4088 1769 4095 ’
1792 4071 1993 4127 Paule?
2018 4072 2262 4127 fortassis
2288 4074 2429 4128 enim
2465 4075 2643 4129 dicent
2669 4077 2779 4129 sola
2811 4092 2970 4130 aurea
2995 4094 3111 4131 esse
3139 4081 3367 4147 pretiosa

1766 4174 1850 4218 .et
1878 4174 2209 4234 sumptuosa,
2245 4166 2474 4234 pretiosa
2506 4172 2680 4219 autem
2710 4176 2763 4221 et
2787 4162 3093 4237 sumptuosa
3119 4163 3220 4223 non
3252 4185 3369 4224 esse

1768 4255 1961 4309 .serica
1986 4255 2107 4310 :dic
2132 4268 2260 4325 ergo
2286 4258 2555 4325 quomodo
2582 4258 2660 4312 vis
2699 4266 2758 4312 ut
2785 4256 3084 4313 ornentur?
3115 4258 3369 4314 Habentes

1766 4354 1961 4398 tantum
1988 4346 2239 4401 alimenta
2275 4356 2322 4400 et
2359 4349 2538 4417 quibus
2568 4344 2815 4418 tegantur,
2856 4349 2925 4403 iis
2955 4352 3172 4404 contenti
3215 4354 3369 4405 simus

1794 4438 1873 4506 (1.
1903 4436 2039 4492 Tim.
2073 4439 2124 4493 6.
2155 4439 2236 4510 8).
2267 4439 2542 4509 Ejusmodi
2588 4443 2657 4495 sit
2688 4442 2849 4495 vestis
2882 4450 2946 4495 'ut
2983 4445 3153 4496 soium
3206 4454 3365 4513 tegat.

1770 4530 2082 4599 ,Pmpter‘ea
2105 4532 2247 4587 enim
2274 4535 2428 4587 nubis
2466 4548 2528 4587 ea
2546 4534 2701 4587 dedit
2728 4534 2869 4588 Deus
2911 4536 2967 4588 ut
2998 4544 3236 4604 tegamus
3266 4554 3367 4589 nu-

1774 4620 2047 4686 .ditatem;
2078 4622 2179 4677 hoc
2204 4632 2381 4677 autem
2407 4633 2582 4693 potest
2623 4624 2795 4679 facere
2831 4625 3200 4679 vestimentum
3223 4640 3236 4692 ;
3256 4629 3369 4682 'etsi

1774 4711 1863 4764 sit
1893 4712 2008 4767 vilis
2040 4714 2218 4781 pretii.
2270 4713 2518 4770 Fortasse
2566 4715 2753 4769 ridetis
2801 4718 2920 4785 quia
2948 4727 3125 4770 vestes
3151 4717 3370 4786 gestatis

1792 4804 2236 4867 sericas;revera
2263 4806 2403 4860 enim
2441 4810 2654 4876 Oportet
2693 4807 2890 4860 ridere.
2936 4807 3071 4872 Quid
3117 4809 3371 4878 prmcepit

1780 4891 2181 4963 .Paulusiquid
2224 4910 2321 4948 nos
2370 4910 2499 4949 vero
2547 4888 2813 4949 facimus?
2834 4894 2946 4948 Non
2988 4906 3163 4950 autem
3194 4898 3368 4951 Solum

1778 4984 2043 5043 :tuulieres
2091 4987 2353 5053 alloquor,
2406 4986 2500 5041 sed
2543 4986 2703 5039 etiam
2758 4987 2922 5039 viros.
2960 4986 3174 5041 Caetera
3226 4989 3369 5042 enim

1793 5076 1968 5129 omnia
2010 5092 2131 5145 qua:
2173 5077 2432 5131 habemus
2464 5089 2589 5132 sunt
2616 5078 3193 5147 supervacanea.'Soli
3238 5090 3371 5149 putt-‘-

1782 5184 1951 5238 ;pet'es
1999 5185 2104 5224 non
2146 5171 2426 5240 pos‘sident
2482 5164 2873 5241 supervacanea
2924 5178 2938 5225 ξ
2998 5170 3221 5226 fortasse
3270 5187 3368 5224 au-

1784 5272 1898 5317 tem
1929 5263 2002 5316 illi
2030 5278 2243 5332 quoque
2289 5270 2502 5333 propter
2528 5264 2903 5319 necessitatem
2933 5281 2945 5315 :
2980 5264 3048 5317 ita
3090 5273 3149 5318 ut
3171 5307 3185 5329 ,
3218 5266 3261 5318 si
3288 5264 3368 5318 ‘lie

1784 5364 1977 5421 ceret,
2010 5372 2074 5409 ne
2104 5356 2179 5409 illi
2225 5354 2439 5425 quidem
2470 5353 3054 5410 abstinerent.-Verum
3104 5355 3179 5408 iiii
3202 5397 3214 5419 ,
3252 5355 3369 5408 sive

1788 5455 2058 5514 praetextu
2093 5456 2146 5500 et
2178 5448 2482 5512 occasione,
2522 5447 2640 5501 sive
2664 5448 2738 5501 rei
2769 5447 3010 5509 veritate,
3030 5450 3143 5500 inon
3166 5445 3370 5500 habent

1788 5552 2208 5608 supervacanea.
2239 5537 2387 5605 Talia
2420 5538 2549 5609 ergo
2590 5532 2861 5608 [tenemus
2896 5539 3218 5591 Vestimenta
3248 5551 3368 5605 qua:

1793 5647 1943 5685 usum
1983 5632 2253 5700 impleant.
2283 5630 2418 5698 Quid
2457 5634 2597 5695 enim
2625 5631 2723 5684 sibi
2751 5631 2864 5682 vult
2893 5631 3114 5683 multum
3145 5631 3368 5682 aurumt‘

1792 5722 2029 5778 Scenicis
2060 5722 2173 5777 lttcc
2194 5721 2516 5778 conveniunt
2546 5739 2557 5774 ε
2590 5721 2703 5776 htcc
2733 5720 2799 5773 ab
2828 5720 2933 5775 illis
2950 5730 3071 5772 sunt
3090 5718 3364 5789 gestanda,

3002 5810 3077 5871 13
