3926 6406
629 263 668 322 .l
679 265 746 319 99

649 381 767 430 lucc
805 379 923 428 sunt
955 364 1315 430 meretricum,
1343 377 1461 434 quae
1491 360 1667 416 omnia
1707 358 1909 414 faciunt
1933 355 1999 410 ad
2045 354 2145 409 hoc
2174 362 2232 408 ut

652 475 980 540 spectentur.
1003 461 1232 518 Ornetur
1264 458 1351 512 illa
1379 470 1500 526 qua
1529 463 1611 510 est
1631 452 1684 506 in
1711 449 2011 540 scena,illa
2037 446 2229 518 qusi-in

652 539 961 619 orchestra;
1006 552 1117 606 vult
1145 550 1287 605 enim
1335 561 1525 602 omnes
1565 545 1631 600 ad
1675 559 1734 598 se
1761 539 2033 596 attrahere
2072 551 2234 607 :quae

651 661 830 704 autem
863 661 985 700 vere
1016 643 1268 713 pietatem
1299 637 1599 708 proﬁtetur,
1637 650 1741 688 non
1771 634 1848 686 sic
1879 638 2118 696 ornetur,
2142 627 2234 684 sed

651 741 806 793 aliter
850 736 1040 790 habeat
1067 741 1318 787 ornatum
1345 729 1438 783 illo
1465 728 1622 796 longe
1652 725 1928 794 majorem.

725 826 931 881 Mulieri
957 824 1277 877 Christianae.
1307 848 1380 860 —
1405 818 1580 872 llabes
1624 824 1679 870 et
1722 825 1775 868 tu
1821 812 2084 866 theatrum
2120 829 2132 864 :
2159 809 2236 864 ad

655 901 782 956 illud
834 904 1097 955 theatrum
1149 914 1198 954 te
1258 916 1430 964 orna,
1483 899 1572 950 illo
1621 910 1674 951 tu
1735 897 1929 950 mundo
1985 899 2229 952 induere.

651 993 929 1058 Quodnam
973 1001 1054 1044 est
1085 1002 1232 1043 tuum
1265 989 1574 1043 theatrum?
1619 987 1835 1048 Ca'lum.
1866 986 2098 1055 populus
2132 1000 2230 1039 nn-

651 1083 892 1150 gclnruni
917 1098 929 1134 :
964 1097 1068 1133 non
1095 1081 1213 1134 dico
1243 1080 1414 1133 solum
1443 1079 1725 1148 virginum,
1757 1077 1850 1132 sed
1879 1077 2039 1132 etiam
2077 1093 2228 1131 mun-

653 1174 908 1226 danartuu
954 1187 1049 1226 seu
1082 1172 1416 1228 saecularium
1459 1188 1472 1222 :
1507 1185 1854 1240 qumcumque
1877 1169 2092 1224 Christo
2117 1185 2235 1224 cre-

656 1263 807 1327 dunt,
837 1263 1035 1317 habent
1066 1262 1192 1316 illud
1227 1264 1515 1316 theatrum.
1541 1261 1688 1316 Talia
1720 1262 2000 1331 loquamur
2030 1271 2087 1315 ut
2117 1261 2235 1319 illos

656 1354 984 1407 oblectemus
1012 1361 1376 1421 spectatores:
1408 1351 1602 1406 talibus
1631 1351 1872 1412 induere.
1902 1363 1958 1406 ut
1986 1352 2105 1407 illos
2138 1352 2232 1406 lae-

656 1447 769 1501 titia
800 1447 1000 1500 afﬁcias
1031 1444 1128 1516 (α).
1159 1445 1288 1498 Nam
1329 1445 1416 1499 die
1457 1444 1607 1509 mihi,
1638 1444 1681 1500 si
1722 1445 1971 1499 meretrix
2003 1444 2236 1500 dimissis

656 1538 985 1593 ornamentis
1014 1535 1192 1591 aureis
1223 1536 1655 1604 suniptuosisque
1701 1536 1936 1590 vestibus
1960 1545 2014 1590 et
2045 1537 2152 1591 risu
2183 1546 2238 1591 et

656 1629 834 1684 verbis
865 1629 1082 1683 urbanis
1132 1638 1183 1682 et
1213 1627 1499 1694 obscmnis,
1547 1628 1636 1681 vili
1675 1637 1822 1683 veste
1869 1627 2138 1695 induatur,
2183 1640 2238 1684 et

659 1719 936 1774 illaborata
962 1721 1104 1774 cultu
1119 1720 1411 1788 composita
1432 1719 1780 1789 ingrediatur,
1810 1730 1863 1774 et
1884 1721 2130 1791 loquatur
2153 1722 2235 1791 pia

657 1821 711 1867 et
733 1812 977 1881 religiosa
1008 1811 1188 1876 verba,
1220 1821 1272 1865 et
1297 1809 1526 1865 disserat
1555 1811 1620 1865 de
1642 1814 2014 1880 temperantia,
2039 1813 2235 1868 etnihil

659 1913 813 1973 turpe
841 1902 1002 1968 dicat,
1035 1917 1212 1954 annon
1242 1917 1429 1956 omnes
1471 1900 1729 1970 surgent?
1758 1917 1936 1956 annon
1980 1903 2238 1958 dissolve»

659 2006 743 2051 tur
770 1995 872 2050 hoc
892 1995 1154 2049 theatrum
1177 1995 1200 2048 ἲ
1228 2011 1405 2050 annon
1433 2010 1550 2049 eam
1575 1995 1790 2064 ejicient
1812 2005 1868 2048 ut
1893 2013 2012 2066 qua:
2036 2001 2238 2050 nesciat

656 2102 955 2156 congruere
978 2087 1195 2156 populo,
1227 2097 1280 2141 et
1302 2102 1420 2156 quae
1447 2086 1592 2140 dicat
1617 2085 1792 2140 aliena
1815 2087 1883 2141 ab
1907 2087 1998 2140 illo
2029 2087 2236 2140 theatro

657 2176 941 2233 satanico?
973 2178 1045 2231 lta
1076 2187 1131 2232 tu
1158 2193 1389 2248 quoque,
1420 2177 1464 2232 si
1508 2176 1648 2232 illius
1681 2178 2009 2234 vestimentis
2047 2178 2238 2234 amicta

659 2269 978 2340 ingrediaris
1017 2269 1284 2323 theatrum
1313 2270 1591 2335 cmlorum,
1636 2279 1687 2325 te
1717 2271 1933 2338 ejicient
1970 2280 2238 2341 spectato-

659 2376 766 2416 res.
799 2361 913 2418 lllic
943 2360 1084 2414 enim
1117 2377 1220 2414 non
1266 2375 1401 2429 epus
1429 2369 1510 2415 est
1542 2361 1624 2414 liis
1667 2361 1996 2416 vestimentis
2039 2363 2236 2430 aureis,

661 2453 754 2509 sed
794 2455 934 2508 aliis.
985 2455 1356 2522 Quibusnam?
1403 2455 1714 2525 Cujusmodi
1759 2456 1887 2510 dicit
1924 2456 2188 2527 Propheta
2217 2473 2237 2514 :

662 2546 728 2600 In
777 2548 988 2616 fimbriis
1027 2549 1193 2602 aureis
1238 2549 1569 2614 circumdata,
1614 2550 1867 2619 variegata
1926 2550 2098 2619 (Paul.
2147 2552 2240 2606 44.

661 2638 751 2708 Η)
786 2655 798 2692 :
829 2655 932 2693 non
960 2651 1012 2693 ut
1036 2654 1231 2710 corpus
1259 2639 1450 2694 reddas
1477 2639 1762 2694 candidum
1792 2651 1844 2694 et
1873 2641 2238 2710 reSplendens,

660 2729 754 2786 sed
786 2738 844 2784 ut
874 2745 1034 2785 ornes
1064 2732 1296 2784 animam
1327 2746 1342 2785 :
1372 2745 1432 2785 ea
1460 2743 1541 2784 est
1563 2730 1704 2784 enim
1733 2746 1852 2800 quae
1879 2730 1987 2786 illic
2016 2743 2240 2789 conten-

655 2821 738 2875 dit
757 2830 810 2876 et
839 2822 1096 2876 decertat.
1135 2821 1316 2876 Omnis
1355 2824 1527 2893 gloria
1555 2824 1677 2892 ﬁlia:
1724 2823 1874 2894 Regis
1920 2826 2240 2892 intrinsecus,

657 2914 852 2983 inquit.
883 2913 952 2968 lis
976 2913 1196 2970 induere
1224 2932 1238 2968 :
1269 2929 1391 2968 nam
1420 2924 1476 2968 et
1501 2915 1567 2967 ab
1609 2915 2089 2971 innumerabilibus
2123 2919 2242 2974 aliis

655 2999 1169 3070 malisteliberabis,
1191 3004 1439 3059 maritum
1463 3021 1492 3059 a
1514 3005 2026 3074 sollicitudine,ette
2043 3024 2071 3062 a
2088 3023 2241 3066 cura.

665 3093 754 3148 Sic
769 3093 910 3148 enim
923 3094 1029 3148 eris
1048 3095 1238 3148 marito
1257 3095 1797 3166 veneranda,quando
1813 3098 1992 3167 paucis
2009 3101 2238 3168 egueris.

737 3185 791 3241 6.
839 3185 987 3241 Solet
1011 3186 1152 3240 enim
1207 3185 1368 3241 homo
1408 3188 1630 3258 quilibet
1657 3189 2026 3255 dissimulare,
2056 3203 2109 3246 et
2144 3209 2238 3248 eos

645 3283 951 3355 despicatui
980 3285 1204 3352 habere,
1235 3289 1323 3358 qui
1348 3288 1465 3359 ipso
1500 3290 1737 3361 indigent
1769 3295 2018 3364 :quande
2056 3301 2235 3350 autem

658 3377 854 3432 viderit
881 3394 984 3434 non
1007 3393 1143 3450 opus
1174 3379 1392 3447 habere,
1441 3381 1631 3435 fastum
1658 3382 1929 3452 deprimit,
1960 3402 2067 3454 quo
2093 3384 2152 3440 ﬁt
2169 3394 2237 3440 ut

655 3469 766 3539 pari
809 3479 980 3524 tecum
1015 3470 1217 3525 honore
1241 3471 1490 3526 disserat.
1522 3473 1746 3538 Quando
1792 3474 1986 3528 viderit
2013 3476 2238 3530 maritus

652 3568 706 3615 te
729 3559 782 3615 in
811 3562 957 3615 nullo
990 3561 1104 3632 ejus
1132 3577 1291 3632 egere
1319 3570 1372 3618 et
1402 3562 1518 3632 ejus
1539 3564 1676 3617 dona
1704 3563 2001 3633 despicere.
2027 3565 2237 3620 etiamsi

657 3655 903 3726 ingentes
937 3655 1055 3725 ejus
1084 3657 1302 3725 spiritus
1331 3664 1386 3710 et
1411 3671 1600 3726 magna
1644 3658 1807 3710 animi
1835 3658 2000 3712 elatio
2029 3669 2156 3714 tunc
2185 3667 2238 3714 te

649 3747 821 3818 magis
837 3748 1192 3812 reverehitur,
1215 3763 1376 3819 quam
1406 3747 1642 3802 indutam
1665 3749 1842 3804 aureis
1865 3752 2233 3806 ornamentis:

650 3853 751 3893 nec
775 3839 885 3893 eris
928 3838 1160 3908 amplius
1185 3838 1302 3908 ejus
1325 3839 1540 3896 ancilla.
1580 3837 1713 3892 Nam
1739 3855 1966 3910 quorum
1992 3857 2232 3911 egemus,

649 3944 873 3985 necesse
921 3927 1182 3984 habemus
1211 3943 1310 3983 nos
1336 3929 1415 3985 eis
1443 3929 1758 3986 submittere
1783 3947 1796 3984 :
1823 3931 1906 3988 sin
1930 3941 2107 3988 autem
2139 3949 2237 3990 nos

647 4022 1052 4088 abduxerlmus,
1087 4035 1195 4076 non
1238 4021 1436 4076 erimus
1465 4023 1696 4092 amplius
1721 4022 1940 4079 obnoxii
1966 4041 1980 4090 ;
2013 4026 2108 4082 sed
2134 4028 2236 4082 scit

647 4115 791 4184 quod
819 4122 1040 4184 propter
1061 4112 1156 4169 Dei
1185 4115 1432 4170 timorem
1461 4115 1508 4171 ei
1535 4115 1767 4185 aliquam
1800 4117 2084 4174 tribuimus
2102 4120 2233 4176 obe-

646 4205 929 4272 dientiam,
960 4220 1067 4259 non
1096 4214 1316 4276 propter
1341 4221 1402 4262 ea
1429 4222 1549 4277 qute
1565 4207 1632 4262 ab
1650 4207 1767 4278 ipso
1800 4210 2231 4278 proﬁciscuntur.

647 4297 777 4352 Nam
806 4313 948 4353 nunc
966 4297 1206 4370 quidem,
1237 4307 1297 4354 ut
1324 4299 1414 4370 qui
1442 4314 1630 4370 magna
1671 4300 1826 4356 nobis
1852 4302 2036 4370 donet,
2067 4320 2236 4374 quan-

644 4400 990 4460 tumcumque
1012 4390 1273 4446 honorem
1295 4389 1454 4446 fuerit
1476 4400 1817 4462 assequutus,
1839 4408 1944 4448 non
1965 4396 2235 4451 existimat

644 4499 702 4538 se
725 4492 892 4538 totmn
913 4498 1035 4540 esse
1051 4493 1420 4555 assequutum;
1442 4494 1568 4541 tunc
1583 4497 1758 4543 autem
1780 4489 1987 4544 etiamsi
2009 4505 2231 4560 parvum

640 4574 804 4650 fuerit.
828 4584 1168 4647 assequutus,
1197 4576 1418 4633 habebit
1446 4578 1670 4648 gratiam
1693 4598 1706 4633 :
1729 4595 1834 4635 non
1861 4582 2230 4652 exprobrabit,

641 4683 740 4722 nec
761 4669 876 4738 ipse
905 4677 1368 4742 cogetur—propter
1396 4679 1449 4725 te
1494 4687 1589 4740 per
1613 4673 1890 4727 avaritiam
1917 4675 2051 4728 alios
2077 4674 2231 4730 bonis

631 4760 907 4815 fraudare.
950 4759 1088 4826 Quid
1137 4743 1280 4816 enim
1319 4771 1402 4816 est
1443 4776 1474 4815 a
1523 4764 1730 4820 ratione
1774 4765 2024 4830 alienius,
2070 4780 2230 4835 quam

639 4867 802 4906 aurea
833 4861 1150 4907 ornamenta
1181 4852 1249 4908 ad
1272 4853 1374 4910 hoc
1391 4869 1738 4924 comparare,
1769 4856 2228 4911 utcircuml'eran-

641 4953 727 4996 tur
758 4942 812 4996 in
840 4942 1046 4998 balneis
1069 4954 1125 4998 ct
1152 4943 1206 4998 in
1239 4945 1408 5000 foris?
1434 4945 1540 5002 Sed
1569 4947 1622 5001 in
1649 4947 1854 5003 balneis
1883 4959 1938 5004 et
1965 4948 2095 5003 foris
2124 4965 2231 5005 non

640 5044 724 5090 est
762 5033 986 5090 fortasse
1009 5037 1205 5090 mirum
1233 5053 1246 5088 :
1271 5037 1324 5092 in
1349 5038 1635 5094 ecclesiam
1655 5049 1834 5096 autem
1863 5041 2021 5096 etiam
2045 5056 2112 5096 eo
2137 5041 2231 5096 lia-

643 5127 756 5182 liitu
787 5135 1032 5182 ornatam
1064 5129 1381 5199 procedere,
1413 5147 1504 5187 res
1529 5141 1615 5189 est
1639 5133 1796 5189 valde
1821 5133 2066 5190 ridicula.
2095 5134 2229 5191 Nam

640 5233 736 5272 cur
776 5215 880 5272 buc
921 5217 1220 5286 ingreditur
1265 5234 1430 5275 aurea
1472 5230 1693 5291 gestans
1732 5228 2078 5291 ornamenta“,
2110 5240 2228 5296 qua:

639 5308 803 5364 debet
835 5308 1043 5380 ingredi
1076 5319 1136 5365 ut
1162 5310 1345 5366 audiat
1371 5321 1622 5381 oportere
1653 5329 1716 5370 se
1752 5318 1929 5372 ornari
1961 5333 2067 5372 non
2097 5333 2228 5372 auro

641 5415 742 5456 nec
781 5401 1107 5472 margaritis,
1155 5417 1330 5474 neque
1354 5413 1507 5460 veste
1545 5410 1901 5477 sumptuosa?
1942 5409 2048 5465 Cur
2099 5425 2227 5482 ergo

638 5492 961 5566 ingrederis,
991 5508 1026 5552 ο
1051 5495 1286 5554 mulier?
1332 5497 1591 5569 numquid
1618 5507 1884 5571 tamquam
1914 5516 2036 5559 cum
2063 5503 2226 5560 Paulo

685 5657 762 5720 (ιι)
785 5657 873 5710 Hic
896 5658 1076 5708 desinit
1098 5657 1293 5708 homilia
1318 5657 1365 5706 in
1391 5654 1526 5708 Colb.

1323 248 1381 306 S.
1420 246 1698 306 JOANNIS
1734 236 2206 301 CllRYSOSTUMI
2250 236 2568 294 ARClllEP.
2607 235 3142 294 CONSTANTINOP.

3703 248 3771 304 200

2305 360 2578 417 pugnans,
2609 357 2664 401 et
2692 347 2985 404 ostendens
3013 349 3156 420 quod
3197 348 3402 408 etiamsi
3428 355 3593 415 millies
3625 363 3709 424 hac
3727 375 3776 427 di.

2309 452 2410 502 cat,
2439 455 2546 494 non
2578 441 2911 495 converteris
2937 441 2960 494 ?
2992 442 3087 496 sed
3121 459 3246 498 num
3280 453 3526 515 tamquam
3553 468 3633 509 nos
3651 459 3776 517 docto.

2306 547 2391 586 res
2418 533 2601 586 volens
2644 531 2966 602 redarguere
2992 533 3106 589 haec
3151 533 3344 590 frustra
3371 537 3570 596 dicere?
3599 546 3697 603 Nam
3725 557 3779 611 dic

2302 622 2460 685 mihi,
2490 623 2536 676 si
2579 622 2697 691 quis
2736 621 2957 678 Gnaeus
2981 633 3041 714 et
3090 623 3319 680 inﬁdelis
3361 642 3472 682 cum
3497 634 3683 692 audierit
3715 644 3779 714 legi

2297 712 2446 767 hunc
2479 713 2678 780 locum,
2703 712 2791 766 ubi
2823 715 2935 766 ha-c
2961 713 3092 768 dicit
3122 715 3308 770 beatus
3333 716 3530 787 Paulus,
3557 712 3782 798 pracipieiis

2302 802 2636 867 mulieribus,
2669 813 2725 857 ut
2753 819 2819 858 ne
2837 819 2995 870 auro,
3034 816 3260 875 argento
3287 817 3341 862 et
3367 814 3647 881 margaritis,
3667 834 3781 892 neque

2303 893 2552 963 pretiosis
2581 895 2816 948 vestibus
2836 906 3066 949 ornetur
3097 896 3174 965 (l.
3205 897 3336 953 Tim.
3360 899 3416 952 2.
3435 901 3505 971 9);
3534 915 3579 958 ei
3600 921 3692 964 cum
3711 915 3782 982 ipse

2313 980 2507 1035 habeat
2531 997 2752 1037 uxorem
2786 984 3022 1052 ﬁdelem,
3046 986 3227 1042 videat
3252 988 3394 1044 illam
3419 996 3607 1047 ornatui
3624 980 3787 1065 studere.

2313 1083 2367 1127 et
2393 1089 2555 1129 aurea
2591 1075 2997 1146 circumponere
3029 1088 3088 1132 ut
3114 1079 3438 1149 ingrediatur
3477 1083 3523 1137 in
3550 1087 3786 1146 ecclesiam:

2313 1179 2490 1219 annon
2523 1166 2667 1222 dicet
2691 1169 2830 1236 apud
2861 1170 3134 1240 seipsum,
3163 1172 3351 1228 videns
3389 1189 3500 1229 eam
3540 1176 3586 1231 in
3624 1182 3790 1238 cubiculo

2315 1271 2375 1311 se
2403 1266 2591 1313 ornate
2620 1270 3034 1330 componentem
3059 1271 3115 1316 et
3143 1262 3508 1333 disponentem
3532 1285 3544 1321 :
3571 1268 3680 1336 Quid
3703 1275 3791 1330 intus

2315 1357 2496 1404 manet
2525 1349 2716 1405 mulier
2745 1351 2797 1405 in
2823 1353 3111 1408 cubiculo?
3141 1354 3269 1424 quid
3297 1360 3597 1412 cunctatur?
3623 1364 3717 1430 quid
3736 1383 3790 1418 aa-

2316 1457 2405 1495 rea
2438 1443 2794 1514 circumponit
2823 1457 3138 1502 ornamenta
3164 1449 3184 1502 ?
3214 1464 3320 1518 quo
3358 1451 3466 1504 vult
3489 1452 3654 1509 abire?
3677 1460 3714 1512 in
3742 1476 3792 1514 er-

2315 1534 2576 1590 clesiam?
2601 1538 2812 1606 quare?
2838 1547 2896 1591 ut
2922 1538 3123 1603 audiat,
3158 1538 3280 1593 Non
3309 1540 3362 1593 in
3405 1552 3530 1596 reste
3553 1554 3794 1614 sumptuosa?

2316 1624 2432 1679 Non
2476 1626 2704 1682 ridebit?
2752 1643 2858 1682 non
2905 1629 2958 1684 in
2987 1630 3280 1686 cachinnos
3323 1637 3592 1703 erumpet?
3620 1652 3699 1691 non
3727 1656 3793 1696 ten

2319 1716 2578 1771 ludicram
2608 1729 2661 1773 et
2691 1719 3064 1790 deceptiouem
3089 1736 3184 1777 res
3204 1731 3422 1778 «cetras
3461 1739 3571 1781 esse
3609 1730 3795 1784 existim:-

2318 1806 2432 1860 bit?
2458 1807 2818 1874 Quamobrem
2862 1826 3011 1882 rego,
3045 1820 3105 1866 ut
3143 1827 3305 1867 aurea
3326 1827 3620 1870 ornamenta
3663 1826 3796 1890 pompis

2317 1897 2669 1964 dimittamus,
2699 1899 2900 1965 scenis,
2931 1910 2986 1956 et
3033 1902 3087 1956 in
3133 1903 3332 1956 tabulis
3379 1904 3675 1961 ofﬁcinarum
3696 1925 3798 1979 exps-

2317 1991 2416 2044 sita
2451 2008 2465 2046 :
2519 1991 2612 2045 Dei
2659 2000 2839 2045 autem
2871 1991 3047 2061 imago
3089 2010 3194 2047 non
3251 1993 3336 2048 his
3383 2006 3620 2061 ornetur;
3656 2013 3796 2054 ornetur

2319 2083 2546 2154 ingenua
2571 2083 2820 2140 libertate
2855 2102 2868 2138 :
2905 2101 2934 2139 a
2971 2087 3218 2142 libertate
3257 2097 3437 2143 autem
3466 2089 3602 2144 abest
3635 2091 3796 2149 fastuttt

2317 2184 2540 2230 ornatus
2571 2175 2876 2231 indecorus.
2906 2175 3057 2243 Quod
3086 2179 3131 2231 si
3164 2179 3324 2232 etiam
3347 2178 3478 2233 velis
3504 2180 3565 2234 ab
3590 2180 3796 2238 hominibus

2317 2265 2542 2336 gloriam
2569 2267 2850 2338 consequi,
2883 2282 2999 2322 eam
3045 2268 3123 2322 sic
3167 2271 3490 2338 assequeris.
3534 2271 3686 2326 Divitis
3711 2276 3795 2328 eain

2321 2358 2552 2412 hominis
2583 2375 2808 2414 uxorem
2841 2375 2947 2415 non
2996 2362 3066 2416 ita
3109 2361 3496 2417 admirabimur
3534 2378 3666 2418 aurea
3701 2384 3796 2420 om-

2319 2460 2496 2505 menta
2541 2459 2838 2520 gestantem
2869 2461 2924 2507 et
2972 2452 3176 2507 sericas
3220 2463 3435 2520 vestes;
3490 2454 3581 2510 hoc
3618 2468 3680 2511 est
3709 2463 3797 2513 enim

2319 2558 2608 2598 commune
2658 2545 2943 2610 munibus;
2975 2555 3036 2600 ut
3065 2546 3281 2605 quando
3331 2547 3492 2603 fuerit
3535 2549 3681 2603 induta
3709 2564 3797 2606 veste

2319 2635 2569 2704 simplici,
2619 2643 2674 2690 et
2703 2650 2769 2690 ex
2821 2636 2942 2691 lana
2993 2646 3196 2692 tantum
3245 2641 3644 2695 contextazhoc
3683 2657 3797 2697 omnes

2321 2726 2753 2792 admirabuntur,
2808 2727 2912 2783 hoc
2937 2744 3060 2784 eum
3103 2731 3291 2800 plausu
3335 2733 3609 2802 excipient.
3650 2735 3740 2788 Nam
3770 2738 3796 2788 in

2321 2819 2414 2872 illo
2440 2818 2657 2887 quidem
2688 2819 2889 2874 mundo
2924 2832 3369 2876 ornamentorum
3398 2834 3452 2878 et
3476 2835 3796 2895 sumptuosum;

2319 2910 2548 2964 vestium
2599 2911 2794 2965 nmltas
2827 2909 2987 2966 habet
3023 2913 3239 2978 socias;
3271 2925 3329 2968 et
3377 2915 3422 2969 si
3475 2916 3596 2971 hanc
3634 2928 3796 2986 supcrat.

2319 3011 2605 3071 superatur
2629 3002 2699 3056 ab
2725 3003 2826 3057 alia
2851 3019 2867 3068 ;
2894 3013 2950 3058 et
2969 3003 3015 3057 si
3046 3019 3233 3060 omnes
3260 3007 3493 3074 excedit,
3526 3008 3586 3062 ab
3609 3009 3696 3079 ipsa
3714 3023 3799 3064 certe

2321 3094 2506 3164 regina
2558 3093 2837 3148 vincitur:
2883 3094 2972 3148 hic
3019 3107 3195 3152 autem
3251 3098 3422 3154 vincit
3471 3115 3666 3162 omnes.
3705 3107 3798 3154 oti-am

2322 3187 2494 3254 ipsam
2527 3199 2749 3240 uxorem
2777 3185 3120 3255 Imperatoris
3153 3205 3166 3242 :
3195 3191 3309 3244 sola
3337 3191 3479 3246 enim
3502 3193 3546 3246 in
3566 3192 3722 3246 divitiis
3738 3194 3800 3247 elc~

2321 3277 2396 3346 git
2419 3292 2539 3346 qua:
2563 3285 2689 3330 sunt
2710 3291 3024 3346 pauperum.
3044 3277 3430 3347 Quamobrem,
3444 3283 3630 3336 etiamsi
3647 3298 3802 3336 amemus

2320 3366 2567 3438 gloriam,
2601 3367 2686 3422 hic
2710 3377 2794 3422 est
2822 3369 2994 3438 major
3019 3369 3208 3440 gloria.
3237 3370 3357 3426 Non
3389 3373 3554 3428 solum
3583 3374 3682 3429 dico
3696 3375 3802 3427 viduis

2321 3469 2375 3514 et
2398 3459 2680 3524 divitibus;
2709 3459 2795 3514 hic
2813 3461 2954 3515 enim
2973 3461 3389 3518 necessitatibus
3415 3465 3803 3520 viduitatissidetur

2323 3550 2426 3606 hoc
2448 3550 2657 3616 facere;
2690 3551 2784 3606 sed
2813 3552 2878 3606 iis
2901 3553 3064 3608 etiam
3095 3569 3216 3624 quae
3245 3555 3422 3611 virum
3453 3556 3646 3612 habent.
3671 3559 3802 3610 Atan-

2323 3643 2448 3710 rito,
2479 3642 2670 3712 inquit,
2699 3657 2806 3697 non
2841 3643 3045 3713 placeo.
3072 3643 3182 3700 Nec
3208 3646 3292 3700 vis
3323 3647 3514 3703 marito
3539 3648 3722 3718 placere.
3749 3647 3802 3699 sed

2323 3733 2653 3789 multitudini
2682 3735 3128 3804 paupercularum
3157 3738 3480 3803 mulierum;
3511 3741 3605 3794 imo
3626 3755 3720 3792 vero
3742 3752 3801 3788 non

2325 3825 2560 3896 placere,
2588 3825 2684 3881 sed
2710 3840 2802 3881 eas
2833 3825 3138 3883 tabefacere
3167 3839 3218 3882 et
3248 3829 3441 3886 dolore
3467 3830 3672 3886 afﬁcere.
3695 3840 3733 3881 ct
3751 3845 3802 3879 ei-

2334 3925 2460 3966 rnm
2483 3911 2740 3980 majorem
2779 3911 2955 3968 facere
2981 3925 3372 3984 paupertatem.
3403 3919 3562 3985 Quam
3587 3923 3712 3972 multa
3735 3929 3796 3983 pro

2337 4010 2457 4072 pter
2485 4009 2537 4056 te
2575 3999 2824 4070 dicuntur
2855 4001 3204 4072 blasphema?
3243 4004 3324 4061 Ne
3348 4008 3438 4072 sit,
3467 4008 3633 4077 inquit,
3667 4018 3794 4075 paupet

2339 4101 2420 4146 tas
2450 4110 2465 4146 :
2499 4093 2644 4149 Deus
2664 4092 2794 4148 odio
2822 4092 2986 4149 habet
3010 4109 3233 4166 egenos,
3284 4097 3430 4153 Deus
3473 4115 3571 4153 non
3603 4097 3731 4164 diligit
3753 4105 3802 4145 ent

2333 4184 2423 4255 qui
2458 4193 2583 4240 sunt
2604 4185 2660 4240 in
2697 4196 3029 4257 paupertate.
3057 4187 3191 4243 Nam
3220 4190 3366 4260 quod
3415 4207 3516 4248 non
3543 4190 3653 4244 velis
3675 4189 3802 4258 placari

2334 4275 2530 4331 marito
2557 4315 2576 4343 ,
2615 4292 2724 4332 nec
2769 4292 2832 4333 ea
2870 4277 2940 4334 de
2967 4294 3128 4336 causa
3158 4281 3390 4347 orneris,
3439 4282 3660 4337 omnibus
3696 4274 3801 4331 reddi

2333 4369 2670 4437 perspicuum
2698 4383 2763 4423 ex
2795 4369 2859 4423 iis
2897 4385 3018 4438 quae
3043 4371 3156 4441 ipsa
3197 4372 3348 4428 facis.
3406 4372 3532 4429 Nam
3571 4387 3670 4428 cum
3705 4371 3802 4422 linea

2331 4457 2548 4512 thalami
2575 4459 2874 4526 transieris,
2901 4460 3186 4518 confestim
3225 4463 3455 4534 deponis
3492 4466 3666 4528 omnia,
3694 4470 3801 4515 etre-

2327 4562 2459 4617 stes,
2494 4561 2548 4606 et
2571 4563 2885 4608 ornamenta
2912 4569 3096 4620 aurea,
3129 4566 3185 4610 et
3227 4558 3570 4628 margaritas;
3595 4557 3666 4610 illa
3680 4554 3802 4622 quippe

2323 4643 2470 4698 dumi
2499 4658 2604 4698 non
2633 4652 2832 4714 gestas.
2872 4644 2929 4700 Si
2965 4654 3146 4701 autem
3178 4648 3259 4702 vis
3287 4649 3510 4704 omnino
3535 4649 3707 4718 placere
3735 4657 3802 4695 nn-

2325 4737 2451 4804 rito,
2479 4748 2604 4793 sunt
2628 4753 2724 4807 per
2754 4754 2873 4808 qute
2919 4740 2994 4795 sis
3024 4741 3308 4811 placitura,
3355 4759 3451 4810 per
3474 4743 3718 4802 lenitatem.
3748 4751 3804 4804 per

2325 4827 2808 4893 mansuetudinem,
2841 4845 2936 4898 per
2957 4831 3314 4888 honestatem.
3343 4834 3472 4889 Nam
3493 4833 3637 4889 crede
3663 4831 3765 4888 mihi,
3784 4841 3801 4874 0

2323 4919 2514 4974 mulier
2536 4960 2552 4986 ,
2584 4920 2796 4976 etiamsi
2845 4921 3070 4977 maritus
3094 4934 3214 4980 tuus
3235 4926 3308 4980 sit
3333 4927 3522 4982 millies
3541 4925 3599 4980 ad
3634 4922 3800 4978 inferiora

2323 5025 2638 5080 propensus,
2658 5011 2772 5067 haec
2789 5013 2960 5084 magis
2980 5029 3100 5068 eum
3121 5017 3410 5084 attrahent,
3425 5019 3618 5082 lenitas,
3635 5026 3799 5068 mansuc-

2323 5101 2469 5166 tudo,
2497 5104 2842 5173 temperantia
2874 5114 2930 5159 et
2954 5107 3269 5173 moderatio,
3288 5123 3318 5163 a
3349 5109 3483 5164 fastu
3503 5124 3608 5166 esse
3627 5107 3796 5161 alienam.

2306 5209 2423 5247 non
2441 5208 2560 5249 esse
2576 5205 2962 5264 sumptuosam,
2981 5198 3074 5254 sed
3099 5199 3354 5255 humilem
3383 5209 3438 5257 et
3461 5195 3796 5256 dimissamﬁaln

2317 5286 2416 5341 ctsi
2437 5286 2584 5343 mille
2603 5287 2726 5342 talia
2749 5291 3038 5360 exeogites,
3061 5291 3386 5361 impudicum
3407 5303 3462 5350 et
3477 5293 3793 5350 incontinenter:

2316 5393 2420 5433 non
2451 5379 2780 5435 continebis:
2806 5380 2908 5436 hoc
2931 5382 3106 5438 sciunt
3125 5399 3244 5454 qua:
3267 5386 3397 5441 tales
3424 5382 3793 5440 habentmaritos:

2312 5486 2434 5526 nam
2476 5472 2975 5544 quomodocumque
3021 5486 3072 5532 te
3101 5493 3355 5545 exornes,
3380 5479 3488 5544 ille,
3519 5487 3567 5533 ut
3587 5475 3662 5547 qui
3681 5475 3727 5526 sit
3745 5472 3795 5522 in-

2309 5563 2611 5632 continens,
2639 5564 2751 5621 abit
2777 5566 2844 5621 ad
2873 5567 3034 5623 aliam
3065 5589 3078 5624 :
3102 5583 3227 5624 eum
3266 5578 3439 5625 autem
3465 5570 3545 5641 qui
3563 5580 3633 5623 est
3657 5576 3792 5630 tempe-

2309 5670 2434 5714 rans
2461 5666 2516 5713 et
2545 5656 2768 5728 pudicus
2787 5701 2801 5730 ,
2829 5675 2934 5718 non
2968 5659 3051 5716 bis
3077 5661 3258 5732 capies
3275 5704 3292 5731 ,
3320 5663 3411 5719 sed
3458 5658 3718 5720 centuriis;
3739 5655 3790 5706 ⁵³⁸
