3968 6544
141 355 219 411 QUI

145 471 282 521 etiam
302 480 360 522 es
376 467 425 522 ei
446 467 696 535 molesta,
711 478 767 525 ut
788 485 906 543 qua:
930 474 980 528 ei
1001 472 1071 528 de
1090 482 1141 529 te
1158 473 1295 531 hanc
1313 492 1566 548 suggeras
1588 483 1711 553 opi-

134 560 354 655 â€˜nionem,
365 559 506 623 quod
526 562 757 617 tenearis
773 577 959 619 amore
974 576 1411 624 ornamentorum
1430 580 1485 626 et
1496 573 1706 634 mundi.

142 654 335 711 Etiamsi
352 654 495 709 enim
515 653 784 710 reveritus
799 655 1041 722 maritus,
1058 664 1110 709 ut
1124 655 1214 725 qui
1228 658 1293 709 sit
1310 656 1581 710 modestus
1596 671 1698 709 nun

136 748 273 812 dicit,
286 745 431 801 intus
444 753 624 801 tamen
642 744 787 817 apud
809 760 870 801 se
892 755 944 801 te
960 745 1318 812 condemnat;
1342 746 1596 800 Invidiam
1616 761 1703 800 au-

137 839 705 909 temnoncomprimet.
720 840 911 894 Annon
936 840 1045 910 jam
1064 854 1279 896 omnem
1302 841 1541 912 expelles
1562 841 1704 895 Vulti-

136 941 332 1001 ptatern,
356 938 417 985 ut
445 946 566 1002 qua:
592 930 851 987 adversus
904 932 1131 1003 teipsmn
1164 934 1366 988 excites
1406 930 1702 987 invidiam?

189 1024 234 1077 7.
254 1022 423 1094 Egre
444 1023 673 1079 fortasse
693 1024 889 1078 auditis
906 1039 1028 1095 qua:
1047 1024 1317 1091 dicuntur,
1339 1034 1392 1079 et
1417 1039 1700 1080 succense-

136 1117 186 1168 tis
200 1115 443 1169 dicentes
471 1132 486 1168 :
521 1114 630 1170 Iste
656 1116 879 1169 maritos
911 1114 1081 1186 magis
1102 1116 1545 1171 irritatadversus
1569 1132 1704 1170 uxo.

134 1223 219 1263 res.
248 1207 374 1262 Haec
400 1206 526 1261 dico
557 1222 664 1262 non
690 1208 905 1262 irritans
932 1211 1175 1275 maritos,
1205 1208 1298 1264 sed
1335 1210 1457 1265 volo
1486 1225 1514 1263 a
1552 1210 1704 1265 vobis

133 1301 420 1357 labentibus
448 1299 568 1355 bare
596 1302 861 1373 praestari,
884 1313 1104 1372 propter
1128 1318 1245 1370 vos,
1272 1318 1375 1358 non
1409 1305 1704 1374 propteril-

132 1393 227 1446 los:
249 1407 355 1445 non
386 1402 444 1445 ut
464 1392 585 1447 illos
603 1391 825 1449 liberem
848 1392 915 1445 ab
933 1392 1150 1459 invidia,
1175 1393 1267 1449 sed
1295 1404 1351 1449 ut
1372 1410 1465 1448 vos
1482 1395 1707 1451 liberem

130 1484 442 1554 apbantasia
465 1498 649 1539 rerum
679 1483 839 1554 hujus
860 1484 1003 1539 vita).
1025 1483 1118 1540 Vis
1140 1485 1307 1542 videri
1330 1487 1585 1556 pulchra?
1607 1504 1710 1557 ego

130 1588 327 1644 quoque
351 1573 459 1628 hoc
481 1573 629 1640 volo,
659 1574 753 1629 sed
781 1574 1174 1645 pulchritudine
1199 1592 1357 1647 qnam
1388 1577 1527 1632 Deus
1557 1594 1709 1648 quae-

130 1670 203 1729 rit.
218 1682 380 1737 quam
404 1667 521 1722 Rex
544 1668 893 1739 concupiscit.
913 1668 1207 1738 Quemnam
1231 1671 1311 1724 vis
1338 1669 1532 1727 habere
1557 1687 1673 1727 ama
1689 1700 1710 1712 -

131 1773 282 1815 torem
306 1803 321 1827 ,
351 1760 523 1814 Deum
553 1775 623 1815 an
651 1758 939 1815 homines?
964 1759 1021 1816 Si
1065 1761 1140 1816 sis
1171 1762 1242 1816 ita
1277 1761 1517 1832 pulchra,
1564 1763 1709 1820 Deus

133 1864 257 1909 tuam
304 1853 660 1923 concupiscet
707 1852 1159 1921 pulchritudinem
1213 1870 1229 1907 :
1273 1856 1354 1909 sin
1402 1868 1578 1912 autem
1609 1857 1711 1914 hoc

132 1949 314 2015 alisque
363 1945 462 1998 illo
481 1985 494 2010 ,
531 1943 623 1999 ille
648 1943 868 2015 quidem
892 1954 942 2000 te
969 1945 1318 2012 abhorrebit,
1347 1958 1505 2002 erunt
1531 1958 1707 2003 autem

134 2041 190 2093 tui
210 2047 487 2091 amatores
518 2036 617 2091 viri
643 2036 857 2091 scelesti
890 2053 904 2091 :
928 2037 1104 2092 nullus
1128 2038 1271 2093 enim
1295 2050 1375 2093 est
1404 2038 1594 2107 bonus,
1620 2040 1708 2111 qui

134 2140 253 2186 amet
282 2129 568 2184 mulierem
591 2129 834 2199 junctam
860 2131 1220 2185 matrimonio.
1266 2130 1379 2187 lloc
1412 2134 1572 2188 etiam
1614 2151 1709 2190 co-

134 2226 217 2293 gita
257 2222 312 2275 in
357 2220 565 2276 mundo
605 2228 855 2275 externo.
900 2220 1031 2275 Nam
1064 2220 1153 2276 ille
1191 2222 1407 2291 quidem
1439 2223 1708 2293 mundus,

136 2314 365 2379 mundus,
400 2312 646 2383 inquam,
674 2312 889 2378 animm,
924 2312 1092 2367 Deum
1126 2312 1382 2379 attrahit;
1420 2314 1505 2369 hic
1533 2328 1711 2370 autem

134 2418 297 2463 contra
341 2406 492 2461 viros
554 2405 870 2461 sceleratos.
917 2405 1083 2461 Vides
1125 2407 1266 2477 quod
1314 2408 1479 2462 vestri
1529 2424 1709 2465 curam

137 2516 259 2570 gero,
290 2497 445 2570 quod
470 2497 542 2554 de
562 2497 716 2553 vobis
744 2512 859 2553 sum
889 2498 1184 2567 sollicitus,
1216 2510 1274 2554 ut
1300 2500 1418 2557 sitis
1440 2502 1699 2573 pulchrm,

138 2611 240 2651 vere
269 2595 518 2663 pulchra:
540 2601 596 2648 et
620 2594 868 2663 gloriosae
900 2611 916 2650 :
945 2602 1005 2649 ut
1034 2610 1131 2664 pro
1157 2594 1286 2649 viris
1307 2594 1582 2650 sceleratis
1615 2596 1711 2649 ha-

143 2691 286 2745 beatis
336 2696 638 2743 amatorem
695 2687 865 2741 Deum
923 2687 1162 2740 omnium
1218 2684 1542 2738 Dominum?
1582 2683 1713 2749 Quae

141 2794 292 2838 autem
318 2782 475 2836 illum
506 2779 671 2836 habet
698 2787 991 2833 amatorem
1013 2820 1028 2841 ,
1063 2777 1149 2832 cui
1179 2777 1281 2832 erit
1309 2775 1534 2830 similis?
1579 2774 1712 2829 eho-

142 2889 209 2928 ms
232 2875 402 2928 ducet
435 2860 557 2925 cum
579 2869 810 2941 angelis.
856 2868 988 2923 Nam
1037 2869 1080 2923 si
1123 2883 1241 2939 qure
1270 2882 1298 2920 a
1334 2882 1458 2936 rege
1483 2875 1710 2934 amatur,

139 2981 273 3034 supra
306 2978 506 3019 omnes
529 2963 685 3018 beata
717 2962 966 3017 ducitur:
996 2976 1117 3031 qua:
1147 2976 1176 3014 a
1208 2961 1318 3014 Deo
1345 2959 1510 3013 multo
1529 2973 1712 3014 amore

137 3059 377 3128 diligitur,
413 3064 613 3127 quanta
645 3056 749 3111 erit
775 3056 891 3124 ejus
919 3053 1196 3123 dignitas?
1242 3051 1465 3106 Etiamsi
1511 3051 1711 3106 dixeris

134 3148 298 3202 orbem
347 3157 557 3213 terrm,
606 3145 741 3201 nihil
773 3147 877 3200 erit
904 3144 1119 3215 dignum
1163 3143 1251 3197 illa
1298 3142 1709 3214 pulchritudine.

137 3240 261 3294 lianc
290 3253 427 3309 ergo
454 3238 698 3293 colamus
729 3236 1195 3307 pulchritudinem,
1220 3234 1322 3289 hoc
1340 3237 1536 3288 mundo
1557 3248 1713 3288 orne-

134 3346 247 3392 mur,
275 3338 339 3384 ut
366 3328 439 3384 ad
469 3328 637 3384 caelos
666 3327 1055 3398 perveniamus,
1084 3326 1136 3379 in
1158 3324 1431 3379 cuenacula
1462 3323 1711 3394 spiritua-

132 3423 204 3487 lia,
224 3424 276 3475 in
299 3419 604 3474 thalamum
633 3420 815 3488 sponsi
838 3418 888 3471 in
908 3431 1061 3488 quem
1082 3415 1256 3469 nullus
1272 3413 1415 3468 cadit
1439 3414 1706 3468 interitus.

134 3510 239 3567 ham
262 3514 386 3567 lure
410 3511 630 3583 quidem
657 3509 998 3579 pulchritudo
1015 3508 1081 3562 ab
1098 3508 1346 3563 omnibus
1361 3506 1521 3561 rebus
1536 3521 1706 3575 expu-

132 3617 323 3672 gnatur,
343 3614 402 3659 et
428 3601 650 3673 quando
682 3600 843 3656 etiam
867 3598 1094 3671 pulchre
1121 3597 1412 3665 manserit,
1442 3606 1491 3652 et
1537 3611 1707 3666 neque

135 3699 328 3753 morbus
348 3711 531 3765 neque
560 3693 861 3749 sollicitudo
877 3706 995 3748 eam
1016 3692 1309 3755 vexaverit,
1327 3688 1466 3760 quod
1494 3689 1705 3759 quidem

138 3791 221 3843 fieri
250 3805 359 3844 non
396 3796 601 3858 potest,
627 3800 731 3840 non
756 3791 1216 3854 permanetanuos
1244 3780 1425 3851 viginti
1449 3798 1462 3834 :
1496 3780 1586 3835 illa
1612 3795 1709 3834 an-

136 3894 214 3935 teut
231 3897 457 3952 semper
475 3880 654 3946 ï¬‚oret,
679 3877 1071 3948 semperviget:
1093 3890 1196 3929 non
1217 3882 1299 3930 est
1320 3874 1425 3929 illic
1446 3871 1584 3945 quod
1604 3888 1709 3929 me-

132 3986 225 4029 luas
246 3976 637 4039 mutationem,
661 3987 765 4026 non
790 3973 998 4025 irruens
1014 3979 1260 4025 senectus
1277 3967 1477 4022 inducit
1497 3982 1702 4036 rugam,

133 4086 216 4122 nun
242 4072 508 4139 ingruens
535 4068 757 4121 morbus
788 4060 1062 4119 ï¬‚accidam
1086 4061 1270 4126 efllcit,
1298 4077 1402 4114 non
1426 4076 1490 4115 ex
1513 4060 1704 4113 animae

130 4161 427 4227 a-gritudinc
458 4155 702 4228 profecta
733 4170 858 4209 cura
888 4168 1005 4209 eam
1038 4154 1364 4221 corrumpit;
1391 4152 1483 4205 sed
1510 4160 1592 4205 est
1622 4149 1704 4205 his

131 4252 355 4304 matribus
388 4246 669 4317 superior.
702 4245 828 4300 Î ÎµÎ¹Î¹Î¿
862 4254 1038 4298 autem
1069 4243 1372 4313 priusquam
1401 4241 1705 4311 apparuerit

129 4344 307 4398 recedit
331 4360 347 4407 ;
375 4350 439 4396 et
466 4355 587 4394 cum
618 4338 946 4407 apparuerit,
980 4351 1084 4390 non
1119 4336 1313 4388 mullos
1342 4332 1501 4387 habet
1528 4332 1701 4386 admi-

130 4443 334 4488 ratores.
368 4430 512 4488 Nam
546 4430 638 4498 qui
672 4436 801 4483 sunt
831 4426 1059 4481 modesti
1080 4435 1135 4481 et
1166 4434 1545 4495 temperantes,
1594 4439 1701 4478 non

129 4523 481 4586 admirantur;
506 4520 598 4589 qui
624 4528 804 4573 autem
829 4517 1183 4583 admirantur,
1210 4531 1330 4571 cum
1362 4515 1582 4569 libidine
1603 4514 1701 4568 ad-

132 4619 389 4672 mirantur.
428 4614 508 4671 Ne
541 4615 679 4669 hanc
704 4627 835 4683 ergo
858 4613 1117 4674 colamus,
1150 4609 1242 4665 sed
1273 4608 1417 4663 illam
1457 4624 1470 4661 :
1500 4607 1574 4661 illi
1600 4607 1699 4661 ad.

134 4708 417 4764 timeamus
442 4748 457 4772 ,
502 4716 565 4760 ut
606 4721 727 4760 cum
774 4704 1049 4773 praeclaris
1074 4702 1404 4772 lampadibus
1435 4701 1485 4753 in
1518 4699 1700 4770 sponsi

134 4800 404 4854 thrilamum
436 4800 736 4854 veniamus.
776 4793 889 4849 Non
916 4796 1058 4849 enim
1086 4793 1379 4864 virginibus
1415 4792 1586 4846 solum
1618 4800 1700 4846 est

135 4889 215 4943 hic
264 4890 597 4961 promissum
618 4929 634 4953 ,
683 4886 778 4941 sed
808 4884 1089 4939 animabus
1117 4902 1233 4954 qua:
1269 4893 1393 4938 sunt
1420 4883 1651 4954 virgines
1682 4903 1695 4939 :

134 4997 230 5034 nam
254 4985 297 5037 si
321 4983 431 5037 hoc
460 4992 605 5037 esset
631 4980 898 5049 virginum
925 4988 1149 5043 tantum,
1177 4978 1410 5047 quinque
1435 4991 1540 5030 non
1567 4975 1698 5031 fIIiS?

136 5083 232 5125 scut
254 5075 511 5129 exclusae.
556 5071 669 5128 Hoc
698 5086 826 5141 ergo
853 5079 935 5126 est
960 5070 1196 5125 omnium
1225 5084 1344 5139 quae
1370 5076 1495 5124 sunt
1521 5069 1697 5124 anima

134 5163 365 5235 virgines,
399 5180 520 5239 qua:
550 5173 675 5221 sunt
706 5164 943 5220 liberata:
970 5161 1038 5218 ab
1066 5160 1226 5231 hujus
1252 5160 1373 5216 vita:
1417 5158 1697 5235 cogitatio-

849 362 916 421 Î™Î
952 363 1171 423 EPIST.
1204 368 1293 424 AD
1328 368 1685 431 HEBRIEOS.
1727 376 1879 434 CAP.
1912 379 2028 436 Xll.
2069 382 2300 440 IlOMlL.
2336 384 2566 445 Ï‡Î¹Î½Î¹Î¹Î¹.
2628 416 2635 421 ~

1801 489 1994 545 nibus:
2026 503 2375 563 corrumpunt
2397 495 2542 550 enim
2568 496 2773 552 animas
2807 496 2888 551 lue
2913 498 3279 568 cogitationes.
3317 501 3372 555 Si

1794 597 1931 653 ergo
1943 598 2254 640 maneamus
2276 586 2470 657 integri
2488 596 2543 643 et
2567 586 2783 654 sinceri,
2807 588 2930 644 illuc
2948 589 3160 658 ibimus,
3189 600 3241 645 ct
3269 591 3373 648 illic

1791 676 2137 746 excipiemur.

1870 761 2142 834 Virgiuilas
2183 780 2297 817 vera
2332 754 2461 834 quae.
2483 792 2556 805 --
2578 760 2837 833 Despondi
2863 756 2993 816 enim
3021 778 3138 826 vos,
3170 764 3358 832 inquit,

1789 856 1877 909 uni
1905 856 2029 922 viro,
2059 857 2303 927 virginem
2332 840 2520 907 castam
2550 854 2780 909 exhibere
2809 852 3007 909 Christo
3034 853 3108 925 (2.
3132 854 3251 909 Cor.
3272 856 3361 908 Î—.

1788 946 1867 1016 2).
1917 946 2041 1001 [hoc
2066 961 2170 1000 non
2200 946 2413 1001 dicebat
2445 944 2761 1014 virginibus,
2792 944 2885 998 sed
2912 945 3073 999 ÎµÏ‰á¿‘Ï…á½·
3103 945 3362 999 universae

1774 1038 2048 1093 Ecclesiae.
2102 1037 2235 1093 Nam
2286 1038 2436 1109 cujus
2476 1046 2558 1091 est
2602 1038 2776 1089 anima
2808 1036 3137 1106 incorrupta,
3182 1052 3243 1092 ea
3283 1047 3364 1091 est

1788 1132 1959 1201 virgo,
1986 1131 2084 1185 etsi
2112 1130 2272 1184 habet
2317 1129 2596 1193 maritum;
2630 1128 2800 1198 virgo,
2825 1127 3061 1197 inquam,
3091 1143 3211 1182 cum
3241 1144 3363 1185 vera

1791 1220 2501 1292 virginitate,etadmiranda
2524 1237 2537 1274 :
2560 1216 2681 1274 nam
2704 1220 3179 1288 corpmisquidem
3208 1221 3367 1290 virgi-

1790 1311 1927 1366 nitas
1948 1314 2030 1367 est
2056 1312 2196 1366 illius
2214 1326 2396 1365 comes
2420 1320 2475 1365 et
2501 1312 2685 1364 umbra
2708 1325 2722 1375 ;
2748 1306 2874 1363 vera
2892 1319 3069 1363 autem
3093 1310 3368 1379 virginitas

1787 1404 1868 1457 est
1888 1402 1997 1457 illa.
2018 1402 2164 1456 llanc
2184 1401 2443 1465 colamus,
2474 1409 2528 1455 et
2556 1401 2623 1454 ita
2651 1400 2940 1471 poterimus
2972 1400 3093 1453 laeto
3114 1400 3261 1454 vultu
3284 1401 3366 1455 vi-

1787 1493 1917 1547 dere
1941 1507 2217 1563 sponsum,
2238 1502 2291 1546 ct
2318 1507 2437 1547 cum
2467 1491 2867 1561 splendentibus
2896 1490 3098 1561 ingredi
3119 1492 3368 1561 lampadi-

1786 1584 1965 1647 hus,si
1995 1583 2173 1637 oleum
2198 1584 2351 1637 nobis
2381 1598 2485 1637 non
2513 1582 2745 1648 deï¬ciat,
2770 1583 2812 1636 si
2835 1582 3010 1637 aureis
3039 1582 3366 1638 ornamentis

1787 1672 1917 1730 fosis
1938 1684 1991 1729 et
2019 1674 2265 1729 conflatis
2286 1671 2546 1743 ejusmodi
2577 1672 2752 1727 oleam
2789 1672 3198 1738 confecerimus,
3224 1674 3365 1742 quod

1786 1764 2129 1835 splendentes
2160 1763 2332 1819 reddit
2362 1761 2634 1832 lampades
2665 1762 2831 1816 :illud
2870 1774 3045 1816 autent
3079 1762 3253 1817 oleum
3284 1774 3367 1816 est

1786 1858 1977 1911 caritas
2019 1856 2073 1909 in
2118 1855 2381 1909 homines.
2431 1853 2487 1908 Si
2535 1854 2654 1907 aliis
2699 1862 2908 1908 nostras
2952 1853 3366 1923 impertierimus

1786 1945 2089 2011 facultates,
2113 1945 2158 1999 si
2200 1945 2375 1998 oleum
2404 1957 2495 1999 eas
2525 1942 2810 1999 fecerimus
2830 1986 2846 2011 ,
2891 1951 3018 1998 tunc
3055 1959 3152 1998 nos
3186 1953 3365 2014 proteâ€”

1785 2031 1874 2108 get
1919 2047 1975 2094 et
2015 2037 2295 2103 defendet,
2352 2046 2407 2093 et
2444 2051 2550 2092 non
2581 2036 2822 2093 dicemus
2856 2037 2911 2092 in
2958 2038 3051 2093 illo
3077 2046 3315 2109 tempore
3349 2056 3375 2095 :,

1784 2124 1919 2183 Date
1966 2129 2108 2183 nobis
2154 2129 2355 2195 oleum,
2407 2128 2648 2199 quoniam
2679 2128 2938 2199 lampades
2970 2138 3156 2182 nostra
3180 2130 3374 2182 cratim

1786 2233 2009 2293 guuntur
2039 2222 2253 2292 (Matth.
2283 2220 2373 2276 25.
2407 2219 2485 2293 8),
2516 2236 2690 2290 neque
2719 2221 2841 2276 aliis
2865 2220 3160 2291 egebimus,
3193 2237 3366 2291 neque

1784 2324 1974 2370 euntes
2003 2312 2069 2367 ad
2104 2327 2200 2368 eos
2225 2312 2315 2383 qui
2341 2312 2617 2378 vendunt,
2651 2311 2999 2368 excludcmur
3021 2354 3036 2380 ,
3065 2329 3239 2384 neque
3266 2332 3365 2367 au-

1784 2404 1993 2460 diemus
2016 2418 2201 2459 vocem
2233 2404 2373 2457 illam
2403 2402 2697 2458 terribilem
2746 2412 2800 2458 et
2844 2402 3163 2458 horrendam
3185 2446 3197 2468 ,
3246 2406 3363 2475 pul-

1784 2506 1964 2553 santes
1991 2497 2206 2561 ostium,
2232 2496 2420 2551 Nescio
2450 2512 2533 2550 vos
2550 2513 2569 2562 ;
2595 2495 2688 2551 sed
2720 2510 2819 2551 nos
2847 2505 3133 2567 agnoscet,
3167 2508 3218 2553 et
3244 2515 3363 2555 cum

1784 2602 1982 2657 sponso
2014 2586 2366 2654 intrabimus,
2399 2594 2453 2642 et
2480 2587 2530 2640 in
2557 2587 2887 2656 spiritualem
2927 2588 3108 2657 sponsi
3138 2591 3364 2658 ingressi

1784 2680 2071 2735 thalamum
2098 2678 2376 2744 ,fruemur
2402 2679 2558 2735 bonis
2581 2680 3079 2735 innumerabilibus.
3125 2681 3179 2738 Si
3221 2687 3363 2741 enim

1784 2772 1869 2827 hic
1893 2773 2026 2828 adeo
2051 2773 2266 2842 elegans
2293 2781 2377 2827 est
2396 2774 2576 2843 sponsi
2600 2772 2884 2839 thalamus,
2917 2773 3053 2829 adeo
3080 2776 3359 2845 splendida

1784 2866 2078 2933 cenacula,
2106 2874 2167 2919 ut
2196 2880 2353 2920 nemo
2374 2866 2659 2920 attendens
2684 2867 2910 2919 satietur
2929 2908 2944 2933 ,
2968 2878 3165 2936 quanto
3196 2874 3367 2941 magis

1785 2960 1926 3015 illic?
1954 2959 2243 3015 Thalamus
2271 2968 2353 3014 est
2396 2959 2585 3014 caelum
2604 3000 2620 3025 ,
2658 2968 2712 3013 et
2736 2960 2918 3029 sponsi
2944 2960 3206 3016 thalamus
3233 2964 3363 3018 caelo

1784 3049 1975 3105 melior
2004 3067 2018 3104 :
2046 3050 2171 3105 illuc
2198 3048 2581 3119 ingrediemur.
2610 3048 2663 3104 Si
2685 3059 2861 3103 autem
2890 3051 3072 3120 sponsi
3103 3052 3364 3108 thalamus

1784 3152 1865 3221 est
1892 3142 2027 3196 adeo
2056 3140 2293 3210 pulcher,
2325 3141 2445 3210 quis
2480 3141 2583 3195 erit
2636 3154 2767 3209 ergo
2807 3140 2922 3209 ipse
2970 3144 3246 3212 sponsus?
3298 3143 3363 3199 Et

1785 3218 1911 3305 quid
1938 3234 2058 3288 dico
2098 3240 2156 3286 ut
2185 3232 2445 3301 depositis
2488 3232 2665 3286 aureis
2693 3232 3044 3297 ornamentis,
3072 3249 3132 3289 ea
3162 3236 3362 3305 imper-

1787 3327 1978 3380 tiamus
2024 3322 2337 3393 egentibus?
2374 3338 2499 3377 nam
2549 3322 2594 3376 si
2638 3331 2911 3392 oporteret
2955 3325 3035 3379 vel
3076 3340 3172 3381 vos
3220 3328 3363 3397 ipsas

1786 3416 2116 3472 venumdarc
2136 3457 2151 3480 ,
2203 3415 2247 3470 si
2284 3430 2380 3484 pro
2415 3415 2597 3470 liberis
2622 3415 2736 3470 ï¬eri
2764 3415 3019 3484 ancillas,
3049 3427 3109 3473 ut
3132 3422 3362 3490 possetis

1785 3522 1905 3563 cum
1950 3507 2040 3560 illo
2076 3520 2195 3561 esse
2228 3520 2448 3575 sponso,
2488 3505 2575 3561 illa
2602 3504 2703 3561 frui
2732 3506 3129 3578 pulchritudine
3151 3553 3165 3577 ,
3195 3522 3249 3566 et
3275 3530 3363 3567 so-

1805 3612 1892 3650 um
1926 3597 2073 3652 illum
2102 3598 2300 3653 vultum
2330 3598 2523 3654 intueri
2554 3618 2567 3655 :
2599 3616 2776 3655 annon
2808 3608 3081 3672 oporteret
3110 3615 3230 3655 cum
3260 3616 3368 3655 om-
3393 3647 3397 3650 .

1784 3689 1839 3745 ni
1880 3690 2158 3747 alacritate
2184 3692 2351 3748 animi
2380 3692 2563 3748 omnia
2589 3694 2905 3764 suscipere?
2932 3693 3132 3765 Regem
3164 3696 3252 3765 qui
3287 3706 3369 3749 est

1785 3781 1837 3835 in
1868 3790 2009 3836 terra
2031 3790 2090 3837 ut
2115 3781 2414 3852 videamus,
2438 3800 2581 3855 smpe
2605 3801 2725 3857 qua:
2751 3794 2876 3840 sunt
2897 3786 2948 3840 in
2978 3785 3225 3841 manibus
3267 3787 3369 3841 etsi

1786 3875 2111 3942 neCcssaria,
2125 3875 2423 3946 abjicimus.
2444 3876 2668 3945 Quando
2688 3886 2864 3933 autem
2890 3877 3082 3933 videris
3098 3888 3152 3932 et
3170 3877 3369 3947 Regem

1782 3974 1836 4019 et
1858 3980 2135 4035 Sponsum,
2153 3967 2320 4022 multo
2343 3968 2509 4040 magis
2527 3968 2580 4024 id
2599 3969 2759 4024 alacri
2782 3970 2960 4024 animo
2981 3978 3256 4040 Oporteret
3278 3986 3371 4022 su-

1784 4059 2009 4128 scipere.
2050 4059 2257 4115 Revera
2294 4060 2409 4117 haze
2434 4062 2648 4133 quidem
2677 4072 2804 4118 sunt
2832 4063 3042 4127 umbra,
3074 4062 3159 4117 illa
3192 4072 3369 4117 autem

1786 4149 2003 4204 veritas.
2025 4148 2095 4206 Ut
2124 4168 2300 4222 regem
2328 4164 2507 4209 autem
2533 4162 2588 4209 et
2613 4170 2866 4224 sponsum
2896 4153 2950 4210 in
2981 4154 3127 4208 caelis
3153 4170 3255 4209 non
3285 4171 3372 4210 so-

1784 4242 1895 4299 lum
1924 4244 2110 4301 videre
2135 4245 2391 4315 digneris,
2417 4246 2509 4303 sed
2537 4248 2696 4303 etiam
2726 4248 2999 4319 prazcedas
3016 4264 3139 4303 cum
3170 4250 3372 4318 lampa-

1784 4336 1963 4403 dibus,
1999 4351 2050 4393 et
2080 4340 2152 4393 sis
2186 4354 2350 4406 prope
2381 4340 2574 4407 ipsum,
2604 4351 2659 4396 et
2685 4352 2942 4410 perpetuo
2970 4342 3043 4397 sis
3069 4358 3187 4397 cum
3218 4344 3377 4413 ipso,

1789 4423 1914 4495 quid
1938 4441 2044 4480 non
2070 4432 2341 4495 oporteret
2372 4425 2549 4483 facere
2572 4469 2586 4493 ,
2617 4427 2743 4499 quid
2772 4445 2878 4484 non
2902 4446 3084 4502 agere,
3110 4433 3233 4502 quid
3270 4450 3376 4488 non

1797 4516 2071 4572 tolerare?
2091 4516 2215 4572 ideo
2236 4533 2366 4589 rogo
2386 4532 2481 4573 vos
2507 4521 2779 4592 capiamus
2806 4521 3019 4592 aliquod
3046 4524 3257 4579 illorum
3290 4526 3383 4579 bo-

1794 4625 1984 4665 norum
2007 4610 2350 4677 desiderium,
2365 4611 2732 4669 desideremus
2751 4615 2898 4670 illum
2920 4631 3196 4685 Sponsum,
3212 4618 3381 4673 simus

1794 4717 1917 4756 vera
1963 4700 2269 4773 virginitate
2298 4703 2568 4775 virgines:
2600 4705 2793 4759 anima:
2833 4705 2975 4760 enim
3024 4708 3380 4776 virginitatem

1793 4793 2018 4865 requirit
2067 4795 2345 4852 Dominus.
2372 4795 2505 4852 Cum
2532 4810 2595 4852 ea
2626 4796 2679 4851 in
2727 4798 2920 4852 cadum
2969 4796 3250 4865 intrenms,
3281 4814 3382 4855 nec

1795 4885 2088 4941 habeamus
2107 4888 2474 4949 maculamaut
2492 4903 2699 4958 rugam,
2718 4897 2807 4941 aut
2826 4887 3025 4958 aliquid
3045 4888 3344 4960 lmjusmodi
3365 4908 3378 4944 :

1794 4987 1851 5031 ut
1902 4993 2254 5050 assequamur
2307 4980 2447 5036 bona
2501 4980 2810 5051 promissa:
2854 4997 2972 5053 qua:
3022 4981 3178 5039 detur
3222 4984 3376 5040 nobis

1792 5071 2058 5143 consequi
2077 5072 2245 5144 gratia
2278 5071 2699 5143 etbenignitate.
3188 5072 3197 5077 â€™

3268 366 3406 450 eos

3438 330 3467 359 ÏÎ¿
