3926 6406
601 314 707 371 2ῡῦ

1306 316 1364 371 S.
1405 316 1677 377 JOANNIS
1710 316 2195 377 CHRYSOSTOMI
2228 314 2542 373 ARGHIEP.
2581 313 3116 373 CONSTANTINOP.
3716 326 3787 384 ιω

609 457 3785 504 ww

1959 534 2303 598 HOMILIA
2346 535 2593 598 XXIX.

606 657 732 713 ευ».
778 657 863 711 19..
907 672 958 709 v.
996 657 1052 712 4.
1097 654 1347 709 Nondum
1388 673 1544 727 usque
1583 657 1654 711 ad
1678 657 1977 728 sanguinem
2013 657 2200 712 restiti-

2296 650 2442 720 milti,
2464 651 2659 725 Suﬁicit
2676 653 2764 707 tibi
2778 654 2943 726 gratia
2969 671 3080 710 mea
3097 671 3116 710 :
3130 672 3250 710 nam
3277 657 3427 713 virtus
3442 675 3545 713 mea
3558 661 3604 714 in
3620 662 3782 732 inﬁmi.

673 752 763 806 stis
791 751 1029 804 adversm
1056 761 1318 821 peccatum
1348 761 1688 825 repugnantes
1710 767 1730 805 :
1754 750 1807 805 5.
1838 763 1886 805 et
1903 751 2047 804 obliti
2078 752 2198 809 estis
2292 752 2395 799 tale
2409 744 2668 814 perﬁcitur
2687 745 2765 814 (2.
2781 744 3054 803 Coi-.123.
3075 746 3152 817 9).
3170 746 3261 802 Ille
3275 762 3402 819 ergo
3419 751 3652 806 concedit.
3670 755 3785 822 Qu.

674 843 1054 906 consolationis,
1085 858 1199 911 qua:
1227 842 1367 896 vobis
1394 850 1653 913 tamquam
1680 842 1804 914 ﬁliis
1835 842 2080 914 loquitur,
2110 842 2193 896 di-

674 950 832 989 cens:
862 932 968 987 Fili
999 935 1072 987 nti
1089 975 1104 997 ,
1150 934 1255 991 noli
1283 932 1537 1006 negligere
1574 934 1902 1002 disciplinam
1951 932 2193 999 Domini,

673 1043 834 1094 neque
856 1025 1086 1097 fatigeris
1116 1025 1243 1079 dum
1264 1025 1327 1078 ab
1355 1041 1414 1079 eo
1444 1025 1737 1095 corriperis.
1774 1026 1830 1085 6.
1875 1026 2035 1090 Quem
2059 1024 2194 1078 enim

674 1120 838 1192 diligit
869 1117 1145 1183 Dominus,
1164 1118 1382 1189 castigat
1410 1132 1429 1171 :
1448 1117 1677 1189 ﬂagellat
1701 1127 1870 1169 autem
1898 1132 2098 1170 onmem
2124 1116 2194 1184 ﬁ-

675 1215 799 1267 lium
829 1228 977 1281 quem
1006 1212 1203 1284 recipit.
1228 1210 1282 1263 7.
1315 1210 1374 1264 Si
1403 1209 1661 1262 sustinetis
1698 1207 2045 1278 disciplinam,
2071 1224 2192 1278 erga

674 1322 759 1358 vos
790 1313 1047 1372 tamquam
1072 1318 1191 1372 erga
1210 1300 1346 1370 ﬁlios
1372 1300 1617 1371 aﬂicietur
1640 1297 1797 1353 Deus.
1822 1298 1948 1365 Quis
1969 1308 2041 1353 est
2057 1300 2190 1354 enim

674 1399 813 1466 [ilius
841 1412 987 1465 quem
1014 1411 1113 1457 non
1143 1394 1350 1465 corripit
1376 1392 1558 1463 pater?

674 1491 728 1545 1.
774 1489 899 1543 Dua:
926 1496 1050 1542 sunt
1079 1484 1290 1557 species
1316 1482 1702 1539 consolationis
1723 1523 1737 1547 ,
1784 1498 1905 1554 qua:
1942 1481 2191 1538 videntur

602 1598 724 1639 esse
750 1582 889 1636 inter
915 1595 978 1635 se
996 1578 1282 1638 contrariae
1303 1619 1320 1644 ,
1367 1591 1612 1647 magnam
1638 1584 1819 1630 autem
1846 1590 2032 1632 secum
2078 1576 2188 1631 vim

602 1672 831 1729 afferunt
863 1687 879 1726 :
909 1685 1043 1741 quas
1072 1669 1159 1725 hic
1188 1669 1364 1739 posuit
1393 1668 1600 1723 ambas.
1642 1666 1760 1725 Una
1802 1667 2020 1739 quidem
2070 1677 2185 1735 est,

599 1764 813 1836 quando
850 1762 1080 1819 dicimus
1125 1763 1336 1834 aliquos
1366 1761 1533 1816 multa
1561 1775 1682 1817 esse
1712 1776 1936 1832 passos:
1970 1762 2187 1832 requie-

604 1856 863 1912 sciteuim
886 1856 1118 1921 animus,
1137 1854 1349 1923 quando
1380 1852 1541 1909 habet
1570 1854 1766 1911 multos
1787 1864 1950 1913 testes
1974 1872 2191 1913 suarum

606 1947 1015 2017 perpessionum
1046 1961 1059 1997 :
1091 1959 1249 2015 quam
1281 1943 1496 2017 quidem
1525 1959 1683 2016 supra
1714 1947 1929 2016 posuit,
1958 1948 2144 2005 dicens
2177 1967 2192 2005 :

603 2036 1034 2094 Rememoramini
1053 2046 1219 2090 autem
1239 2035 1480 2105 pristinos
1498 2036 1627 2103 dies,
1645 2036 1697 2090 in
1717 2037 1898 2108 quibus
1921 2040 2194 2095 illuminati

602 2147 843 2203 magnum
867 2138 1123 2185 certamen
1143 2128 1453 2183 sustinuistis
1475 2127 2055 2200 passionunttlleerO.
2076 2131 2189 2205 52):

602 2224 772 2279 altera
800 2230 1003 2287 autem,
1032 2219 1245 2290 quando
1277 2220 1526 2289 dicimus,
1548 2220 1666 2276 Non
1693 2238 1750 2278 es
1778 2238 1968 2293 passus
1994 2224 2193 2296 aliquid

603 2330 853 2386 magnum
882 2332 897 2370 :
930 2329 1053 2373 nam
1086 2312 1189 2368 hoc
1231 2313 1375 2368 dicto
1404 2315 1772 2370 convertimur
1799 2326 1851 2371 et
1873 2318 2191 2387 excitamur,

603 2421 763 2481 atque
784 2408 850 2464 ad
880 2407 1187 2479 patiendum
1221 2407 1513 2463 alacriores
1541 2406 1825 2464 eflicimur.
1856 2408 1949 2464 Illa
1976 2410 2192 2481 quidem

604 2502 729 2556 facit
749 2511 806 2555 ut
828 2498 1024 2557 afﬂicta
1042 2509 1096 2555 et
1111 2507 1298 2554 vexata
1318 2498 1558 2573 quiescat
1577 2515 1593 2565 ;
1613 2499 1730 2555 hmc
1743 2510 1920 2556 autem
1950 2502 2193 2575 ignavam

603 2594 839 2649 animam
856 2591 1009 2649 sedat
1031 2602 1086 2647 et
1115 2600 1357 2657 recreat;
1378 2592 1582 2662 pigram
1609 2604 1664 2648 et
1693 2594 1937 2666 supinam
1960 2611 2190 2654 conver-

604 2686 669 2741 tit
689 2695 744 2741 et
769 2701 799 2739 a
823 2684 1079 2755 superbia,
1098 2682 1341 2738 retrahit.
1370 2682 1450 2741 Ne
1474 2684 1634 2754 igitur
1663 2699 1732 2743 ex
1759 2686 1850 2744 illo
1882 2688 2189 2745 testimonio

602 2781 686 2835 eis
708 2785 1018 2833 nasceretur
1043 2776 1239 2843 fastus,
1253 2774 1373 2831 vide
1394 2776 1522 2847 quid
1553 2774 1716 2833 faciat
1747 2795 1760 2831 :
1793 2776 2075 2845 Nondum,
2104 2780 2190 2835 iu-

603 2871 739 2941 quit,
767 2885 927 2938 usqne
965 2868 1033 2921 ad
1058 2868 1357 2939 sanguinem
1384 2867 1643 2922 restitistis
1669 2867 1909 2924 adversus
1935 2881 2193 2939 peccatum

602 2970 949 3032 repugnantes
974 2976 993 3014 :
1017 2969 1063 3016 et
1091 2959 1234 3019 obliti
1259 2960 1387 3015 estis
1419 2957 1801 3016 consolationis.
1857 2961 1969 3019 Nec
2012 2965 2195 3022 statim

604 3049 878 3119 subiunxit
922 3064 1042 3120 qua:
1093 3055 1408 3119 sequuntur,
1453 3046 1546 3100 sed
1575 3058 1696 3099 cum
1741 3046 1820 3098 eis
1860 3043 2181 3098 ostendisset

600 3154 791 3195 omnes
828 3138 917 3210 qui
964 3138 1029 3193 ad
1070 3138 1385 3207 sanguinem
1423 3150 1590 3209 usque
1632 3133 1956 3197 restiterant,
1992 3131 2186 3189 deinde

601 3231 986 3305 suhiuuxisset,
1016 3229 1397 3301 glorianoneni.
1415 3242 1536 3283 esse
1565 3225 1762 3281 Christi
1790 3224 2182 3295 perpessiones,

604 3337 729 3381 tunc
763 3323 920 3378 facile
950 3306 1146 3378 caetera
1172 3332 1253 3377 est
1277 3329 1646 3390 persequutus.
1698 3316 1811 3372 [loc
1850 3316 2012 3374 etiam
2054 3314 2188 3371 scri-

604 3419 735 3471 bens
760 3416 837 3473 ‘ad
868 3416 1207 3481 Corinthios,
1256 3412 1384 3468 dicit
1417 3431 1430 3467 :
1459 3411 1694 3469 Tentatio
1741 3426 1827 3465 vos
1871 3426 1973 3464 non
2006 3424 2187 3479 appre-

606 3510 824 3574 hendat,
850 3508 947 3560 nisi
973 3507 1196 3560 humana
1227 3504 1304 3575 (1.
1336 3504 1453 3559 Cor.
1483 3502 1714 3573 10.13),
1746 3500 1848 3556 hoc
1870 3510 1970 3564 est,
2006 3514 2186 3570 parva.

607 3600 718 3655 lloc
740 3600 884 3655 enim
908 3598 1106 3652 sufﬁcit
1131 3597 1200 3650 ad
1239 3594 1581 3651 excitandum
1626 3603 1683 3648 et
1719 3592 2031 3665 erigendum
2076 3592 2191 3645 ani-

606 3708 789 3759 mum,
826 3691 1040 3761 quando
1066 3687 1380 3760 cogitaverit
1402 3684 1545 3757 quod
1577 3700 1684 3739 non
1710 3684 1776 3737 ad
1811 3692 1977 3738 totum
2002 3696 2190 3736 ascen-

603 3787 709 3853 dit,
726 3794 780 3839 et
804 3784 902 3838 sibi
932 3780 1257 3853 persuaserit
1283 3794 1347 3832 ex
1377 3777 1442 3835 iis
1469 3792 1588 3848 quae
1614 3782 2022 3851 praecesserunt.
2058 3773 2190 3827 Dicit

605 3893 733 3933 vero
761 3895 774 3930 :
800 3876 1043 3930 Nondum
1089 3881 1316 3927 mortem
1368 3868 1510 3940 passi
1540 3867 1673 3923 estis
1699 3889 1712 3924 :
1744 3880 1913 3939 usque
1938 3864 2003 3919 ad
2032 3879 2192 3936 pecu-

605 3973 720 4025 nias
748 3969 1010 4041 processit
1054 3974 1289 4020 vestrum
1328 3963 1613 4026 damnum,
1642 3976 1807 4030 usque
1844 3957 1910 4013 ad
1943 3958 2186 4030 gloriam,

604 4074 658 4117 ut
691 4077 928 4131 eousque
972 4068 1027 4113 ut
1051 4055 1459 4127 expelleremini
1487 4052 1773 4109 :Cbristus
1805 4067 1935 4106 vero
1965 4066 2062 4122 pro
2089 4066 2189 4105 no-

607 4155 687 4208 bis
709 4152 847 4207 fudit
865 4150 1199 4222 sanguinem;
1227 4163 1321 4202 vos
1341 4156 1519 4201 autem
1545 4160 1716 4215 neque
1742 4157 1840 4215 pro
1860 4141 2187 4214 vobisipsis:

610 4250 728 4314 ipse
752 4243 819 4298 ad
845 4254 1071 4296 mortem
1101 4255 1267 4310 usque
1294 4237 1586 4293 decertavit
1603 4277 1618 4301 ,
1647 4234 1846 4290 bellum
1871 4248 2065 4306 gerens
2095 4247 2192 4305 pro

615 4338 861 4403 veritate,
891 4350 985 4404 pro
1021 4333 1203 4398 vobis;
1244 4345 1339 4387 vos
1371 4337 1551 4384 autem
1582 4327 1816 4384 nondum
1848 4325 2080 4380 Venistis
2123 4324 2192 4379 ad

611 4426 853 4498 pericula
870 4434 1095 4499 mortem
1120 4422 1447 4479 minitantia.
1477 4418 1544 4475 Et
1566 4417 1707 4473 obliti
1735 4419 1852 4473 estis
1879 4416 2191 4473 consolatio-

608 4521 707 4580 nis.
741 4518 853 4573 lloc
894 4526 998 4584 est,
1044 4525 1098 4571 et
1140 4528 1331 4569 manus
1374 4511 1674 4576 remisistis,
1700 4518 1754 4563 et
1778 4508 2021 4565 dissoluti
2043 4508 2189 4562 estis.

612 4609 891 4675 Nondum,
944 4608 1147 4677 inquit,
1177 4621 1331 4677 usque
1361 4604 1429 4656 ad
1453 4603 1750 4675 sanguinem
1777 4601 2032 4655 restitistis
2054 4640 2069 4665 ,
2097 4600 2194 4653 atl-

609 4717 780 4756 versus
810 4709 1067 4770 peccatum
1100 4703 1458 4768 repugnantes.
1488 4692 1585 4748 Hic
1627 4692 1865 4747 ostendit
1911 4700 1967 4746 ct
2011 4706 2196 4762 pecea-

609 4803 723 4847 tum
769 4789 1114 4845 vehementer
1162 4788 1411 4856 spira-re,
1434 4793 1490 4840 et
1520 4784 1696 4854 ipsum
1735 4796 1855 4839 esse
1894 4791 2194 4838 armatum:

611 4882 737 4937 illud
786 4882 952 4948 enim,
994 4878 1299 4946 Restitistis,
1342 4875 1411 4931 ad
1456 4890 1553 4931 eos
1581 4876 1669 4945 qui
1698 4881 1841 4928 stant
1866 4873 2066 4928 dictum
2093 4882 2194 4928 est.

616 4978 745 5041 Qua:
772 4975 907 5027 vobis
930 4984 1182 5043 tamquam
1203 4970 1326 5039 [iliis
1354 4968 1577 5039 loquitur
1603 4967 1776 5021 dicens
1799 4981 1818 5022 :
1850 4964 1960 5019 Fili
1977 4966 2066 5032 nti,
2094 4965 2200 5019 noli

612 5068 863 5138 negligere
897 5064 1219 5135 disciplinam
1251 5060 1497 5126 Domini,
1534 5075 1692 5130 neque
1727 5058 1955 5130 [aligeris
1990 5057 2111 5112 dum
2138 5057 2199 5109 ab

614 5177 674 5214 eo
704 5157 992 5227 corriperis.
1013 5153 1449 5209 Cunsolationcm
1468 5162 1521 5208 et
1538 5150 1963 5208 exhortationem
1990 5149 2113 5205 facit
2134 5165 2201 5203 ex

616 5254 775 5309 rebus
798 5250 957 5318 ipsis:
981 5263 1045 5302 ex
1069 5245 1395 5302 abundantia
1417 5254 1597 5300 autem
1619 5243 1774 5300 affert
1800 5244 1961 5299 etiam
1988 5259 2052 5298 ex
2082 5258 2205 5297 vcr-

618 5346 723 5408 his,
752 5342 818 5395 ah
840 5340 941 5394 hoc
961 5338 1298 5393 testimonio:
1320 5334 1500 5405 Neque
1524 5338 1773 5408 fatiget-is,
1794 5334 2120 5406 inquit,dant
2141 5332 2202 5386 ab

620 5452 680 5491 eo
701 5432 991 5503 corriperis.
1014 5430 1148 5485 Sunt
1180 5444 1310 5499 ergo
1334 5427 1449 5482 haec
1482 5428 1592 5483 Dei.
1623 5427 1734 5481 Hoc
1758 5442 1970 5497 quoque
1989 5435 2073 5481 est
2098 5440 2204 5480 non

2290 837 2428 887 enim
2450 834 2616 906 diligit
2639 834 2887 891 Dominus
2903 879 2919 903 ,
2948 836 3184 908 castigat,
3220 838 3447 910 flagellat
3471 852 3624 896 autent
3643 860 3786 901 me:

2290 922 2456 992 ﬁlium
2483 940 2632 992 quem
2665 925 2863 996 recipit.
2885 924 2999 981 Non
3030 937 3183 997 potes
3205 926 3390 984 dicere
3415 931 3547 999 quod
3572 931 3630 986 sit
3649 934 3788 1006 aliquis

2286 1014 2462 1085 justus
2481 1017 2681 1086 absque
2706 1016 2995 1074 afﬂictione
3024 1038 3038 1074 :
3070 1020 3278 1074 etiamsi
3320 1022 3460 1076 enim
3485 1022 3557 1078 sic
3580 1038 3787 1094 appareat,

2289 1105 2385 1161 sed
2412 1120 2512 1161 nos
2547 1107 2816 1162 nescimus
2844 1107 2976 1163 alias
3002 1109 3340 1166 alﬁictioues.
3388 1112 3706 1179 Quamobrem
3727 1135 3788 1176 ve-

2289 1213 2443 1254 cesse
2480 1211 2564 1255 est
2610 1208 2668 1254 ut
2715 1200 2888 1272 quivis
2930 1201 3107 1271 justus
3154 1205 3333 1259 veniat
3379 1222 3473 1278 per
3497 1207 3788 1269 afﬂictioncm.

2291 1288 2387 1344 Est
2416 1290 2558 1345 enim
2587 1289 2787 1346 Christi
2826 1295 3090 1350 sententia
3108 1337 3125 1362 ,
3147 1295 3289 1363 quod
3317 1299 3396 1352 via
3424 1299 3525 1353 lata
3551 1310 3600 1356 et
3620 1304 3791 1372 spatiosa

2289 1381 2510 1437 abducit
2553 1383 2620 1438 ad
2670 1384 2967 1453 interitum,
2998 1396 3146 1443 arcta
3167 1398 3344 1445 autem
3372 1400 3427 1446 et
3443 1405 3647 1464 angusta
3671 1397 3723 1451 ad
3742 1400 3792 1453 vi-

2291 1481 2398 1528 tam
2423 1473 2637 1543 (Matth.
2658 1476 2710 1530 7.
2731 1475 2846 1547 l3).
2870 1476 2931 1534 Si
2955 1494 3084 1550 ergo
3108 1480 3234 1536 inde
3261 1481 3387 1538 licet
3403 1485 3577 1540 venire
3592 1486 3651 1541 ad
3663 1488 3795 1561 vium,

2288 1564 2506 1621 aﬁunde
2534 1580 2661 1622 vero
2687 1582 2793 1622 non
2821 1567 2943 1625 licet
2975 1588 2991 1625 :
3022 1585 3120 1641 per
3145 1582 3427 1645 angustam
3443 1591 3566 1646 ergo
3588 1578 3702 1634 viam
3718 1597 3793 1637 oa-

2290 1671 2387 1711 nes
2417 1667 2699 1725 venerunt,
2726 1659 2816 1728 qui
2840 1671 3103 1717 venerunt
3131 1662 3198 1719 ad
3221 1665 3405 1721 vitam.
3435 1665 3498 1722 Si
3524 1668 3795 1743 disciplina,

2292 1748 2482 1818 inquit,
2505 1751 2785 1819 sustinetis,
2805 1769 2927 1825 erga
2954 1770 3041 1810 vos
3061 1764 3316 1828 tamquam
3331 1777 3453 1831 erga
3478 1762 3603 1830 ﬁlivs
3622 1765 3797 1834 aﬁcietu

2288 1838 2449 1894 Deus.
2478 1840 2605 1908 Quis
2636 1842 2771 1896 enim
2791 1844 2955 1912 ﬁlius,
2987 1861 3135 1916 quem
3160 1864 3261 1903 non
3290 1851 3502 1921 corripit
3522 1855 3683 1921 pater!
3703 1856 3796 1927 Ergo

2288 1935 2355 1989 ad
2384 1936 2798 2005 correptionent.
2843 1952 2951 1992 non
2996 1939 3062 1993 ad
3094 1956 3305 2010 poenam
3334 1984 3351 2010 ,
3382 1959 3553 2015 neque
3573 1946 3631 1999 ad
3653 1951 3795 2019 suppli-

2289 2027 2452 2091 cium,
2499 2042 2673 2097 neque
2709 2035 2767 2083 ut
2802 2028 2942 2083 male
2968 2030 3269 2101 patiamini.
3303 2032 3442 2090 Vide
3476 2054 3487 2089 :
3518 2036 3647 2092 unde
3666 2042 3797 2096 existi-
3882 2076 3883 2079 η

2291 2117 2505 2171 mahaut
2557 2132 2616 2172 se
2666 2134 2788 2175 esse
2835 2119 3144 2187 derelictos,
3192 2138 3264 2179 ex
3291 2124 3399 2189 his,
3432 2126 3619 2197 inquit,
3642 2131 3797 2187 credant

2290 2210 2430 2280 quod
2462 2226 2569 2266 non
2592 2210 2983 2269 siutderelicti.
3012 2214 3173 2283 Quasi
3201 2216 3415 2273 diceret
3441 2236 3457 2273 :
3487 2219 3795 2287 Quoniamtuu

2291 2302 2458 2358 multa
2498 2303 2635 2359 mala
2681 2305 2823 2374 passi
2859 2307 3030 2373 estis,
3064 2309 3388 2366 existimatis
3435 2314 3574 2382 quod
3609 2315 3797 2375 Deusta;
3882 2306 3883 2313 “

2290 2391 2549 2448 dimiserit
2581 2402 2636 2448 et
2660 2394 2875 2451 oderit?
2916 2396 3021 2452 Sed
3067 2399 3111 2453 si
3158 2414 3265 2455 non
3302 2403 3452 2472 passi
3490 2408 3691 2471 essetis,
3715 2416 3798 2465 tunc

2291 2491 2565 2552 oporteret
2592 2482 2695 2539 hoc
2718 2486 2980 2557 suspicari
3024 2504 3038 2541 :
3071 2503 3194 2544 nam
3232 2490 3277 2546 si
3308 2491 3541 2562 ﬂagellat
3564 2509 3738 2551 omnem
3755 2498 3797 2551 ti-

2292 2574 2420 2630 lium
2447 2591 2603 2647 quem
2633 2577 2839 2648 recipit,
2869 2579 2962 2649 qui
3000 2595 3105 2635 non
3138 2580 3463 2653 ﬂagellatur,
3494 2584 3701 2644 fortasse
3724 2606 3797 2645 nos

2292 2676 2375 2722 est
2401 2665 2559 2720 ﬁlius.
2590 2665 2729 2734 Quid
2753 2683 2879 2724 vero
2900 2711 2916 2736 ,
2951 2670 3159 2740 inquit,
3191 2674 3316 2729 mali
3339 2690 3451 2731 non
3496 2678 3628 2733 male
3656 2683 3803 2749 patiun-

2294 2756 2422 2812 tur?
2443 2756 2725 2814 Patiuntur
2748 2760 2963 2829 quidem
2993 2779 3008 2817 :
3031 2765 3301 2834 quomodo
3327 2768 3478 2822 enim
3501 2786 3601 2825 non
3626 2783 3799 2840 pateren—

2301 2857 2386 2904 tur
2405 2848 2429 2904 ?
2449 2848 2543 2904 sed
2576 2864 2682 2905 non
2708 2848 2871 2919 dixit,
2918 2852 3249 2928 Quicumque
3272 2856 3573 2929 ﬂagellatur
3594 2871 3664 2917 est
3678 2863 3799 2929 ﬁlius,
3882 2860 3883 2863 “

2295 2942 2414 3008 sed,
2461 2941 2649 2998 Omnis
2675 2942 2818 2999 illius
2852 2944 3171 3016 ﬂagellatur.
3215 2948 3323 3005 Sed
3350 2966 3463 3006 non
3497 2964 3636 3023 potes
3658 2954 3733 3009 hoc
3749 2955 3801 3010 di-

2293 3048 2418 3089 cere
2449 3052 2461 3087 :
2488 3043 2612 3088 sunt
2639 3035 2782 3088 enim
2809 3035 2897 3105 qui
2926 3036 3263 3107 ﬂagellautur
3290 3042 3481 3111 multi,
3518 3046 3662 3098 etiam
3689 3046 3799 3108 ntuli,

2296 3136 2354 3179 ut
2384 3124 2695 3187 homicidae.
2726 3125 2994 3197 latrones,
3027 3131 3490 3203 praestigiatores,
3512 3136 3801 3206 sepulcrorum

2294 3216 2598 3273 eﬂossores.
2627 3217 2731 3273 Sed
2760 3218 2831 3273 illi
2862 3234 3083 3275 suorum
3110 3223 3376 3278 scelerum
3416 3225 3545 3281 dant
3570 3244 3745 3298 ρωυιε,
3764 3241 3800 3283 et

2295 3323 2405 3364 non
2433 3306 2770 3379 ﬂagellautur
2794 3318 3061 3381 tamquam
3086 3310 3202 3381 ﬁlii,
3230 3314 3325 3370 sed
3355 3316 3640 3387 puniuntur
3660 3330 3705 3373 ut
3723 3334 3801 3373 see

2290 3418 2477 3482 lerati;
2507 3430 2607 3472 vos
2633 3425 2816 3470 autem
2842 3421 3114 3483 tamquam
3142 3408 3257 3463 ﬁlii.
3286 3406 3453 3462 Vides
3480 3401 3715 3476 quomodo
3736 3414 3802 3451 un-
3882 3396 3883 3431 λ

2289 3507 2449 3580 dique
2490 3506 2767 3563 ratiocinia
2801 3513 3016 3569 movet,
3064 3516 3096 3555 a
3145 3499 3299 3555 factis
3326 3514 3451 3569 qua:
3480 3505 3598 3551 sunt
3635 3490 3803 3549 inScri-
3882 3486 3883 3537 ξ

2291 3608 2444 3668 plura
2464 3639 2479 3664 ,
2506 3614 2537 3654 a
2565 3597 2741 3655 verbis
2759 3638 2779 3664 ,
2820 3612 2852 3651 a
2891 3593 3126 3670 propriis
3150 3590 3468 3647 nationibus
3486 3629 3500 3653 ,
3530 3587 3593 3643 ah
3613 3581 3805 3651 exemplis

2290 3710 2409 3765 quzc
2436 3702 2564 3748 sunt
2591 3692 2645 3747 in
2673 3691 2800 3746 vita.
2859 3686 3063 3744 Deinde
3108 3685 3271 3740 etiam
3301 3698 3333 3739 a
3361 3679 3628 3738 communi
3647 3688 3808 3733 consue-

2292 3784 2518 3840 tudine?
2543 3783 2598 3839 8.
2633 3782 2782 3852 Quod
2807 3781 2852 3835 si
2883 3788 3025 3836 extra
3049 3775 3377 3847 disciplinam
3403 3773 3543 3838 estis,
3575 3770 3700 3839 cujus
3726 3782 3806 3836 ptr-

2293 3876 2468 3945 ticipes
2506 3875 2630 3947 [acti
2670 3882 2787 3927 sunt
2827 3886 2999 3926 omnes
3042 3885 3061 3925 ε
3092 3883 3210 3940 ergo
3236 3865 3520 3920 adulterini
3536 3903 3552 3929 ,
3580 3872 3622 3917 et
3646 3875 3725 3912 non
3744 3856 3807 3924 ﬁlii

2292 3967 2429 4020 estis.

2363 4058 2420 4112 2.
2460 4055 2620 4112 Vides
2648 4055 2791 4128 quod
2819 4052 2955 4111 dixit
2982 4051 3035 4107 id
3080 4049 3226 4123 quod
3268 4048 3515 4105 dicebam
3536 4088 3551 4113 ,
3592 4041 3709 4116 quod
3739 4053 3805 4093 nou

2295 4152 2465 4220 possit
2491 4162 2611 4204 che
2642 4148 2779 4201 ﬁlius
2807 4147 2897 4218 qui
2925 4160 3030 4199 non
3058 4141 3391 4214 castigatur?
3436 4138 3566 4195 Nam
3610 4130 3807 4206 quomodo

2297 4242 2349 4297 iu
2376 4242 2589 4295 fatniliis
2617 4239 2947 4296 adulterinos
2973 4237 3111 4293 ﬁlios
3131 4234 3436 4305 despiciunt
3457 4245 3642 4303 patres,
3662 4222 3807 4282 etianui

2296 4334 2430 4390 nihil
2455 4334 2684 4401 discant,
2711 4330 2927 4389 etiamsi
2955 4346 3061 4384 non
3088 4328 3195 4385 sint
3217 4325 3388 4399 gloria
3420 4317 3739 4395 insignes;de
3757 4317 3804 4368 lc-

2293 4428 2495 4500 gitimis
2515 4438 2688 4482 autem
2720 4425 2845 4480 ﬁliis
2871 4424 3060 4479 timent
3086 4438 3155 4478 ne
3179 4437 3240 4477 se
3259 4419 3465 4477 dedant
3480 4419 3587 4474 otio
3607 4429 3656 4473 et
3677 4426 3805 4470 scrot-

2296 4525 2399 4579 dia:
2424 4543 2437 4579 :
2458 4522 2530 4577 ita
2555 4521 2716 4577 etiam
2744 4520 2799 4575 in
2830 4517 3101 4589 prtescnti.
3125 4514 3181 4571 Si
3203 4524 3287 4570 est
3307 4529 3437 4585 ergo
3464 4509 3805 4568 adulterian

2298 4631 2404 4671 non
2421 4612 2646 4678 erudiri,
2661 4609 2895 4682 gaudere
2920 4616 3135 4679 oportet
3152 4606 3222 4663 ob
3241 4605 3600 4675 disciplinam,
3617 4596 3806 4670 siquidem

2296 4722 2359 4762 ea
2381 4704 2665 4759 adhibetur
2692 4702 2745 4757 in
2769 4700 3041 4773 germanis
3064 4707 3121 4755 et
3140 4696 3394 4769 legitimis
3420 4696 3561 4751 ﬁliis.
3588 4692 3806 4758 Tamquam

2300 4798 2421 4853 ﬁliis
2445 4796 2601 4853 vobis
2624 4810 2683 4851 se
2710 4794 2869 4851 oﬂ‘ert
2894 4793 3063 4849 Deus:
3084 4801 3302 4862 propter
3330 4789 3433 4843 hoc
3460 4787 3626 4857 ipsum
3647 4780 3758 4838 dicit.
3773 4776 3809 4831 9-

2301 4891 2496 4947 Deinde
2514 4898 2682 4960 patres
2695 4886 2900 4959 quidem
2916 4884 3084 4940 carnis
3104 4892 3291 4937 nostra:
3305 4879 3582 4935 eruditores
3595 4872 3807 4930 [totum

2299 4992 2345 5038 et
2375 4980 2722 5036 reverebamur
2769 4994 2854 5033 eos
2883 4992 2901 5032 :
2927 4992 3029 5031 non
3069 4976 3228 5029 multo
3255 4972 3416 5044 magis
3442 4964 3809 5038 obtemperabant

2302 5073 2451 5130 Patri
2477 5072 2768 5144 spirituum,
2795 5078 2844 5124 et
2870 5068 3089 5122 vivemus
3106 5067 3132 5120 2’
3158 5065 3370 5121 Rursus
3407 5077 3439 5117 a
3485 5058 3691 5133 propriis
3729 5066 3809 5123 pef-

2306 5163 2666 5236 pessionibus,
2694 5161 2763 5216 ab
2790 5158 2853 5215 iis
2882 5173 3003 5230 qua:
3046 5155 3146 5227 ipsi
3194 5154 3531 5227 patiebantur
3554 5193 3569 5217 ,
3612 5147 3807 5236 hortator.

2303 5233 2450 5314 Sicut
2479 5255 2623 5311 enim
2652 5253 2760 5307 illic
2784 5249 2915 5306 dicit
2947 5266 2961 5303 :
2992 5245 3423 5303 lientetnoramiui
3450 5242 3673 5313 pristinos
3704 5233 3807 5286 dia:

2304 5353 2375 5405 ita
2402 5348 2489 5404 hic
2515 5360 2727 5418 quoque
2759 5359 2774 5397 :
2807 5342 2948 5398 Deus
2972 5382 2990 5409 ,
3018 5339 3227 5411 inquit,
3280 5337 3556 5393 nobiscum
3593 5329 3686 5401 agit
3722 5335 3811 5377 unt-

2303 5456 2471 5513 quam
2493 5454 2615 5494 cum
2646 5435 2793 5502 ﬁliis,
2821 5448 2923 5489 nec
2948 5430 3172 5503 potestis
3195 5429 3376 5484 dicere
3398 5469 3415 5494 ,
3459 5424 3574 5481 Non
3598 5424 3810 5492 possumus

624 5541 841 5596 parvum
864 5524 931 5578 ad
954 5522 1534 5585 cousolationem,cuut
1559 5517 1816 5575 discimus
1839 5518 1982 5590 quod
2010 5518 2112 5574 Dei
2124 5528 2207 5573 est
2306 5536 2480 5598 tum;
2507 5542 2563 5588 ει
2591 5540 2859 5599 umquam
2886 5541 3007 5582 cum
3036 5525 3177 5580 cum
3207 5521 3333 5577 (“iis
3361 5521 3402 5575 I.
3434 5517 3565 5574 Nam
3604 5513 3647 5568 si
3687 5514 3811 5581 patrts

622 5635 755 5689 opus
777 5628 834 5672 ut
864 5615 978 5671 haec
1000 5614 1112 5670 ﬁeri
1145 5613 1370 5683 possint,
1394 5612 1486 5667 illo
1507 5610 1834 5667 concedente
1854 5628 1867 5664 :
1888 5611 2024 5665 sicut
2044 5612 2204 5664 etiam

628 5712 751 5769 dicit
777 5709 999 5767 Paulus:
1034 5707 1253 5778 Propter
1282 5704 1375 5760 ltoc
1400 5715 1473 5758 ter
1493 5703 1756 5760 Dominam
1784 5703 1975 5774 rogari,
2009 5714 2051 5757 et
2081 5702 2206 5756 dixit

2374 5650 2388 5680 '
2418 5644 2560 5703 Illud,
2582 5650 2627 5695 et
2650 5650 2894 5702 tamquam
2917 5650 3027 5689 cum
3050 5632 3334 5703 carisjiliis,
3358 5646 3451 5683 non
3474 5629 3643 5693 legitur
3678 5626 3717 5674 in
3745 5617 3813 5669 Ιυυ

2312 5713 2522 5770 tiauo,ct
2548 5698 2736 5759 videtur
2758 5698 2971 5755 alicnum
2996 5714 3108 5752 esse
3132 5698 3519 5749 additamentum.
