3926 6406
170 271 288 332 205

161 373 423 428 carnales
451 372 525 427 illi
562 382 877 429 reverentur
899 413 916 440 ,
942 375 1217 443 quomodo
1243 374 1467 430 Patrem.
1493 376 1762 432 cteleStem

162 480 280 521 non
312 466 732 529 reverebimini?
759 468 1093 538 Quamquam
1125 483 1241 524 non
1272 485 1339 525 ex
1363 484 1431 524 eo
1458 470 1575 525 solo
1603 470 1763 525 ditl‘e-

158 560 348 612 rentia
375 568 601 622 constat,
631 561 909 621 autetiam
932 576 999 616 ex
1028 564 1272 632 personis
1294 604 1310 630 ,
1339 563 1433 619 sed
1472 573 1525 618 et
1552 563 1620 617 ab
1650 565 1763 632 ipsa

151 658 329 697 causa
351 652 408 698 et
426 660 489 699 ex
517 659 573 699 re
605 646 719 714 ipsa
749 662 763 699 :
800 662 904 702 non
932 649 1075 703 enim
1109 663 1325 721 propter
1353 652 1541 707 eadem
1568 662 1625 709 et
1664 654 1753 712 hic

154 744 219 787 et
265 734 343 789 illi
393 736 666 793 erudiunt.
694 737 927 808 Ideoque
952 741 1226 813 subjungit
1254 760 1267 796 :
1298 743 1391 799 Illi
1422 745 1555 800 enim
1581 750 1761 817 paucis

156 824 346 882 diebus
370 868 384 889 ,
432 838 581 892 prout
623 828 729 884 illis
770 830 1064 898 videbatur,
1110 835 1452 892 erudiebant:
1489 837 1593 893 hoc
1621 848 1749 903 est,

154 932 312 986 saepe
338 918 621 987 itnplentes
638 922 990 994 voluptatem,
1013 942 1116 982 non
1144 942 1359 996 semper
1377 939 1682 1000 spectantes
1702 931 1755 986 id

156 1008 309 1076 quod
332 1019 416 1063 est
440 1010 796 1069 conducibile.
829 1013 923 1070 llic
942 1026 1118 1072 autem
1142 1033 1247 1073 non
1279 1030 1451 1090 potest
1474 1023 1576 1077 hoc
1600 1022 1705 1077 diei
1737 1041 1753 1079 :

154 1115 275 1155 non
334 1102 476 1157 enim
534 1103 638 1158 hoc
690 1105 819 1161 facit
866 1116 1086 1177 propter
1137 1110 1350 1182 aliquod
1413 1113 1754 1169 commodum

157 1206 356 1255 suum,
386 1193 478 1251 sed
508 1204 729 1264 propter
755 1212 850 1253 vos
874 1208 927 1253 et
955 1211 1193 1255 vestram
1221 1203 1393 1257 solam
1424 1205 1706 1261 utilitatem
1737 1222 1754 1261 :

158 1284 245 1339 illi
272 1296 331 1339 ut
360 1296 413 1340 et
438 1287 566 1356 ipsis
592 1290 711 1345 sitis
742 1291 922 1356 utiles,
958 1306 1103 1361 stupe
1124 1306 1302 1351 autem
1327 1298 1486 1351 etiam
1522 1309 1753 1365 temere;

156 1376 257 1432 hic
283 1389 466 1433 autem
492 1379 625 1437 nihil
657 1392 741 1437 est
770 1383 1095 1453 Itujusmodi.
1135 1387 1291 1444 Vides
1320 1390 1463 1458 quod
1497 1390 1598 1446 hoc
1621 1406 1754 1462 quo-

156 1483 274 1537 que
302 1469 457 1525 aﬂ‘crt
480 1473 942 1531 consolationem?
967 1477 1095 1531 Nam
1128 1495 1249 1534 cum
1278 1481 1385 1535 illis
1410 1483 1642 1539 maxime
1663 1484 1757 1539 be-

155 1562 472 1619 nevolentia
493 1563 886 1635 coniungimur,
907 1570 1121 1639 quando
1152 1571 1447 1627 viderimus
1476 1575 1615 1644 qttod
1647 1590 1754 1629 non

156 1664 389 1724 propter
418 1654 617 1725 aliquid
643 1671 798 1712 suout
827 1670 913 1713 aut
940 1660 1128 1731 iubent
1147 1701 1164 1729 ,
1208 1672 1302 1717 aut
1344 1664 1571 1720 suadent
1596 1707 1611 1731 ,
1658 1667 1754 1721 sed

159 1756 392 1816 propter
421 1762 519 1802 nos
546 1757 710 1803 totum
741 1749 810 1803 ab
836 1752 914 1806 eis
946 1753 1161 1822 ponitur
1185 1755 1441 1811 studium.
1475 1757 1586 1814 Hoc
1613 1760 1756 1814 enim

155 1848 249 1893 est
276 1840 488 1894 sincera
539 1839 754 1896 dilectio
804 1850 859 1898 et
902 1859 1030 1900 vere
1077 1846 1324 1914 dilectio,
1374 1850 1588 1920 quando
1634 1866 1758 1907 cum

156 1929 301 1987 nihil
332 1931 500 1985 simus
526 1932 685 1989 utiles
713 1934 763 1988 ei
793 1934 883 2003 qui
912 1934 1123 2007 diligit,
1153 1938 1222 1992 ab
1264 1955 1329 1995 eo
1366 1951 1542 1997 tamen
1581 1942 1757 2014 diligi-

158 2039 288 2077 mur
321 2040 336 2076 :
367 2023 638 2094 diligitnur
666 2025 811 2080 enim
844 2042 949 2081 non
980 2037 1037 2082 ut
1075 2031 1334 2100 accipiat,
1380 2033 1476 2088 sed
1518 2044 1574 2088 ut
1618 2036 1710 2090 det
1740 2052 1756 2089 :

157 2117 365 2181 erudit,
398 2118 575 2171 omnia
608 2116 751 2186 facit,
780 2135 940 2175 omne
959 2122 1193 2176 studium
1224 2124 1452 2189 confert,
1482 2136 1540 2180 ιιι
1567 2128 1761 2183 ΙὉιΜέὶο

156 2224 288 2262 mur
318 2224 538 2264 suorum
570 2210 830 2266 bonorum
859 2227 1107 2283 capaces.
1160 2214 1225 2268 Et
1269 2217 1348 2270 illi
1390 2220 1632 2286 quidem,
1676 2221 1759 2274 in-

156 2302 327 2371 quit,
362 2303 416 2355 in
440 2312 662 2373 tempore
692 2321 973 2374 paucorum
999 2306 1195 2361 dierum
1223 2311 1498 2364 secundum
1524 2313 1762 2367 volunta-

159 2404 265 2449 tem
298 2411 447 2448 suam
476 2396 768 2451 erudierunt
795 2414 886 2453 nos
917 2415 936 2453 :
963 2400 1044 2454 hic
1070 2412 1236 2456 autem
1264 2404 1332 2455 ad
1371 2405 1425 2457 id
1463 2406 1598 2474 quod
1641 2407 1763 2461 utile

158 2496 282 2551 est,
322 2488 378 2541 in
421 2488 711 2556 recipiendo
760 2491 1213 2558 sanctiﬁcationem
1258 2496 1388 2566 ejus.
1446 2495 1583 2565 Quid
1631 2505 1755 2563 est,

162 2578 645 2643 Sanctiﬁcationem
674 2581 828 2650 ejus?
862 2581 974 2638 lloc
997 2593 1098 2651 est,
1136 2585 1440 2653 puritatem,
1471 2597 1529 2641 ut
1558 2602 1655 2658 pro
1676 2588 1758 2641 vi-

160 2670 321 2725 ribus
350 2669 522 2725 simus
547 2685 613 2725 eo
642 2670 811 2741 digni.
848 2673 942 2728 Ille
975 2676 1122 2744 ponit
1147 2677 1381 2737 studium
1432 2689 1488 2734 ut
1532 2680 1762 2749 accipia-

163 2761 259 2827 tis,
287 2770 345 2816 et
375 2762 553 2817 omnia
581 2761 707 2817 facit
739 2772 796 2817 ttt
824 2763 918 2819 det
949 2766 1105 2822 vobis
1135 2788 1148 2822 :
1179 2784 1275 2824 vos
1305 2780 1481 2825 autem
1520 2771 1758 2825 studium

161 2869 277 2909 non
306 2854 508 2923 ponitis
534 2862 595 2908 ut
618 2855 914 2925 accipiatis.
948 2857 1093 2925 Dixi,
1127 2859 1320 2929 inquit,
1356 2861 1604 2929 Domino,
1654 2861 1764 2916 Do-

162 2948 342 3000 minus
373 2963 511 3000 meus
536 2963 586 3002 es
613 2956 690 3014 tu,
722 2950 965 3018 quoniam
989 2951 1231 3006 bonarum
1259 2970 1483 3007 meorum
1510 2970 1611 3008 non
1652 2970 1764 3025 eges

162 3040 363 3105 (Psal.
399 3041 493 3096 15.
520 3040 620 3111 2).
664 3041 862 3096 Deinde
908 3055 1078 3113 patres
1115 3048 1317 3115 quidem
1366 3049 1536 3102 carnis
1579 3058 1766 3103 nostra

162 3133 455 3187 creditores
484 3132 771 3201 habuimus,
805 3144 853 3189 et
878 3136 1224 3191 reverebanmr
1247 3153 1331 3192 eos
1358 3156 1377 3193 :
1407 3156 1578 3193 annon
1608 3139 1766 3193 multo

160 3229 335 3295 magis
364 3228 817 3294 obtemperabimus
861 3228 1009 3283 Patri
1057 3232 1368 3300 spirituum,
1411 3241 1458 3285 et
1504 3231 1768 3284 vivemus?

153 3320 313 3375 Patri
336 3320 644 3389 spirituum;
668 3318 783 3373 sive
810 3315 1193 3371 charismatum
1218 3312 1386 3377 dicit,
1412 3321 1505 3367 aut
1543 3314 1742 3365 oratio-

152 3430 325 3478 num,
358 3420 453 3467 aut
476 3418 794 3480 potestatum
827 3408 1287 3476 incorporearum.
1317 3405 1372 3460 Si
1418 3403 1497 3459 sic
1542 3402 1742 3459 moria-

150 3523 326 3570 mur,
380 3515 507 3559 tunc
567 3502 828 3557 vivemus.
895 3499 965 3554 Et
1014 3498 1257 3567 apposite
1313 3495 1447 3550 dixit
1490 3510 1503 3546 :
1545 3492 1613 3548 Et
1664 3491 1743 3546 illi

149 3599 363 3671 quidem
402 3598 456 3650 in
497 3605 719 3664 tempore
759 3606 1037 3659 paucorum
1083 3589 1277 3643 dierum
1324 3584 1616 3641 erudiebant
1659 3600 1743 3637 se-

149 3689 388 3744 cundum
432 3687 739 3741 voluntatem
784 3698 976 3737 suam:
1008 3696 1114 3735 non
1150 3681 1294 3735 enim
1339 3692 1552 3746 semper
1596 3674 1739 3746 quod

147 3789 402 3853 videtur,
433 3792 517 3840 est
541 3780 672 3838 utile
704 3798 719 3835 :
748 3779 837 3835 hic
875 3786 1054 3833 autem
1096 3774 1163 3829 ad
1206 3773 1258 3830 id
1293 3772 1437 3844 quod
1480 3771 1612 3826 utile
1659 3778 1745 3826 est

147 3879 358 3936 erttdit.

225 3975 286 4029 3.
321 3972 420 4026 Est
446 3984 575 4039 ergo
602 3966 882 4037 disciplina
912 3963 1059 4019 utilis
1084 4003 1099 4027 ,
1141 3972 1225 4016 ost
1245 3974 1373 4030 ergo
1400 3955 1739 4027 participatio

145 4062 483 4119 sanctitatis.
512 4060 740 4115 Maxime
772 4075 785 4110 :
813 4072 935 4111 nam
977 4070 1098 4110 cum
1144 4052 1364 4123 expellit
1407 4048 1740 4113 socordiam,

145 4172 281 4211 cum
310 4154 507 4209 malam
532 4151 898 4221 cupiditatem,
924 4162 1044 4202 cum
1074 4159 1311 4200 amorem
1339 4157 1657 4212 rerumque:
1676 4140 1744 4195 ad

148 4251 300 4303 hanc
320 4247 484 4301 vitam
509 4245 796 4314 pertinent,
814 4256 934 4296 cum
964 4238 1232 4295 convertit
1258 4238 1510 4298 animam,
1529 4250 1650 4290 cum
1666 4232 1749 4288 cf-

147 4340 269 4394 ficit
296 4347 358 4393 ut
385 4349 577 4392 cuncta
603 4350 723 4406 qua:
746 4334 832 4388 hic
853 4342 976 4387 sunt
1001 4331 1336 4393 damnemus,
1365 4328 1466 4383 hoc
1490 4328 1632 4383 enim
1664 4336 1748 4382 est

148 4433 389 4490 afﬂictio
420 4450 433 4485 :
462 4445 639 4485 annon
689 4427 750 4481 iit
794 4425 1012 4480 sancta?
1037 4437 1215 4478 annon
1263 4420 1484 4474 attrahit
1519 4419 1743 4489 gratiam

149 4527 433 4601 Spiritus?
457 4524 766 4595 Cogitemus
793 4524 1215 4607 itaquelsemper
1237 4518 1411 4590 iustos
1434 4560 1449 4585 ,
1479 4527 1533 4573 et
1561 4516 1746 4572 videa-

149 4636 281 4677 mus
301 4619 571 4675 undenam
595 4629 784 4671 omnes
815 4614 1143 4675 claruerunt,
1159 4622 1210 4666 et
1227 4621 1351 4667 ante
1375 4625 1564 4666 omnes
1589 4610 1740 4673 Abel,

153 4714 276 4768 Noe
309 4731 323 4765 :
357 4724 538 4767 nonne
564 4709 631 4763 ab
656 4705 978 4761 afﬂictione?
1001 4703 1141 4759 Fieri
1170 4704 1315 4757 enim
1353 4712 1663 4769 nonpotest
1690 4711 1748 4756 ut

153 4822 268 4860 non
285 4802 613 4870 afﬂigerctur
638 4798 729 4870 qui
759 4798 905 4851 solus
936 4805 1050 4851 erat
1078 4795 1129 4849 in
1158 4802 1262 4849 tam
1292 4795 1455 4848 multa
1485 4791 1746 4847 malorum

152 4896 503 4954 multitudine
530 4908 545 4947 :
578 4893 693 4946 Noe
723 4891 890 4954 enim,
946 4888 1138 4955 inquit,
1170 4904 1285 4940 cum
1313 4896 1437 4941 esset
1458 4888 1599 4941 solus
1640 4903 1748 4954 per-

153 4995 326 5061 fectus
368 4988 420 5041 in
462 4985 784 5058 generatione
820 4998 913 5035 sua
939 5022 953 5043 ,
1002 4979 1109 5034 Deo
1156 4980 1345 5049 placuit
1378 4976 1543 5051 (Cen.
1570 4978 1620 5033 6.
1652 4977 1743 5047 9).

153 5081 293 5138 Nam
323 5078 453 5133 mihi
482 5076 676 5146 cogita,
705 5072 751 5127 si
777 5086 917 5126 nunc
944 5086 1065 5125 cum
1106 5069 1396 5124 habeamus
1440 5068 1747 5122 innumera-

155 5175 298 5231 biles
325 5186 556 5243 quorum
608 5168 859 5222 virtutem
892 5163 1241 5227 armulemur,
1273 5170 1454 5231 patres
1486 5171 1540 5216 et
1584 5161 1751 5229 magi-

158 5278 341 5328 stros,
377 5264 454 5317 sic
492 5259 798 5330 affligimur,
826 5254 1095 5326 quomodo
1136 5252 1426 5307 verisimile
1470 5262 1552 5306 est
1600 5252 1746 5306 illum

157 5360 327 5413 fuisse
354 5352 602 5407 allectum
635 5348 807 5403 solum
836 5347 976 5401 inter
994 5354 1099 5399 tam
1118 5343 1352 5397 multos?
1370 5342 1473 5398 Sed
1498 5358 1618 5399 cum
1638 5342 1749 5409 jam

158 5448 397 5505 dixerim
420 5443 489 5497 de
511 5441 684 5511 pluvia
714 5439 801 5492 illa
824 5437 997 5491 aliena
1027 5443 1080 5490 et
1109 5434 1269 5506 plane
1297 5432 1637 5487 admirabili?
1663 5431 1749 5487 di-

156 5553 353 5596 camne
379 5536 446 5590 de
472 5531 796 5592 Abrahamo,
826 5528 893 5583 de
921 5525 1129 5582 crebris
1157 5526 1273 5593 ejus
1298 5523 1747 5595 peregrinationin

159 5637 283 5697 bus,
299 5631 370 5683 de
400 5638 553 5697 raptu
583 5624 783 5687 uxoris,
806 5620 871 5676 de
897 5619 1171 5691 periculis,
1191 5620 1257 5673 de
1279 5618 1456 5683 bellis,
1480 5616 1548 5670 de
1573 5624 1747 5672 tenta-

163 5721 437 5783 tionibus?
458 5718 563 5777 Sed
595 5718 658 5773 dc
684 5714 848 5771 Jacob
872 5727 1029 5783 quam
1062 5710 1224 5767 multa
1255 5724 1444 5787 passus
1460 5710 1528 5767 sit
1545 5709 1748 5780 gravia,

994 266 1060 326 IN
1095 266 1449 326 ENST..AD
1488 267 1844 325 HEBRA‘IOS.
1885 269 2038 327 CAP.
2084 272 2195 329 XII.
2236 274 2465 333 ιιοιιιιι.
2507 278 2701 336 XXIX.-

3352 287 3455 344 206

1882 385 2113 447 undique
2159 388 2345 457 pulsus
2368 430 2383 452 ,
2413 398 2465 444 et
2492 388 2686 444 frustm
2710 389 2977 459 laborans,
3007 401 3060 448 et
3087 394 3206 449 aliis
3238 411 3454 466 operam

1881 477 2230 547 impendens?
2272 494 2462 535 omnes
2504 482 2643 535 enim
2686 482 2801 551 ejus
2824 486 3142 541 tentationes
3173 503 3457 547 recensere

1876 582 1980 621 non
2012 578 2093 623 est
2122 584 2344 625 necesse
2368 588 2382 633 ;
2413 572 2773 626 testimonium
2798 582 2979 629 autem
3011 574 3205 631 aﬂ'erre
3228 588 3308 633 est
3330 596 3460 635 con-

1873 660 2206 720 sentaneum,
2235 658 2374 726 quod
2400 660 2734 728 ipsedicebat
2762 664 3028 722 Pharaoni
3059 684 3072 720 :
3102 667 3237 732 Dies,
3260 671 3449 740 inquit,

1876 744 1974 796 mei
2003 750 2156 814 pauci
2182 759 2369 803 suntet
2396 752 2540 817 ntali,
2573 763 2617 807 et
2642 772 2741 809 non
2770 770 3103 826 pervenerunt
3130 761 3198 814 ad
3228 762 3332 818 dies
3362 782 3453 833 pa-

1874 841 2008 887 trum
2037 851 2263 891 meorum
2294 839 2446 911 (Gen.
2476 843 2565 897 47,
2597 842 2689 914 9).
2722 846 2823 900 Sed
2848 848 3093 906 dicamne
3120 852 3186 907 de
3215 852 3453 923 Josepb?

1870 925 2053 983 sedda
2075 928 2188 997 ipso
2213 929 2415 1002 Moyse,
2444 933 2510 987 de
2538 934 2662 988 Jesu
2691 935 2852 1003 Nave,
2891 938 2957 993 de
2987 940 3181 996 Davide
3204 984 3219 1009 ,
3248 943 3315 998 de
3353 945 3452 999 Sa-

1870 1018 2065 1085 muele,
2099 1020 2167 1076 de
2189 1022 2323 1088 Elia,
2352 1024 2419 1079 de
2452 1025 2668 1082 Daniele
2688 1068 2704 1093 ,
2738 1027 2806 1083 de
2837 1031 3087 1085 omnibus
3129 1034 3452 1103 proltltetis?

1868 1110 1971 1166 Sed
2000 1113 2094 1168 hos
2117 1128 2305 1171 omnes
2329 1118 2565 1173 invenies
2595 1120 2832 1175 evasisse
2873 1122 3054 1177 claros
3099 1140 3163 1178 ex
3204 1125 3452 1182 afﬂictio-

1868 1201 2044 1257 nibus.
2097 1205 2192 1260 Dic
2233 1221 2333 1275 ego
2379 1207 2508 1261 mihi
2535 1249 2550 1272 ,
2596 1210 2746 1265 visne
2789 1226 2909 1267 esse
2960 1213 3139 1267 clarus
3184 1230 3249 1269 ex
3294 1219 3447 1282 otio,

1867 1295 2508 1364 quieteetdelieiis?Sed
2554 1318 2659 1356 non
2712 1305 2933 1373 poteris.
2975 1305 3045 1359 At
3090 1306 3333 1364 dicamne
3381 1310 3449 1365 de

1866 1388 2123 1454 apostolis
2141 1389 2166 1441 'l
2193 1389 2261 1443 At
2292 1390 2343 1443 hi
2368 1406 2582 1462 quoque
2609 1394 2863 1448 aerumnis
2891 1396 3027 1451 alios
3055 1411 3244 1453 omnes
3290 1415 3449 1470 supe-

1866 1487 2138 1531 raverunt.
2165 1477 2275 1533 Cur
2326 1480 2441 1536 hare
2487 1481 2653 1537 dico?
2681 1481 2923 1539 Christus
2948 1501 3186 1561 quoque,
3204 1489 3304 1545 hoc
3360 1492 3445 1545 di-

1864 1564 1937 1620 cit
1965 1582 1979 1621 :
2008 1565 2074 1621 In
2102 1570 2296 1624 mundo
2319 1572 2653 1641 afﬂictionem
2684 1574 2963 1643 habebitis;
2990 1587 3043 1631 et
3084 1593 3267 1633 rursus
3293 1621 3307 1645 ,
3344 1579 3447 1636 Vos

1864 1661 2127 1731 plorabitis
2154 1673 2201 1718 et
2232 1664 2462 1735 lugebitis
2492 1681 2511 1719 :
2543 1667 2763 1722 mundus
2784 1679 2951 1739 autem
2981 1670 3217 1741 gaudebit
3244 1674 3261 1745 (
3284 1671 3443 1730 Joan.

1865 1750 1952 1805 ω.
1982 1753 2071 1807 33.
2099 1752 2189 1808 eo.
2220 1763 2265 1808 et
2292 1754 2481 1809 Matth.
2505 1757 2559 1811 7.
2590 1757 2656 1813 tt
2676 1758 2718 1830 ).

1942 1871 2036 1927 Via
2063 1890 2174 1944 quae
2194 1876 2332 1929 ducit
2357 1892 2421 1930 aa
2439 1863 2613 1945 vitam,
2641 1889 2781 1934 arcta
2806 1898 3005 1951 semper
3032 1892 3124 1938 est.
3141 1884 3279 1940 —Et
3302 1888 3443 1957 quod

1861 1976 2004 2021 arcta
2031 1968 2100 2022 sit
2128 1978 2181 2023 et
2207 1980 2426 2040 angusta
2476 1971 2559 2024 via
2590 1987 2709 2042 qua:
2751 1972 2898 2028 ducit
2942 1974 3007 2030 ad
3057 1977 3218 2031 vitam
3246 2020 3262 2045 ,
3311 1980 3443 2034 dicit

1861 2059 1976 2129 ipse
2004 2062 2106 2114 vite
2130 2061 2382 2116 Dominus
2412 2079 2426 2116 :
2461 2072 2513 2117 tu
2544 2074 2721 2118 autem
2755 2067 2952 2135 quaeris
2980 2067 3182 2122 latam?
3214 2079 3265 2124 et
3306 2087 3444 2140 quo-

1862 2152 2021 2205 modo
2043 2169 2147 2207 non
2173 2162 2255 2207 cst
2280 2153 2383 2209 hoc
2422 2156 2750 2211 absurdum?
2786 2159 3073 2227 l’r0pterca
3121 2164 3281 2216 vitam
3330 2180 3436 2219 non

1860 2246 2162 2315 assequeris
2192 2245 2281 2315 qui
2305 2246 2405 2299 alia
2437 2246 2733 2317 ingrederis
2759 2291 2773 2315 ,
2823 2250 2917 2305 sed
2965 2250 3234 2306 interitum
3270 2272 3285 2307 :
3322 2270 3440 2308 eam

1859 2335 2000 2389 enim
2028 2336 2233 2405 elegisti
2263 2354 2382 2407 quae
2408 2337 2509 2393 fert
2541 2339 2683 2393 illnc.
2721 2339 2809 2394 Vis
2836 2340 3008 2396 dicant
3037 2352 3089 2396 et
3122 2344 3172 2397 in
3204 2345 3439 2399 medium

1857 2425 2117 2479 adducam
2149 2441 2242 2481 eos
2272 2427 2359 2498 qui
2394 2428 2554 2481 vitam
2584 2438 2805 2498 egerunt
2836 2431 2885 2483 in
2914 2429 3161 2487 deliciis?
3191 2434 3272 2487 Ab
3318 2435 3443 2489 ulti-

1858 2518 1958 2570 mis
1980 2517 2335 2572 ascendamus
2357 2519 2421 2573 ad
2450 2519 2671 2589 primos.
2705 2520 2865 2575 Dives
2900 2522 2987 2577 ille
3021 2524 3110 2593 qui
3141 2525 3361 2579 ardebat
3388 2526 3438 2581 itt

1856 2609 2104 2673 camino;
2147 2611 2233 2680 qui
2260 2611 2432 2664 ventri
2466 2612 2648 2666 vivunt
2671 2612 2864 2679 Judazi,
2893 2629 3117 2683 quorum
3149 2617 3286 2672 Deus
3309 2635 3439 2673 ven-

1858 2712 1937 2756 ter
1966 2712 2043 2757 est
2067 2717 2083 2767 ;
2116 2703 2204 2771 qui
2232 2704 2284 2756 in
2313 2703 2600 2759 solitudine
2621 2718 2836 2774 semper
2860 2706 3174 2776 quaerebant
3195 2709 3361 2764 otium
3386 2720 3442 2765 et

1856 2796 2115 2863 requiem,
2142 2811 2240 2850 cur
2262 2796 2571 2865 perierunt?
2606 2797 2743 2851 sicut
2776 2810 2828 2853 ct
2866 2800 2954 2869 qui
3004 2810 3159 2855 erant
3198 2812 3438 2873 tempore

1855 2887 1987 2953 Noe,
2009 2904 2184 2942 annon
2210 2898 2488 2960 propterea
2511 2890 2652 2957 quod
2678 2891 2841 2946 vitam
2863 2893 3138 2963 elegerunt
3168 2895 3361 2949 lautam
3386 2905 3439 2950 et

1854 2977 2208 3033 dissolutam?
2237 2979 2299 3032 Et
2325 2980 2413 3048 qui
2439 2980 2489 3032 in
2512 2979 2758 3034 Sodomis
2774 2992 2992 3052 propter
3009 2983 3295 3052 ingluviem
3333 3003 3345 3038 :
3373 2986 3438 3041 lu

1853 3072 2116 3145 saturitate
2144 3071 2276 3124 enim
2308 3071 2455 3142 panis
2480 3113 2495 3139 ,
2525 3071 2715 3141 inquit,
2742 3072 3067 3128 lasciviebant
3094 3075 3315 3148 (Ezeclt.
3348 3079 3434 3134 16.

1852 3162 1968 3230 49).
1998 3161 2108 3217 Hoc
2137 3162 2203 3216 de
2231 3162 2294 3216 iis
2333 3162 2548 3228 dicitur,
2583 3163 2671 3232 qui
2704 3163 2931 3232 agebant
2960 3163 3225 3220 Sodomis.
3257 3166 3308 3221 Si
3339 3183 3437 3220 au-

1854 3265 1962 3309 tem
1990 3254 2237 3308 saturitas
2263 3254 2412 3323 panis
2453 3264 2654 3308 tantum
2682 3255 2878 3309 malum
2910 3256 3055 3321 iecit,
3086 3258 3210 3327 quid
3235 3258 3434 3314 dixeri-

1856 3360 1974 3399 mus
1993 3344 2060 3400 de
2089 3345 2207 3399 aliis
2235 3344 2495 3413 placentis
2516 3353 2570 3398 et
2592 3345 2865 3400 bellariis?
2887 3346 3024 3402 Esat't
3049 3363 3225 3401 annon
3246 3359 3362 3403 erat
3385 3351 3434 3403 in

1859 3428 2035 3497 quiete
2063 3435 2116 3481 et
2140 3426 2290 3481 otio?
2329 3428 2454 3498 quid
2488 3428 2562 3481 illi
2593 3444 2657 3483 ex
2683 3428 2803 3482 liliis
2830 3429 2920 3483 Dei
2946 3430 3035 3498 qui
3062 3432 3310 3484 viderunt
3334 3446 3443 3484 ntu-

1859 3517 2017 3572 lieres
2041 3559 2055 3583 ,
2086 3527 2140 3573 et
2164 3517 2429 3572 deturbati
2454 3529 2575 3572 sunt
2601 3534 2695 3589 per
2716 3519 3043 3589 prtccipitia?
3064 3520 3190 3589 quid
3238 3521 3310 3575 illi
3352 3521 3441 3588 qui

1859 3611 1911 3664 in
1938 3609 2207 3665 masculos
2236 3609 2608 3664 insaniebant?
2641 3610 2841 3665 Omnes
2883 3620 3060 3665 autem
3109 3626 3262 3681 reges
3308 3627 3442 3681 gen-

1859 3700 2028 3761 tium.
2071 3700 2486 3771 Babyloniorum
2536 3711 2591 3755 et
2628 3700 3035 3771 Egyptiorum,
3080 3718 3257 3757 annon
3305 3703 3447 3757 male

1856 3791 2020 3845 vitam
2044 3790 2333 3845 finierunt?
2360 3805 2536 3846 annon
2568 3801 2692 3845 sunt
2715 3793 2764 3845 iu
2806 3792 3132 3846 tormentis?
3173 3791 3277 3846 Sed
3324 3809 3442 3862 qua:

1860 3896 2001 3935 nunc
2029 3881 2194 3946 linat,
2226 3882 2312 3935 die
2339 3882 2489 3949 mihi,
2525 3898 2699 3937 nonne
2745 3892 2870 3936 sunt
2913 3882 3256 3950 huiusmodi?
3303 3884 3445 3938 Audi

1857 3971 2128 4027 Christum
2159 3971 2425 4028 dicentem
2451 3988 2466 4026 :
2499 3972 2598 4040 Qui
2627 3973 2862 4027 mollibus
2889 3975 3203 4040 vestiuntur,
3243 3974 3297 4027 in
3342 3974 3441 4028 do-

1859 4063 2021 4116 mibus
2047 4080 2226 4133 regum
2267 4072 2386 4118 sunt
2428 4063 2657 4135 (Matth.
2697 4064 2783 4118 ll.
2828 4063 2925 4135 8);
2976 4065 3065 4133 qui
3112 4074 3288 4119 autem
3335 4080 3440 4119 non

1861 4155 2051 4209 talibus
2081 4156 2400 4221 vestiuntur,
2430 4155 2482 4209 in
2510 4156 2674 4210 crclis.
2703 4155 2834 4210 Nam
2862 4157 3022 4211 vestis
3067 4156 3241 4211 mollis
3280 4158 3439 4210 etiam

1857 4254 2126 4299 austerum
2156 4246 2393 4299 animum
2418 4244 2664 4300 dissolvit
2691 4256 2745 4300 et
2770 4244 2966 4316 frangit
2991 4260 3054 4300 ac
3072 4245 3319 4300 diliundit
3343 4262 3355 4298 :
3381 4254 3437 4299 ct

1858 4337 1977 4391 licet
2008 4352 2203 4405 corpus
2245 4338 2513 4406 acceperit
2558 4351 2804 4408 asperum
2852 4348 2907 4393 et
2953 4339 3185 4403 durum,
3233 4339 3339 4393 cito
3388 4340 3448 4394 iii

1860 4426 2021 4481 molle
2051 4442 2149 4497 per
2176 4427 2397 4482 delicias
2422 4427 2595 4482 reddit
2623 4437 2676 4483 et
2723 4428 3068 4484 imbecillum.
3117 4429 3247 4485 Nam
3299 4430 3451 4485 unde

1860 4519 1958 4573 nisi
1991 4534 2053 4572 ex
2085 4518 2185 4573 hoc
2215 4520 2407 4588 putatis
2434 4520 2685 4575 mulieres
2730 4535 2850 4576 esse
2894 4521 3030 4575 adeo
3081 4521 3304 4589 molles,
3355 4522 3449 4577 die

1860 4609 2087 4679 quaeso?
2113 4625 2241 4664 num
2270 4626 2334 4664 ex
2363 4612 2482 4665 solo
2505 4612 2673 4665 sexu?
2699 4611 3041 4681 Nequaquam
3064 4654 3078 4676 ,
3107 4612 3199 4665 sed
3246 4628 3309 4667 ex
3359 4614 3441 4666 vi-

1860 4700 2015 4755 vendi
2048 4701 2255 4755 ratione
2306 4710 2357 4756 et
2403 4700 2721 4756 educatione
2753 4720 2768 4756 :
2802 4718 2923 4756 nam
2964 4704 3017 4756 iu
3069 4702 3254 4756 umbra
3305 4703 3443 4759 edu-

1860 4794 2022 4857 catio,
2057 4793 2221 4845 otium
2243 4833 2260 4859 ,
2292 4792 2497 4847 lavacra
2518 4835 2533 4856 ,
2566 4800 2830 4862 unguenta
2852 4834 2869 4859 ,
2900 4793 3182 4847 multitudo
3222 4809 3445 4849 aroma-

1863 4894 1994 4948 tum,
2026 4884 2213 4937 cnbilis
2242 4884 2491 4938 mollities
2520 4898 2612 4938 eas
2637 4884 2769 4937 tales
2792 4882 2977 4938 efﬁcit.
3008 4884 3074 4938 Et
3094 4893 3150 4938 ut
3176 4885 3225 4939 id
3267 4886 3439 4952 scias,

1860 4974 2227 5029 animadverte
2252 4975 2317 5028 ad
2351 4975 2400 5029 id
2432 4975 2571 5045 quod
2602 4975 2743 5030 dico.
2794 4976 2992 5047 Accipe
3033 4976 3161 5031 mihi
3211 4978 3445 5048 plantam

1861 5082 1926 5121 ex
1954 5066 2141 5129 hortis,
2173 5068 2259 5135 qui
2303 5075 2427 5120 sunt
2473 5067 2523 5120 in
2555 5066 2789 5133 deserto,
2817 5076 2872 5122 et
2924 5068 3204 5138 pulsantur
3245 5085 3275 5123 a
3311 5085 3445 5125 ven-

1864 5158 1929 5212 tis
1948 5200 1963 5221 ,
1993 5168 2048 5212 et
2074 5174 2210 5228 pone
2235 5173 2351 5213 eam
2392 5159 2443 5213 in
2476 5159 2596 5213 loco
2624 5158 2842 5215 humido
2866 5169 2921 5216 et
2950 5160 3236 5227 umbroso;
3268 5171 3321 5217 et
3364 5164 3444 5216 in-

1862 5250 2046 5306 venies
2070 5251 2212 5305 illam
2246 5251 2414 5306 multo
2437 5251 2743 5306 inferiorem
2772 5253 2857 5307 illa
2887 5254 3213 5320 conditione,
3244 5269 3309 5309 ex
3341 5270 3442 5325 qua

1864 5357 1979 5398 eam
2005 5343 2277 5413 sumpsisti
2305 5343 2373 5398 ab
2402 5344 2573 5398 initio.
2600 5342 2752 5410 Quod
2775 5355 2953 5401 autem
2981 5347 3083 5402 hoc
3104 5348 3175 5402 sit
3210 5363 3396 5402 verum
3424 5390 3440 5413 ,

1867 5436 2118 5491 mulieres
2145 5452 2265 5504 qum
2293 5436 2510 5489 aluntur
2540 5436 2591 5491 in
2637 5437 2811 5507 agris,
2851 5444 2975 5491 sunt
3017 5436 3266 5494 fortiores
3310 5438 3445 5493 viris

1864 5519 1955 5588 qui
1987 5519 2036 5572 in
2064 5517 2283 5572 urbibus
2314 5518 2587 5586 habitant,
2619 5528 2674 5575 et
2698 5522 2897 5577 multos
2925 5523 3186 5591 ejusmodi
3235 5523 3342 5578 illae
3390 5525 3445 5581 in

1868 5612 2005 5667 lucta
2034 5611 2438 5685 prostraveri‘nt.
2467 5611 2599 5667 Cum
2626 5622 2800 5670 autem
2827 5628 3021 5683 corpus
3053 5613 3246 5671 factum
3284 5614 3445 5671 fuerit

1869 5702 2102 5771 mollius,
2133 5716 2353 5759 necesse
2382 5711 2463 5759 cst
2487 5712 2541 5758 ttt
2569 5703 2747 5761 anima
2769 5718 2981 5777 quoque
2998 5702 3181 5763 damni
3207 5703 3289 5761 fiat
3316 5717 3441 5774 par.
