3926 6406
555 297 654 354 907

555 400 721 464 tice-ps
755 413 768 449 :
801 411 922 451 nam
953 411 1139 467 magna
1167 414 1229 454 ex
1262 411 1412 470 parte
1437 405 1554 472 ejus
1595 408 1934 476 operationes
1969 411 2123 466 simul

553 487 858 543 afficiuntur
883 505 1000 544 cum
1031 490 1174 545 illius
1213 493 1516 550 atfectioue.
1561 495 1772 554 Etenim
1821 501 1873 554 in
1927 503 2126 559 morbis

551 597 736 635 sumus
763 582 876 646 alii,
909 593 1187 651 propterea
1218 587 1359 655 quod
1391 590 1760 657 emolliamur;
1789 603 1842 648 et
1868 610 1988 648 cum
2011 596 2124 650 sani

550 689 753 738 sumus,
786 690 968 730 rursus
987 677 1095 729 alii.
1125 676 1269 732 Sicut
1293 681 1433 734 enim
1466 681 1516 734 iu
1543 683 1760 738 chordis
1785 700 1903 739 cum
1931 685 2128 742 fuerint

549 764 663 817 soni
697 764 884 819 molles
909 774 962 818 et
991 783 1094 819 non
1120 778 1264 822 recte
1289 771 1492 824 extensi
1515 812 1529 834 ,
1558 774 1686 826 artis
1711 789 1921 844 quoque
1959 777 2125 833 virtus

497 903 506 916 ,
554 854 888 921 pra~ciditur,
935 868 1121 912 coacta
1161 861 1362 915 servire
1391 863 1632 916 mollitize
1660 864 1978 922 chordarum
2010 886 2023 923 :
2053 869 2122 926 ita

495 926 504 950 ’
547 944 709 997 etiam
737 945 787 998 iu
815 961 1041 1024 corpore
1067 949 1231 1003 multa
1259 950 1449 1006 damna
1476 953 1543 1008 ab
1571 970 1636 1007 eo
1676 956 1868 1026 accipit
1907 961 2082 1013 anima
2105 999 2122 1027 ,

548 1036 745 1090 inultas
775 1038 1143 1094 necessitates.
1166 1039 1296 1094 Nam
1318 1057 1438 1096 cum
1463 1045 1624 1098 multa
1654 1058 1805 1116 egeat
1828 1050 2121 1118 curatione,

548 1126 638 1181 illa
687 1127 933 1183 acerbam
982 1131 1209 1185 sustinet
1263 1134 1594 1190 servitutem.
1653 1137 1726 1208 (α)
1770 1140 2123 1204 Quamobrem

548 1234 701 1287 rugo,
735 1219 784 1274 id
817 1221 1101 1276 reddamus
1133 1221 1271 1279 forte
1300 1232 1354 1280 et
1389 1225 1664 1280 robustum
1687 1268 1703 1293 ,
1739 1245 1833 1283 nec
1873 1229 2126 1288 faciamus

549 1312 1014 1366 valetudinarium.
1044 1312 1157 1367 Non
1202 1315 1373 1370 solum
1421 1331 1540 1371 cum
1589 1319 1714 1374 viris
1763 1320 1982 1391 loquor,
2028 1324 2123 1379 sed

548 1404 708 1458 etiam
735 1420 855 1459 cum
889 1407 1221 1463 mulieribus.
1256 1407 1366 1464 Cur
1390 1411 1532 1466 enim
1561 1413 1733 1483 ipsum
1759 1417 1972 1472 assidue
2016 1418 2126 1475 dis-

549 1497 713 1550 Salvis
735 1497 940 1553 deliciis
959 1539 974 1563 ,
1006 1500 1249 1570 exileque
1278 1511 1330 1556 et
1359 1501 1632 1558 ﬂaccidum
1661 1506 1807 1571 facis,
1839 1523 1871 1561 ο
1896 1509 2124 1566 mulier?

547 1587 673 1656 quid
693 1590 832 1644 vires
853 1591 1151 1660 corrumpis
1178 1591 1335 1661 adipe
1355 1593 1379 1646 7
1402 1593 1565 1662 adeps
1591 1605 1674 1649 est
1699 1598 1746 1650 ei
1771 1597 1928 1652 etiam
1951 1601 2124 1656 molli-

550 1679 671 1744 ties,
702 1695 806 1734 non
836 1680 1017 1735 robur.
1052 1681 1143 1736 Sin
1171 1693 1346 1738 autem
1374 1683 1456 1740 his
1484 1685 1715 1742 dimissis
1743 1696 1865 1744 tunc
1894 1691 2047 1747 aliter
2073 1702 2126 1750 te

546 1781 878 1840 geras,‘tunc
904 1782 956 1827 et
987 1773 1324 1842 pulchritudo
1353 1778 1596 1847 corporis
1634 1781 1873 1849 procedit
1897 1799 1963 1838 ex
2003 1799 2125 1840 sen—

547 1864 960 1935 tentia,quando
984 1876 1037 1922 et
1071 1869 1211 1923 vires
1250 1869 1515 1926 adfuerint
1542 1882 1596 1927 et
1623 1873 1759 1929 bona
1814 1875 2065 1934 habitudo
2108 1899 2122 1936 :

546 1957 627 2008 sin
651 1965 828 2012 autem
860 1957 1030 2029 ipsum
1061 1960 1207 2016 mille
1234 1963 1433 2018 morbis
1463 1965 1707 2021 obsideas
1728 2010 1743 2034 ,
1776 1985 1874 2024 nec
1898 1972 1996 2025 erit
2026 1973 2124 2028 ﬂos

543 2067 825 2137 corporis,
878 2083 974 2122 nec
1018 2067 1155 2121 bona
1202 2065 1377 2136 aliqua
1410 2063 1698 2127 habitudo;
1728 2075 1939 2130 semper
1984 2062 2128 2114 enim

543 2162 650 2215 eris
683 2159 734 2214 in
768 2160 999 2214 tristitia.

615 2253 669 2307 4.
700 2250 862 2307 Scitis
888 2259 1065 2305 autem
1094 2248 1236 2321 quod
1263 2248 1403 2302 sicut
1425 2245 1704 2317 pulchram
1731 2244 1972 2310 domum,
1998 2257 2121 2297 cum

545 2344 593 2406 ei
623 2358 715 2398 aer
733 2340 999 2406 arriserit,
1029 2340 1206 2396 reddit
1227 2337 1564 2410 Splendidam
1600 2354 1613 2391 :
1644 2337 1714 2391 ita
1735 2335 1892 2390 etiam
1920 2334 2129 2405 specio-

543 2452 664 2492 sum
693 2436 929 2499 vultum,
975 2433 1022 2490 si
1064 2435 1256 2488 anima:
1298 2431 1548 2486 alacritas
1591 2430 1908 2494 accesserit,
1953 2424 2131 2482 reddit

545 2527 823 2582 meliorem
861 2545 874 2581 :
913 2526 994 2580 sin
1038 2533 1215 2580 autem
1248 2524 1318 2579 sit
1345 2523 1399 2578 in
1428 2520 1641 2578 tristitia
1678 2530 1730 2577 et
1768 2534 2038 2585 mmrore,
2069 2517 2128 2572 fit

540 2618 857 2673 deformior.
887 2615 1186 2673 Tristitiam
1221 2614 1393 2669 morbi
1436 2613 1636 2668 faciunt
1661 2623 1714 2668 et
1741 2611 2124 2681 aegritudines;

542 2712 762 2766 morbos
787 2720 965 2765 autem
1007 2708 1152 2772 facit,
1191 2708 1333 2779 quod
1364 2721 1558 2777 corpus
1587 2705 1786 2760 factum
1818 2705 1886 2758 sit
1913 2703 2128 2757 mollius

541 2820 570 2856 a
609 2803 787 2857 multis
817 2801 1044 2858 deliciis.
1092 2799 1452 2868 Quamobrem
1491 2798 1590 2851 hac
1620 2797 1779 2852 etiam
1809 2796 2016 2850 ratione
2046 2793 2126 2848 fu~

540 2897 648 2966 gite
677 2894 917 2964 delicias,
949 2894 992 2950 si
1032 2894 1160 2948 mihi
1191 2891 1444 2948 credatis.
1490 2891 1557 2945 At
1587 2889 1912 2960 voluptatem
1942 2888 2123 2951 habet,

538 2988 730 3058 inquit,
766 2986 1038 3055 indulgere
1065 2985 1225 3056 genio
1265 2993 1319 3039 et
1339 2983 1566 3038 deliciis.
1607 2981 1712 3038 Sed
1746 2997 1852 3035 non
1887 2988 1967 3034 tot
1994 2989 2126 3050 quot

537 3078 830 3134 molestias.
863 3078 1116 3148 Alioquin
1143 3087 1321 3131 autem
1353 3075 1600 3144 voluptas
1620 3084 1702 3128 est
1729 3089 1898 3140 usque
1927 3071 1993 3127 ad
2021 3088 2122 3142 gu—

538 3172 666 3235 lam,
715 3185 884 3240 usque
933 3169 998 3223 ad
1042 3170 1276 3238 linguam
1313 3184 1327 3221 :
1362 3181 1544 3221 mensa
1586 3173 1766 3220 autem
1809 3164 1985 3219 ablata
2033 3173 2125 3219 aut

533 3263 657 3318 cibo
696 3263 974 3329 devorato,
1024 3261 1246 3332 perinde
1277 3275 1338 3316 es
1367 3270 1527 3330 atque
1570 3259 1614 3312 si
1652 3275 1760 3313 non
1800 3257 1969 3314 fueris
2006 3258 2124 3327 ejus

536 3358 838 3426 particeps;
870 3357 977 3411 imo
1005 3371 1132 3410 vero
1158 3355 1313 3424 longe
1341 3353 1595 3417 deterior,
1628 3363 1686 3406 ut
1711 3352 1799 3422 qui
1832 3351 1956 3426 inde
1977 3353 2123 3407 aufe-

535 3465 622 3505 ras
650 3448 1014 3519 gravedinem,
1033 3439 1430 3502 distentionem
1462 3453 1517 3500 et
1546 3443 2034 3514 pandiculatiunem
2066 3453 2122 3498 et

535 3542 808 3612 crapulam
833 3550 889 3596 et
915 3556 1161 3595 somnum
1187 3540 1343 3594 morti
1372 3537 1621 3598 similem,
1647 3551 1791 3606 saepe
1811 3551 1938 3590 vero
1958 3536 2117 3590 etiam

533 3635 765 3705 vigiliam
795 3649 862 3688 ex
889 3633 1170 3688 saturitate
1202 3639 1257 3686 et
1283 3627 1648 3685 obstructione
1673 3625 1892 3696 spiritus
1913 3635 1968 3680 et
1991 3640 2118 3680 eru-

532 3725 767 3780 ctatione
796 3742 811 3778 :
842 3733 892 3779 et
936 3723 1132 3777 millies
1162 3721 1382 3792 quidem
1411 3727 1652 3772 ventrem
1681 3725 1994 3772 exsecratus
2021 3730 2113 3783 es,

533 3833 655 3871 cum
687 3823 933 3885 oporteat
953 3811 1422 3882 intemperantiam
1444 3809 1722 3864 detestari.

602 3905 791 3962 Contra
822 3904 1097 3976 ingluviem
1136 3913 1183 3956 et
1221 3902 1556 3956 saturitatem.
1581 3930 1654 3940 —
1672 3898 1750 3954 Ne
1775 3913 1970 3968 corpus
1989 3913 2117 3968 ergo

532 4000 952 4069 impiuguemus,
979 3996 1074 4051 sed
1103 3995 1386 4049 audiamus
1417 3991 1638 4046 Paulum
1661 3990 1924 4045 dicentem
1957 3988 2117 4045 :Car-

530 4094 611 4146 nis
631 4108 805 4146 curam
827 4107 889 4145 ne
913 4089 1130 4161 feceritis
1151 4087 1218 4140 ad
1237 4083 1665 4153 concupiscentias
1683 4081 1858 4155 (Rom.
1882 4081 1970 4136 15.
2001 4081 2112 4152 14).

533 4184 602 4241 Ut
644 4183 785 4239 enim
815 4183 858 4238 si
890 4182 1010 4252 quis
1039 4179 1188 4234 cibos
1214 4175 1517 4246 acceperit,
1559 4185 1613 4230 et
1643 4174 1696 4228 in
1727 4174 1963 4228 cloacam
1989 4189 2116 4244 pro-

527 4275 740 4347 jecerit,
767 4275 838 4328 ita
883 4272 1043 4328 etiam
1073 4271 1162 4342 qui
1201 4272 1253 4323 in
1284 4277 1528 4322 ventrem
1573 4266 1807 4336 ingerit:
1851 4266 1959 4321 imo
1985 4281 2114 4322 vero

531 4382 639 4421 non
685 4366 754 4420 ita
777 4406 792 4429 ,
823 4363 916 4420 sed
956 4363 1113 4433 longe
1145 4361 1315 4432 pejus.
1348 4359 1479 4414 Nam
1518 4358 1605 4413 hic
1631 4358 1845 4428 quidem
1874 4359 2110 4413 cloacam

530 4456 655 4512 facit
680 4455 881 4524 absque
918 4456 1030 4509 suis
1059 4453 1217 4508 malis
1249 4469 1263 4516 ;
1307 4451 1415 4505 illic
1441 4459 1622 4504 autem
1649 4459 1703 4504 et
1732 4449 1950 4504 morbos
1983 4465 2112 4518 pro-

524 4558 671 4605 creat
690 4541 1272 4602 initumerabiles.Nam
1296 4540 1438 4612 quod
1463 4541 1630 4595 nutrit
1655 4540 1808 4596 estid
1835 4541 1980 4613 quod
1997 4543 2112 4598 sui-

526 4644 657 4702 ticit.
675 4638 818 4712 quod
841 4637 1003 4694 etiam
1028 4643 1202 4704 potest
1229 4633 1488 4701 concoqui
1521 4650 1534 4686 :
1568 4633 1709 4703 quod
1739 4643 1916 4688 autem
1935 4649 2110 4699 usum,

525 4740 814 4804 superatet
828 4740 909 4786 est
929 4729 1046 4798 plus
1059 4741 1216 4798 quam
1243 4740 1338 4795 par
1355 4725 1442 4791 sit,
1465 4739 1569 4779 non
1597 4727 1770 4779 solum
1791 4741 1897 4780 nou
1923 4728 2104 4793 nutrit,

606 4901 677 4960 (η)
699 4900 790 4948 llic
813 4913 1006 4960 quoque
1031 4899 1188 4949 hiatus
1213 4908 1289 4949 est
1323 4900 1370 4950 in
1392 4899 1672 4950 Colbertiuo
1694 4901 1891 4955 Codice.

1222 306 1280 363 S.
1318 303 1594 362 JOANNIS
1627 303 2098 363 CHRYSOSTOMI
2136 305 2452 366 ARCHIEP.
2490 279 3015 364 CONSTANTINOP.

2233 415 2328 472 sed
2348 417 2559 486 corpori
2590 418 2752 472 etiam
2797 431 2991 472 noxam
3028 416 3203 474 affert.
3235 419 3303 474 At
3324 419 3493 476 nullus
3517 425 3619 480 haec
3638 431 3747 487 videt

2235 517 2452 579 propter
2478 509 2695 578 vulgare
2737 508 3103 579 przejudicium
3131 520 3187 566 et
3211 510 3616 582 intempestivam
3635 521 3750 575 volu-

2235 597 2498 668 ptatem.V
2509 600 2553 653 is
2567 616 2762 670 corpus
2788 601 2991 656 nutrire
3006 601 3030 653 ?
3045 611 3260 671 amputa
3291 605 3427 671 quod
3449 605 3688 675 redundat,
3701 612 3748 667 da

2232 691 2372 760 quod
2404 692 2620 759 suflieit,
2641 703 2694 747 et
2723 701 2978 762 quantum
3007 703 3185 763 potest
3208 696 3394 750 confici
3425 707 3476 751 et
3500 705 3714 771 concoqui
3740 725 3749 759 :

2233 784 2342 837 noli
2374 785 2548 854 ipsum
2575 801 2804 855 gravare
2826 828 2842 853 ,
2880 802 2949 842 ue
2982 787 3199 842 obruas.
3241 788 3389 854 Quod
3419 789 3600 846 suflicit
3631 805 3754 853 estet

2232 878 2542 935 alimentum
2577 889 2632 935 et
2673 881 2918 950 voluptas
2948 897 2964 934 :
2995 881 3128 935 nihil
3165 882 3306 936 enim
3333 883 3466 937 adeo
3484 885 3755 945 efficitvoluo

2234 981 2452 1040 ptatem,
2502 982 2560 1027 ut
2590 973 2741 1029 cibus
2773 985 2920 1029 recte
2959 974 3239 1030 cOnfectus
3265 993 3279 1030 :
3311 976 3438 1030 nihil
3477 978 3599 1033 adeo
3630 982 3756 1040 efﬁcit

2232 1062 2555 1127 sanitatem,
2603 1063 2734 1118 nihil
2782 1064 2922 1118 adeo
2959 1079 3184 1120 acumen
3229 1080 3502 1130 sensuum,
3549 1070 3660 1125 nihil
3697 1085 3758 1130 est

2233 1152 2374 1222 quod
2405 1154 2651 1209 morbum
2683 1170 2835 1225 atque
2862 1155 3162 1226 propulset.
3193 1155 3333 1226 Ergo
3353 1157 3490 1227 quod
3513 1159 3684 1216 sufﬁcit
3697 1174 3758 1220 est

2235 1252 2288 1299 et
2315 1245 2628 1300 alimentum
2666 1254 2722 1299 et
2749 1246 2995 1316 voluptas
3035 1257 3089 1302 ct
3118 1249 3318 1303 sanitas
3350 1266 3365 1315 ;
3412 1250 3548 1320 quod
3576 1268 3760 1316 veroest

2236 1337 2357 1406 plus
2400 1352 2560 1408 quam
2605 1353 2701 1407 par
2740 1338 2832 1405 sit,
2875 1348 2959 1394 est
3005 1349 3060 1394 et
3098 1339 3351 1396 damnum
3393 1351 3447 1398 et
3485 1345 3693 1401 molestia
3723 1359 3759 1406 et

2236 1429 2477 1482 morbus.
2509 1427 2642 1483 Nam
2671 1445 2791 1498 qua:
2831 1429 2954 1484 facit
2982 1430 3171 1498 fames,
3203 1431 3327 1488 facit
3352 1436 3511 1490 etiam
3539 1440 3757 1505 saturitas,

2233 1527 2390 1588 atque
2419 1517 2555 1574 adeo
2585 1521 2828 1588 graviora
2859 1538 2872 1574 :
2900 1538 3020 1575 nam
3049 1523 3139 1578 illa
3166 1524 3384 1594 quidem
3417 1529 3589 1596 paucis
3611 1529 3755 1588 diebus

2232 1608 2447 1663 abducit
2472 1619 2522 1662 et
2566 1609 2758 1664 liberat
2798 1610 3068 1666 hominem
3095 1630 3110 1678 ;
3147 1613 3260 1670 haec
3288 1631 3416 1671 vero
3437 1633 3619 1689 corpus
3643 1637 3759 1677 arro-

2233 1699 2365 1754 dcus
2393 1708 2447 1756 et
2476 1700 2835 1770 putrefacieus
2856 1745 2870 1768 ,
2917 1703 3078 1774 longo
3103 1705 3265 1760 tradit
3292 1708 3481 1762 morbo
3502 1752 3516 1775 ,
3544 1720 3591 1764 et
3615 1712 3761 1771 deinde

2233 1793 2391 1846 morti
2440 1793 2791 1862 gravissimtc.
2836 1794 2946 1850 Nos
2989 1808 3167 1851 autem
3210 1796 3406 1854 famem
3447 1801 3646 1871 quidem
3678 1822 3759 1861 rem

2232 1886 2476 1942 ducimus
2503 1886 2940 1956 abominandam,
2970 1888 3036 1943 ad
3068 1889 3409 1946 saturitatem
3436 1908 3560 1949 vero
3593 1896 3759 1954 nimiam

2232 1979 2520 2033 currimus.
2545 1978 2696 2034 Unde
2718 1979 2805 2034 hic
2831 1979 3054 2036 morbus
3079 1981 3102 2035 ἲ
3130 1983 3271 2039 unde
3293 1984 3410 2039 htec
3436 1986 3662 2041 insania?
3680 1990 3762 2047 Nun

2231 2069 2353 2124 dico
2386 2079 2445 2124 ut
2485 2084 2584 2124 nos
2613 2071 2939 2139 cruciemus,
2983 2072 3079 2128 sed
3124 2083 3182 2129 ut
3211 2083 3418 2130 tantum
3453 2079 3760 2147 comedamus,

2233 2173 2290 2218 ut
2315 2171 2370 2218 et
2400 2163 2723 2233 voluptatem
2767 2165 2960 2220 haheat
3000 2182 3121 2237 qua:
3157 2182 3285 2224 vere
3324 2178 3410 2224 est
3451 2170 3702 2240 voluptas,
3726 2187 3762 2229 rt

2232 2254 2400 2326 possit
2419 2269 2614 2325 corpus
2629 2255 2774 2311 alere
2795 2267 2848 2311 et
2874 2256 3102 2313 reddere
3131 2268 3313 2329 aptum
3337 2270 3396 2315 et
3416 2263 3758 2329 concinnatum,

2230 2355 2674 2418 compactumque
2717 2357 2864 2403 recte
2893 2358 2948 2402 et
2974 2351 3328 2420 compositum
3371 2353 3438 2406 ad
3467 2354 3643 2408 anima:
3670 2371 3761 2425 0pc-

2230 2439 2486 2494 rationes.
2512 2438 2736 2506 Quando
2756 2447 2936 2495 autem
2963 2439 3121 2497 fuerit
3149 2443 3377 2499 nimium
3400 2443 3454 2499 in
3483 2444 3534 2499 id
3553 2446 3758 2516 ingestum

2232 2532 2619 2586 nutrimentum
2646 2571 2661 2598 ,
2703 2547 2810 2586 non
2843 2541 3050 2602 potest,
3095 2543 3156 2590 ut
3201 2535 3274 2591 ita
3317 2535 3532 2603 dicam,
3560 2538 3762 2595 clavosct

2254 2621 2566 2676 eomniissas
2587 2636 2874 2694 compages
2896 2626 3124 2681 retinere
3145 2638 3368 2698 propter
3388 2629 3771 2687 redundantiam:

2255 2711 2490 2782 ingressa
2535 2716 2732 2786 quippe
2771 2717 3123 2773 redundantia
3156 2729 3324 2775 totum
3366 2721 3606 2777 dissolvit
3641 2735 3684 2779 et
3702 2725 3773 2779 dif-

2254 2804 2444 2861 fundit.
2477 2806 2686 2874 Carnis,
2729 2809 2927 2879 inquit,
2974 2828 3148 2866 curam
3189 2829 3252 2867 ne
3287 2815 3513 2885 feceritis
3547 2817 3609 2868 ad
3639 2833 3773 2869 concl-

2250 2897 2519 2964 piscentias
2545 2899 2720 2968 (Rom.
2749 2901 2834 2956 15.
2863 2901 2972 2973 14).
2996 2901 3161 2959 Recte
3184 2905 3337 2969 dixit,
3369 2905 3454 2959 Ad
3472 2910 3769 2974 concupiscen-

2248 2988 2378 3052 tias;
2408 2987 2611 3045 delicia:
2637 2991 2778 3045 enim
2809 3002 2936 3048 sunt
2974 2995 3192 3049 materia
3221 2996 3498 3052 obscaenis
3527 2998 3770 3067 cupiditati-

2245 3079 2378 3146 bus;
2429 3082 2637 3137 etiamsi
2687 3083 2732 3138 is
2779 3085 2871 3154 qui
2921 3085 3162 3158 indulget
3209 3087 3423 3144 deliciis
3473 3090 3542 3144 sit
3589 3092 3768 3143 omnium

2246 3174 2476 3230 maxime
2505 3175 2874 3246 phil050phus,
2902 3195 3122 3235 necesse
3141 3189 3222 3235 est
3245 3189 3300 3235 ut
3319 3181 3602 3251 aliquando
3623 3180 3770 3236 allici:-

2243 3273 2328 3318 tur
2353 3281 2383 3320 a
2409 3267 2533 3320 vino
2561 3277 2616 3322 et
2654 3268 2816 3333 cibis,
2848 3285 3070 3326 necesse
3099 3280 3191 3333 est
3235 3283 3292 3326 ut
3332 3272 3670 3338 diﬂ'undatnr,
3703 3290 3769 3329 ne-

2239 3378 2390 3418 cesse
2417 3374 2500 3419 est
2525 3375 2582 3418 ut
2612 3367 2866 3435 majorem
2893 3367 3124 3436 perferat
3147 3367 3443 3422 ﬂammam.
3471 3369 3598 3424 Hinc
3615 3380 3766 3439 stupra,

2241 3455 2364 3510 hinc
2393 3455 2652 3511 adulteria
2679 3475 2690 3511 :
2727 3473 2830 3512 non
2863 3469 3037 3528 potest
3063 3461 3205 3514 enim
3229 3475 3472 3515 amorem
3495 3477 3663 3530 parere
3680 3477 3769 3516 ven-

2239 3555 2319 3600 ter
2359 3547 2635 3612 esuriens,
2684 3547 2790 3602 imo
2829 3565 2958 3605 vero
3004 3565 3103 3606 nec
3145 3551 3191 3606 is
3230 3551 3318 3621 qui
3368 3551 3537 3606 utitur
3573 3567 3630 3606 eo
3664 3550 3766 3622 quod

2234 3637 2466 3704 sufficit;
2497 3640 2585 3709 qui
2614 3655 2744 3694 vero
2773 3642 2908 3709 parit
2937 3640 3218 3696 obsctenas
3249 3642 3555 3711 voluptates
3575 3683 3588 3707 ,
3617 3642 3689 3696 ille
3709 3651 3766 3694 est

2232 3727 2323 3797 qui
2355 3728 2591 3800 indulget
2615 3729 2842 3785 deliciis.
2867 3731 2934 3786 Et
2953 3733 3119 3819 sicut.
3112 3741 3248 3787 terra
3274 3732 3435 3788 valde
3457 3732 3653 3787 humida
3673 3746 3765 3800 pro-

2227 3826 2378 3872 creat
2405 3830 2634 3880 vermes,
2666 3825 2720 3871 et
2747 3817 2906 3872 lituus
2927 3816 3017 3887 qui
3037 3816 3300 3874 nfadescit
3318 3827 3379 3874 et
3410 3820 3624 3874 multum
3650 3817 3768 3872 habet

2229 3908 2542 3974 humorem;
2571 3918 2756 3964 contra
2783 3917 2963 3964 autem
2988 3917 3130 3964 terra
3151 3925 3270 3980 qua:
3291 3919 3376 3965 est
3397 3910 3468 3966 ab
3490 3911 3575 3965 illo
3593 3909 3764 3964 hutnore

2228 4001 2395 4056 libera
2418 4042 2433 4066 ,
2465 4000 2567 4054 fert
2596 4000 2793 4054 multos
2832 4000 3072 4068 fructus,
3103 4016 3223 4057 eum
3262 4001 3398 4057 nihil
3447 4002 3628 4058 habeat
3660 4000 3763 4068 quod

2227 4092 2444 4147 modum
2480 4090 2749 4147 excedat:
2789 4106 2911 4146 nam
2954 4091 3167 4147 etiamsi
3199 4107 3304 4147 non
3352 4094 3583 4157 colatur,
3617 4091 3764 4147 emittit

2226 4183 2482 4251 herbam;
2515 4185 2596 4239 sin
2627 4194 2805 4240 autem
2830 4186 3058 4249 colatur,
3089 4186 3328 4240 fructus:
3359 4187 3435 4242 ita
3463 4202 3557 4242 nos
3581 4199 3760 4255 quoque.

2223 4275 2301 4331 Ne
2330 4276 2490 4346 igitur
2515 4292 2731 4331 carnem
2762 4276 3048 4330 reddamus
3075 4277 3342 4339 inutilem,
3377 4294 3549 4347 neque
3575 4277 3757 4336 noxiam,

2223 4368 2318 4424 sed
2346 4370 2396 4423 in
2425 4385 2484 4424 ea
2513 4369 2814 4439 plantemus
2845 4369 3001 4425 utiles
3028 4369 3233 4425 fructus
3261 4381 3316 4425 et
3342 4371 3566 4427 arbores
3591 4369 3757 4439 frugife-

2223 4477 2332 4523 ras,
2361 4470 2415 4516 et
2443 4476 2696 4515 curemus
2719 4476 2787 4515 ne
2809 4477 2901 4516 eas
2923 4461 3280 4517 dissolvamus
3305 4462 3514 4518 deliciis
3537 4481 3550 4515 :
3579 4479 3678 4516 nam
3701 4461 3757 4512 ha:

2223 4552 2534 4623 putrefacta:
2564 4567 2774 4608 vermes
2799 4567 2896 4621 pro
2933 4553 3191 4608 fructibus
3231 4555 3504 4609 emittunt.
3533 4554 3597 4608 Ita
3635 4555 3752 4607 etim

2222 4645 2400 4698 innata
2430 4644 2713 4713 cupiditas,
2733 4644 2778 4698 si
2803 4659 2920 4698 eam
2952 4644 3327 4710 madefeceris,
3358 4656 3598 4716 procreat
3618 4654 3755 4712 turpes

2220 4736 2538 4805 voluptates,
2569 4736 2677 4790 imo
2703 4735 3057 4805 turpissimas.
3082 4735 3230 4800 Hane
3257 4736 3438 4806 itaque
3460 4737 3594 4791 luem
3619 4734 3752 4790 omni-

2221 4827 2379 4882 modo
2418 4826 2756 4890 auferamus,
2789 4836 2847 4881 ut
2886 4827 3154 4896 possimus
3195 4827 3331 4881 bona
3378 4829 3629 4899 promissa
3653 4840 3753 4880 con-

2217 4919 2391 4986 sequi,
2422 4917 2473 4971 itt
2497 4917 2710 4972 Christo
2739 4915 2866 4972 Jesu
2899 4917 3124 4972 Domino
3150 4927 3352 4982 nostro,
3379 4930 3486 4974 etc.

534 5013 3763 5038 ww

1898 5080 2240 5144 HOMILIA
2298 5081 2511 5144 XXX.

533 5198 659 5256 CAP.
682 5200 769 5256 12.
794 5217 845 5255 ν.
881 5202 967 5256 il.
990 5201 1168 5256 Omnis
1184 5211 1351 5257 autem
1371 5203 1643 5272 disciplina
1669 5203 1720 5256 in
1753 5203 1986 5272 prwscnti
2002 5204 2117 5272 qui-

605 5293 718 5346 dem
747 5293 940 5346 videtur
966 5311 1066 5347 non
1094 5311 1200 5348 esse
1227 5295 1420 5364 gaudii,
1434 5295 1522 5348 sed
1545 5295 1768 5348 mmroris
1786 5309 1807 5358 ;
1827 5305 1997 5364 postea
2018 5312 2118 5347 au-

603 5391 703 5435 tem
730 5386 948 5452 fructum
979 5386 1360 5454 pacatissimam
1389 5386 1668 5438 exercitatis
1695 5402 1786 5455 per
1806 5403 1915 5439 eam
1945 5385 2120 5440 reddet

597 5477 835 5549 justitite.
870 5477 958 5532 η.
995 5476 1217 5547 Propter
1250 5477 1384 5546 quod
1411 5479 1646 5532 remissas
1673 5495 1850 5533 manus
1881 5488 1926 5532 et
1950 5479 2118 5532 soluta

604 5583 771 5637 genua
794 5569 969 5637 erigite
995 5584 1016 5622 :
1044 5568 1130 5623 15.
1155 5578 1202 5622 et
1217 5584 1416 5639 gressus
1442 5578 1600 5622 rectos
1627 5568 1779 5636 facile
1811 5570 2015 5638 pedibus
2036 5585 2120 5624 ve-

603 5658 744 5724 stris,
765 5667 816 5711 ttt
833 5675 934 5713 non
947 5658 1242 5715 claudicans
1257 5659 1369 5730 quis
1385 5660 1699 5730 erret,magis
1714 5668 1880 5712 autem
1891 5668 2114 5713 sanetur.

606 5751 658 5808 1.
688 5751 787 5819 Qui
819 5766 997 5809 amara
1025 5751 1212 5810 bibunt
1251 5751 1638 5810 medicamenta
1659 5791 1672 5817 ,
1717 5751 1863 5822 prius
1903 5751 2115 5822 quidem

2226 5197 2493 5268 quoddam
2537 5195 2715 5250 ferunt
2741 5192 2956 5249 taedium
2991 5200 3047 5248 et
3085 5188 3416 5254 molestiam,
3448 5195 3502 5242 et
3527 5192 3642 5240 tunc
3660 5191 3751 5268 selt-

2227 5267 2366 5344 tinnt
2391 5288 2693 5342 utilitatem.
2723 5285 2868 5341 Talis
2889 5285 3032 5340 enim
3062 5297 3151 5339 res
3176 5290 3260 5336 est
3285 5279 3488 5344 virtus,
3511 5283 3566 5332 et
3585 5272 3674 5328 tale
3691 5267 3750 5320 τί·

2228 5383 2358 5436 tium
2385 5397 2398 5435 :
2425 5381 2591 5450 prima
2615 5378 2829 5450 quidem
2854 5378 2960 5434 illic
2979 5385 3064 5432 est
3081 5374 3348 5445 voluptas,
3373 5369 3567 5429 deinde

2225 5475 2330 5539 dn;
2366 5474 2452 5528 hic
2481 5488 2610 5528 vero
2641 5473 2866 5543 primum
2895 5469 3176 5541 :cgritudo,
3195 5476 3252 5524 et
3268 5480 3393 5524 tunc
3417 5451 3750 5534 volnptatSed

2226 5567 2446 5622 minime
2481 5573 2606 5620 sunt
2639 5564 2784 5634 paria
2809 5581 2823 5618 :
2853 5578 2959 5619 non
2988 5571 3072 5618 est
3095 5561 3238 5617 enim
3268 5574 3381 5631 par,
3407 5571 3530 5613 cum
3553 5545 3748 5609 molestia

2228 5658 2374 5726 prius
2397 5656 2616 5712 affectus
2641 5655 2823 5722 fueris,
2847 5664 3028 5727 postea
3046 5651 3211 5708 laetari
3233 5666 3249 5718 ;
3271 5659 3326 5706 et
3350 5647 3620 5730 cumprius

2229 5715 2309 5805 tua
2324 5749 2453 5804 l'ucr;
2463 5762 2506 5815 s,
2527 5761 2572 5816 pi
2582 5757 2704 5800 talea
2721 5715 2967 5798 itto'lestia
2989 5715 3428 5804 alticLQubtnodo
3441 5730 3466 5784 ἲ
3478 5715 3566 5790 ωε
3581 5715 3749 5795 ⁴1¹¹ίδ⁶¹²²
