3926 6406
212 282 300 340 209

936 265 1004 323 ΙΝ
1042 264 1260 323 EPlST.
1304 266 1395 322 AD
1436 267 1801 327 li’EBR/EOS.
1843 267 1999 325 CAP.
2040 269 2155 326 XII.
2201 270 2436 329 HOMIL.
2477 272 2654 330 XXX.

3317 274 3422 338 2m

208 380 493 461 exspectatio
533 377 723 431 futura:
758 375 991 431 tristitia:
1036 383 1351 444 prmsentem
1380 372 1575 428 minuit
1604 370 1755 426 volu-
1832 376 2244 441 claudicatione,
2274 377 2469 429 malum
2498 376 2721 432 invehit.
2756 374 2914 429 Vides
2969 379 3110 446 quod
3142 378 3193 431 in
3234 390 3413 435 nostra

209 491 404 557 ptatcm;
424 471 525 526 illic
540 475 714 523 autem
738 466 1067 538 exspectatio
1090 465 1279 520 futura:
1302 465 1501 520 lzetitia:
1520 461 1757 520 detrahit

205 556 260 633 de
275 563 583 628 vehementia
608 559 800 632 prioris
824 559 988 614 animi
1007 557 1338 629 aegritudinis
1361 556 1533 623 :adeo
1554 565 1608 610 ut
1629 570 1759 610 con-

205 670 351 735 tingat
374 658 474 713 illic
494 653 704 725 quidem
734 666 1021 721 numquam
1057 650 1249 714 laetari,
1282 648 1366 703 hic
1394 658 1573 703 autem
1604 663 1757 701 num-

200 770 340 829 quam
360 747 562 805 tristitin
583 744 747 799 afﬁci.
766 742 881 798 Non
901 742 1073 799 solum
1089 753 1269 796 autem
1298 742 1399 796 hac
1420 740 1649 807 ratione,
1665 738 1757 795 sed

203 850 345 905 etiam
362 841 456 896 alia
483 848 565 893 est
588 833 911 891 diﬁ‘erentia.
930 834 1247 900 Quomodo?
1274 832 1478 901 Nempe
1497 832 1640 902 quod
1668 846 1762 886 nc-

201 954 291 1010 quc
310 934 444 1005 paria
460 939 581 985 sunt
605 938 869 998 tempera,
884 928 975 981 sed
1004 927 1157 997 longe
1176 927 1377 994 majora
1402 935 1455 979 et
1479 924 1757 994 ampliora.

203 1031 288 1085 llic
312 1034 478 1080 autem
502 1028 582 1075 est
604 1020 766 1075 etiam
804 1017 1004 1087 aliquid
1026 1016 1251 1086 amplius
1278 1015 1331 1069 iu
1375 1014 1759 1084 spirituaiibus.

200 1124 274 1181 Ah
289 1121 384 1174 hoc
405 1128 529 1185 ergo
545 1112 745 1169 Paulus
761 1121 986 1166 conatur
1011 1107 1434 1181 consolationem
1452 1106 1654 1160 alierre
1674 1121 1687 1168 ;
1710 1114 1761 1159 et

202 1221 467 1270 commune
493 1219 685 1260 rursus
710 1203 936 1257 assumit
957 1200 1241 1270 judicium,
1269 1197 1355 1250 cui
1382 1197 1560 1251 nullus
1591 1205 1765 1264 potest

200 1305 450 1363 [δείδιθι-ε,
466 1311 649 1366 neque
663 1310 782 1350 cum
795 1291 1061 1349 communi
1082 1304 1317 1361 pugnare
1327 1288 1588 1344 sententia
1598 1328 1611 1341 .
1632 1286 1764 1342 Nam

202 1411 310 1452 cum
338 1392 533 1448 dixerit
553 1389 675 1460 quis
698 1386 749 1442 id
775 1386 843 1441 de
865 1399 971 1456 quo
999 1392 1211 1441 constat
1239 1381 1380 1452 apud
1404 1395 1613 1446 omnes,
1637 1394 1767 1436 eon-

200 1499 421 1555 srntinnt
441 1502 650 1547 omnes,
670 1494 723 1537 et
741 1496 898 1536 nemo
912 1475 1259 1532 contradicat.
1280 1471 1535 1529 Mmretis,
1560 1468 1726 1534 inquit
1747 1482 1758 1516 :

202 1592 293 1645 hoc
318 1580 609 1641 secundum
636 1575 897 1632 rationem
927 1578 1010 1627 est
1034 1586 1047 1620 :
1074 1567 1199 1622 talis
1225 1565 1368 1619 enim
1390 1575 1479 1615 res
1500 1569 1583 1613 est
1603 1556 1764 1611 disci-

201 1680 351 1751 plina,
380 1676 484 1727 tale
512 1670 671 1724 habet
698 1663 1036 1736 principium.
1070 1658 1193 1712 ideo
1222 1656 1302 1709 sic
1330 1652 1507 1751 intulit
1537 1668 1550 1703 :
1588 1647 1765 1702 Omnis

196 1744 350 1824 autem
384 1761 658 1831 disciplina
702 1758 755 1810 in
796 1752 1031 1825 prasenti
1068 1748 1271 1821 quidem
1304 1744 1496 1799 videtur
1528 1757 1629 1793 non
1662 1753 1767 1791 esse

196 1858 391 1933 gaudii,
425 1852 517 1908 sed
555 1848 802 1905 mmroris.
834 1845 998 1901 Recte
1029 1841 1195 1902 dixit,
1232 1837 1352 1905 Non
1395 1834 1628 1933 videtur:
1662 1844 1765 1883 non

195 1924 324 2005 enim
356 1950 439 2001 cst
482 1940 764 2008 disciplina
810 1934 1093 1995 maeroris,
1137 1928 1231 1985 sed
1272 1936 1474 1980 tantum
1514 1924 1762 1976 videtur:

198 2050 294 2091 non
317 2034 428 2086 haec
451 2029 675 2103 quidem
694 2026 928 2087 videtur,
950 2025 1038 2093 illa
1068 2036 1200 2087 non,
1223 2020 1318 2076 sed
1338 2016 1517 2074 omnis
1541 2032 1555 2071 :
1586 2012 1771 2067 Omnis

196 2126 327 2181 enim
356 2121 644 2193 disciplina
674 2136 776 2174 non
805 2118 1009 2172 videtur
1047 2130 1161 2169 esse
1208 2109 1420 2181 gaudii,
1466 2106 1555 2162 sed
1586 2119 1772 2158 maero-

196 2218 292 2280 ris;
320 2216 369 2270 id
402 2222 511 2279 est,
535 2221 591 2269 et
622 2213 857 2268 humana
883 2219 936 2264 et
960 2205 1277 2278 spiritualis.
1307 2200 1473 2256 Vides
1496 2213 1621 2253 eum
1645 2211 1775 2251 con-

193 2309 403 2365 tendere
422 2322 491 2361 ex
515 2303 902 2361 communibus
934 2296 1287 2355 nonionibus?
1320 2289 1771 2359 Videtur,inquit,

192 2420 294 2457 esse
339 2400 589 2455 maeroris
626 2413 644 2451 :
680 2397 865 2466 itaque
915 2409 1022 2448 non
1061 2400 1161 2448 est.
1201 2387 1336 2456 Quis
1382 2384 1529 2441 enim
1572 2394 1777 2435 mteror

190 2494 321 2564 parit
364 2476 669 2563 gaudium?
713 2486 907 2542 Nullus
951 2503 965 2539 :
1009 2486 1149 2540 sicut
1196 2497 1295 2547 nec
1330 2478 1585 2548 voluptas
1631 2474 1775 2545 parit

191 2583 349 2637 animi
386 2578 771 2651 aegritudinem
802 2584 857 2632 et
883 2574 1159 2629 tristitiam
1181 2570 1277 2643 (α).

254 2671 559 2742 Disciplina:
575 2667 727 2722 bona.
741 2694 812 2706 --
826 2663 1012 2717 Postea
1028 2670 1191 2714 autem
1210 2663 1405 2730 fructus
1426 2657 1775 2728 pacatissimos

187 2764 343 2817 reddit
384 2761 446 2813 iis
473 2760 570 2829 qui
600 2774 691 2829 per
719 2757 884 2825 ipsam
925 2761 1039 2806 sunt
1081 2749 1341 2805 exercitati
1373 2748 1609 2821 justitiw.
1655 2746 1772 2801 Non

186 2853 441 2912 fructum,
489 2847 594 2903 sed
640 2847 843 2902 fructus
872 2844 1040 2908 dixit,
1082 2856 1327 2911 magnam
1374 2839 1771 2895 multitudinem

182 2942 507 3012 signiﬁcans.
551 2937 657 2991 Per
683 2938 849 3006 ipsam
889 2932 1207 2995 exercitatis,
1239 2930 1440 3001 inquit;
1474 2929 1525 2986 id
1554 2938 1676 2992 est,
1708 2929 1773 2983 iis

182 3038 265 3104 qui
296 3034 460 3102 longo
491 3041 740 3099 tempore
766 3026 1138 3081 sustinuerunt
1180 3031 1235 3076 et
1261 3022 1579 3076 tolerarunt.
1613 3020 1774 3075 Vides

182 3137 235 3181 ut
268 3127 433 3181 etiam
484 3124 636 3177 bono
665 3120 829 3191 verbo
870 3125 954 3173 est
1001 3116 1169 3171 usus?
1210 3115 1499 3184 Disciplina
1524 3129 1650 3183 ergo
1690 3122 1775 3169 est

180 3217 522 3281 exercitatio,
562 3213 759 3269 fortem
780 3209 1011 3266 reddens
1040 3208 1295 3263 athletam
1317 3246 1332 3271 ,
1363 3215 1419 3262 ct
1444 3206 1694 3261 invictum
1719 3206 1774 3260 in

176 3309 605 3374 certaminibus,
637 3316 690 3360 et
731 3306 785 3359 in
827 3303 981 3358 bellis
1028 3299 1514 3370 inexpugnabilem.
1558 3298 1618 3354 Si
1644 3314 1775 3368 ergo

179 3405 347 3458 omnis
388 3400 689 3469 disciplina
734 3396 1018 3461 estitalis,
1068 3394 1185 3448 haec
1230 3407 1441 3463 quoque
1487 3392 1589 3447 erit
1634 3392 1774 3446 talis.

175 3496 548 3564 Quamobrem
580 3492 722 3547 bona
744 3498 870 3545 sunt
896 3485 1276 3556 exspectanda,
1298 3494 1353 3540 et
1368 3484 1636 3554 jucundus
1658 3484 1777 3539 linis

176 3605 235 3643 ac
268 3596 521 3658 pacatus.
559 3583 675 3639 Nec
704 3584 915 3637 mireris
944 3580 988 3634 si
1017 3594 1138 3635 cum
1166 3579 1236 3633 sit
1260 3577 1414 3643 dura,
1449 3577 1650 3632 fructus
1676 3576 1775 3631 ha-

172 3682 294 3736 beat
322 3680 524 3735 dulces
552 3694 570 3731 :
605 3691 726 3732 nam
754 3675 915 3729 etiam
946 3673 999 3726 in
1044 3671 1324 3727 arboribus
1351 3680 1533 3727 cortex
1560 3669 1776 3741 quidem

174 3782 253 3827 cst
283 3788 461 3843 prope
497 3769 684 3825 omnis
722 3780 915 3835 expers
939 3765 1211 3835 qualitatis
1255 3773 1311 3821 et
1348 3779 1526 3834 asper,
1570 3764 1778 3819 fruetus

170 3877 350 3920 autem
374 3871 516 3918 sunt
552 3860 767 3916 dulces.
798 3856 902 3913 Sed
930 3857 1035 3911 hoc
1058 3855 1266 3925 accepit
1289 3869 1355 3910 ex
1377 3857 1648 3911 communi
1679 3872 1779 3911 n0-

177 3958 342 4011 tione.
371 3954 433 4010 Si
464 3958 692 4025 oportet
721 3962 849 4019 ergo
876 3948 998 4002 talia
1022 3955 1363 4015 exspectare,
1391 3946 1514 4015 quid
1542 3946 1779 4002 doletis?

167 4064 262 4101 cur
286 4062 416 4102 cum
446 4044 687 4099 molesta
717 4038 1099 4101 sustinueritis,
1129 4037 1183 4092 in
1213 4038 1365 4095 bonis
1389 4037 1581 4107 ignavo
1609 4046 1665 4093 et
1688 4052 1778 4093 re-

170 4138 338 4191 misso
369 4137 574 4190 animo
603 4132 767 4190 estis?
815 4128 1106 4200 lnjucunda
1131 4169 1146 4195 ,
1193 4144 1321 4198 qua:
1339 4140 1497 4184 erant
1523 4130 1739 4187 ferenda
1760 4173 1777 4199 ,

172 4222 525 4275 sustinuistis
556 4237 573 4273 :
610 4236 677 4275 ne
705 4220 876 4290 ignavi
902 4234 1032 4290 ergo
1059 4230 1113 4275 et
1142 4221 1351 4275 remissi
1393 4223 1517 4276 sitis
1539 4227 1679 4279 circa
1708 4242 1794 4281 rc-

172 4314 654 4365 munerationem.
687 4310 906 4377 Propter
932 4310 1070 4380 quod
1093 4312 1327 4367 remissas
1356 4328 1537 4367 manus
1557 4324 1604 4367 et
1628 4330 1792 4385 genua

169 4401 366 4455 debilia
394 4404 619 4473 erigite,
652 4413 700 4455 et
726 4419 926 4472 gressus
952 4411 1114 4456 rectos
1149 4402 1304 4470 facile
1340 4402 1551 4472 pedibus
1577 4408 1751 4459 vestris
1774 4447 1789 4471 ,

168 4502 223 4543 ut
250 4511 355 4546 non
390 4493 714 4546 claudicans
738 4492 848 4563 quis
874 4502 1024 4554 erret,
1056 4492 1219 4561 ntagis
1244 4502 1409 4545 autem
1436 4504 1661 4548 sanetur.
1690 4495 1794 4550 Eos

172 4594 461 4654 tamquam
494 4598 757 4639 cursores
784 4583 1074 4651 alloquitur
1099 4592 1154 4637 et
1180 4583 1382 4653 pugiles
1408 4594 1462 4640 et
1488 4585 1791 4642 bellatores.

171 4673 339 4730 Vides
358 4673 656 4745 quomodo
679 4689 771 4728 eos
792 4685 983 4741 armet,
1001 4673 1268 4744 quomodo
1285 4689 1379 4729 eos
1394 4675 1589 4731 excitet
1607 4675 1795 4731 ἵσταο-

165 4784 272 4833 sus,
306 4769 535 4838 inquit,
569 4775 729 4820 rectos
754 4767 944 4836 facile;
972 4766 1023 4820 id
1054 4775 1156 4831 est,
1185 4778 1333 4821 recte
1361 4768 1652 4824 ambulate.
1696 4769 1794 4825 Hic

166 4857 302 4911 dicit
331 4858 406 4912 de
437 4856 586 4927 ipsis
607 4856 1052 4927 cogitationibus:
1078 4866 1225 4912 recte
1244 4858 1532 4923 ambulate,
1563 4860 1665 4915 hoc
1685 4870 1789 4927 est,

168 4963 277 5001 non
313 4947 672 5003 dubitantes.
707 4948 761 5003 Si
789 4948 932 5002 enim
964 4948 1241 5026 disciplina
1265 4957 1351 5003 est
1385 4964 1449 5003 ex
1474 4951 1717 5019 caritate,
1749 4954 1793 5007 si

168 5039 365 5107 incipit
390 5056 423 5093 a
453 5054 624 5103 cura,
645 5040 689 5093 si
712 5038 905 5093 desinit
933 5039 983 5092 in
1011 5039 1210 5094 bonum
1237 5040 1398 5107 linem
1422 5059 1435 5094 :
1457 5041 1559 5098 hoc
1582 5044 1724 5097 enim
1742 5055 1793 5099 et

169 5143 268 5196 per
287 5145 403 5197 res,
428 5140 487 5184 et
511 5146 614 5199 per
634 5129 815 5195 verba,
836 5139 889 5205 et
911 5145 1004 5199 per
1028 5129 1209 5184 omnia
1224 5131 1491 5185 ostendit:
1510 5147 1605 5187 cur
1620 5133 1793 5203 ignavi

168 5221 305 5275 estis
335 5234 396 5276 et
426 5220 702 5276 remissi?
729 5221 860 5275 tales
877 5222 1017 5275 enim
1046 5229 1173 5277 sunt
1194 5222 1281 5292 qui
1312 5206 1544 5303 animum
1566 5223 1795 5294 despum-

170 5311 401 5378 derunt,
429 5313 531 5382 qui
573 5328 638 5368 ne
676 5312 971 5367 futurorum
1002 5313 1217 5384 quidem
1249 5328 1345 5383 spe
1390 5316 1790 5373 conﬁrmantur.

171 5400 358 5467 Recte,
396 5403 610 5471 inquit,
652 5404 905 5458 ambulate
930 5420 948 5457 :
980 5413 1037 5458 ut
1081 5420 1187 5458 non
1227 5404 1541 5461 extendantur
1590 5406 1793 5463 claudi-

170 5496 358 5558 catio,
389 5495 498 5551 sed
540 5504 777 5551 mutetur
823 5495 885 5551 ad
914 5497 1130 5568 priora:
1159 5511 1282 5551 nam
1324 5498 1414 5566 qui
1466 5499 1630 5554 currit
1672 5514 1793 5555 cuni

251 5708 331 5773 (u)
367 5707 473 5757 IIic
502 5716 710 5768 prorsus
733 5703 895 5756 deﬁcit
919 5703 1115 5769 humilia
1139 5705 1388 5769 trigesima
1411 5710 1459 5755 ln
1478 5705 1612 5759 Coll).

1834 467 1904 521 sit
1932 474 2197 538 potestate
2239 474 2299 521 ut
2334 468 2625 521 curemur?
2652 468 2738 543 11.
2790 466 2972 521 Pacem
3010 468 3273 535 sequimini
3302 487 3418 524 cum

1836 560 2064 612 onmibus
2089 568 2136 612 et
2162 557 2568 622 sanctimoniam,
2592 558 2701 611 sine
2729 573 2829 629 qua
2858 572 3004 611 nemo
3023 558 3203 612 videbit
3235 560 3415 615 Domi-

1836 666 1979 704 num.
2003 647 2155 716 Quod
2181 647 2391 703 dicebat
2410 648 2656 717 superius
2681 666 2696 703 :
2727 647 2845 701 Non
2864 648 3143 703 deserentes
3164 650 3419 705 collectio-

1838 758 1950 796 nem
1970 756 2057 794 seu
2072 744 2508 811 congregationem
2524 749 2747 792 nostram
2764 738 2949 811 (Hebr.
2974 740 3063 795 10.
3076 741 3192 811 25),
3218 742 3316 797 hoc
3334 743 3420 796 hie

1838 846 2049 903 qucque
2078 830 2235 885 tacite
2262 829 2540 899 signiﬁcat.
2561 829 2701 883 Nihil
2721 830 2863 883 enim
2888 830 2953 885 ad
2980 834 3338 901 superandum
3367 846 3422 889 et

1838 922 2251 993 expugnandum
2282 931 2385 976 tam
2415 921 2593 976 faciles
2623 920 2749 975 facit
2774 921 2826 974 in
2855 923 3234 977 tentationibus
3260 941 3419 995 quain

1840 1032 1957 1072 esse
1983 1016 2239 1073 divulsus.
2273 1014 2339 1068 Et
2367 1014 2489 1068 vide
2512 1012 2782 1083 quomodo
2812 1029 2826 1065 :
2853 1012 3128 1083 disrumpe
3166 1017 3333 1071 aciem
3366 1020 3418 1071 in

1841 1109 1982 1165 bello
2002 1125 2017 1173 ;
2040 1116 2095 1163 et
2114 1108 2377 1168 nelabore
2392 1105 2605 1175 quidem
2626 1120 2761 1173 opus
2786 1104 3053 1160 habebunt
3078 1106 3303 1172 inimici,
3329 1109 3423 1162 sed

1840 1214 1935 1253 eos
1960 1200 2167 1253 vinctos
2196 1196 2412 1265 capient
2432 1195 2719 1264 separatim
2743 1196 3011 1261 inventos,
3042 1206 3096 1250 et
3120 1211 3182 1251 ea
3216 1199 3426 1253 ratione

1844 1290 2240 1347 imbecilliores.
2271 1288 2479 1353 Pacem,
2505 1288 2696 1356 inquit,
2725 1287 2991 1357 sequimini
3020 1304 3135 1340 cum
3158 1290 3420 1344 omnibus.

1846 1384 1984 1453 Ergo
2020 1383 2182 1437 etiam
2211 1396 2336 1435 cum
2360 1380 2427 1433 iis
2447 1379 2536 1448 qui
2569 1379 2708 1432 male
2746 1385 2932 1447 agunt.
2978 1377 3091 1433 Hoc
3116 1379 3277 1434 etiam
3303 1382 3427 1436 alibi

1849 1475 2016 1530 dicit:
2042 1473 2103 1528 Si
2148 1472 2258 1540 ﬁeri
2289 1480 2477 1540 potest,
2504 1469 2638 1540 quod
2665 1470 2720 1523 in
2760 1469 2906 1523 vobis
2936 1480 3027 1533 est,
3059 1486 3174 1523 cum
3202 1474 3430 1528 omnibus

1847 1567 2131 1621 hominibus
2162 1581 2335 1634 pacem
2364 1564 2602 1615 habentes
2634 1560 2808 1626 (liam.
2832 1561 2918 1615 19..
2942 1561 3058 1631 18).
3087 1561 3239 1629 Quod
3266 1566 3330 1619 ad
3357 1574 3427 1631 te,

1824 1656 2260 1727 _inquit,attinet,
2281 1660 2461 1724 pacem
2482 1668 2601 1721 age,
2631 1651 2881 1721 pietatem
2912 1652 3044 1707 nihil
3070 1654 3305 1721 imdens,
3336 1658 3429 1711 sed

1850 1749 1902 1803 in
1933 1749 2014 1803 eis
2043 1763 2161 1817 qua:
2184 1747 2382 1817 pateris
2406 1759 2469 1800 ea
2494 1746 2573 1799 ler
2599 1744 2722 1799 forti
2751 1753 2805 1799 et
2833 1760 3093 1815 generoso
3113 1749 3311 1803 animo.
3343 1750 3434 1803 Est

1844 1840 1988 1896 enim
2008 1840 2267 1892 malorum
2289 1837 2584 1895 tolerantia,
2601 1850 2787 1905 magna
2804 1852 2971 1901 arma,
2985 1838 3035 1891 in
3057 1841 3433 1895 tentationihus

1875 1949 2121 2000 magnum
2174 1934 2496 2004 prmsidinm.
2530 1934 2619 1989 Sic
2670 1935 2833 1989 etiam
2881 1932 3127 1989 Christus
3155 1934 3446 2001 discipulus

1871 2038 1999 2078 suos
2027 2026 2189 2079 fortes
2212 2023 2457 2088 faciebat,
2485 2024 2704 2080 dicens:
2737 2026 2870 2080 Ecce
2897 2027 3039 2079 mitto
3069 2042 3155 2079 vos
3191 2034 3448 2093 tamquam

1872 2133 1983 2171 oues
2027 2118 2079 2170 in
2115 2118 2279 2170 medio
2324 2118 2557 2183 luporum
2601 2135 2622 2173 :
2658 2128 2815 2173 estote
2846 2132 2962 2188 ergo
3005 2117 3274 2186 prudentes
3320 2116 3449 2169 sinit

1871 2219 2143 2275 serpentes,
2167 2218 2211 2262 et
2227 2207 2479 2275 simplices
2509 2211 2639 2264 sicut
2665 2210 2907 2265 columba
2943 2211 2960 2280 (
2987 2209 3174 2263 Matth.
3199 2208 3283 2263 10.
3317 2209 3384 2261 16
3409 2218 3446 2276 ).

1873 2300 2007 2367 Quid
2054 2300 2225 2363 dicis,
2284 2300 2336 2355 in
2393 2301 2569 2357 medio
2621 2303 2866 2371 luporum
2923 2314 3146 2364 sumus,
3204 2308 3260 2354 et
3312 2300 3452 2352 sicut

1872 2406 1998 2444 oves
2034 2406 2133 2445 nos
2169 2406 2290 2446 esse
2329 2392 2506 2461 jubes,
2545 2403 2600 2448 et
2646 2393 2784 2447 sicut
2824 2392 3150 2447 columbas?
3196 2389 3445 2454 Maxime,

1876 2482 2065 2552 inquit,
2120 2499 2242 2537 nam
2284 2500 2404 2538 eum
2433 2487 2520 2553 qui
2552 2486 2693 2539 male
2722 2484 2846 2540 facit
2867 2528 2881 2550 ,
2911 2485 3043 2540 nihil
3081 2484 3216 2539 adeo
3247 2483 3449 2553 pudore

1872 2571 2069 2635 aflicit,
2101 2581 2159 2627 ut
2189 2574 2401 2642 quando
2449 2588 2548 2627 nos
2590 2573 2795 2628 fortiter
2822 2572 3056 2628 feramus
3082 2588 3144 2628 ea
3172 2588 3290 2643 qua:
3321 2569 3451 2625 inle-

1874 2672 2094 2730 runtur,
2123 2674 2176 2718 et
2204 2680 2376 2733 neque
2407 2666 2571 2718 verbo
2590 2676 2768 2735 neque
2797 2664 2936 2719 facto
2967 2680 3068 2720 nos
3096 2664 3440 2719 ulciscantur.

1875 2754 1985 2811 lloc
2032 2766 2084 2811 et
2129 2772 2225 2812 nos
2254 2758 2428 2813 reddit
2470 2758 2649 2827 magis
2686 2756 3068 2827 philosophos,
3101 2766 3157 2812 et
3186 2756 3444 2824 majorem

1872 2849 2120 2905 cmieiliat
2144 2851 2469 2916 mercedem,
2504 2860 2558 2906 et
2606 2851 2725 2906 illos
2752 2852 2923 2922 juvat.
2950 2854 3018 2905 At
3047 2851 3133 2906 hic
3164 2851 3247 2906 vel
3278 2850 3370 2905 ille
3397 2856 3451 2905 te

1873 2941 2049 2997 affecit
2078 2944 2446 2999 contumelia?
2486 2953 2542 2999 tu
2572 2958 2700 3000 vero
2743 2961 2867 2999 eum
2902 2946 3056 3001 bonis
3103 2959 3449 3014 prosequere.

1880 3032 2013 3088 Vide
2047 3050 2203 3105 quam
2249 3037 2414 3090 multa
2460 3050 2524 3091 ex
2574 3052 2640 3092 eo
2679 3038 2754 3092 sis
2803 3038 3217 3092 luerit‘aeturus:
3247 3037 3448 3091 malum

1872 3127 2173 3180 exstinxisti
2196 3167 2210 3193 ,
2241 3129 2540 3183 mercedem
2574 3128 2667 3182 tibi
2695 3128 3013 3194 conciliasti,
3053 3127 3200 3182 illum
3251 3127 3452 3195 pudore

1873 3215 2117 3283 all'eeisti,
2151 3217 2283 3272 nihil
2326 3232 2385 3273 es
2414 3233 2603 3287 passus
2626 3234 2806 3287 grave.
2834 3218 3020 3272 Pacem
3041 3219 3307 3290 sequimini
3330 3230 3446 3271 cum

1876 3307 2104 3361 omnibus
2142 3318 2191 3360 et
2234 3310 2641 3363 sanctimoniam.
2676 3309 3081 3365 Sanctimoniam
3123 3309 3249 3379 quid
3279 3309 3449 3363 dicit?

1876 3398 2327 3469 Temperantiam,
2353 3402 2684 3459 honestatem
2702 3404 2755 3459 in
2780 3403 3138 3459 matrimonio.
3163 3402 3287 3458 Sive
3309 3403 3457 3472 quis-

1877 3489 2038 3559 piam,
2071 3492 2259 3562 inquit,
2287 3508 2392 3549 non
2416 3494 2486 3551 sit
2509 3495 2727 3565 junctus
2746 3495 3107 3562 matrimonio,
3129 3505 3309 3550 castus
3335 3510 3456 3550 ma-

1876 3593 2019 3649 neat,
2054 3598 2272 3641 uxorem
2312 3586 2470 3642 ducat
2514 3604 2528 3641 :
2575 3588 2688 3643 sive
2727 3588 2797 3643 sit
2833 3587 3047 3658 junctus
3091 3589 3451 3653 matrimonio,

1878 3688 1985 3727 non
2016 3684 2286 3732 scortetur
2312 3720 2326 3743 ,
2359 3677 2452 3733 sed
2490 3692 2659 3733 uxore
2707 3688 2888 3733 utatur
2918 3698 2933 3735 :
2962 3696 3083 3734 nam
3112 3679 3214 3735 hoc
3242 3694 3454 3751 quoque

1877 3775 1959 3819 est
2002 3767 2370 3823 sanctiﬁcatio.
2416 3768 2734 3835 Quomodo?
2772 3770 2888 3825 Non
2927 3780 3011 3826 est
3054 3772 3454 3827 matrimonium

1876 3844 2394 3923 sanctiﬁcatio’lrsed
2418 3861 2819 3917 matrimonium
2844 3873 3126 3919 conservat
3154 3864 3455 3921 sanctiﬁca-

1881 3950 2077 4007 tionem
2104 3968 2223 4022 quae
2240 3953 2480 4021 procedit
2499 3968 2527 4007 a
2554 3954 2679 4019 ﬁde,
2710 3970 2815 4009 non
2845 3956 3027 4010 sinens
3055 3957 3306 4029 conjungi
3328 3972 3449 4012 cum

1880 4045 2179 4102 meretrice.
2207 4044 2604 4102 Matrimonium
2635 4049 2778 4103 enim
2806 4056 2888 4104 est
2918 4047 3230 4105 honorabile
3263 4050 3452 4122 (Hebr.

1879 4134 1966 4191 15.
1996 4136 2075 4203 tt),
2119 4152 2224 4191 non
2255 4150 2501 4193 sanctum
2532 4155 2762 4208 :purum
2788 4149 2870 4196 est
2894 4142 3312 4208 matrimonium,
3344 4159 3449 4197 non

1875 4232 2050 4278 tamen
2078 4227 2280 4290 praebet
2305 4228 2471 4281 etiam
2495 4228 2832 4283 sanctitatem
2856 4271 2870 4293 ,
2903 4230 3006 4285 nisi
3035 4234 3176 4299 quod
3205 4235 3454 4302 prohibet

1872 4325 1979 4368 non
2005 4315 2246 4384 polluere
2274 4330 2394 4370 eam
2423 4332 2541 4385 qua:
2582 4317 2704 4373 data
2744 4330 2826 4374 est
2850 4334 2879 4374 a
2910 4319 3033 4374 ﬁde.
3066 4320 3193 4376 Sine
3218 4340 3336 4393 qua,
3374 4325 3454 4377 in-

1872 4406 2007 4473 quit,
2038 4420 2184 4459 nemo
2210 4406 2706 4463 videbitDominum.
2729 4410 2882 4478 Quod
2915 4413 3073 4467 etiam
3100 4415 3231 4469 dicit
3255 4417 3304 4469 in
3330 4417 3455 4486 Epi-

1873 4498 2011 4552 stola
2041 4497 2106 4551 ad
2137 4496 2442 4553 Corinthios
2473 4517 2485 4553 :
2516 4499 2691 4555 Nolite
2727 4519 2896 4556 errare
2922 4519 2942 4558 :
2962 4521 3119 4575 neque
3142 4508 3407 4577 farnicarii
3437 4551 3451 4573 ,

1874 4605 2032 4659 neque
2050 4591 2201 4644 idolis
2226 4592 2511 4659 servientes,
2536 4610 2693 4664 neque
2722 4595 3055 4649 masculorum
3081 4600 3422 4654 concubitores
3439 4644 3452 4667 ,

1873 4698 2032 4752 neque
2047 4685 2206 4747 avari,
2225 4701 2383 4753 neque
2397 4688 2551 4757 fures,
2572 4703 2727 4758 neque
2739 4687 2938 4751 ebriosi,
2957 4704 3113 4759 neque
3124 4691 3451 4756 detractores,

1874 4793 2032 4847 neque
2060 4786 2291 4845 raptores
2318 4792 2530 4848 regnum
2556 4776 2661 4830 Dei
2682 4779 3007 4847 possidebunt
3037 4780 3125 4854 (1.
3153 4780 3268 4837 Cor.
3303 4784 3352 4837 ϐ.
3389 4786 3444 4839 9.

1877 4871 2002 4941 10).
2031 4869 2311 4936 Quomodo
2328 4870 2469 4925 enim
2494 4870 2580 4939 qui
2604 4886 2798 4940 corpus
2826 4872 2995 4927 laetus
3024 4880 3107 4929 est
3132 4880 3453 4946 meretricis,

1877 4964 2071 5031 poterit
2099 4977 2218 5017 esse
2238 4976 2432 5032 corpus
2458 4959 2655 5016 Christi
2687 4961 2843 5032 (Ibid.
2876 4982 2923 5018 υ.
2958 4965 3086 5037 15)?
3116 4967 3200 5023 15.
3224 4954 3458 5025 Conterit;

1877 5052 2073 5121 pientes
2097 5068 2159 5106 ne
2184 5052 2293 5122 quis
2315 5053 2441 5105 desit
2465 5054 2643 5122 gratiae
2663 5051 2758 5106 Dei
2787 5069 2806 5108 :
2834 5072 3007 5122 nequa
3032 5059 3181 5114 radix
3204 5065 3454 5117 nntaritu-

1877 5144 2012 5197 dinis
2066 5142 2330 5197 desursum
2376 5142 2656 5213 impertiat,
2704 5153 2751 5197 et
2801 5161 2889 5215 per
2945 5146 3086 5200 illam
3133 5149 3458 5220 inquinentur

1878 5235 2025 5289 multi
2044 5251 2070 5289 -:
2100 5234 2187 5290 16.
2215 5251 2279 5289 ne
2301 5236 2413 5305 quis
2429 5236 2706 5308 fornicator
2728 5246 2822 5291 aut
2843 5243 3109 5310 profanus.
3138 5242 3297 5300 Vides
3322 5262 3459 5317 quo-
3550 5240 3555 5245 ’

1881 5328 2045 5382 modo
2085 5327 2284 5397 ubique
2328 5328 2613 5398 unicuique
2644 5342 2982 5385 communem
3018 5333 3177 5388 tradit
3207 5338 3455 5394 salutem.

1880 5420 2237 5475 Adhortamini
2265 5435 2349 5473 vos
2374 5461 2389 5484 ,
2418 5419 2589 5492 inquit
2613 5462 2627 5483 ,
2678 5419 2806 5474 alter
2844 5422 3056 5476 alterunt
3085 5442 3173 5493 per
3195 5427 3421 5499 singulos
3440 5474 3456 5503 ,

1881 5512 2008 5575 dies,
2038 5512 2197 5565 donec
2223 5511 2373 5565 hodie
2398 5511 2787 5582 cognominatur
2816 5510 2998 5583 (Hebr.
3023 5515 3075 5570 '5.
3106 5515 3216 5587 15).

1951 5605 2005 5659 9.
2036 5596 2114 5659 Ne
2128 5620 2263 5675 ergo
2285 5606 2461 5659 omnia
2480 5606 2781 5676 congeratis
2808 5605 2861 5660 in
2891 5606 3155 5675 doctores,
3182 5627 3249 5666 ne
3271 5612 3336 5669 iis
3365 5614 3457 5683 qui

1882 5707 2113 5767 praesunt
2164 5697 2340 5753 omnia
2371 5695 2634 5754 tribuatis.
2663 5697 2892 5754 Pctestis
2918 5699 3074 5755 etiam
3106 5715 3221 5771 vos,
3253 5703 3454 5777 inquit,
