  <div class='ocr_page' id='page_1' title='image "/cluster/home/n/w/nwhite01/storage/ocr_20150623/63/hvd.32044013655725/219.png"; bbox 0 0 3926 6406; ppageno 0'>
   <div class='ocr_carea' id='block_1_1' title="bbox 529 241 629 300">
    <p class='ocr_par' dir='ltr' id='par_1_1' title="bbox 529 241 629 300">
     <span class='ocr_line' id='line_1_1' title="bbox 529 241 629 300; baseline -0.03 0"><span class='ocrx_word' id='word_1_1' title='bbox 529 241 629 300; x_wconf 71' lang='lat' dir='ltr'><strong>2H</strong></span> 
     </span>
    </p>
   </div>
   <div class='ocr_carea' id='block_1_2' title="bbox 1223 223 3018 292">
    <p class='ocr_par' dir='ltr' id='par_1_2' title="bbox 1223 223 3018 292">
     <span class='ocr_line' id='line_1_2' title="bbox 1223 223 3018 292; baseline -0.003 -1"><span class='ocrx_word' id='word_1_2' title='bbox 1223 233 1281 292; x_wconf 91' lang='lat' dir='ltr'><strong>S.</strong></span> <span class='ocrx_word' id='word_1_3' title='bbox 1321 227 1598 291; x_wconf 76' lang='lat' dir='ltr'><strong>JOANNIS</strong></span> <span class='ocrx_word' id='word_1_4' title='bbox 1621 223 2094 285; x_wconf 75' lang='lat' dir='ltr'><strong>CIIRYSOSTOMI</strong></span> <span class='ocrx_word' id='word_1_5' title='bbox 2143 223 2456 286; x_wconf 77' lang='lat' dir='ltr'><strong>ARCIIIEP.</strong></span> <span class='ocrx_word' id='word_1_6' title='bbox 2491 227 3018 288; x_wconf 77' lang='lat' dir='ltr'><strong>CONSTANTINOP.</strong></span> 
     </span>
    </p>
   </div>
   <div class='ocr_carea' id='block_1_3' title="bbox 3645 233 3724 299">
    <p class='ocr_par' dir='ltr' id='par_1_3' title="bbox 3645 233 3724 299">
     <span class='ocr_line' id='line_1_3' title="bbox 3645 233 3724 299; baseline 0.089 -7"><span class='ocrx_word' id='word_1_7' title='bbox 3645 233 3724 299; x_wconf 69' lang='grc' dir='ltr'><strong>9.ὶῖ</strong></span> 
     </span>
    </p>
   </div>
   <div class='ocr_carea' id='block_1_4' title="bbox 557 333 3712 415">
    <p class='ocr_par' dir='ltr' id='par_1_4' title="bbox 557 333 3712 415">
     <span class='ocr_line' id='line_1_4' title="bbox 557 333 3712 415; baseline 0.003 -19"><span class='ocrx_word' id='word_1_8' title='bbox 557 344 694 398; x_wconf 99' lang='lat' dir='ltr'><strong>alter</strong></span> <span class='ocrx_word' id='word_1_9' title='bbox 719 340 946 396; x_wconf 84' lang='lat' dir='ltr'><strong>alterum</strong></span> <span class='ocrx_word' id='word_1_10' title='bbox 976 333 1259 391; x_wconf 70' lang='lat' dir='ltr'><strong>tediftcare.</strong></span> <span class='ocrx_word' id='word_1_11' title='bbox 1289 335 1442 402; x_wconf 82' lang='lat' dir='ltr'><strong>Quod</strong></span> <span class='ocrx_word' id='word_1_12' title='bbox 1471 337 1630 391; x_wconf 89' lang='lat' dir='ltr'><strong>etiam</strong></span> <span class='ocrx_word' id='word_1_13' title='bbox 1651 337 1862 393; x_wconf 89' lang='lat' dir='ltr'><strong>dicebat</strong></span> <span class='ocrx_word' id='word_1_14' title='bbox 1888 341 2131 399; x_wconf 85' lang='lat' dir='ltr'><strong>scribens</strong></span> <span class='ocrx_word' id='word_1_15' title='bbox 2213 350 2371 415; x_wconf 84' lang='lat' dir='ltr'><strong>egent</strong></span> <span class='ocrx_word' id='word_1_16' title='bbox 2399 341 2466 398; x_wconf 89' lang='lat' dir='ltr'><strong>lis</strong></span> <span class='ocrx_word' id='word_1_17' title='bbox 2490 342 2579 413; x_wconf 85' lang='lat' dir='ltr'><strong>qui</strong></span> <span class='ocrx_word' id='word_1_18' title='bbox 2609 343 2717 397; x_wconf 90' lang='lat' dir='ltr'><strong>sint</strong></span> <span class='ocrx_word' id='word_1_19' title='bbox 2739 341 3061 413; x_wconf 78' lang='lat' dir='ltr'><strong>prohibituri</strong></span> <span class='ocrx_word' id='word_1_20' title='bbox 3095 359 3107 396; x_wconf 93' lang='lat'><strong>:</strong></span> <span class='ocrx_word' id='word_1_21' title='bbox 3141 356 3261 397; x_wconf 90' lang='lat' dir='ltr'><strong>nam</strong></span> <span class='ocrx_word' id='word_1_22' title='bbox 3285 341 3374 414; x_wconf 87' lang='lat' dir='ltr'><strong>qui</strong></span> <span class='ocrx_word' id='word_1_23' title='bbox 3403 355 3588 403; x_wconf 87' lang='lat' dir='ltr'><strong>tenetur</strong></span> <span class='ocrx_word' id='word_1_24' title='bbox 3611 352 3712 407; x_wconf 80' lang='lat' dir='ltr'><strong>alic-</strong></span> 
     </span>
    </p>
   </div>
   <div class='ocr_carea' id='block_1_5' title="bbox 557 428 3719 502">
    <p class='ocr_par' dir='ltr' id='par_1_5' title="bbox 557 428 3719 502">
     <span class='ocr_line' id='line_1_5' title="bbox 557 428 3719 502; baseline 0.002 -12"><span class='ocrx_word' id='word_1_25' title='bbox 557 434 624 490; x_wconf 89' lang='lat' dir='ltr'><strong>ad</strong></span> <span class='ocrx_word' id='word_1_26' title='bbox 655 430 1158 489; x_wconf 83' lang='lat' dir='ltr'><strong>Thcssalonicenses</strong></span> <span class='ocrx_word' id='word_1_27' title='bbox 1187 445 1199 480; x_wconf 92' lang='lat'><strong>:</strong></span> <span class='ocrx_word' id='word_1_28' title='bbox 1229 428 1370 481; x_wconf 79' lang='lat' dir='ltr'><strong>Alter</strong></span> <span class='ocrx_word' id='word_1_29' title='bbox 1394 429 1607 482; x_wconf 82' lang='lat' dir='ltr'><strong>alterum</strong></span> <span class='ocrx_word' id='word_1_30' title='bbox 1634 431 1902 499; x_wconf 79' lang='lat' dir='ltr'><strong>tediﬁcate,</strong></span> <span class='ocrx_word' id='word_1_31' title='bbox 1929 435 2056 487; x_wconf 83' lang='lat' dir='ltr'><strong>sicut</strong></span> <span class='ocrx_word' id='word_1_32' title='bbox 2084 445 2132 489; x_wconf 88' lang='lat' dir='ltr'><strong>et</strong></span> <span class='ocrx_word' id='word_1_33' title='bbox 2212 435 2414 498; x_wconf 85' lang='lat' dir='ltr'><strong>ctione,</strong></span> <span class='ocrx_word' id='word_1_34' title='bbox 2460 447 2566 487; x_wconf 90' lang='lat' dir='ltr'><strong>non</strong></span> <span class='ocrx_word' id='word_1_35' title='bbox 2615 433 2793 486; x_wconf 77' lang='lat' dir='ltr'><strong>statim</strong></span> <span class='ocrx_word' id='word_1_36' title='bbox 2824 432 2926 486; x_wconf 83' lang='lat' dir='ltr'><strong>sibi</strong></span> <span class='ocrx_word' id='word_1_37' title='bbox 2980 431 3035 487; x_wconf 88' lang='lat' dir='ltr'><strong>in</strong></span> <span class='ocrx_word' id='word_1_38' title='bbox 3063 432 3250 486; x_wconf 92' lang='lat' dir='ltr'><strong>morbo</strong></span> <span class='ocrx_word' id='word_1_39' title='bbox 3289 436 3474 502; x_wconf 89' lang='lat' dir='ltr'><strong>poterit</strong></span> <span class='ocrx_word' id='word_1_40' title='bbox 3499 438 3719 495; x_wconf 82' lang='lat' dir='ltr'><strong>sufﬁcere.</strong></span> 
     </span>
    </p>
   </div>
   <div class='ocr_carea' id='block_1_6' title="bbox 559 519 2132 598">
    <p class='ocr_par' dir='ltr' id='par_1_6' title="bbox 559 519 2132 598">
     <span class='ocr_line' id='line_1_6' title="bbox 559 519 2132 598; baseline 0.002 -20"><span class='ocrx_word' id='word_1_41' title='bbox 559 526 725 598; x_wconf 75' lang='lat' dir='ltr'><strong>facitis</strong></span> <span class='ocrx_word' id='word_1_42' title='bbox 748 541 768 587; x_wconf 88' lang='lat'><strong>;</strong></span> <span class='ocrx_word' id='word_1_43' title='bbox 791 532 846 578; x_wconf 86' lang='lat' dir='ltr'><strong>et</strong></span> <span class='ocrx_word' id='word_1_44' title='bbox 875 534 1079 584; x_wconf 83' lang='lat' dir='ltr'><strong>rursus,</strong></span> <span class='ocrx_word' id='word_1_45' title='bbox 1114 519 1460 573; x_wconf 80' lang='lat' dir='ltr'><strong>Consolantim&#39;</strong></span> <span class='ocrx_word' id='word_1_46' title='bbox 1496 521 1624 573; x_wconf 82' lang='lat' dir='ltr'><strong>alter</strong></span> <span class='ocrx_word' id='word_1_47' title='bbox 1653 522 1869 576; x_wconf 81' lang='lat' dir='ltr'><strong>alterum</strong></span> <span class='ocrx_word' id='word_1_48' title='bbox 1895 525 1946 578; x_wconf 84' lang='lat' dir='ltr'><strong>in</strong></span> <span class='ocrx_word' id='word_1_49' title='bbox 1973 528 2132 581; x_wconf 81' lang='lat' dir='ltr'><strong>verbis</strong></span> 
     </span>
    </p>
   </div>
   <div class='ocr_carea' id='block_1_7' title="bbox 557 608 2132 683">
    <p class='ocr_par' dir='ltr' id='par_1_7' title="bbox 557 608 2132 683">
     <span class='ocr_line' id='line_1_7' title="bbox 557 608 2132 683; baseline 0.001 -13"><span class='ocrx_word' id='word_1_50' title='bbox 557 617 666 670; x_wconf 72' lang='lat' dir='ltr'><strong>istis</strong></span> <span class='ocrx_word' id='word_1_51' title='bbox 686 616 764 683; x_wconf 88' lang='lat' dir='ltr'><strong>(l.</strong></span> <span class='ocrx_word' id='word_1_52' title='bbox 794 613 968 668; x_wconf 76' lang='lat' dir='ltr'><strong>Thess.</strong></span> <span class='ocrx_word' id='word_1_53' title='bbox 1001 611 1056 666; x_wconf 85' lang='lat'><strong>5.</strong></span> <span class='ocrx_word' id='word_1_54' title='bbox 1086 608 1197 682; x_wconf 81' lang='lat' dir='ltr'><strong>ll).</strong></span> <span class='ocrx_word' id='word_1_55' title='bbox 1227 610 1339 664; x_wconf 81' lang='lat' dir='ltr'><strong>Hoc</strong></span> <span class='ocrx_word' id='word_1_56' title='bbox 1365 610 1517 666; x_wconf 92' lang='lat' dir='ltr'><strong>vobis</strong></span> <span class='ocrx_word' id='word_1_57' title='bbox 1544 626 1756 682; x_wconf 88' lang='lat' dir='ltr'><strong>quoque</strong></span> <span class='ocrx_word' id='word_1_58' title='bbox 1777 629 1918 669; x_wconf 90' lang='lat' dir='ltr'><strong>nunc</strong></span> <span class='ocrx_word' id='word_1_59' title='bbox 1939 618 2132 672; x_wconf 64' lang='lat' dir='ltr'><strong>suade-</strong></span> 
     </span>
    </p>
   </div>
   <div class='ocr_carea' id='block_1_8' title="bbox 559 703 2133 775">
    <p class='ocr_par' dir='ltr' id='par_1_8' title="bbox 559 703 2133 775">
     <span class='ocr_line' id='line_1_8' title="bbox 559 703 2133 775; baseline 0.001 -11"><span class='ocrx_word' id='word_1_60' title='bbox 559 724 697 764; x_wconf 88' lang='lat' dir='ltr'><strong>mus.</strong></span> <span class='ocrx_word' id='word_1_61' title='bbox 738 707 895 762; x_wconf 85' lang='lat' dir='ltr'><strong>Plura</strong></span> <span class='ocrx_word' id='word_1_62' title='bbox 925 719 1086 775; x_wconf 90' lang='lat' dir='ltr'><strong>quam</strong></span> <span class='ocrx_word' id='word_1_63' title='bbox 1113 718 1234 762; x_wconf 72' lang='lat' dir='ltr'><strong>nos,</strong></span> <span class='ocrx_word' id='word_1_64' title='bbox 1276 703 1322 759; x_wconf 95' lang='lat' dir='ltr'><strong>si</strong></span> <span class='ocrx_word' id='word_1_65' title='bbox 1359 704 1541 770; x_wconf 88' lang='lat' dir='ltr'><strong>vultis,</strong></span> <span class='ocrx_word' id='word_1_66' title='bbox 1573 705 1796 774; x_wconf 85' lang='lat' dir='ltr'><strong>potestis</strong></span> <span class='ocrx_word' id='word_1_67' title='bbox 1820 707 1958 763; x_wconf 84' lang='lat' dir='ltr'><strong>alter</strong></span> <span class='ocrx_word' id='word_1_68' title='bbox 1981 711 2133 766; x_wconf 81' lang='lat' dir='ltr'><strong>alteri</strong></span> 
     </span>
    </p>
   </div>
   <div class='ocr_carea' id='block_1_9' title="bbox 559 795 2137 866">
    <p class='ocr_par' dir='ltr' id='par_1_9' title="bbox 559 795 2137 866">
     <span class='ocr_line' id='line_1_9' title="bbox 559 795 2137 866; baseline 0.001 -9"><span class='ocrx_word' id='word_1_69' title='bbox 559 804 696 857; x_wconf 69' lang='lat' dir='ltr'><strong>bona</strong></span> <span class='ocrx_word' id='word_1_70' title='bbox 740 803 915 854; x_wconf 84' lang='lat' dir='ltr'><strong>facere</strong></span> <span class='ocrx_word' id='word_1_71' title='bbox 949 815 963 850; x_wconf 91' lang='lat'><strong>:</strong></span> <span class='ocrx_word' id='word_1_72' title='bbox 995 797 1193 866; x_wconf 60' lang='lat' dir='ltr'><strong>sa‘pius</strong></span> <span class='ocrx_word' id='word_1_73' title='bbox 1219 796 1362 850; x_wconf 92' lang='lat' dir='ltr'><strong>enim</strong></span> <span class='ocrx_word' id='word_1_74' title='bbox 1401 795 1542 851; x_wconf 90' lang='lat' dir='ltr'><strong>inter</strong></span> <span class='ocrx_word' id='word_1_75' title='bbox 1580 813 1674 852; x_wconf 86' lang='lat' dir='ltr'><strong>vos</strong></span> <span class='ocrx_word' id='word_1_76' title='bbox 1704 808 1886 855; x_wconf 90' lang='lat' dir='ltr'><strong>mutuo</strong></span> <span class='ocrx_word' id='word_1_77' title='bbox 1913 817 2137 858; x_wconf 87' lang='lat' dir='ltr'><strong>conver-</strong></span> 
     </span>
    </p>
   </div>
   <div class='ocr_carea' id='block_1_10' title="bbox 559 887 2138 960">
    <p class='ocr_par' dir='ltr' id='par_1_10' title="bbox 559 887 2138 960">
     <span class='ocr_line' id='line_1_10' title="bbox 559 887 2138 960; baseline -0.001 -9"><span class='ocrx_word' id='word_1_78' title='bbox 559 893 774 959; x_wconf 86' lang='lat' dir='ltr'><strong>samini,</strong></span> <span class='ocrx_word' id='word_1_79' title='bbox 805 901 861 946; x_wconf 88' lang='lat' dir='ltr'><strong>et</strong></span> <span class='ocrx_word' id='word_1_80' title='bbox 892 905 980 945; x_wconf 84' lang='lat' dir='ltr'><strong>res</strong></span> <span class='ocrx_word' id='word_1_81' title='bbox 1007 899 1215 943; x_wconf 88' lang='lat' dir='ltr'><strong>vestras</strong></span> <span class='ocrx_word' id='word_1_82' title='bbox 1249 887 1384 942; x_wconf 83' lang='lat' dir='ltr'><strong>alter</strong></span> <span class='ocrx_word' id='word_1_83' title='bbox 1420 888 1640 943; x_wconf 80' lang='lat' dir='ltr'><strong>alterius</strong></span> <span class='ocrx_word' id='word_1_84' title='bbox 1673 890 1840 960; x_wconf 83' lang='lat' dir='ltr'><strong>magis</strong></span> <span class='ocrx_word' id='word_1_85' title='bbox 1862 892 2010 947; x_wconf 84' lang='lat' dir='ltr'><strong>scitis</strong></span> <span class='ocrx_word' id='word_1_86' title='bbox 2034 936 2048 960; x_wconf 92' lang='lat'><strong>,</strong></span> <span class='ocrx_word' id='word_1_87' title='bbox 2081 904 2138 950; x_wconf 89' lang='lat' dir='ltr'><strong>et</strong></span> 
     </span>
    </p>
   </div>
   <div class='ocr_carea' id='block_1_11' title="bbox 558 977 2136 1053">
    <p class='ocr_par' dir='ltr' id='par_1_11' title="bbox 558 977 2136 1053">
     <span class='ocr_line' id='line_1_11' title="bbox 558 977 2136 1053; baseline -0.013 -8"><span class='ocrx_word' id='word_1_88' title='bbox 558 991 754 1045; x_wconf 87' lang='lat' dir='ltr'><strong>delicta</strong></span> <span class='ocrx_word' id='word_1_89' title='bbox 804 984 1068 1053; x_wconf 90' lang='lat' dir='ltr'><strong>utrimque</strong></span> <span class='ocrx_word' id='word_1_90' title='bbox 1097 994 1224 1033; x_wconf 79' lang='lat' dir='ltr'><strong>&#39;non</strong></span> <span class='ocrx_word' id='word_1_91' title='bbox 1277 977 1569 1048; x_wconf 80' lang='lat' dir='ltr'><strong>ignoratis,</strong></span> <span class='ocrx_word' id='word_1_92' title='bbox 1596 990 1650 1034; x_wconf 91' lang='lat' dir='ltr'><strong>et</strong></span> <span class='ocrx_word' id='word_1_93' title='bbox 1696 979 1954 1050; x_wconf 83' lang='lat' dir='ltr'><strong>majorem</strong></span> <span class='ocrx_word' id='word_1_94' title='bbox 1997 982 2136 1038; x_wconf 85' lang='lat' dir='ltr'><strong>fidu-</strong></span> 
     </span>
    </p>
   </div>
   <div class='ocr_carea' id='block_1_12' title="bbox 561 1067 2144 1140">
    <p class='ocr_par' dir='ltr' id='par_1_12' title="bbox 561 1067 2144 1140">
     <span class='ocr_line' id='line_1_12' title="bbox 561 1067 2144 1140; baseline -0.006 -9"><span class='ocrx_word' id='word_1_95' title='bbox 561 1077 700 1132; x_wconf 82' lang='lat' dir='ltr'><strong>ciam</strong></span> <span class='ocrx_word' id='word_1_96' title='bbox 731 1076 958 1140; x_wconf 82' lang='lat' dir='ltr'><strong>habetis,</strong></span> <span class='ocrx_word' id='word_1_97' title='bbox 1012 1075 1312 1138; x_wconf 81' lang='lat' dir='ltr'><strong>caritatem,</strong></span> <span class='ocrx_word' id='word_1_98' title='bbox 1345 1068 1829 1125; x_wconf 85' lang='lat' dir='ltr'><strong>consuetudinem:</strong></span> <span class='ocrx_word' id='word_1_99' title='bbox 1873 1082 1977 1122; x_wconf 91' lang='lat' dir='ltr'><strong>non</strong></span> <span class='ocrx_word' id='word_1_100' title='bbox 2028 1067 2144 1122; x_wconf 67' lang='lat' dir='ltr'><strong>hinc</strong></span> 
     </span>
    </p>
   </div>
   <div class='ocr_carea' id='block_1_13' title="bbox 564 1160 2141 1236">
    <p class='ocr_par' dir='ltr' id='par_1_13' title="bbox 564 1160 2141 1236">
     <span class='ocr_line' id='line_1_13' title="bbox 564 1160 2141 1236; baseline -0.006 -12"><span class='ocrx_word' id='word_1_101' title='bbox 564 1178 690 1224; x_wconf 86' lang='lat' dir='ltr'><strong>sunt</strong></span> <span class='ocrx_word' id='word_1_102' title='bbox 719 1176 895 1222; x_wconf 79' lang='lat' dir='ltr'><strong>autem</strong></span> <span class='ocrx_word' id='word_1_103' title='bbox 925 1183 1081 1236; x_wconf 86' lang='lat' dir='ltr'><strong>parva</strong></span> <span class='ocrx_word' id='word_1_104' title='bbox 1101 1166 1166 1220; x_wconf 88' lang='lat' dir='ltr'><strong>ad</strong></span> <span class='ocrx_word' id='word_1_105' title='bbox 1193 1165 1515 1226; x_wconf 84' lang='lat' dir='ltr'><strong>doctrinam,</strong></span> <span class='ocrx_word' id='word_1_106' title='bbox 1543 1160 1635 1216; x_wconf 90' lang='lat' dir='ltr'><strong>sed</strong></span> <span class='ocrx_word' id='word_1_107' title='bbox 1664 1163 1839 1230; x_wconf 80' lang='lat' dir='ltr'><strong>magni</strong></span> <span class='ocrx_word' id='word_1_108' title='bbox 1862 1170 1916 1214; x_wconf 90' lang='lat' dir='ltr'><strong>et</strong></span> <span class='ocrx_word' id='word_1_109' title='bbox 1944 1175 2141 1230; x_wconf 81' lang='lat' dir='ltr'><strong>Oppor-</strong></span> 
     </span>
    </p>
   </div>
   <div class='ocr_carea' id='block_1_14' title="bbox 563 1250 2144 1325">
    <p class='ocr_par' dir='ltr' id='par_1_14' title="bbox 563 1250 2144 1325">
     <span class='ocr_line' id='line_1_14' title="bbox 563 1250 2144 1325; baseline -0.005 -12"><span class='ocrx_word' id='word_1_110' title='bbox 563 1260 678 1313; x_wconf 88' lang='lat' dir='ltr'><strong>tuni</strong></span> <span class='ocrx_word' id='word_1_111' title='bbox 708 1258 882 1312; x_wconf 88' lang='lat' dir='ltr'><strong>aditus</strong></span> <span class='ocrx_word' id='word_1_112' title='bbox 909 1277 922 1311; x_wconf 91' lang='lat'><strong>:</strong></span> <span class='ocrx_word' id='word_1_113' title='bbox 962 1255 1132 1325; x_wconf 89' lang='lat' dir='ltr'><strong>magis</strong></span> <span class='ocrx_word' id='word_1_114' title='bbox 1171 1269 1328 1324; x_wconf 89' lang='lat' dir='ltr'><strong>quam</strong></span> <span class='ocrx_word' id='word_1_115' title='bbox 1359 1267 1456 1307; x_wconf 91' lang='lat' dir='ltr'><strong>nos</strong></span> <span class='ocrx_word' id='word_1_116' title='bbox 1487 1251 1729 1320; x_wconf 90' lang='lat' dir='ltr'><strong>poteritis</strong></span> <span class='ocrx_word' id='word_1_117' title='bbox 1787 1250 2059 1320; x_wconf 86' lang='lat' dir='ltr'><strong>increpare</strong></span> <span class='ocrx_word' id='word_1_118' title='bbox 2087 1260 2144 1305; x_wconf 89' lang='lat' dir='ltr'><strong>ct</strong></span> 
     </span>
    </p>
   </div>
   <div class='ocr_carea' id='block_1_15' title="bbox 561 1341 2139 1412">
    <p class='ocr_par' dir='ltr' id='par_1_15' title="bbox 561 1341 2139 1412">
     <span class='ocr_line' id='line_1_15' title="bbox 561 1341 2139 1412; baseline -0.009 -3"><span class='ocrx_word' id='word_1_119' title='bbox 561 1349 856 1409; x_wconf 82' lang='lat' dir='ltr'><strong>exhortari.</strong></span> <span class='ocrx_word' id='word_1_120' title='bbox 885 1347 992 1403; x_wconf 81' lang='lat' dir='ltr'><strong>Nec</strong></span> <span class='ocrx_word' id='word_1_121' title='bbox 1019 1346 1120 1401; x_wconf 90' lang='lat' dir='ltr'><strong>hoc</strong></span> <span class='ocrx_word' id='word_1_122' title='bbox 1148 1345 1358 1410; x_wconf 89' lang='lat' dir='ltr'><strong>solum;</strong></span> <span class='ocrx_word' id='word_1_123' title='bbox 1388 1342 1480 1397; x_wconf 88' lang='lat' dir='ltr'><strong>sed</strong></span> <span class='ocrx_word' id='word_1_124' title='bbox 1509 1342 1762 1412; x_wconf 89' lang='lat' dir='ltr'><strong>quoniam</strong></span> <span class='ocrx_word' id='word_1_125' title='bbox 1801 1354 1899 1410; x_wconf 89' lang='lat' dir='ltr'><strong>ego</strong></span> <span class='ocrx_word' id='word_1_126' title='bbox 1925 1341 2139 1411; x_wconf 84' lang='lat' dir='ltr'><strong>quidem</strong></span> 
     </span>
    </p>
   </div>
   <div class='ocr_carea' id='block_1_16' title="bbox 561 1434 2140 1506">
    <p class='ocr_par' dir='ltr' id='par_1_16' title="bbox 561 1434 2140 1506">
     <span class='ocr_line' id='line_1_16' title="bbox 561 1434 2140 1506; baseline -0.006 -9"><span class='ocrx_word' id='word_1_127' title='bbox 561 1457 682 1497; x_wconf 87' lang='lat' dir='ltr'><strong>sum</strong></span> <span class='ocrx_word' id='word_1_128' title='bbox 712 1456 870 1506; x_wconf 88' lang='lat' dir='ltr'><strong>unus,</strong></span> <span class='ocrx_word' id='word_1_129' title='bbox 899 1453 994 1494; x_wconf 87' lang='lat' dir='ltr'><strong>vos</strong></span> <span class='ocrx_word' id='word_1_130' title='bbox 1014 1447 1188 1492; x_wconf 90' lang='lat' dir='ltr'><strong>autem</strong></span> <span class='ocrx_word' id='word_1_131' title='bbox 1213 1436 1386 1500; x_wconf 90' lang='lat' dir='ltr'><strong>multi,</strong></span> <span class='ocrx_word' id='word_1_132' title='bbox 1419 1435 1662 1504; x_wconf 89' lang='lat' dir='ltr'><strong>poteritis</strong></span> <span class='ocrx_word' id='word_1_133' title='bbox 1689 1434 1848 1489; x_wconf 89' lang='lat' dir='ltr'><strong>etiam</strong></span> <span class='ocrx_word' id='word_1_134' title='bbox 1881 1443 2140 1505; x_wconf 83' lang='lat' dir='ltr'><strong>quotquot</strong></span> 
     </span>
    </p>
   </div>
   <div class='ocr_carea' id='block_1_17' title="bbox 562 1526 2140 1594">
    <p class='ocr_par' dir='ltr' id='par_1_17' title="bbox 562 1526 2140 1594">
     <span class='ocr_line' id='line_1_17' title="bbox 562 1526 2140 1594; baseline -0.006 -5"><span class='ocrx_word' id='word_1_135' title='bbox 562 1534 694 1589; x_wconf 85' lang='lat' dir='ltr'><strong>estis</strong></span> <span class='ocrx_word' id='word_1_136' title='bbox 729 1547 916 1586; x_wconf 90' lang='lat' dir='ltr'><strong>omnes</strong></span> <span class='ocrx_word' id='word_1_137' title='bbox 941 1545 1061 1586; x_wconf 88' lang='lat' dir='ltr'><strong>esse</strong></span> <span class='ocrx_word' id='word_1_138' title='bbox 1083 1530 1354 1584; x_wconf 89' lang='lat' dir='ltr'><strong>doctores.</strong></span> <span class='ocrx_word' id='word_1_139' title='bbox 1405 1526 1774 1594; x_wconf 83' lang='lat' dir='ltr'><strong>Quamobrem.</strong></span> <span class='ocrx_word' id='word_1_140' title='bbox 1793 1541 1935 1594; x_wconf 89' lang='lat' dir='ltr'><strong>rogo-</strong></span> <span class='ocrx_word' id='word_1_141' title='bbox 1949 1537 2042 1579; x_wconf 85' lang='lat' dir='ltr'><strong>vos</strong></span> <span class='ocrx_word' id='word_1_142' title='bbox 2071 1541 2140 1580; x_wconf 93' lang='lat' dir='ltr'><strong>ne</strong></span> 
     </span>
    </p>
   </div>
   <div class='ocr_carea' id='block_1_18' title="bbox 563 1602 2133 1694">
    <p class='ocr_par' dir='ltr' id='par_1_18' title="bbox 563 1602 2133 1694">
     <span class='ocr_line' id='line_1_18' title="bbox 563 1602 2133 1694; baseline -0.006 -16"><span class='ocrx_word' id='word_1_143' title='bbox 563 1623 843 1694; x_wconf 83' lang='lat' dir='ltr'><strong>negligatis</strong></span> <span class='ocrx_word' id='word_1_144' title='bbox 867 1622 1001 1675; x_wconf 91' lang='lat' dir='ltr'><strong>hanc</strong></span> <span class='ocrx_word' id='word_1_145' title='bbox 1019 1620 1238 1689; x_wconf 76' lang='lat' dir='ltr'><strong>gratiam</strong></span> <span class='ocrx_word' id='word_1_146' title='bbox 1257 1635 1272 1671; x_wconf 90' lang='lat'><strong>:</strong></span> <span class='ocrx_word' id='word_1_147' title='bbox 1297 1602 1669 1686; x_wconf 62' lang='lat' dir='ltr'><strong>unusquisque</strong></span> <span class='ocrx_word' id='word_1_148' title='bbox 1693 1615 1854 1670; x_wconf 89' lang='lat' dir='ltr'><strong>habet</strong></span> <span class='ocrx_word' id='word_1_149' title='bbox 1873 1628 2090 1670; x_wconf 82' lang='lat' dir='ltr'><strong>uxorem</strong></span> <span class='ocrx_word' id='word_1_150' title='bbox 2117 1658 2133 1683; x_wconf 95' lang='lat'><strong>,</strong></span> 
     </span>
    </p>
   </div>
   <div class='ocr_carea' id='block_1_19' title="bbox 562 1706 2136 1776">
    <p class='ocr_par' dir='ltr' id='par_1_19' title="bbox 562 1706 2136 1776">
     <span class='ocr_line' id='line_1_19' title="bbox 562 1706 2136 1776; baseline -0.003 -9"><span class='ocrx_word' id='word_1_151' title='bbox 562 1712 724 1768; x_wconf 87' lang='lat' dir='ltr'><strong>habet</strong></span> <span class='ocrx_word' id='word_1_152' title='bbox 746 1710 998 1776; x_wconf 86' lang='lat' dir='ltr'><strong>amicum,</strong></span> <span class='ocrx_word' id='word_1_153' title='bbox 1028 1711 1188 1766; x_wconf 88' lang='lat' dir='ltr'><strong>habet</strong></span> <span class='ocrx_word' id='word_1_154' title='bbox 1210 1709 1485 1772; x_wconf 82' lang='lat' dir='ltr'><strong>famulum,</strong></span> <span class='ocrx_word' id='word_1_155' title='bbox 1515 1707 1673 1762; x_wconf 86' lang='lat' dir='ltr'><strong>habet</strong></span> <span class='ocrx_word' id='word_1_156' title='bbox 1709 1706 1939 1761; x_wconf 76' lang='lat' dir='ltr'><strong>vicinum</strong></span> <span class='ocrx_word' id='word_1_157' title='bbox 1971 1726 1984 1761; x_wconf 88' lang='lat'><strong>:</strong></span> <span class='ocrx_word' id='word_1_158' title='bbox 2013 1724 2136 1762; x_wconf 90' lang='lat' dir='ltr'><strong>eum</strong></span> 
     </span>
    </p>
   </div>
   <div class='ocr_carea' id='block_1_20' title="bbox 561 1799 2138 1875">
    <p class='ocr_par' dir='ltr' id='par_1_20' title="bbox 561 1799 2138 1875">
     <span class='ocr_line' id='line_1_20' title="bbox 561 1799 2138 1875; baseline -0.004 -15"><span class='ocrx_word' id='word_1_159' title='bbox 561 1807 819 1875; x_wconf 86' lang='lat' dir='ltr'><strong>increpet,</strong></span> <span class='ocrx_word' id='word_1_160' title='bbox 845 1820 967 1860; x_wconf 89' lang='lat' dir='ltr'><strong>eum</strong></span> <span class='ocrx_word' id='word_1_161' title='bbox 993 1803 1296 1857; x_wconf 86' lang='lat' dir='ltr'><strong>admoneat.</strong></span> <span class='ocrx_word' id='word_1_162' title='bbox 1329 1799 1605 1868; x_wconf 77' lang='lat' dir='ltr'><strong>Quomodo</strong></span> <span class='ocrx_word' id='word_1_163' title='bbox 1630 1799 1772 1854; x_wconf 90' lang='lat' dir='ltr'><strong>enim</strong></span> <span class='ocrx_word' id='word_1_164' title='bbox 1803 1814 1909 1852; x_wconf 93' lang='lat' dir='ltr'><strong>non</strong></span> <span class='ocrx_word' id='word_1_165' title='bbox 1938 1808 2020 1853; x_wconf 90' lang='lat' dir='ltr'><strong>est</strong></span> <span class='ocrx_word' id='word_1_166' title='bbox 2039 1800 2138 1854; x_wconf 59' lang='lat' dir='ltr'><strong>ab.</strong></span> 
     </span>
    </p>
   </div>
   <div class='ocr_carea' id='block_1_21' title="bbox 557 1889 2138 1965">
    <p class='ocr_par' dir='ltr' id='par_1_21' title="bbox 557 1889 2138 1965">
     <span class='ocr_line' id='line_1_21' title="bbox 557 1889 2138 1965; baseline -0.003 -13"><span class='ocrx_word' id='word_1_167' title='bbox 557 1895 778 1952; x_wconf 88' lang='lat' dir='ltr'><strong>surdum</strong></span> <span class='ocrx_word' id='word_1_168' title='bbox 802 1937 818 1962; x_wconf 94' lang='lat'><strong>,</strong></span> <span class='ocrx_word' id='word_1_169' title='bbox 850 1911 947 1965; x_wconf 93' lang='lat' dir='ltr'><strong>pro</strong></span> <span class='ocrx_word' id='word_1_170' title='bbox 981 1894 1238 1949; x_wconf 88' lang='lat' dir='ltr'><strong>alimento</strong></span> <span class='ocrx_word' id='word_1_171' title='bbox 1284 1891 1500 1962; x_wconf 87' lang='lat' dir='ltr'><strong>quidem</strong></span> <span class='ocrx_word' id='word_1_172' title='bbox 1544 1889 1721 1945; x_wconf 89' lang='lat' dir='ltr'><strong>facere</strong></span> <span class='ocrx_word' id='word_1_173' title='bbox 1758 1890 2001 1945; x_wconf 84' lang='lat' dir='ltr'><strong>convivia</strong></span> <span class='ocrx_word' id='word_1_174' title='bbox 2023 1933 2036 1956; x_wconf 93' lang='lat'><strong>,</strong></span> <span class='ocrx_word' id='word_1_175' title='bbox 2082 1902 2138 1947; x_wconf 91' lang='lat' dir='ltr'><strong>et</strong></span> 
     </span>
    </p>
   </div>
   <div class='ocr_carea' id='block_1_22' title="bbox 555 1983 2138 2050">
    <p class='ocr_par' dir='ltr' id='par_1_22' title="bbox 555 1983 2138 2050">
     <span class='ocr_line' id='line_1_22' title="bbox 555 1983 2138 2050; baseline -0.001 -8"><span class='ocrx_word' id='word_1_176' title='bbox 555 1987 699 2043; x_wconf 91' lang='lat' dir='ltr'><strong>diem</strong></span> <span class='ocrx_word' id='word_1_177' title='bbox 727 1985 921 2042; x_wconf 88' lang='lat' dir='ltr'><strong>habere</strong></span> <span class='ocrx_word' id='word_1_178' title='bbox 942 1985 1287 2041; x_wconf 91' lang='lat' dir='ltr'><strong>constitutum</strong></span> <span class='ocrx_word' id='word_1_179' title='bbox 1320 1992 1379 2037; x_wconf 93' lang='lat' dir='ltr'><strong>ut</strong></span> <span class='ocrx_word' id='word_1_180' title='bbox 1421 1983 1561 2037; x_wconf 89' lang='lat' dir='ltr'><strong>inter</strong></span> <span class='ocrx_word' id='word_1_181' title='bbox 1589 1996 1650 2038; x_wconf 89' lang='lat' dir='ltr'><strong>se</strong></span> <span class='ocrx_word' id='word_1_182' title='bbox 1687 1983 2006 2038; x_wconf 86' lang='lat' dir='ltr'><strong>conveniant</strong></span> <span class='ocrx_word' id='word_1_183' title='bbox 2034 2026 2049 2050; x_wconf 95' lang='lat'><strong>,</strong></span> <span class='ocrx_word' id='word_1_184' title='bbox 2083 1995 2138 2040; x_wconf 91' lang='lat' dir='ltr'><strong>ct</strong></span> 
     </span>
    </p>
   </div>
   <div class='ocr_carea' id='block_1_23' title="bbox 555 2074 2135 2147">
    <p class='ocr_par' dir='ltr' id='par_1_23' title="bbox 555 2074 2135 2147">
     <span class='ocr_line' id='line_1_23' title="bbox 555 2074 2135 2147; baseline -0.001 -14"><span class='ocrx_word' id='word_1_185' title='bbox 555 2078 696 2147; x_wconf 93' lang='lat' dir='ltr'><strong>quod</strong></span> <span class='ocrx_word' id='word_1_186' title='bbox 720 2076 1004 2146; x_wconf 86' lang='lat' dir='ltr'><strong>unicuique</strong></span> <span class='ocrx_word' id='word_1_187' title='bbox 1031 2075 1182 2130; x_wconf 83' lang='lat' dir='ltr'><strong>deest</strong></span> <span class='ocrx_word' id='word_1_188' title='bbox 1207 2075 1430 2145; x_wconf 91' lang='lat' dir='ltr'><strong>implere</strong></span> <span class='ocrx_word' id='word_1_189' title='bbox 1469 2088 1566 2143; x_wconf 89' lang='lat' dir='ltr'><strong>per</strong></span> <span class='ocrx_word' id='word_1_190' title='bbox 1593 2074 1904 2129; x_wconf 88' lang='lat' dir='ltr'><strong>societatem</strong></span> <span class='ocrx_word' id='word_1_191' title='bbox 1940 2093 1954 2128; x_wconf 89' lang='lat'><strong>:</strong></span> <span class='ocrx_word' id='word_1_192' title='bbox 1987 2076 2135 2132; x_wconf 82' lang='lat' dir='ltr'><strong>verbi</strong></span> 
     </span>
    </p>
   </div>
   <div class='ocr_carea' id='block_1_24' title="bbox 555 2164 2132 2240">
    <p class='ocr_par' dir='ltr' id='par_1_24' title="bbox 555 2164 2132 2240">
     <span class='ocr_line' id='line_1_24' title="bbox 555 2164 2132 2240; baseline -0.001 -16"><span class='ocrx_word' id='word_1_193' title='bbox 555 2169 746 2240; x_wconf 84' lang='lat' dir='ltr'><strong>gratia,</strong></span> <span class='ocrx_word' id='word_1_194' title='bbox 774 2168 888 2223; x_wconf 83' lang='lat' dir='ltr'><strong>sive</strong></span> <span class='ocrx_word' id='word_1_195' title='bbox 910 2166 1145 2223; x_wconf 90' lang='lat' dir='ltr'><strong>eundum</strong></span> <span class='ocrx_word' id='word_1_196' title='bbox 1169 2166 1238 2220; x_wconf 88' lang='lat' dir='ltr'><strong>sit</strong></span> <span class='ocrx_word' id='word_1_197' title='bbox 1265 2169 1331 2219; x_wconf 90' lang='lat' dir='ltr'><strong>ad</strong></span> <span class='ocrx_word' id='word_1_198' title='bbox 1361 2165 1519 2220; x_wconf 90' lang='lat' dir='ltr'><strong>funus</strong></span> <span class='ocrx_word' id='word_1_199' title='bbox 1548 2164 1898 2230; x_wconf 78' lang='lat' dir='ltr'><strong>efferendum,</strong></span> <span class='ocrx_word' id='word_1_200' title='bbox 1922 2168 2035 2222; x_wconf 89' lang='lat' dir='ltr'><strong>sive</strong></span> <span class='ocrx_word' id='word_1_201' title='bbox 2064 2168 2132 2223; x_wconf 89' lang='lat' dir='ltr'><strong>ad</strong></span> 
     </span>
    </p>
   </div>
   <div class='ocr_carea' id='block_1_25' title="bbox 557 2254 2135 2332">
    <p class='ocr_par' dir='ltr' id='par_1_25' title="bbox 557 2254 2135 2332">
     <span class='ocr_line' id='line_1_25' title="bbox 557 2254 2135 2332; baseline -0.003 -16"><span class='ocrx_word' id='word_1_202' title='bbox 557 2259 860 2332; x_wconf 85' lang='lat' dir='ltr'><strong>prandium,</strong></span> <span class='ocrx_word' id='word_1_203' title='bbox 891 2259 1004 2314; x_wconf 87' lang='lat' dir='ltr'><strong>sive</strong></span> <span class='ocrx_word' id='word_1_204' title='bbox 1031 2256 1100 2312; x_wconf 91' lang='lat' dir='ltr'><strong>sit</strong></span> <span class='ocrx_word' id='word_1_205' title='bbox 1126 2257 1178 2310; x_wconf 93' lang='lat' dir='ltr'><strong>in</strong></span> <span class='ocrx_word' id='word_1_206' title='bbox 1205 2255 1388 2326; x_wconf 91' lang='lat' dir='ltr'><strong>aliquo</strong></span> <span class='ocrx_word' id='word_1_207' title='bbox 1409 2254 1689 2310; x_wconf 88' lang='lat' dir='ltr'><strong>ferendum</strong></span> <span class='ocrx_word' id='word_1_208' title='bbox 1714 2257 1958 2327; x_wconf 83' lang='lat' dir='ltr'><strong>proximo</strong></span> <span class='ocrx_word' id='word_1_209' title='bbox 1983 2259 2135 2313; x_wconf 84' lang='lat' dir='ltr'><strong>anxi-</strong></span> 
     </span>
    </p>
   </div>
   <div class='ocr_carea' id='block_1_26' title="bbox 556 2349 2132 2409">
    <p class='ocr_par' dir='ltr' id='par_1_26' title="bbox 556 2349 2132 2409">
     <span class='ocr_line' id='line_1_26' title="bbox 556 2349 2132 2409; baseline -0.001 0"><span class='ocrx_word' id='word_1_210' title='bbox 556 2353 684 2409; x_wconf 91' lang='lat' dir='ltr'><strong>lium</strong></span> <span class='ocrx_word' id='word_1_211' title='bbox 715 2369 730 2408; x_wconf 90' lang='lat'><strong>:</strong></span> <span class='ocrx_word' id='word_1_212' title='bbox 757 2352 824 2407; x_wconf 88' lang='lat' dir='ltr'><strong>ad</strong></span> <span class='ocrx_word' id='word_1_213' title='bbox 851 2349 1142 2407; x_wconf 89' lang='lat' dir='ltr'><strong>docendam</strong></span> <span class='ocrx_word' id='word_1_214' title='bbox 1171 2360 1349 2405; x_wconf 88' lang='lat' dir='ltr'><strong>autem</strong></span> <span class='ocrx_word' id='word_1_215' title='bbox 1370 2349 1621 2403; x_wconf 86' lang='lat' dir='ltr'><strong>virtutem</strong></span> <span class='ocrx_word' id='word_1_216' title='bbox 1648 2365 1752 2404; x_wconf 93' lang='lat' dir='ltr'><strong>non</strong></span> <span class='ocrx_word' id='word_1_217' title='bbox 1785 2350 1887 2405; x_wconf 90' lang='lat' dir='ltr'><strong>hoc</strong></span> <span class='ocrx_word' id='word_1_218' title='bbox 1916 2352 2132 2408; x_wconf 78' lang='lat' dir='ltr'><strong>facere?</strong></span> 
     </span>
    </p>
   </div>
   <div class='ocr_carea' id='block_1_27' title="bbox 557 2439 2130 2512">
    <p class='ocr_par' dir='ltr' id='par_1_27' title="bbox 557 2439 2130 2512">
     <span class='ocr_line' id='line_1_27' title="bbox 557 2439 2130 2512; baseline -0.001 -13"><span class='ocrx_word' id='word_1_219' title='bbox 557 2443 732 2499; x_wconf 78' lang='lat' dir='ltr'><strong>Etiam</strong></span> <span class='ocrx_word' id='word_1_220' title='bbox 759 2457 887 2512; x_wconf 87' lang='lat' dir='ltr'><strong>rogo</strong></span> <span class='ocrx_word' id='word_1_221' title='bbox 911 2455 1069 2497; x_wconf 90' lang='lat' dir='ltr'><strong>nemo</strong></span> <span class='ocrx_word' id='word_1_222' title='bbox 1096 2441 1327 2510; x_wconf 77' lang='lat' dir='ltr'><strong>negligat</strong></span> <span class='ocrx_word' id='word_1_223' title='bbox 1353 2455 1367 2493; x_wconf 90' lang='lat'><strong>:</strong></span> <span class='ocrx_word' id='word_1_224' title='bbox 1399 2439 1626 2508; x_wconf 88' lang='lat' dir='ltr'><strong>accipiet</strong></span> <span class='ocrx_word' id='word_1_225' title='bbox 1651 2440 1794 2494; x_wconf 87' lang='lat' dir='ltr'><strong>enim</strong></span> <span class='ocrx_word' id='word_1_226' title='bbox 1818 2456 2061 2511; x_wconf 89' lang='lat' dir='ltr'><strong>magnam</strong></span> <span class='ocrx_word' id='word_1_227' title='bbox 2100 2457 2130 2498; x_wconf 86' lang='lat' dir='ltr'><strong>a</strong></span> 
     </span>
    </p>
   </div>
   <div class='ocr_carea' id='block_1_28' title="bbox 553 2530 2128 2602">
    <p class='ocr_par' dir='ltr' id='par_1_28' title="bbox 553 2530 2128 2602">
     <span class='ocr_line' id='line_1_28' title="bbox 553 2530 2128 2602; baseline -0.003 -10"><span class='ocrx_word' id='word_1_228' title='bbox 553 2535 667 2592; x_wconf 85' lang='lat' dir='ltr'><strong>Deo</strong></span> <span class='ocrx_word' id='word_1_229' title='bbox 692 2533 1014 2590; x_wconf 89' lang='lat' dir='ltr'><strong>mercedem.</strong></span> <span class='ocrx_word' id='word_1_230' title='bbox 1048 2533 1115 2587; x_wconf 86' lang='lat' dir='ltr'><strong>Et</strong></span> <span class='ocrx_word' id='word_1_231' title='bbox 1145 2541 1201 2586; x_wconf 91' lang='lat' dir='ltr'><strong>ut</strong></span> <span class='ocrx_word' id='word_1_232' title='bbox 1229 2530 1519 2601; x_wconf 88' lang='lat' dir='ltr'><strong>intelligas,</strong></span> <span class='ocrx_word' id='word_1_233' title='bbox 1551 2531 1636 2584; x_wconf 92' lang='lat' dir='ltr'><strong>cui</strong></span> <span class='ocrx_word' id='word_1_234' title='bbox 1664 2531 1900 2602; x_wconf 90' lang='lat' dir='ltr'><strong>quinque</strong></span> <span class='ocrx_word' id='word_1_235' title='bbox 1923 2533 2128 2588; x_wconf 88' lang='lat' dir='ltr'><strong>credita</strong></span> 
     </span>
    </p>
   </div>
   <div class='ocr_carea' id='block_1_29' title="bbox 552 2622 2130 2694">
    <p class='ocr_par' dir='ltr' id='par_1_29' title="bbox 552 2622 2130 2694">
     <span class='ocr_line' id='line_1_29' title="bbox 552 2622 2130 2694; baseline -0.002 -12"><span class='ocrx_word' id='word_1_236' title='bbox 552 2637 679 2682; x_wconf 86' lang='lat' dir='ltr'><strong>sunt</strong></span> <span class='ocrx_word' id='word_1_237' title='bbox 708 2626 925 2692; x_wconf 88' lang='lat' dir='ltr'><strong>talenta,</strong></span> <span class='ocrx_word' id='word_1_238' title='bbox 950 2625 993 2679; x_wconf 91' lang='lat' dir='ltr'><strong>is</strong></span> <span class='ocrx_word' id='word_1_239' title='bbox 1011 2632 1094 2679; x_wconf 86' lang='lat' dir='ltr'><strong>est</strong></span> <span class='ocrx_word' id='word_1_240' title='bbox 1113 2623 1304 2678; x_wconf 92' lang='lat' dir='ltr'><strong>doctor</strong></span> <span class='ocrx_word' id='word_1_241' title='bbox 1326 2638 1344 2689; x_wconf 92' lang='lat'><strong>;</strong></span> <span class='ocrx_word' id='word_1_242' title='bbox 1367 2622 1451 2677; x_wconf 93' lang='lat' dir='ltr'><strong>cui</strong></span> <span class='ocrx_word' id='word_1_243' title='bbox 1478 2630 1654 2676; x_wconf 88' lang='lat' dir='ltr'><strong>autem</strong></span> <span class='ocrx_word' id='word_1_244' title='bbox 1685 2637 1868 2688; x_wconf 93' lang='lat' dir='ltr'><strong>unum,</strong></span> <span class='ocrx_word' id='word_1_245' title='bbox 1892 2623 2130 2694; x_wconf 89' lang='lat' dir='ltr'><strong>discipu-</strong></span> 
     </span>
    </p>
   </div>
   <div class='ocr_carea' id='block_1_30' title="bbox 553 2712 2132 2785">
    <p class='ocr_par' dir='ltr' id='par_1_30' title="bbox 553 2712 2132 2785">
     <span class='ocr_line' id='line_1_30' title="bbox 553 2712 2132 2785; baseline -0.002 -11"><span class='ocrx_word' id='word_1_246' title='bbox 553 2721 657 2774; x_wconf 88' lang='lat' dir='ltr'><strong>lus.</strong></span> <span class='ocrx_word' id='word_1_247' title='bbox 693 2719 749 2775; x_wconf 90' lang='lat' dir='ltr'><strong>Si</strong></span> <span class='ocrx_word' id='word_1_248' title='bbox 773 2718 968 2773; x_wconf 82' lang='lat' dir='ltr'><strong>dixerit</strong></span> <span class='ocrx_word' id='word_1_249' title='bbox 994 2714 1291 2785; x_wconf 87' lang='lat' dir='ltr'><strong>discipulus</strong></span> <span class='ocrx_word' id='word_1_250' title='bbox 1311 2755 1326 2778; x_wconf 95' lang='lat'><strong>,</strong></span> <span class='ocrx_word' id='word_1_251' title='bbox 1372 2712 1499 2769; x_wconf 87' lang='lat' dir='ltr'><strong>Sum</strong></span> <span class='ocrx_word' id='word_1_252' title='bbox 1528 2713 1821 2783; x_wconf 88' lang='lat' dir='ltr'><strong>discipulus</strong></span> <span class='ocrx_word' id='word_1_253' title='bbox 1842 2755 1857 2779; x_wconf 91' lang='lat'><strong>,</strong></span> <span class='ocrx_word' id='word_1_254' title='bbox 1900 2715 1952 2769; x_wconf 90' lang='lat' dir='ltr'><strong>in</strong></span> <span class='ocrx_word' id='word_1_255' title='bbox 1982 2716 2132 2772; x_wconf 91' lang='lat' dir='ltr'><strong>nullo</strong></span> 
     </span>
    </p>
   </div>
   <div class='ocr_carea' id='block_1_31' title="bbox 551 2803 2131 2879">
    <p class='ocr_par' dir='ltr' id='par_1_31' title="bbox 551 2803 2131 2879">
     <span class='ocr_line' id='line_1_31' title="bbox 551 2803 2131 2879; baseline -0.002 -15"><span class='ocrx_word' id='word_1_256' title='bbox 551 2825 741 2866; x_wconf 87' lang='lat' dir='ltr'><strong>versor</strong></span> <span class='ocrx_word' id='word_1_257' title='bbox 787 2807 1058 2879; x_wconf 91' lang='lat' dir='ltr'><strong>periculo;</strong></span> <span class='ocrx_word' id='word_1_258' title='bbox 1109 2815 1162 2860; x_wconf 91' lang='lat' dir='ltr'><strong>et</strong></span> <span class='ocrx_word' id='word_1_259' title='bbox 1207 2819 1550 2860; x_wconf 88' lang='lat' dir='ltr'><strong>communem</strong></span> <span class='ocrx_word' id='word_1_260' title='bbox 1592 2803 1733 2859; x_wconf 88' lang='lat' dir='ltr'><strong>hanc</strong></span> <span class='ocrx_word' id='word_1_261' title='bbox 1775 2819 1935 2874; x_wconf 88' lang='lat' dir='ltr'><strong>quam</strong></span> <span class='ocrx_word' id='word_1_262' title='bbox 1962 2819 1990 2858; x_wconf 91' lang='lat' dir='ltr'><strong>a</strong></span> <span class='ocrx_word' id='word_1_263' title='bbox 2022 2806 2131 2861; x_wconf 90' lang='lat' dir='ltr'><strong>Deo</strong></span> 
     </span>
    </p>
   </div>
   <div class='ocr_carea' id='block_1_32' title="bbox 551 2894 2131 2971">
    <p class='ocr_par' dir='ltr' id='par_1_32' title="bbox 551 2894 2131 2971">
     <span class='ocr_line' id='line_1_32' title="bbox 551 2894 2131 2971; baseline -0.004 -14"><span class='ocrx_word' id='word_1_264' title='bbox 551 2900 760 2971; x_wconf 85' lang='lat' dir='ltr'><strong>accepit</strong></span> <span class='ocrx_word' id='word_1_265' title='bbox 801 2898 1057 2954; x_wconf 71' lang='lat' dir='ltr'><strong>doctrinte</strong></span> <span class='ocrx_word' id='word_1_266' title='bbox 1095 2896 1376 2960; x_wconf 85' lang='lat' dir='ltr'><strong>rationem,</strong></span> <span class='ocrx_word' id='word_1_267' title='bbox 1421 2894 1616 2949; x_wconf 91' lang='lat' dir='ltr'><strong>nudam</strong></span> <span class='ocrx_word' id='word_1_268' title='bbox 1658 2894 2023 2962; x_wconf 90' lang='lat' dir='ltr'><strong>absconderit,</strong></span> <span class='ocrx_word' id='word_1_269' title='bbox 2076 2905 2131 2950; x_wconf 91' lang='lat' dir='ltr'><strong>et</strong></span> 
     </span>
    </p>
   </div>
   <div class='ocr_carea' id='block_1_33' title="bbox 551 2985 2126 3055">
    <p class='ocr_par' dir='ltr' id='par_1_33' title="bbox 551 2985 2126 3055">
     <span class='ocr_line' id='line_1_33' title="bbox 551 2985 2126 3055; baseline -0.004 -7"><span class='ocrx_word' id='word_1_270' title='bbox 551 3008 659 3048; x_wconf 92' lang='lat' dir='ltr'><strong>non</strong></span> <span class='ocrx_word' id='word_1_271' title='bbox 688 2990 1044 3053; x_wconf 86' lang='lat' dir='ltr'><strong>admonuerit,</strong></span> <span class='ocrx_word' id='word_1_272' title='bbox 1071 2997 1125 3043; x_wconf 91' lang='lat' dir='ltr'><strong>et</strong></span> <span class='ocrx_word' id='word_1_273' title='bbox 1151 3003 1257 3042; x_wconf 92' lang='lat' dir='ltr'><strong>non</strong></span> <span class='ocrx_word' id='word_1_274' title='bbox 1285 2987 1494 3042; x_wconf 90' lang='lat' dir='ltr'><strong>dicendi</strong></span> <span class='ocrx_word' id='word_1_275' title='bbox 1523 2985 1766 3041; x_wconf 89' lang='lat' dir='ltr'><strong>libertate</strong></span> <span class='ocrx_word' id='word_1_276' title='bbox 1793 3001 1920 3041; x_wconf 90' lang='lat' dir='ltr'><strong>usus</strong></span> <span class='ocrx_word' id='word_1_277' title='bbox 1950 2989 2126 3055; x_wconf 87' lang='lat' dir='ltr'><strong>fuerit,</strong></span> 
     </span>
    </p>
   </div>
   <div class='ocr_carea' id='block_1_34' title="bbox 552 3077 2129 3153">
    <p class='ocr_par' dir='ltr' id='par_1_34' title="bbox 552 3077 2129 3153">
     <span class='ocr_line' id='line_1_34' title="bbox 552 3077 2129 3153; baseline -0.004 -14"><span class='ocrx_word' id='word_1_278' title='bbox 552 3101 660 3140; x_wconf 86' lang='lat' dir='ltr'><strong>non</strong></span> <span class='ocrx_word' id='word_1_279' title='bbox 688 3082 944 3153; x_wconf 83' lang='lat' dir='ltr'><strong>arguerit,</strong></span> <span class='ocrx_word' id='word_1_280' title='bbox 975 3096 1080 3134; x_wconf 89' lang='lat' dir='ltr'><strong>non</strong></span> <span class='ocrx_word' id='word_1_281' title='bbox 1097 3079 1326 3134; x_wconf 88' lang='lat' dir='ltr'><strong>suaserit</strong></span> <span class='ocrx_word' id='word_1_282' title='bbox 1351 3079 1395 3133; x_wconf 88' lang='lat' dir='ltr'><strong>si</strong></span> <span class='ocrx_word' id='word_1_283' title='bbox 1410 3085 1603 3148; x_wconf 83' lang='lat' dir='ltr'><strong>potest,</strong></span> <span class='ocrx_word' id='word_1_284' title='bbox 1624 3077 1718 3134; x_wconf 88' lang='lat' dir='ltr'><strong>sed</strong></span> <span class='ocrx_word' id='word_1_285' title='bbox 1747 3078 1797 3132; x_wconf 91' lang='lat' dir='ltr'><strong>in</strong></span> <span class='ocrx_word' id='word_1_286' title='bbox 1831 3087 1973 3132; x_wconf 88' lang='lat' dir='ltr'><strong>terra</strong></span> <span class='ocrx_word' id='word_1_287' title='bbox 2000 3079 2129 3134; x_wconf 89' lang='lat' dir='ltr'><strong>abs-</strong></span> 
     </span>
    </p>
   </div>
   <div class='ocr_carea' id='block_1_35' title="bbox 550 3169 2130 3239">
    <p class='ocr_par' dir='ltr' id='par_1_35' title="bbox 550 3169 2130 3239">
     <span class='ocr_line' id='line_1_35' title="bbox 550 3169 2130 3239; baseline -0.007 -5"><span class='ocrx_word' id='word_1_288' title='bbox 550 3176 794 3233; x_wconf 86' lang='lat' dir='ltr'><strong>conderit</strong></span> <span class='ocrx_word' id='word_1_289' title='bbox 819 3192 833 3228; x_wconf 89' lang='lat'><strong>:</strong></span> <span class='ocrx_word' id='word_1_290' title='bbox 867 3188 995 3230; x_wconf 84' lang='lat' dir='ltr'><strong>vere</strong></span> <span class='ocrx_word' id='word_1_291' title='bbox 1020 3173 1163 3227; x_wconf 90' lang='lat' dir='ltr'><strong>enim</strong></span> <span class='ocrx_word' id='word_1_292' title='bbox 1193 3179 1276 3226; x_wconf 91' lang='lat' dir='ltr'><strong>est</strong></span> <span class='ocrx_word' id='word_1_293' title='bbox 1304 3179 1444 3225; x_wconf 87' lang='lat' dir='ltr'><strong>terra</strong></span> <span class='ocrx_word' id='word_1_294' title='bbox 1471 3179 1528 3224; x_wconf 91' lang='lat' dir='ltr'><strong>et</strong></span> <span class='ocrx_word' id='word_1_295' title='bbox 1551 3169 1687 3223; x_wconf 88' lang='lat' dir='ltr'><strong>cinis</strong></span> <span class='ocrx_word' id='word_1_296' title='bbox 1712 3184 1806 3223; x_wconf 90' lang='lat' dir='ltr'><strong>cor</strong></span> <span class='ocrx_word' id='word_1_297' title='bbox 1840 3169 1980 3239; x_wconf 92' lang='lat' dir='ltr'><strong>quod</strong></span> <span class='ocrx_word' id='word_1_298' title='bbox 2007 3170 2130 3224; x_wconf 86' lang='lat' dir='ltr'><strong>abs-</strong></span> 
     </span>
    </p>
   </div>
   <div class='ocr_carea' id='block_1_36' title="bbox 547 3260 2128 3337">
    <p class='ocr_par' dir='ltr' id='par_1_36' title="bbox 547 3260 2128 3337">
     <span class='ocr_line' id='line_1_36' title="bbox 547 3260 2128 3337; baseline -0.004 -12"><span class='ocrx_word' id='word_1_299' title='bbox 547 3269 730 3326; x_wconf 86' lang='lat' dir='ltr'><strong>condit</strong></span> <span class='ocrx_word' id='word_1_300' title='bbox 757 3267 847 3323; x_wconf 91' lang='lat' dir='ltr'><strong>Dei</strong></span> <span class='ocrx_word' id='word_1_301' title='bbox 876 3266 1141 3337; x_wconf 88' lang='lat' dir='ltr'><strong>gratiam;</strong></span> <span class='ocrx_word' id='word_1_302' title='bbox 1171 3263 1218 3318; x_wconf 90' lang='lat' dir='ltr'><strong>si</strong></span> <span class='ocrx_word' id='word_1_303' title='bbox 1243 3278 1371 3333; x_wconf 89' lang='lat' dir='ltr'><strong>ergo</strong></span> <span class='ocrx_word' id='word_1_304' title='bbox 1408 3260 1747 3317; x_wconf 89' lang='lat' dir='ltr'><strong>absconderit</strong></span> <span class='ocrx_word' id='word_1_305' title='bbox 1774 3271 1866 3315; x_wconf 89' lang='lat' dir='ltr'><strong>aut</strong></span> <span class='ocrx_word' id='word_1_306' title='bbox 1911 3272 2128 3332; x_wconf 82' lang='lat' dir='ltr'><strong>propter</strong></span> 
     </span>
    </p>
   </div>
   <div class='ocr_carea' id='block_1_37' title="bbox 546 3353 2124 3433">
    <p class='ocr_par' dir='ltr' id='par_1_37' title="bbox 546 3353 2124 3433">
     <span class='ocr_line' id='line_1_37' title="bbox 546 3353 2124 3433; baseline -0.007 -15"><span class='ocrx_word' id='word_1_307' title='bbox 546 3362 838 3433; x_wconf 89' lang='lat' dir='ltr'><strong>pigritiam,</strong></span> <span class='ocrx_word' id='word_1_308' title='bbox 863 3368 955 3413; x_wconf 91' lang='lat' dir='ltr'><strong>aut</strong></span> <span class='ocrx_word' id='word_1_309' title='bbox 975 3366 1194 3428; x_wconf 88' lang='lat' dir='ltr'><strong>propter</strong></span> <span class='ocrx_word' id='word_1_310' title='bbox 1215 3354 1633 3425; x_wconf 89' lang='lat' dir='ltr'><strong>improbitatem,</strong></span> <span class='ocrx_word' id='word_1_311' title='bbox 1659 3367 1764 3409; x_wconf 90' lang='lat' dir='ltr'><strong>non</strong></span> <span class='ocrx_word' id='word_1_312' title='bbox 1787 3368 1910 3408; x_wconf 90' lang='lat' dir='ltr'><strong>enm</strong></span> <span class='ocrx_word' id='word_1_313' title='bbox 1939 3353 2124 3408; x_wconf 87' lang='lat' dir='ltr'><strong>defen-</strong></span> 
     </span>
    </p>
   </div>
   <div class='ocr_carea' id='block_1_38' title="bbox 529 3439 2104 3519">
    <p class='ocr_par' dir='ltr' id='par_1_38' title="bbox 529 3439 2104 3519">
     <span class='ocr_line' id='line_1_38' title="bbox 529 3439 2104 3519; baseline -0.004 -16"><span class='ocrx_word' id='word_1_314' title='bbox 529 3449 620 3504; x_wconf 90' lang='lat' dir='ltr'><strong>det</strong></span> <span class='ocrx_word' id='word_1_315' title='bbox 645 3460 698 3504; x_wconf 91' lang='lat' dir='ltr'><strong>et</strong></span> <span class='ocrx_word' id='word_1_316' title='bbox 722 3451 1000 3505; x_wconf 83' lang='lat' dir='ltr'><strong>excusabit</strong></span> <span class='ocrx_word' id='word_1_317' title='bbox 1027 3448 1168 3519; x_wconf 87' lang='lat' dir='ltr'><strong>quod</strong></span> <span class='ocrx_word' id='word_1_318' title='bbox 1197 3447 1376 3510; x_wconf 88' lang='lat' dir='ltr'><strong>dicat,</strong></span> <span class='ocrx_word' id='word_1_319' title='bbox 1417 3443 1589 3499; x_wconf 88' lang='lat' dir='ltr'><strong>Unum</strong></span> <span class='ocrx_word' id='word_1_320' title='bbox 1631 3441 1788 3495; x_wconf 88' lang='lat' dir='ltr'><strong>habui</strong></span> <span class='ocrx_word' id='word_1_321' title='bbox 1826 3439 2104 3496; x_wconf 83' lang='lat' dir='ltr'><strong>talentum.</strong></span> 
     </span>
    </p>
   </div>
   <div class='ocr_carea' id='block_1_39' title="bbox 535 3528 2110 3604">
    <p class='ocr_par' dir='ltr' id='par_1_39' title="bbox 535 3528 2110 3604">
     <span class='ocr_line' id='line_1_39' title="bbox 535 3528 2110 3604; baseline -0.006 -9"><span class='ocrx_word' id='word_1_322' title='bbox 535 3539 707 3595; x_wconf 84' lang='lat' dir='ltr'><strong>Unum</strong></span> <span class='ocrx_word' id='word_1_323' title='bbox 731 3539 964 3594; x_wconf 88' lang='lat' dir='ltr'><strong>habebas</strong></span> <span class='ocrx_word' id='word_1_324' title='bbox 986 3540 1240 3593; x_wconf 88' lang='lat' dir='ltr'><strong>talentum</strong></span> <span class='ocrx_word' id='word_1_325' title='bbox 1263 3536 1572 3604; x_wconf 84' lang='lat' dir='ltr'><strong>:oportcbat</strong></span> <span class='ocrx_word' id='word_1_326' title='bbox 1590 3534 1815 3587; x_wconf 88' lang='lat' dir='ltr'><strong>alterum</strong></span> <span class='ocrx_word' id='word_1_327' title='bbox 1836 3528 2030 3585; x_wconf 83' lang='lat' dir='ltr'><strong>afferre</strong></span> <span class='ocrx_word' id='word_1_328' title='bbox 2053 3538 2110 3585; x_wconf 84' lang='lat' dir='ltr'><strong>et</strong></span> 
     </span>
    </p>
   </div>
   <div class='ocr_carea' id='block_1_40' title="bbox 531 3619 2108 3699">
    <p class='ocr_par' dir='ltr' id='par_1_40' title="bbox 531 3619 2108 3699">
     <span class='ocr_line' id='line_1_40' title="bbox 531 3619 2108 3699; baseline -0.004 -16"><span class='ocrx_word' id='word_1_329' title='bbox 531 3629 786 3684; x_wconf 90' lang='lat' dir='ltr'><strong>talentum</strong></span> <span class='ocrx_word' id='word_1_330' title='bbox 817 3629 1089 3699; x_wconf 89' lang='lat' dir='ltr'><strong>duplicare</strong></span> <span class='ocrx_word' id='word_1_331' title='bbox 1124 3644 1138 3682; x_wconf 88' lang='lat'><strong>:</strong></span> <span class='ocrx_word' id='word_1_332' title='bbox 1167 3628 1210 3680; x_wconf 91' lang='lat' dir='ltr'><strong>si</strong></span> <span class='ocrx_word' id='word_1_333' title='bbox 1233 3625 1406 3679; x_wconf 87' lang='lat' dir='ltr'><strong>adhuc</strong></span> <span class='ocrx_word' id='word_1_334' title='bbox 1436 3638 1600 3678; x_wconf 87' lang='lat' dir='ltr'><strong>unum</strong></span> <span class='ocrx_word' id='word_1_335' title='bbox 1627 3621 1894 3676; x_wconf 86' lang='lat' dir='ltr'><strong>attulisses</strong></span> <span class='ocrx_word' id='word_1_336' title='bbox 1919 3661 1934 3684; x_wconf 93' lang='lat'><strong>,</strong></span> <span class='ocrx_word' id='word_1_337' title='bbox 1964 3619 2108 3676; x_wconf 82' lang='lat' dir='ltr'><strong>nulla</strong></span> 
     </span>
    </p>
   </div>
   <div class='ocr_carea' id='block_1_41' title="bbox 530 3709 2110 3789">
    <p class='ocr_par' dir='ltr' id='par_1_41' title="bbox 530 3709 2110 3789">
     <span class='ocr_line' id='line_1_41' title="bbox 530 3709 2110 3789; baseline -0.007 -14"><span class='ocrx_word' id='word_1_338' title='bbox 530 3729 676 3776; x_wconf 86' lang='lat' dir='ltr'><strong>esset</strong></span> <span class='ocrx_word' id='word_1_339' title='bbox 703 3719 882 3789; x_wconf 89' lang='lat' dir='ltr'><strong>culpa.</strong></span> <span class='ocrx_word' id='word_1_340' title='bbox 903 3719 1084 3788; x_wconf 87' lang='lat' dir='ltr'><strong>Neque</strong></span> <span class='ocrx_word' id='word_1_341' title='bbox 1107 3717 1248 3772; x_wconf 89' lang='lat' dir='ltr'><strong>enim</strong></span> <span class='ocrx_word' id='word_1_342' title='bbox 1275 3717 1324 3770; x_wconf 91' lang='lat' dir='ltr'><strong>ei</strong></span> <span class='ocrx_word' id='word_1_343' title='bbox 1350 3714 1440 3785; x_wconf 81' lang='lat' dir='ltr'><strong>qui</strong></span> <span class='ocrx_word' id='word_1_344' title='bbox 1472 3713 1578 3766; x_wconf 89' lang='lat' dir='ltr'><strong>duo</strong></span> <span class='ocrx_word' id='word_1_345' title='bbox 1598 3711 1792 3777; x_wconf 90' lang='lat' dir='ltr'><strong>attulit,</strong></span> <span class='ocrx_word' id='word_1_346' title='bbox 1821 3709 1982 3763; x_wconf 83' lang='lat' dir='ltr'><strong>dixit:</strong></span> <span class='ocrx_word' id='word_1_347' title='bbox 2002 3709 2110 3764; x_wconf 91' lang='lat' dir='ltr'><strong>Cur</strong></span> 
     </span>
    </p>
   </div>
   <div class='ocr_carea' id='block_1_42' title="bbox 532 3800 2110 3884">
    <p class='ocr_par' dir='ltr' id='par_1_42' title="bbox 532 3800 2110 3884">
     <span class='ocr_line' id='line_1_42' title="bbox 532 3800 2110 3884; baseline -0.008 -16"><span class='ocrx_word' id='word_1_348' title='bbox 532 3829 637 3868; x_wconf 91' lang='lat' dir='ltr'><strong>non</strong></span> <span class='ocrx_word' id='word_1_349' title='bbox 659 3813 894 3884; x_wconf 87' lang='lat' dir='ltr'><strong>quinque</strong></span> <span class='ocrx_word' id='word_1_350' title='bbox 913 3810 1134 3865; x_wconf 89' lang='lat' dir='ltr'><strong>attulisti</strong></span> <span class='ocrx_word' id='word_1_351' title='bbox 1151 3813 1174 3862; x_wconf 67' lang='grc' dir='ltr'><strong>’ἐ</strong></span> <span class='ocrx_word' id='word_1_352' title='bbox 1192 3808 1285 3863; x_wconf 86' lang='lat' dir='ltr'><strong>sed</strong></span> <span class='ocrx_word' id='word_1_353' title='bbox 1308 3821 1429 3862; x_wconf 90' lang='lat' dir='ltr'><strong>eum</strong></span> <span class='ocrx_word' id='word_1_354' title='bbox 1457 3803 1644 3860; x_wconf 81' lang='lat' dir='ltr'><strong>iisdem</strong></span> <span class='ocrx_word' id='word_1_355' title='bbox 1665 3802 1882 3870; x_wconf 86' lang='lat' dir='ltr'><strong>dignum</strong></span> <span class='ocrx_word' id='word_1_356' title='bbox 1904 3800 2110 3856; x_wconf 86' lang='lat' dir='ltr'><strong>censuit</strong></span> 
     </span>
    </p>
   </div>
   <div class='ocr_carea' id='block_1_43' title="bbox 530 3892 2110 3975">
    <p class='ocr_par' dir='ltr' id='par_1_43' title="bbox 530 3892 2110 3975">
     <span class='ocr_line' id='line_1_43' title="bbox 530 3892 2110 3975; baseline -0.009 -17"><span class='ocrx_word' id='word_1_357' title='bbox 530 3903 723 3975; x_wconf 90' lang='lat' dir='ltr'><strong>quibus</strong></span> <span class='ocrx_word' id='word_1_358' title='bbox 743 3918 864 3958; x_wconf 91' lang='lat' dir='ltr'><strong>eum</strong></span> <span class='ocrx_word' id='word_1_359' title='bbox 884 3901 971 3972; x_wconf 87' lang='lat' dir='ltr'><strong>qtti</strong></span> <span class='ocrx_word' id='word_1_360' title='bbox 989 3901 1222 3971; x_wconf 91' lang='lat' dir='ltr'><strong>quinque</strong></span> <span class='ocrx_word' id='word_1_361' title='bbox 1242 3895 1646 3961; x_wconf 80' lang='lat' dir='ltr'><strong>attulit.Quare?</strong></span> <span class='ocrx_word' id='word_1_362' title='bbox 1663 3892 1922 3960; x_wconf 89' lang='lat' dir='ltr'><strong>Quoniam</strong></span> <span class='ocrx_word' id='word_1_363' title='bbox 1943 3907 2110 3960; x_wconf 87' lang='lat' dir='ltr'><strong>quan-</strong></span> 
     </span>
    </p>
   </div>
   <div class='ocr_carea' id='block_1_44' title="bbox 531 3986 2110 4056">
    <p class='ocr_par' dir='ltr' id='par_1_44' title="bbox 531 3986 2110 4056">
     <span class='ocr_line' id='line_1_44' title="bbox 531 3986 2110 4056; baseline -0.009 -6"><span class='ocrx_word' id='word_1_364' title='bbox 531 4006 645 4050; x_wconf 91' lang='lat' dir='ltr'><strong>tum</strong></span> <span class='ocrx_word' id='word_1_365' title='bbox 671 3994 852 4048; x_wconf 90' lang='lat' dir='ltr'><strong>habuit</strong></span> <span class='ocrx_word' id='word_1_366' title='bbox 876 3989 1137 4056; x_wconf 82' lang='lat' dir='ltr'><strong>exercuit,</strong></span> <span class='ocrx_word' id='word_1_367' title='bbox 1159 4004 1258 4044; x_wconf 90' lang='lat' dir='ltr'><strong>nec</strong></span> <span class='ocrx_word' id='word_1_368' title='bbox 1282 3986 1408 4042; x_wconf 88' lang='lat' dir='ltr'><strong>sivit</strong></span> <span class='ocrx_word' id='word_1_369' title='bbox 1429 4001 1550 4041; x_wconf 90' lang='lat' dir='ltr'><strong>esse</strong></span> <span class='ocrx_word' id='word_1_370' title='bbox 1573 3986 1823 4048; x_wconf 87' lang='lat' dir='ltr'><strong>otiosum,</strong></span> <span class='ocrx_word' id='word_1_371' title='bbox 1855 3996 1954 4038; x_wconf 91' lang='lat' dir='ltr'><strong>nec</strong></span> <span class='ocrx_word' id='word_1_372' title='bbox 1972 3997 2110 4052; x_wconf 80' lang='lat' dir='ltr'><strong>quo-</strong></span> 
     </span>
    </p>
   </div>
   <div class='ocr_carea' id='block_1_45' title="bbox 532 4074 2112 4152">
    <p class='ocr_par' dir='ltr' id='par_1_45' title="bbox 532 4074 2112 4152">
     <span class='ocr_line' id='line_1_45' title="bbox 532 4074 2112 4152; baseline -0.008 -12"><span class='ocrx_word' id='word_1_373' title='bbox 532 4088 674 4140; x_wconf 88' lang='lat' dir='ltr'><strong>niam</strong></span> <span class='ocrx_word' id='word_1_374' title='bbox 703 4085 878 4138; x_wconf 90' lang='lat' dir='ltr'><strong>minus</strong></span> <span class='ocrx_word' id='word_1_375' title='bbox 898 4081 1100 4152; x_wconf 88' lang='lat' dir='ltr'><strong>accepit</strong></span> <span class='ocrx_word' id='word_1_376' title='bbox 1125 4096 1285 4150; x_wconf 87' lang='lat' dir='ltr'><strong>quam</strong></span> <span class='ocrx_word' id='word_1_377' title='bbox 1314 4078 1400 4132; x_wconf 92' lang='lat' dir='ltr'><strong>cui</strong></span> <span class='ocrx_word' id='word_1_378' title='bbox 1428 4077 1636 4133; x_wconf 81' lang='lat' dir='ltr'><strong>fuerant</strong></span> <span class='ocrx_word' id='word_1_379' title='bbox 1659 4074 1849 4129; x_wconf 89' lang='lat' dir='ltr'><strong>tradita</strong></span> <span class='ocrx_word' id='word_1_380' title='bbox 1877 4075 2112 4145; x_wconf 86' lang='lat' dir='ltr'><strong>quinque</strong></span> 
     </span>
    </p>
   </div>
   <div class='ocr_carea' id='block_1_46' title="bbox 531 4169 2110 4246">
    <p class='ocr_par' dir='ltr' id='par_1_46' title="bbox 531 4169 2110 4246">
     <span class='ocr_line' id='line_1_46' title="bbox 531 4169 2110 4246; baseline -0.007 -13"><span class='ocrx_word' id='word_1_381' title='bbox 531 4181 755 4246; x_wconf 88' lang='lat' dir='ltr'><strong>talenta,</strong></span> <span class='ocrx_word' id='word_1_382' title='bbox 783 4186 1064 4246; x_wconf 88' lang='lat' dir='ltr'><strong>propterea</strong></span> <span class='ocrx_word' id='word_1_383' title='bbox 1094 4175 1191 4228; x_wconf 90' lang='lat' dir='ltr'><strong>fuit</strong></span> <span class='ocrx_word' id='word_1_384' title='bbox 1215 4173 1489 4243; x_wconf 87' lang='lat' dir='ltr'><strong>negligens</strong></span> <span class='ocrx_word' id='word_1_385' title='bbox 1513 4210 1531 4237; x_wconf 91' lang='lat'><strong>,</strong></span> <span class='ocrx_word' id='word_1_386' title='bbox 1561 4184 1660 4225; x_wconf 91' lang='lat' dir='ltr'><strong>nec</strong></span> <span class='ocrx_word' id='word_1_387' title='bbox 1687 4169 1954 4239; x_wconf 90' lang='lat' dir='ltr'><strong>paucitate</strong></span> <span class='ocrx_word' id='word_1_388' title='bbox 1981 4181 2110 4222; x_wconf 88' lang='lat' dir='ltr'><strong>usus</strong></span> 
     </span>
    </p>
   </div>
   <div class='ocr_carea' id='block_1_47' title="bbox 532 4257 2112 4334">
    <p class='ocr_par' dir='ltr' id='par_1_47' title="bbox 532 4257 2112 4334">
     <span class='ocr_line' id='line_1_47' title="bbox 532 4257 2112 4334; baseline -0.006 -11"><span class='ocrx_word' id='word_1_389' title='bbox 532 4277 618 4323; x_wconf 86' lang='lat' dir='ltr'><strong>est</strong></span> <span class='ocrx_word' id='word_1_390' title='bbox 645 4268 711 4321; x_wconf 88' lang='lat' dir='ltr'><strong>ad</strong></span> <span class='ocrx_word' id='word_1_391' title='bbox 753 4267 946 4320; x_wconf 91' lang='lat' dir='ltr'><strong>otium.</strong></span> <span class='ocrx_word' id='word_1_392' title='bbox 975 4263 1085 4319; x_wconf 83' lang='lat' dir='ltr'><strong>Nec</strong></span> <span class='ocrx_word' id='word_1_393' title='bbox 1111 4273 1162 4320; x_wconf 89' lang='lat' dir='ltr'><strong>te</strong></span> <span class='ocrx_word' id='word_1_394' title='bbox 1189 4262 1472 4334; x_wconf 87' lang='lat' dir='ltr'><strong>oportebat</strong></span> <span class='ocrx_word' id='word_1_395' title='bbox 1496 4261 1739 4331; x_wconf 90' lang='lat' dir='ltr'><strong>aspicere</strong></span> <span class='ocrx_word' id='word_1_396' title='bbox 1773 4259 1839 4313; x_wconf 88' lang='lat' dir='ltr'><strong>ad</strong></span> <span class='ocrx_word' id='word_1_397' title='bbox 1869 4275 1991 4314; x_wconf 92' lang='lat' dir='ltr'><strong>eum</strong></span> <span class='ocrx_word' id='word_1_398' title='bbox 2019 4257 2112 4328; x_wconf 90' lang='lat' dir='ltr'><strong>qui</strong></span> 
     </span>
    </p>
   </div>
   <div class='ocr_carea' id='block_1_48' title="bbox 533 4348 2113 4421">
    <p class='ocr_par' dir='ltr' id='par_1_48' title="bbox 533 4348 2113 4421">
     <span class='ocr_line' id='line_1_48' title="bbox 533 4348 2113 4421; baseline -0.006 -7"><span class='ocrx_word' id='word_1_399' title='bbox 533 4361 640 4414; x_wconf 90' lang='lat' dir='ltr'><strong>duo</strong></span> <span class='ocrx_word' id='word_1_400' title='bbox 666 4358 925 4419; x_wconf 85' lang='lat' dir='ltr'><strong>habebat;</strong></span> <span class='ocrx_word' id='word_1_401' title='bbox 946 4355 1052 4409; x_wconf 93' lang='lat' dir='ltr'><strong>imo</strong></span> <span class='ocrx_word' id='word_1_402' title='bbox 1069 4370 1195 4411; x_wconf 90' lang='lat' dir='ltr'><strong>vero</strong></span> <span class='ocrx_word' id='word_1_403' title='bbox 1216 4354 1375 4408; x_wconf 90' lang='lat' dir='ltr'><strong>etiam</strong></span> <span class='ocrx_word' id='word_1_404' title='bbox 1398 4352 1464 4406; x_wconf 89' lang='lat' dir='ltr'><strong>ad</strong></span> <span class='ocrx_word' id='word_1_405' title='bbox 1493 4351 1640 4407; x_wconf 91' lang='lat' dir='ltr'><strong>illum</strong></span> <span class='ocrx_word' id='word_1_406' title='bbox 1661 4349 1942 4421; x_wconf 88' lang='lat' dir='ltr'><strong>oportebat</strong></span> <span class='ocrx_word' id='word_1_407' title='bbox 1964 4348 2113 4416; x_wconf 85' lang='lat' dir='ltr'><strong>aspi-</strong></span> 
     </span>
    </p>
   </div>
   <div class='ocr_carea' id='block_1_49' title="bbox 533 4441 2112 4518">
    <p class='ocr_par' dir='ltr' id='par_1_49' title="bbox 533 4441 2112 4518">
     <span class='ocr_line' id='line_1_49' title="bbox 533 4441 2112 4518; baseline -0.006 -12"><span class='ocrx_word' id='word_1_408' title='bbox 533 4467 679 4513; x_wconf 85' lang='lat' dir='ltr'><strong>cere,</strong></span> <span class='ocrx_word' id='word_1_409' title='bbox 703 4462 757 4504; x_wconf 89' lang='lat' dir='ltr'><strong>et</strong></span> <span class='ocrx_word' id='word_1_410' title='bbox 778 4446 1225 4518; x_wconf 86' lang='lat' dir='ltr'><strong>quemadmodum</strong></span> <span class='ocrx_word' id='word_1_411' title='bbox 1257 4446 1345 4500; x_wconf 88' lang='lat' dir='ltr'><strong>ille</strong></span> <span class='ocrx_word' id='word_1_412' title='bbox 1367 4458 1489 4499; x_wconf 89' lang='lat' dir='ltr'><strong>cum</strong></span> <span class='ocrx_word' id='word_1_413' title='bbox 1517 4442 1624 4496; x_wconf 92' lang='lat' dir='ltr'><strong>duo</strong></span> <span class='ocrx_word' id='word_1_414' title='bbox 1653 4441 1898 4506; x_wconf 87' lang='lat' dir='ltr'><strong>haberet,</strong></span> <span class='ocrx_word' id='word_1_415' title='bbox 1931 4441 2112 4496; x_wconf 81' lang='lat' dir='ltr'><strong>imita-</strong></span> 
     </span>
    </p>
   </div>
   <div class='ocr_carea' id='block_1_50' title="bbox 535 4534 2114 4606">
    <p class='ocr_par' dir='ltr' id='par_1_50' title="bbox 535 4534 2114 4606">
     <span class='ocr_line' id='line_1_50' title="bbox 535 4534 2114 4606; baseline -0.008 -6"><span class='ocrx_word' id='word_1_416' title='bbox 535 4557 619 4601; x_wconf 87' lang='lat' dir='ltr'><strong>tus</strong></span> <span class='ocrx_word' id='word_1_417' title='bbox 644 4553 726 4599; x_wconf 89' lang='lat' dir='ltr'><strong>est</strong></span> <span class='ocrx_word' id='word_1_418' title='bbox 759 4543 908 4597; x_wconf 90' lang='lat' dir='ltr'><strong>illum</strong></span> <span class='ocrx_word' id='word_1_419' title='bbox 937 4541 1022 4596; x_wconf 90' lang='lat' dir='ltr'><strong>cui</strong></span> <span class='ocrx_word' id='word_1_420' title='bbox 1049 4539 1170 4594; x_wconf 85' lang='lat' dir='ltr'><strong>data</strong></span> <span class='ocrx_word' id='word_1_421' title='bbox 1193 4536 1408 4593; x_wconf 89' lang='lat' dir='ltr'><strong>fuerant</strong></span> <span class='ocrx_word' id='word_1_422' title='bbox 1430 4536 1662 4606; x_wconf 90' lang='lat' dir='ltr'><strong>quinque</strong></span> <span class='ocrx_word' id='word_1_423' title='bbox 1686 4574 1702 4599; x_wconf 94' lang='lat'><strong>,</strong></span> <span class='ocrx_word' id='word_1_424' title='bbox 1730 4534 1800 4588; x_wconf 91' lang='lat' dir='ltr'><strong>ita</strong></span> <span class='ocrx_word' id='word_1_425' title='bbox 1828 4543 1880 4587; x_wconf 89' lang='lat' dir='ltr'><strong>te</strong></span> <span class='ocrx_word' id='word_1_426' title='bbox 1902 4547 2114 4603; x_wconf 87' lang='lat' dir='ltr'><strong>quoque</strong></span> 
     </span>
    </p>
   </div>
   <div class='ocr_carea' id='block_1_51' title="bbox 533 4625 2114 4704">
    <p class='ocr_par' dir='ltr' id='par_1_51' title="bbox 533 4625 2114 4704">
     <span class='ocr_line' id='line_1_51' title="bbox 533 4625 2114 4704; baseline -0.008 -12"><span class='ocrx_word' id='word_1_427' title='bbox 533 4636 729 4693; x_wconf 91' lang='lat' dir='ltr'><strong>imitari</strong></span> <span class='ocrx_word' id='word_1_428' title='bbox 759 4634 1042 4704; x_wconf 85' lang='lat' dir='ltr'><strong>oportebat</strong></span> <span class='ocrx_word' id='word_1_429' title='bbox 1076 4647 1198 4688; x_wconf 92' lang='lat' dir='ltr'><strong>eum</strong></span> <span class='ocrx_word' id='word_1_430' title='bbox 1228 4631 1311 4686; x_wconf 92' lang='lat' dir='ltr'><strong>cui</strong></span> <span class='ocrx_word' id='word_1_431' title='bbox 1349 4629 1455 4684; x_wconf 91' lang='lat' dir='ltr'><strong>duo</strong></span> <span class='ocrx_word' id='word_1_432' title='bbox 1484 4627 1700 4683; x_wconf 89' lang='lat' dir='ltr'><strong>fuerunt</strong></span> <span class='ocrx_word' id='word_1_433' title='bbox 1726 4625 1935 4683; x_wconf 87' lang='lat' dir='ltr'><strong>tradita.</strong></span> <span class='ocrx_word' id='word_1_434' title='bbox 1980 4625 2114 4681; x_wconf 84' lang='lat' dir='ltr'><strong>Nam</strong></span> 
     </span>
    </p>
   </div>
   <div class='ocr_carea' id='block_1_52' title="bbox 532 4716 2112 4800">
    <p class='ocr_par' dir='ltr' id='par_1_52' title="bbox 532 4716 2112 4800">
     <span class='ocr_line' id='line_1_52' title="bbox 532 4716 2112 4800; baseline -0.009 -13"><span class='ocrx_word' id='word_1_435' title='bbox 532 4733 577 4786; x_wconf 89' lang='lat' dir='ltr'><strong>si</strong></span> <span class='ocrx_word' id='word_1_436' title='bbox 607 4731 656 4786; x_wconf 89' lang='lat' dir='ltr'><strong>ei</strong></span> <span class='ocrx_word' id='word_1_437' title='bbox 683 4730 770 4800; x_wconf 89' lang='lat' dir='ltr'><strong>qui</strong></span> <span class='ocrx_word' id='word_1_438' title='bbox 803 4727 961 4781; x_wconf 86' lang='lat' dir='ltr'><strong>habet</strong></span> <span class='ocrx_word' id='word_1_439' title='bbox 991 4725 1264 4796; x_wconf 89' lang='lat' dir='ltr'><strong>pecunias,</strong></span> <span class='ocrx_word' id='word_1_440' title='bbox 1297 4731 1353 4777; x_wconf 92' lang='lat' dir='ltr'><strong>ct</strong></span> <span class='ocrx_word' id='word_1_441' title='bbox 1398 4736 1507 4776; x_wconf 92' lang='lat' dir='ltr'><strong>non</strong></span> <span class='ocrx_word' id='word_1_442' title='bbox 1552 4719 1832 4790; x_wconf 91' lang='lat' dir='ltr'><strong>impertit,</strong></span> <span class='ocrx_word' id='word_1_443' title='bbox 1859 4716 2112 4787; x_wconf 89' lang='lat' dir='ltr'><strong>infligitur</strong></span> 
     </span>
    </p>
   </div>
   <div class='ocr_carea' id='block_1_53' title="bbox 532 4808 2111 4891">
    <p class='ocr_par' dir='ltr' id='par_1_53' title="bbox 532 4808 2111 4891">
     <span class='ocr_line' id='line_1_53' title="bbox 532 4808 2111 4891; baseline -0.007 -16"><span class='ocrx_word' id='word_1_444' title='bbox 532 4819 869 4891; x_wconf 83' lang='lat' dir='ltr'><strong>supplicium,</strong></span> <span class='ocrx_word' id='word_1_445' title='bbox 897 4817 947 4872; x_wconf 90' lang='lat' dir='ltr'><strong>ei</strong></span> <span class='ocrx_word' id='word_1_446' title='bbox 971 4815 1061 4886; x_wconf 86' lang='lat' dir='ltr'><strong>qui</strong></span> <span class='ocrx_word' id='word_1_447' title='bbox 1083 4823 1260 4885; x_wconf 88' lang='lat' dir='ltr'><strong>potest</strong></span> <span class='ocrx_word' id='word_1_448' title='bbox 1281 4810 1781 4883; x_wconf 86' lang='lat' dir='ltr'><strong>quomodocumque</strong></span> <span class='ocrx_word' id='word_1_449' title='bbox 1800 4808 2111 4876; x_wconf 87' lang='lat' dir='ltr'><strong>admonere,</strong></span> 
     </span>
    </p>
   </div>
   <div class='ocr_carea' id='block_1_54' title="bbox 533 4900 2117 4976">
    <p class='ocr_par' dir='ltr' id='par_1_54' title="bbox 533 4900 2117 4976">
     <span class='ocr_line' id='line_1_54' title="bbox 533 4900 2117 4976; baseline -0.006 -10"><span class='ocrx_word' id='word_1_450' title='bbox 533 4921 589 4967; x_wconf 86' lang='lat' dir='ltr'><strong>et</strong></span> <span class='ocrx_word' id='word_1_451' title='bbox 615 4911 717 4964; x_wconf 90' lang='lat' dir='ltr'><strong>hoc</strong></span> <span class='ocrx_word' id='word_1_452' title='bbox 745 4923 850 4962; x_wconf 93' lang='lat' dir='ltr'><strong>non</strong></span> <span class='ocrx_word' id='word_1_453' title='bbox 880 4907 1007 4961; x_wconf 80' lang='lat' dir='ltr'><strong>facit</strong></span> <span class='ocrx_word' id='word_1_454' title='bbox 1032 4947 1048 4972; x_wconf 88' lang='lat'><strong>,</strong></span> <span class='ocrx_word' id='word_1_455' title='bbox 1076 4905 1345 4976; x_wconf 87' lang='lat' dir='ltr'><strong>quomodo</strong></span> <span class='ocrx_word' id='word_1_456' title='bbox 1375 4918 1481 4958; x_wconf 93' lang='lat' dir='ltr'><strong>non</strong></span> <span class='ocrx_word' id='word_1_457' title='bbox 1522 4902 1815 4956; x_wconf 80' lang='lat' dir='ltr'><strong>maximum</strong></span> <span class='ocrx_word' id='word_1_458' title='bbox 1851 4900 2117 4970; x_wconf 79' lang='lat' dir='ltr'><strong>infligetur</strong></span> 
     </span>
    </p>
   </div>
   <div class='ocr_carea' id='block_1_55' title="bbox 536 4992 2118 5070">
    <p class='ocr_par' dir='ltr' id='par_1_55' title="bbox 536 4992 2118 5070">
     <span class='ocr_line' id='line_1_55' title="bbox 536 4992 2118 5070; baseline -0.004 -15"><span class='ocrx_word' id='word_1_459' title='bbox 536 4998 851 5070; x_wconf 85' lang='lat' dir='ltr'><strong>supplicium</strong></span> <span class='ocrx_word' id='word_1_460' title='bbox 876 4998 899 5051; x_wconf 79' lang='lat'><strong>?</strong></span> <span class='ocrx_word' id='word_1_461' title='bbox 941 4996 1052 5050; x_wconf 91' lang='lat' dir='ltr'><strong>Illic</strong></span> <span class='ocrx_word' id='word_1_462' title='bbox 1077 5011 1273 5063; x_wconf 85' lang='lat' dir='ltr'><strong>corpus</strong></span> <span class='ocrx_word' id='word_1_463' title='bbox 1302 4996 1534 5049; x_wconf 89' lang='lat' dir='ltr'><strong>nutritur</strong></span> <span class='ocrx_word' id='word_1_464' title='bbox 1558 5033 1574 5059; x_wconf 90' lang='lat'><strong>,</strong></span> <span class='ocrx_word' id='word_1_465' title='bbox 1607 4993 1694 5048; x_wconf 89' lang='lat' dir='ltr'><strong>hic</strong></span> <span class='ocrx_word' id='word_1_466' title='bbox 1718 4993 1896 5047; x_wconf 91' lang='lat' dir='ltr'><strong>anima</strong></span> <span class='ocrx_word' id='word_1_467' title='bbox 1950 5010 1964 5046; x_wconf 89' lang='lat'><strong>:</strong></span> <span class='ocrx_word' id='word_1_468' title='bbox 2007 4992 2118 5048; x_wconf 84' lang='lat' dir='ltr'><strong>illic</strong></span> 
     </span>
    </p>
   </div>
   <div class='ocr_carea' id='block_1_56' title="bbox 536 5085 1870 5157">
    <p class='ocr_par' dir='ltr' id='par_1_56' title="bbox 536 5085 1870 5157">
     <span class='ocr_line' id='line_1_56' title="bbox 536 5085 1870 5157; baseline -0.002 -14"><span class='ocrx_word' id='word_1_469' title='bbox 536 5100 764 5144; x_wconf 88' lang='lat' dir='ltr'><strong>mortem</strong></span> <span class='ocrx_word' id='word_1_470' title='bbox 796 5086 1047 5157; x_wconf 85' lang='lat' dir='ltr'><strong>prohibes</strong></span> <span class='ocrx_word' id='word_1_471' title='bbox 1075 5087 1442 5156; x_wconf 88' lang='lat' dir='ltr'><strong>temporalem,</strong></span> <span class='ocrx_word' id='word_1_472' title='bbox 1477 5085 1566 5140; x_wconf 89' lang='lat' dir='ltr'><strong>hic</strong></span> <span class='ocrx_word' id='word_1_473' title='bbox 1586 5093 1870 5140; x_wconf 73' lang='lat' dir='ltr'><strong>teternam.</strong></span> 
     </span>
    </p>
   </div>
   <div class='ocr_carea' id='block_1_57' title="bbox 605 5174 2116 5246">
    <p class='ocr_par' dir='ltr' id='par_1_57' title="bbox 605 5174 2116 5246">
     <span class='ocr_line' id='line_1_57' title="bbox 605 5174 2116 5246; baseline -0.004 -10"><span class='ocrx_word' id='word_1_474' title='bbox 605 5183 660 5237; x_wconf 78' lang='lat'><strong>3.</strong></span> <span class='ocrx_word' id='word_1_475' title='bbox 695 5181 764 5233; x_wconf 81' lang='lat' dir='ltr'><strong>At</strong></span> <span class='ocrx_word' id='word_1_476' title='bbox 801 5192 905 5232; x_wconf 92' lang='lat' dir='ltr'><strong>non</strong></span> <span class='ocrx_word' id='word_1_477' title='bbox 935 5187 1043 5245; x_wconf 89' lang='lat' dir='ltr'><strong>cst,</strong></span> <span class='ocrx_word' id='word_1_478' title='bbox 1075 5177 1281 5246; x_wconf 89' lang='lat' dir='ltr'><strong>inquit,</strong></span> <span class='ocrx_word' id='word_1_479' title='bbox 1315 5177 1446 5231; x_wconf 93' lang='lat' dir='ltr'><strong>mihi</strong></span> <span class='ocrx_word' id='word_1_480' title='bbox 1473 5176 1688 5233; x_wconf 88' lang='lat' dir='ltr'><strong>dicendi</strong></span> <span class='ocrx_word' id='word_1_481' title='bbox 1719 5175 1966 5231; x_wconf 83' lang='lat' dir='ltr'><strong>facultas.</strong></span> <span class='ocrx_word' id='word_1_482' title='bbox 2009 5174 2116 5232; x_wconf 89' lang='lat' dir='ltr'><strong>Sed</strong></span> 
     </span>
    </p>
   </div>
   <div class='ocr_carea' id='block_1_58' title="bbox 537 5267 2115 5338">
    <p class='ocr_par' dir='ltr' id='par_1_58' title="bbox 537 5267 2115 5338">
     <span class='ocr_line' id='line_1_58' title="bbox 537 5267 2115 5338; baseline -0.001 -12"><span class='ocrx_word' id='word_1_483' title='bbox 537 5270 746 5326; x_wconf 88' lang='lat' dir='ltr'><strong>dicendi</strong></span> <span class='ocrx_word' id='word_1_484' title='bbox 776 5269 1024 5323; x_wconf 88' lang='lat' dir='ltr'><strong>facultate</strong></span> <span class='ocrx_word' id='word_1_485' title='bbox 1069 5283 1174 5322; x_wconf 93' lang='lat' dir='ltr'><strong>non</strong></span> <span class='ocrx_word' id='word_1_486' title='bbox 1215 5277 1302 5323; x_wconf 88' lang='lat' dir='ltr'><strong>est</strong></span> <span class='ocrx_word' id='word_1_487' title='bbox 1338 5283 1473 5338; x_wconf 82' lang='lat' dir='ltr'><strong>Opus</strong></span> <span class='ocrx_word' id='word_1_488' title='bbox 1498 5309 1513 5332; x_wconf 93' lang='lat'><strong>,</strong></span> <span class='ocrx_word' id='word_1_489' title='bbox 1543 5284 1648 5322; x_wconf 92' lang='lat' dir='ltr'><strong>non</strong></span> <span class='ocrx_word' id='word_1_490' title='bbox 1699 5267 2024 5338; x_wconf 89' lang='lat' dir='ltr'><strong>eloquentia.</strong></span> <span class='ocrx_word' id='word_1_491' title='bbox 2056 5267 2115 5324; x_wconf 91' lang='lat' dir='ltr'><strong>Si</strong></span> 
     </span>
    </p>
   </div>
   <div class='ocr_carea' id='block_1_59' title="bbox 536 5361 2117 5425">
    <p class='ocr_par' dir='ltr' id='par_1_59' title="bbox 536 5361 2117 5425">
     <span class='ocr_line' id='line_1_59' title="bbox 536 5361 2117 5425; baseline -0.001 -6"><span class='ocrx_word' id='word_1_492' title='bbox 536 5364 735 5419; x_wconf 88' lang='lat' dir='ltr'><strong>videris</strong></span> <span class='ocrx_word' id='word_1_493' title='bbox 761 5362 989 5415; x_wconf 89' lang='lat' dir='ltr'><strong>amicum</strong></span> <span class='ocrx_word' id='word_1_494' title='bbox 1035 5369 1398 5425; x_wconf 85' lang='lat' dir='ltr'><strong>scortantem,</strong></span> <span class='ocrx_word' id='word_1_495' title='bbox 1451 5361 1536 5416; x_wconf 90' lang='lat' dir='ltr'><strong>dic</strong></span> <span class='ocrx_word' id='word_1_496' title='bbox 1564 5362 1656 5417; x_wconf 89' lang='lat' dir='ltr'><strong>ei:</strong></span> <span class='ocrx_word' id='word_1_497' title='bbox 1699 5361 1806 5418; x_wconf 78' lang='lat' dir='ltr'><strong>Res</strong></span> <span class='ocrx_word' id='word_1_498' title='bbox 1848 5372 1932 5418; x_wconf 85' lang='lat' dir='ltr'><strong>est</strong></span> <span class='ocrx_word' id='word_1_499' title='bbox 1979 5363 2117 5418; x_wconf 88' lang='lat' dir='ltr'><strong>mala</strong></span> 
     </span>
    </p>
   </div>
   <div class='ocr_carea' id='block_1_60' title="bbox 538 5451 2121 5526">
    <p class='ocr_par' dir='ltr' id='par_1_60' title="bbox 538 5451 2121 5526">
     <span class='ocr_line' id='line_1_60' title="bbox 538 5451 2121 5526; baseline 0.001 -17"><span class='ocrx_word' id='word_1_500' title='bbox 538 5470 696 5526; x_wconf 91' lang='lat' dir='ltr'><strong>quam</strong></span> <span class='ocrx_word' id='word_1_501' title='bbox 734 5451 1003 5517; x_wconf 87' lang='lat' dir='ltr'><strong>admittis;</strong></span> <span class='ocrx_word' id='word_1_502' title='bbox 1045 5468 1150 5506; x_wconf 93' lang='lat' dir='ltr'><strong>non</strong></span> <span class='ocrx_word' id='word_1_503' title='bbox 1196 5461 1248 5508; x_wconf 91' lang='lat' dir='ltr'><strong>te</strong></span> <span class='ocrx_word' id='word_1_504' title='bbox 1286 5451 1469 5523; x_wconf 87' lang='lat' dir='ltr'><strong>pudet,</strong></span> <span class='ocrx_word' id='word_1_505' title='bbox 1521 5468 1630 5508; x_wconf 93' lang='lat' dir='ltr'><strong>non</strong></span> <span class='ocrx_word' id='word_1_506' title='bbox 1677 5454 1994 5509; x_wconf 81' lang='lat' dir='ltr'><strong>erubescis?</strong></span> <span class='ocrx_word' id='word_1_507' title='bbox 2035 5464 2121 5511; x_wconf 88' lang='lat' dir='ltr'><strong>est</strong></span> 
     </span>
    </p>
   </div>
   <div class='ocr_carea' id='block_1_61' title="bbox 538 5543 2120 5615">
    <p class='ocr_par' dir='ltr' id='par_1_61' title="bbox 538 5543 2120 5615">
     <span class='ocr_line' id='line_1_61' title="bbox 538 5543 2120 5615; baseline -0.001 -12"><span class='ocrx_word' id='word_1_508' title='bbox 538 5547 680 5603; x_wconf 89' lang='lat' dir='ltr'><strong>enim</strong></span> <span class='ocrx_word' id='word_1_509' title='bbox 711 5545 928 5599; x_wconf 88' lang='lat' dir='ltr'><strong>malum.</strong></span> <span class='ocrx_word' id='word_1_510' title='bbox 965 5543 1058 5599; x_wconf 87' lang='lat' dir='ltr'><strong>Ille</strong></span> <span class='ocrx_word' id='word_1_511' title='bbox 1097 5543 1266 5598; x_wconf 88' lang='lat' dir='ltr'><strong>nescit</strong></span> <span class='ocrx_word' id='word_1_512' title='bbox 1291 5587 1305 5608; x_wconf 87' lang='lat'><strong>,</strong></span> <span class='ocrx_word' id='word_1_513' title='bbox 1335 5543 1577 5614; x_wconf 86' lang='lat' dir='ltr'><strong>inquies,</strong></span> <span class='ocrx_word' id='word_1_514' title='bbox 1608 5544 1749 5615; x_wconf 89' lang='lat' dir='ltr'><strong>quod</strong></span> <span class='ocrx_word' id='word_1_515' title='bbox 1779 5545 1850 5600; x_wconf 90' lang='lat' dir='ltr'><strong>sit</strong></span> <span class='ocrx_word' id='word_1_516' title='bbox 1875 5546 2120 5602; x_wconf 87' lang='lat' dir='ltr'><strong>malum?</strong></span> 
     </span>
    </p>
   </div>
   <div class='ocr_carea' id='block_1_62' title="bbox 539 5615 2122 5706">
    <p class='ocr_par' dir='ltr' id='par_1_62' title="bbox 539 5615 2122 5706">
     <span class='ocr_line' id='line_1_62' title="bbox 539 5615 2122 5706; baseline 0.001 -15"><span class='ocrx_word' id='word_1_517' title='bbox 539 5636 700 5692; x_wconf 89' lang='lat' dir='ltr'><strong>Certe</strong></span> <span class='ocrx_word' id='word_1_518' title='bbox 729 5633 866 5700; x_wconf 91' lang='lat' dir='ltr'><strong>scit,</strong></span> <span class='ocrx_word' id='word_1_519' title='bbox 899 5615 1254 5688; x_wconf 43' lang='lat' dir='ltr'><strong>scddrahitur</strong></span> <span class='ocrx_word' id='word_1_520' title='bbox 1281 5648 1312 5687; x_wconf 90' lang='lat' dir='ltr'><strong>a</strong></span> <span class='ocrx_word' id='word_1_521' title='bbox 1338 5633 1649 5704; x_wconf 90' lang='lat' dir='ltr'><strong>cupiditate.</strong></span> <span class='ocrx_word' id='word_1_522' title='bbox 1673 5633 1884 5705; x_wconf 66' lang='grc' dir='ltr'><strong>Εενοιὶ</strong></span> <span class='ocrx_word' id='word_1_523' title='bbox 1911 5651 2122 5706; x_wconf 88' lang='lat' dir='ltr'><strong>quoque</strong></span> 
     </span>
    </p>
   </div>
   <div class='ocr_carea' id='block_1_63' title="bbox 2215 521 3725 594">
    <p class='ocr_par' dir='ltr' id='par_1_63' title="bbox 2215 521 3725 594">
     <span class='ocr_line' id='line_1_63' title="bbox 2215 521 3725 594; baseline 0.004 -16"><span class='ocrx_word' id='word_1_524' title='bbox 2215 521 2293 578; x_wconf 85' lang='lat' dir='ltr'><strong>Te</strong></span> <span class='ocrx_word' id='word_1_525' title='bbox 2334 537 2462 594; x_wconf 89' lang='lat' dir='ltr'><strong>ergo</strong></span> <span class='ocrx_word' id='word_1_526' title='bbox 2489 537 2620 578; x_wconf 87' lang='lat' dir='ltr'><strong>sano</strong></span> <span class='ocrx_word' id='word_1_527' title='bbox 2647 537 2784 592; x_wconf 89' lang='lat' dir='ltr'><strong>opus</strong></span> <span class='ocrx_word' id='word_1_528' title='bbox 2807 522 2873 576; x_wconf 89' lang='lat' dir='ltr'><strong>ad</strong></span> <span class='ocrx_word' id='word_1_529' title='bbox 2904 522 3044 576; x_wconf 89' lang='lat' dir='ltr'><strong>illius</strong></span> <span class='ocrx_word' id='word_1_530' title='bbox 3068 525 3392 578; x_wconf 89' lang='lat' dir='ltr'><strong>curationem</strong></span> <span class='ocrx_word' id='word_1_531' title='bbox 3425 543 3437 577; x_wconf 92' lang='lat'>:</span> <span class='ocrx_word' id='word_1_532' title='bbox 3462 534 3512 580; x_wconf 84' lang='lat' dir='ltr'><strong>et</strong></span> <span class='ocrx_word' id='word_1_533' title='bbox 3536 527 3576 581; x_wconf 85' lang='lat' dir='ltr'><strong>si</strong></span> <span class='ocrx_word' id='word_1_534' title='bbox 3599 534 3725 584; x_wconf 73' lang='lat' dir='ltr'><strong>verbo</strong></span> 
     </span>
    </p>
   </div>
   <div class='ocr_carea' id='block_1_64' title="bbox 2217 613 3725 683">
    <p class='ocr_par' dir='ltr' id='par_1_64' title="bbox 2217 613 3725 683">
     <span class='ocr_line' id='line_1_64' title="bbox 2217 613 3725 683; baseline 0.005 -16"><span class='ocrx_word' id='word_1_535' title='bbox 2217 630 2321 668; x_wconf 94' lang='lat' dir='ltr'><strong>non</strong></span> <span class='ocrx_word' id='word_1_536' title='bbox 2351 613 2505 667; x_wconf 89' lang='lat' dir='ltr'><strong>fuerit</strong></span> <span class='ocrx_word' id='word_1_537' title='bbox 2533 627 2841 683; x_wconf 84' lang='lat' dir='ltr'><strong>persuasus,</strong></span> <span class='ocrx_word' id='word_1_538' title='bbox 2871 614 3096 667; x_wconf 89' lang='lat' dir='ltr'><strong>observa</strong></span> <span class='ocrx_word' id='word_1_539' title='bbox 3127 623 3337 668; x_wconf 88' lang='lat' dir='ltr'><strong>euntem</strong></span> <span class='ocrx_word' id='word_1_540' title='bbox 3364 622 3416 669; x_wconf 88' lang='lat' dir='ltr'><strong>et</strong></span> <span class='ocrx_word' id='word_1_541' title='bbox 3438 617 3620 682; x_wconf 86' lang='lat' dir='ltr'><strong>retine,</strong></span> <span class='ocrx_word' id='word_1_542' title='bbox 3645 619 3725 675; x_wconf 86' lang='lat' dir='ltr'><strong>for-</strong></span> 
     </span>
    </p>
   </div>
   <div class='ocr_carea' id='block_1_65' title="bbox 2218 704 3729 778">
    <p class='ocr_par' dir='ltr' id='par_1_65' title="bbox 2218 704 3729 778">
     <span class='ocr_line' id='line_1_65' title="bbox 2218 704 3729 778; baseline 0.003 -18"><span class='ocrx_word' id='word_1_543' title='bbox 2218 716 2357 760; x_wconf 87' lang='lat' dir='ltr'><strong>tasse</strong></span> <span class='ocrx_word' id='word_1_544' title='bbox 2378 705 2580 776; x_wconf 89' lang='lat' dir='ltr'><strong>pudore</strong></span> <span class='ocrx_word' id='word_1_545' title='bbox 2601 705 2885 758; x_wconf 89' lang='lat' dir='ltr'><strong>afficietur.</strong></span> <span class='ocrx_word' id='word_1_546' title='bbox 2916 704 3143 773; x_wconf 81' lang='lat' dir='ltr'><strong>thuid,</strong></span> <span class='ocrx_word' id='word_1_547' title='bbox 3174 704 3363 774; x_wconf 83' lang='lat' dir='ltr'><strong>inquit,</strong></span> <span class='ocrx_word' id='word_1_548' title='bbox 3385 705 3544 774; x_wconf 83' lang='lat' dir='ltr'><strong>juvat,</strong></span> <span class='ocrx_word' id='word_1_549' title='bbox 3574 709 3610 762; x_wconf 88' lang='lat' dir='ltr'><strong>si</strong></span> <span class='ocrx_word' id='word_1_550' title='bbox 3634 728 3729 778; x_wconf 81' lang='lat' dir='ltr'><strong>pro-</strong></span> 
     </span>
    </p>
   </div>
   <div class='ocr_carea' id='block_1_66' title="bbox 2220 797 3729 868">
    <p class='ocr_par' dir='ltr' id='par_1_66' title="bbox 2220 797 3729 868">
     <span class='ocr_line' id='line_1_66' title="bbox 2220 797 3729 868; baseline 0.006 -18"><span class='ocrx_word' id='word_1_551' title='bbox 2220 809 2336 868; x_wconf 86' lang='lat' dir='ltr'><strong>pter</strong></span> <span class='ocrx_word' id='word_1_552' title='bbox 2363 812 2449 852; x_wconf 91' lang='lat' dir='ltr'><strong>me</strong></span> <span class='ocrx_word' id='word_1_553' title='bbox 2477 797 2578 851; x_wconf 88' lang='lat' dir='ltr'><strong>hoc</strong></span> <span class='ocrx_word' id='word_1_554' title='bbox 2605 797 2779 863; x_wconf 80' lang='lat' dir='ltr'><strong>faciat,</strong></span> <span class='ocrx_word' id='word_1_555' title='bbox 2815 807 2870 852; x_wconf 92' lang='lat' dir='ltr'><strong>ct</strong></span> <span class='ocrx_word' id='word_1_556' title='bbox 2891 799 3030 868; x_wconf 90' lang='lat' dir='ltr'><strong>quod</strong></span> <span class='ocrx_word' id='word_1_557' title='bbox 3054 813 3081 851; x_wconf 93' lang='lat' dir='ltr'><strong>a</strong></span> <span class='ocrx_word' id='word_1_558' title='bbox 3107 812 3190 853; x_wconf 90' lang='lat' dir='ltr'><strong>me</strong></span> <span class='ocrx_word' id='word_1_559' title='bbox 3221 798 3378 852; x_wconf 87' lang='lat' dir='ltr'><strong>fuerit</strong></span> <span class='ocrx_word' id='word_1_560' title='bbox 3401 804 3653 856; x_wconf 79' lang='lat' dir='ltr'><strong>retentus?</strong></span> <span class='ocrx_word' id='word_1_561' title='bbox 3672 799 3729 860; x_wconf 79' lang='lat' dir='ltr'><strong>Ne</strong></span> 
     </span>
    </p>
   </div>
   <div class='ocr_carea' id='block_1_67' title="bbox 2217 888 3729 958">
    <p class='ocr_par' dir='ltr' id='par_1_67' title="bbox 2217 888 3729 958">
     <span class='ocr_line' id='line_1_67' title="bbox 2217 888 3729 958; baseline 0.004 -15"><span class='ocrx_word' id='word_1_562' title='bbox 2217 897 2465 943; x_wconf 88' lang='lat' dir='ltr'><strong>accurate</strong></span> <span class='ocrx_word' id='word_1_563' title='bbox 2493 889 2746 942; x_wconf 85' lang='lat' dir='ltr'><strong>scruteris</strong></span> <span class='ocrx_word' id='word_1_564' title='bbox 2799 907 2811 942; x_wconf 94' lang='lat'>:</span> <span class='ocrx_word' id='word_1_565' title='bbox 2854 888 3069 943; x_wconf 90' lang='lat' dir='ltr'><strong>interim</strong></span> <span class='ocrx_word' id='word_1_566' title='bbox 3103 900 3439 958; x_wconf 87' lang='lat' dir='ltr'><strong>quocumque</strong></span> <span class='ocrx_word' id='word_1_567' title='bbox 3465 890 3605 945; x_wconf 89' lang='lat' dir='ltr'><strong>modo</strong></span> <span class='ocrx_word' id='word_1_568' title='bbox 3635 907 3729 949; x_wconf 83' lang='lat' dir='ltr'><strong>eum</strong></span> 
     </span>
    </p>
   </div>
   <div class='ocr_carea' id='block_1_68' title="bbox 2218 966 3732 1047">
    <p class='ocr_par' dir='ltr' id='par_1_68' title="bbox 2218 966 3732 1047">
     <span class='ocr_line' id='line_1_68' title="bbox 2218 966 3732 1047; baseline 0.003 -11"><span class='ocrx_word' id='word_1_569' title='bbox 2218 981 2388 1036; x_wconf 86' lang='lat' dir='ltr'><strong>abduc</strong></span> <span class='ocrx_word' id='word_1_570' title='bbox 2413 995 2445 1034; x_wconf 91' lang='lat' dir='ltr'><strong>a</strong></span> <span class='ocrx_word' id='word_1_571' title='bbox 2475 980 2610 1034; x_wconf 88' lang='lat' dir='ltr'><strong>mala</strong></span> <span class='ocrx_word' id='word_1_572' title='bbox 2636 980 2849 1036; x_wconf 88' lang='lat' dir='ltr'><strong>actione</strong></span> <span class='ocrx_word' id='word_1_573' title='bbox 2873 997 2887 1047; x_wconf 91' lang='lat'><strong>;</strong></span> <span class='ocrx_word' id='word_1_574' title='bbox 2917 966 3190 1036; x_wconf 78' lang='lat' dir='ltr'><strong>assuescat</strong></span> <span class='ocrx_word' id='word_1_575' title='bbox 3219 995 3322 1035; x_wconf 91' lang='lat' dir='ltr'><strong>non</strong></span> <span class='ocrx_word' id='word_1_576' title='bbox 3347 981 3423 1036; x_wconf 87' lang='lat' dir='ltr'><strong>ire</strong></span> <span class='ocrx_word' id='word_1_577' title='bbox 3439 982 3499 1036; x_wconf 89' lang='lat' dir='ltr'><strong>ad</strong></span> <span class='ocrx_word' id='word_1_578' title='bbox 3524 983 3634 1039; x_wconf 91' lang='lat' dir='ltr'><strong>illud</strong></span> <span class='ocrx_word' id='word_1_579' title='bbox 3657 985 3732 1041; x_wconf 76' lang='lat' dir='ltr'><strong>ba-</strong></span> 
     </span>
    </p>
   </div>
   <div class='ocr_carea' id='block_1_69' title="bbox 2221 1067 3731 1141">
    <p class='ocr_par' dir='ltr' id='par_1_69' title="bbox 2221 1067 3731 1141">
     <span class='ocr_line' id='line_1_69' title="bbox 2221 1067 3731 1141; baseline 0.005 -19"><span class='ocrx_word' id='word_1_580' title='bbox 2221 1071 2497 1135; x_wconf 86' lang='lat' dir='ltr'><strong>rathrum;</strong></span> <span class='ocrx_word' id='word_1_581' title='bbox 2529 1069 2644 1124; x_wconf 85' lang='lat' dir='ltr'><strong>sive</strong></span> <span class='ocrx_word' id='word_1_582' title='bbox 2686 1085 2781 1140; x_wconf 90' lang='lat' dir='ltr'><strong>per</strong></span> <span class='ocrx_word' id='word_1_583' title='bbox 2829 1081 2880 1124; x_wconf 88' lang='lat' dir='ltr'><strong>te</strong></span> <span class='ocrx_word' id='word_1_584' title='bbox 2901 1112 2915 1135; x_wconf 92' lang='lat'><strong>,</strong></span> <span class='ocrx_word' id='word_1_585' title='bbox 2966 1071 3078 1125; x_wconf 83' lang='lat' dir='ltr'><strong>sive</strong></span> <span class='ocrx_word' id='word_1_586' title='bbox 3108 1070 3214 1125; x_wconf 90' lang='lat' dir='ltr'><strong>alio</strong></span> <span class='ocrx_word' id='word_1_587' title='bbox 3245 1067 3403 1125; x_wconf 87' lang='lat' dir='ltr'><strong>modo</strong></span> <span class='ocrx_word' id='word_1_588' title='bbox 3430 1072 3731 1141; x_wconf 85' lang='lat' dir='ltr'><strong>cohibeatur,</strong></span> 
     </span>
    </p>
   </div>
   <div class='ocr_carea' id='block_1_70' title="bbox 2223 1160 3736 1222">
    <p class='ocr_par' dir='ltr' id='par_1_70' title="bbox 2223 1160 3736 1222">
     <span class='ocr_line' id='line_1_70' title="bbox 2223 1160 3736 1222; baseline 0.005 -9"><span class='ocrx_word' id='word_1_589' title='bbox 2223 1163 2420 1214; x_wconf 89' lang='lat' dir='ltr'><strong>lucrum</strong></span> <span class='ocrx_word' id='word_1_590' title='bbox 2467 1161 2588 1215; x_wconf 90' lang='lat' dir='ltr'><strong>hinc</strong></span> <span class='ocrx_word' id='word_1_591' title='bbox 2623 1161 2743 1216; x_wconf 91' lang='lat' dir='ltr'><strong>erit.</strong></span> <span class='ocrx_word' id='word_1_592' title='bbox 2789 1161 2920 1215; x_wconf 87' lang='lat' dir='ltr'><strong>Cum</strong></span> <span class='ocrx_word' id='word_1_593' title='bbox 2969 1160 3111 1215; x_wconf 90' lang='lat' dir='ltr'><strong>enim</strong></span> <span class='ocrx_word' id='word_1_594' title='bbox 3157 1161 3503 1216; x_wconf 87' lang='lat' dir='ltr'><strong>assuefeceris</strong></span> <span class='ocrx_word' id='word_1_595' title='bbox 3526 1179 3630 1219; x_wconf 88' lang='lat' dir='ltr'><strong>eum</strong></span> <span class='ocrx_word' id='word_1_596' title='bbox 3667 1167 3736 1222; x_wconf 88' lang='lat' dir='ltr'><strong>illo</strong></span> 
     </span>
    </p>
   </div>
   <div class='ocr_carea' id='block_1_71' title="bbox 2220 1252 3737 1321">
    <p class='ocr_par' dir='ltr' id='par_1_71' title="bbox 2220 1252 3737 1321">
     <span class='ocr_line' id='line_1_71' title="bbox 2220 1252 3737 1321; baseline 0.005 -18"><span class='ocrx_word' id='word_1_597' title='bbox 2220 1267 2324 1304; x_wconf 90' lang='lat' dir='ltr'><strong>non</strong></span> <span class='ocrx_word' id='word_1_598' title='bbox 2355 1252 2464 1315; x_wconf 89' lang='lat' dir='ltr'><strong>ire,</strong></span> <span class='ocrx_word' id='word_1_599' title='bbox 2511 1260 2637 1305; x_wconf 86' lang='lat' dir='ltr'><strong>tunc</strong></span> <span class='ocrx_word' id='word_1_600' title='bbox 2663 1252 2863 1320; x_wconf 89' lang='lat' dir='ltr'><strong>poteris</strong></span> <span class='ocrx_word' id='word_1_601' title='bbox 2893 1252 3107 1321; x_wconf 90' lang='lat' dir='ltr'><strong>paulum</strong></span> <span class='ocrx_word' id='word_1_602' title='bbox 3138 1252 3486 1321; x_wconf 88' lang='lat' dir='ltr'><strong>respirantem</strong></span> <span class='ocrx_word' id='word_1_603' title='bbox 3512 1268 3737 1310; x_wconf 84' lang='lat' dir='ltr'><strong>assumens</strong></span> 
     </span>
    </p>
   </div>
   <div class='ocr_carea' id='block_1_72' title="bbox 2216 1342 3740 1412">
    <p class='ocr_par' dir='ltr' id='par_1_72' title="bbox 2216 1342 3740 1412">
     <span class='ocr_line' id='line_1_72' title="bbox 2216 1342 3740 1412; baseline 0.005 -18"><span class='ocrx_word' id='word_1_604' title='bbox 2216 1342 2411 1396; x_wconf 81' lang='lat' dir='ltr'><strong>ducere</strong></span> <span class='ocrx_word' id='word_1_605' title='bbox 2449 1342 2589 1412; x_wconf 90' lang='lat' dir='ltr'><strong>quod</strong></span> <span class='ocrx_word' id='word_1_606' title='bbox 2633 1352 2849 1412; x_wconf 86' lang='lat' dir='ltr'><strong>propter</strong></span> <span class='ocrx_word' id='word_1_607' title='bbox 2896 1343 3062 1397; x_wconf 84' lang='lat' dir='ltr'><strong>Deum</strong></span> <span class='ocrx_word' id='word_1_608' title='bbox 3106 1353 3315 1412; x_wconf 89' lang='lat' dir='ltr'><strong>oportet</strong></span> <span class='ocrx_word' id='word_1_609' title='bbox 3347 1343 3449 1398; x_wconf 89' lang='lat' dir='ltr'><strong>hoc</strong></span> <span class='ocrx_word' id='word_1_610' title='bbox 3496 1344 3740 1410; x_wconf 86' lang='lat' dir='ltr'><strong>facere,et</strong></span> 
     </span>
    </p>
   </div>
   <div class='ocr_carea' id='block_1_73' title="bbox 2219 1433 3738 1502">
    <p class='ocr_par' dir='ltr' id='par_1_73' title="bbox 2219 1433 3738 1502">
     <span class='ocr_line' id='line_1_73' title="bbox 2219 1433 3738 1502; baseline 0.006 -16"><span class='ocrx_word' id='word_1_611' title='bbox 2219 1449 2322 1486; x_wconf 92' lang='lat' dir='ltr'><strong>non</strong></span> <span class='ocrx_word' id='word_1_612' title='bbox 2369 1443 2586 1502; x_wconf 88' lang='lat' dir='ltr'><strong>propter</strong></span> <span class='ocrx_word' id='word_1_613' title='bbox 2635 1433 2935 1489; x_wconf 89' lang='lat' dir='ltr'><strong>hominem.</strong></span> <span class='ocrx_word' id='word_1_614' title='bbox 2987 1435 3064 1489; x_wconf 89' lang='lat' dir='ltr'><strong>Ne</strong></span> <span class='ocrx_word' id='word_1_615' title='bbox 3111 1435 3247 1489; x_wconf 86' lang='lat' dir='ltr'><strong>velis</strong></span> <span class='ocrx_word' id='word_1_616' title='bbox 3277 1436 3572 1491; x_wconf 89' lang='lat' dir='ltr'><strong>universum</strong></span> <span class='ocrx_word' id='word_1_617' title='bbox 3620 1440 3738 1496; x_wconf 80' lang='lat' dir='ltr'><strong>simul</strong></span> 
     </span>
    </p>
   </div>
   <div class='ocr_carea' id='block_1_74' title="bbox 2218 1526 3736 1597">
    <p class='ocr_par' dir='ltr' id='par_1_74' title="bbox 2218 1526 3736 1597">
     <span class='ocr_line' id='line_1_74' title="bbox 2218 1526 3736 1597; baseline 0.003 -17"><span class='ocrx_word' id='word_1_618' title='bbox 2218 1527 2485 1595; x_wconf 87' lang='lat' dir='ltr'><strong>corrigere</strong></span> <span class='ocrx_word' id='word_1_619' title='bbox 2508 1542 2523 1592; x_wconf 92' lang='lat'><strong>;</strong></span> <span class='ocrx_word' id='word_1_620' title='bbox 2556 1542 2661 1580; x_wconf 88' lang='lat' dir='ltr'><strong>non</strong></span> <span class='ocrx_word' id='word_1_621' title='bbox 2689 1527 2829 1581; x_wconf 89' lang='lat' dir='ltr'><strong>enim</strong></span> <span class='ocrx_word' id='word_1_622' title='bbox 2854 1526 3086 1597; x_wconf 89' lang='lat' dir='ltr'><strong>poteris;</strong></span> <span class='ocrx_word' id='word_1_623' title='bbox 3116 1526 3208 1582; x_wconf 91' lang='lat' dir='ltr'><strong>sed</strong></span> <span class='ocrx_word' id='word_1_624' title='bbox 3233 1527 3433 1581; x_wconf 82' lang='lat' dir='ltr'><strong>sensim</strong></span> <span class='ocrx_word' id='word_1_625' title='bbox 3446 1529 3736 1597; x_wconf 88' lang='lat' dir='ltr'><strong>etpaulatitn.</strong></span> 
     </span>
    </p>
   </div>
   <div class='ocr_carea' id='block_1_75' title="bbox 2217 1615 3740 1688">
    <p class='ocr_par' dir='ltr' id='par_1_75' title="bbox 2217 1615 3740 1688">
     <span class='ocr_line' id='line_1_75' title="bbox 2217 1615 3740 1688; baseline 0.005 -17"><span class='ocrx_word' id='word_1_626' title='bbox 2217 1615 2271 1671; x_wconf 90' lang='lat' dir='ltr'><strong>Si</strong></span> <span class='ocrx_word' id='word_1_627' title='bbox 2303 1617 2496 1672; x_wconf 86' lang='lat' dir='ltr'><strong>videris</strong></span> <span class='ocrx_word' id='word_1_628' title='bbox 2522 1633 2644 1672; x_wconf 91' lang='lat' dir='ltr'><strong>eum</strong></span> <span class='ocrx_word' id='word_1_629' title='bbox 2673 1627 2888 1673; x_wconf 89' lang='lat' dir='ltr'><strong>euntem</strong></span> <span class='ocrx_word' id='word_1_630' title='bbox 2913 1619 2979 1673; x_wconf 91' lang='lat' dir='ltr'><strong>ad</strong></span> <span class='ocrx_word' id='word_1_631' title='bbox 3011 1621 3464 1688; x_wconf 87' lang='lat' dir='ltr'><strong>compotationem</strong></span> <span class='ocrx_word' id='word_1_632' title='bbox 3495 1629 3545 1674; x_wconf 88' lang='lat' dir='ltr'><strong>et</strong></span> <span class='ocrx_word' id='word_1_633' title='bbox 3569 1621 3625 1674; x_wconf 88' lang='lat' dir='ltr'><strong>ad</strong></span> <span class='ocrx_word' id='word_1_634' title='bbox 3644 1625 3740 1678; x_wconf 80' lang='lat' dir='ltr'><strong>etfa-</strong></span> 
     </span>
    </p>
   </div>
   <div class='ocr_carea' id='block_1_76' title="bbox 2219 1710 3740 1782">
    <p class='ocr_par' dir='ltr' id='par_1_76' title="bbox 2219 1710 3740 1782">
     <span class='ocr_line' id='line_1_76' title="bbox 2219 1710 3740 1782; baseline 0.005 -20"><span class='ocrx_word' id='word_1_635' title='bbox 2219 1710 2352 1764; x_wconf 86' lang='lat' dir='ltr'><strong>vivia</strong></span> <span class='ocrx_word' id='word_1_636' title='bbox 2377 1711 2534 1781; x_wconf 90' lang='lat' dir='ltr'><strong>plena</strong></span> <span class='ocrx_word' id='word_1_637' title='bbox 2576 1711 2834 1766; x_wconf 89' lang='lat' dir='ltr'><strong>ebrietate</strong></span> <span class='ocrx_word' id='word_1_638' title='bbox 2858 1753 2873 1776; x_wconf 91' lang='lat'><strong>,</strong></span> <span class='ocrx_word' id='word_1_639' title='bbox 2917 1712 3027 1765; x_wconf 92' lang='lat' dir='ltr'><strong>illic</strong></span> <span class='ocrx_word' id='word_1_640' title='bbox 3067 1727 3282 1782; x_wconf 90' lang='lat' dir='ltr'><strong>quoque</strong></span> <span class='ocrx_word' id='word_1_641' title='bbox 3316 1711 3402 1765; x_wconf 86' lang='lat' dir='ltr'><strong>fac</strong></span> <span class='ocrx_word' id='word_1_642' title='bbox 3444 1713 3740 1781; x_wconf 61' lang='lat' dir='ltr'><strong>idipsumnt</strong></span> 
     </span>
    </p>
   </div>
   <div class='ocr_carea' id='block_1_77' title="bbox 2217 1803 3740 1872">
    <p class='ocr_par' dir='ltr' id='par_1_77' title="bbox 2217 1803 3740 1872">
     <span class='ocr_line' id='line_1_77' title="bbox 2217 1803 3740 1872; baseline 0.004 -18"><span class='ocrx_word' id='word_1_643' title='bbox 2217 1816 2401 1855; x_wconf 90' lang='lat' dir='ltr'><strong>rursus</strong></span> <span class='ocrx_word' id='word_1_644' title='bbox 2440 1817 2562 1856; x_wconf 90' lang='lat' dir='ltr'><strong>eum</strong></span> <span class='ocrx_word' id='word_1_645' title='bbox 2609 1817 2757 1872; x_wconf 91' lang='lat' dir='ltr'><strong>roga,</strong></span> <span class='ocrx_word' id='word_1_646' title='bbox 2795 1811 2852 1856; x_wconf 92' lang='lat' dir='ltr'><strong>ut</strong></span> <span class='ocrx_word' id='word_1_647' title='bbox 2899 1803 2945 1857; x_wconf 90' lang='lat' dir='ltr'><strong>si</strong></span> <span class='ocrx_word' id='word_1_648' title='bbox 2996 1803 3188 1856; x_wconf 86' lang='lat' dir='ltr'><strong>viderit</strong></span> <span class='ocrx_word' id='word_1_649' title='bbox 3215 1804 3266 1856; x_wconf 91' lang='lat' dir='ltr'><strong>in</strong></span> <span class='ocrx_word' id='word_1_650' title='bbox 3303 1810 3356 1858; x_wconf 91' lang='lat' dir='ltr'><strong>te</strong></span> <span class='ocrx_word' id='word_1_651' title='bbox 3394 1803 3606 1872; x_wconf 82' lang='lat' dir='ltr'><strong>aliquem</strong></span> <span class='ocrx_word' id='word_1_652' title='bbox 3629 1805 3740 1860; x_wconf 80' lang='lat' dir='ltr'><strong>defe-</strong></span> 
     </span>
    </p>
   </div>
   <div class='ocr_carea' id='block_1_78' title="bbox 2215 1894 3740 1966">
    <p class='ocr_par' dir='ltr' id='par_1_78' title="bbox 2215 1894 3740 1966">
     <span class='ocr_line' id='line_1_78' title="bbox 2215 1894 3740 1966; baseline 0.004 -18"><span class='ocrx_word' id='word_1_653' title='bbox 2215 1904 2359 1948; x_wconf 88' lang='lat' dir='ltr'><strong>ctum</strong></span> <span class='ocrx_word' id='word_1_654' title='bbox 2391 1908 2452 1948; x_wconf 90' lang='lat' dir='ltr'><strong>ac</strong></span> <span class='ocrx_word' id='word_1_655' title='bbox 2481 1895 2687 1960; x_wconf 86' lang='lat' dir='ltr'><strong>vitium,</strong></span> <span class='ocrx_word' id='word_1_656' title='bbox 2737 1895 2831 1950; x_wconf 89' lang='lat' dir='ltr'><strong>tibi</strong></span> <span class='ocrx_word' id='word_1_657' title='bbox 2860 1910 3016 1965; x_wconf 82' lang='lat' dir='ltr'><strong>Opem</strong></span> <span class='ocrx_word' id='word_1_658' title='bbox 3062 1894 3197 1950; x_wconf 89' lang='lat' dir='ltr'><strong>ferat</strong></span> <span class='ocrx_word' id='word_1_659' title='bbox 3233 1905 3289 1950; x_wconf 92' lang='lat' dir='ltr'><strong>et</strong></span> <span class='ocrx_word' id='word_1_660' title='bbox 3338 1905 3391 1952; x_wconf 86' lang='lat' dir='ltr'><strong>te</strong></span> <span class='ocrx_word' id='word_1_661' title='bbox 3419 1898 3646 1966; x_wconf 82' lang='lat' dir='ltr'><strong>corrigat.</strong></span> <span class='ocrx_word' id='word_1_662' title='bbox 3677 1899 3740 1954; x_wconf 86' lang='lat' dir='ltr'><strong>Sic</strong></span> 
     </span>
    </p>
   </div>
   <div class='ocr_carea' id='block_1_79' title="bbox 2215 1985 3744 2056">
    <p class='ocr_par' dir='ltr' id='par_1_79' title="bbox 2215 1985 3744 2056">
     <span class='ocr_line' id='line_1_79' title="bbox 2215 1985 3744 2056; baseline 0.005 -18"><span class='ocrx_word' id='word_1_663' title='bbox 2215 1986 2357 2038; x_wconf 88' lang='lat' dir='ltr'><strong>enim</strong></span> <span class='ocrx_word' id='word_1_664' title='bbox 2404 1993 2460 2040; x_wconf 93' lang='lat' dir='ltr'><strong>et</strong></span> <span class='ocrx_word' id='word_1_665' title='bbox 2489 1985 2541 2039; x_wconf 90' lang='lat' dir='ltr'><strong>in</strong></span> <span class='ocrx_word' id='word_1_666' title='bbox 2587 1999 2646 2040; x_wconf 91' lang='lat' dir='ltr'><strong>se</strong></span> <span class='ocrx_word' id='word_1_667' title='bbox 2683 1985 2818 2040; x_wconf 89' lang='lat' dir='ltr'><strong>feret</strong></span> <span class='ocrx_word' id='word_1_668' title='bbox 2873 1985 3348 2056; x_wconf 80' lang='lat' dir='ltr'><strong>reprehensionem</strong></span> <span class='ocrx_word' id='word_1_669' title='bbox 3375 2027 3390 2051; x_wconf 93' lang='lat'><strong>,</strong></span> <span class='ocrx_word' id='word_1_670' title='bbox 3443 2001 3559 2041; x_wconf 90' lang='lat' dir='ltr'><strong>cum</strong></span> <span class='ocrx_word' id='word_1_671' title='bbox 3595 1987 3744 2045; x_wconf 83' lang='lat' dir='ltr'><strong>viderit</strong></span> 
     </span>
    </p>
   </div>
   <div class='ocr_carea' id='block_1_80' title="bbox 2217 2077 3741 2148">
    <p class='ocr_par' dir='ltr' id='par_1_80' title="bbox 2217 2077 3741 2148">
     <span class='ocr_line' id='line_1_80' title="bbox 2217 2077 3741 2148; baseline 0.003 -18"><span class='ocrx_word' id='word_1_672' title='bbox 2217 2085 2268 2130; x_wconf 89' lang='lat' dir='ltr'><strong>te</strong></span> <span class='ocrx_word' id='word_1_673' title='bbox 2314 2090 2526 2146; x_wconf 90' lang='lat' dir='ltr'><strong>quoque</strong></span> <span class='ocrx_word' id='word_1_674' title='bbox 2564 2091 2700 2146; x_wconf 92' lang='lat' dir='ltr'><strong>opus</strong></span> <span class='ocrx_word' id='word_1_675' title='bbox 2751 2077 2948 2132; x_wconf 86' lang='lat' dir='ltr'><strong>habere</strong></span> <span class='ocrx_word' id='word_1_676' title='bbox 2996 2087 3054 2132; x_wconf 92' lang='lat' dir='ltr'><strong>ut</strong></span> <span class='ocrx_word' id='word_1_677' title='bbox 3109 2077 3629 2148; x_wconf 86' lang='lat' dir='ltr'><strong>reprehendaris,et</strong></span> <span class='ocrx_word' id='word_1_678' title='bbox 3666 2097 3741 2136; x_wconf 86' lang='lat' dir='ltr'><strong>non</strong></span> 
     </span>
    </p>
   </div>
   <div class='ocr_carea' id='block_1_81' title="bbox 2217 2166 3742 2239">
    <p class='ocr_par' dir='ltr' id='par_1_81' title="bbox 2217 2166 3742 2239">
     <span class='ocr_line' id='line_1_81' title="bbox 2217 2166 3742 2239; baseline 0.004 -20"><span class='ocrx_word' id='word_1_679' title='bbox 2217 2175 2484 2237; x_wconf 88' lang='lat' dir='ltr'><strong>tamquam</strong></span> <span class='ocrx_word' id='word_1_680' title='bbox 2529 2166 2706 2221; x_wconf 85' lang='lat' dir='ltr'><strong>omnia</strong></span> <span class='ocrx_word' id='word_1_681' title='bbox 2744 2167 3098 2238; x_wconf 88' lang='lat' dir='ltr'><strong>corrigentem</strong></span> <span class='ocrx_word' id='word_1_682' title='bbox 3126 2210 3140 2230; x_wconf 96' lang='lat'><strong>,</strong></span> <span class='ocrx_word' id='word_1_683' title='bbox 3179 2183 3357 2239; x_wconf 87' lang='lat' dir='ltr'><strong>neque</strong></span> <span class='ocrx_word' id='word_1_684' title='bbox 3398 2179 3643 2239; x_wconf 84' lang='lat' dir='ltr'><strong>tamquam</strong></span> <span class='ocrx_word' id='word_1_685' title='bbox 3672 2171 3742 2225; x_wconf 85' lang='lat' dir='ltr'><strong>do-</strong></span> 
     </span>
    </p>
   </div>
   <div class='ocr_carea' id='block_1_82' title="bbox 2215 2256 3741 2332">
    <p class='ocr_par' dir='ltr' id='par_1_82' title="bbox 2215 2256 3741 2332">
     <span class='ocr_line' id='line_1_82' title="bbox 2215 2256 3741 2332; baseline 0.003 -18"><span class='ocrx_word' id='word_1_686' title='bbox 2215 2256 2458 2326; x_wconf 83' lang='lat' dir='ltr'><strong>ctorem,</strong></span> <span class='ocrx_word' id='word_1_687' title='bbox 2503 2259 2595 2314; x_wconf 89' lang='lat' dir='ltr'><strong>sed</strong></span> <span class='ocrx_word' id='word_1_688' title='bbox 2642 2267 2908 2330; x_wconf 87' lang='lat' dir='ltr'><strong>tamquam</strong></span> <span class='ocrx_word' id='word_1_689' title='bbox 2969 2260 3197 2316; x_wconf 90' lang='lat' dir='ltr'><strong>amicum</strong></span> <span class='ocrx_word' id='word_1_690' title='bbox 3260 2271 3318 2316; x_wconf 93' lang='lat' dir='ltr'><strong>et</strong></span> <span class='ocrx_word' id='word_1_691' title='bbox 3365 2261 3573 2317; x_wconf 84' lang='lat' dir='ltr'><strong>fratrem</strong></span> <span class='ocrx_word' id='word_1_692' title='bbox 3627 2279 3741 2332; x_wconf 84' lang='lat' dir='ltr'><strong>opem</strong></span> 
     </span>
    </p>
   </div>
   <div class='ocr_carea' id='block_1_83' title="bbox 2215 2347 3742 2421">
    <p class='ocr_par' dir='ltr' id='par_1_83' title="bbox 2215 2347 3742 2421">
     <span class='ocr_line' id='line_1_83' title="bbox 2215 2347 3742 2421; baseline 0.005 -20"><span class='ocrx_word' id='word_1_693' title='bbox 2215 2347 2374 2404; x_wconf 89' lang='lat' dir='ltr'><strong>ferre.</strong></span> <span class='ocrx_word' id='word_1_694' title='bbox 2431 2349 2522 2404; x_wconf 87' lang='lat' dir='ltr'><strong>Dic</strong></span> <span class='ocrx_word' id='word_1_695' title='bbox 2562 2350 2614 2405; x_wconf 89' lang='lat' dir='ltr'><strong>ei</strong></span> <span class='ocrx_word' id='word_1_696' title='bbox 2662 2367 2676 2404; x_wconf 89' lang='lat'><strong>:</strong></span> <span class='ocrx_word' id='word_1_697' title='bbox 2720 2351 2833 2421; x_wconf 85' lang='lat' dir='ltr'><strong>Ego</strong></span> <span class='ocrx_word' id='word_1_698' title='bbox 2875 2351 2967 2405; x_wconf 91' lang='lat' dir='ltr'><strong>tibi</strong></span> <span class='ocrx_word' id='word_1_699' title='bbox 3026 2351 3196 2420; x_wconf 89' lang='lat' dir='ltr'><strong>profui</strong></span> <span class='ocrx_word' id='word_1_700' title='bbox 3262 2350 3556 2407; x_wconf 89' lang='lat' dir='ltr'><strong>admonens</strong></span> <span class='ocrx_word' id='word_1_701' title='bbox 3603 2368 3742 2408; x_wconf 84' lang='lat' dir='ltr'><strong>eorum</strong></span> 
     </span>
    </p>
   </div>
   <div class='ocr_carea' id='block_1_84' title="bbox 2215 2441 3745 2514">
    <p class='ocr_par' dir='ltr' id='par_1_84' title="bbox 2215 2441 3745 2514">
     <span class='ocr_line' id='line_1_84' title="bbox 2215 2441 3745 2514; baseline 0.006 -22"><span class='ocrx_word' id='word_1_702' title='bbox 2215 2455 2335 2509; x_wconf 61' lang='lat' dir='ltr'><strong>quae</strong></span> <span class='ocrx_word' id='word_1_703' title='bbox 2387 2450 2513 2496; x_wconf 88' lang='lat' dir='ltr'><strong>sunt</strong></span> <span class='ocrx_word' id='word_1_704' title='bbox 2577 2441 2764 2508; x_wconf 87' lang='lat' dir='ltr'><strong>utilia;</strong></span> <span class='ocrx_word' id='word_1_705' title='bbox 2817 2450 2871 2497; x_wconf 91' lang='lat' dir='ltr'><strong>et</strong></span> <span class='ocrx_word' id='word_1_706' title='bbox 2928 2452 2981 2496; x_wconf 93' lang='lat' dir='ltr'><strong>tu</strong></span> <span class='ocrx_word' id='word_1_707' title='bbox 3030 2443 3172 2514; x_wconf 91' lang='lat' dir='ltr'><strong>quod</strong></span> <span class='ocrx_word' id='word_1_708' title='bbox 3222 2442 3272 2497; x_wconf 89' lang='lat' dir='ltr'><strong>in</strong></span> <span class='ocrx_word' id='word_1_709' title='bbox 3327 2459 3416 2499; x_wconf 90' lang='lat' dir='ltr'><strong>me</strong></span> <span class='ocrx_word' id='word_1_710' title='bbox 3465 2445 3642 2499; x_wconf 88' lang='lat' dir='ltr'><strong>videris</strong></span> <span class='ocrx_word' id='word_1_711' title='bbox 3679 2447 3745 2501; x_wconf 55' lang='lat' dir='ltr'><strong>de.</strong></span> 
     </span>
    </p>
   </div>
   <div class='ocr_carea' id='block_1_85' title="bbox 2220 2533 3743 2606">
    <p class='ocr_par' dir='ltr' id='par_1_85' title="bbox 2220 2533 3743 2606">
     <span class='ocr_line' id='line_1_85' title="bbox 2220 2533 3743 2606; baseline 0.003 -22"><span class='ocrx_word' id='word_1_712' title='bbox 2220 2533 2403 2588; x_wconf 86' lang='lat' dir='ltr'><strong>ficiens</strong></span> <span class='ocrx_word' id='word_1_713' title='bbox 2440 2542 2494 2588; x_wconf 91' lang='lat' dir='ltr'><strong>et</strong></span> <span class='ocrx_word' id='word_1_714' title='bbox 2530 2534 2779 2588; x_wconf 91' lang='lat' dir='ltr'><strong>vitiosum</strong></span> <span class='ocrx_word' id='word_1_715' title='bbox 2805 2548 2994 2589; x_wconf 89' lang='lat' dir='ltr'><strong>coerce</strong></span> <span class='ocrx_word' id='word_1_716' title='bbox 3029 2543 3084 2589; x_wconf 86' lang='lat' dir='ltr'><strong>et</strong></span> <span class='ocrx_word' id='word_1_717' title='bbox 3121 2535 3340 2606; x_wconf 79' lang='lat' dir='ltr'><strong>corrige</strong></span> <span class='ocrx_word' id='word_1_718' title='bbox 3375 2554 3388 2590; x_wconf 90' lang='lat'>:</span> <span class='ocrx_word' id='word_1_719' title='bbox 3422 2536 3465 2589; x_wconf 90' lang='lat' dir='ltr'><strong>si</strong></span> <span class='ocrx_word' id='word_1_720' title='bbox 3491 2535 3743 2591; x_wconf 84' lang='lat' dir='ltr'><strong>iracundum</strong></span> 
     </span>
    </p>
   </div>
   <div class='ocr_carea' id='block_1_86' title="bbox 2217 2623 3743 2697">
    <p class='ocr_par' dir='ltr' id='par_1_86' title="bbox 2217 2623 3743 2697">
     <span class='ocr_line' id='line_1_86' title="bbox 2217 2623 3743 2697; baseline 0.005 -21"><span class='ocrx_word' id='word_1_721' title='bbox 2217 2623 2433 2690; x_wconf 87' lang='lat' dir='ltr'><strong>videris,</strong></span> <span class='ocrx_word' id='word_1_722' title='bbox 2460 2624 2505 2678; x_wconf 92' lang='lat' dir='ltr'><strong>si</strong></span> <span class='ocrx_word' id='word_1_723' title='bbox 2535 2640 2774 2692; x_wconf 90' lang='lat' dir='ltr'><strong>avarum,</strong></span> <span class='ocrx_word' id='word_1_724' title='bbox 2805 2627 3060 2695; x_wconf 88' lang='lat' dir='ltr'><strong>reprime,</strong></span> <span class='ocrx_word' id='word_1_725' title='bbox 3089 2627 3194 2697; x_wconf 86' lang='lat' dir='ltr'><strong>liga</strong></span> <span class='ocrx_word' id='word_1_726' title='bbox 3239 2642 3369 2682; x_wconf 85' lang='lat' dir='ltr'><strong>eum</strong></span> <span class='ocrx_word' id='word_1_727' title='bbox 3414 2627 3743 2683; x_wconf 78' lang='lat' dir='ltr'><strong>admonitione.</strong></span> 
     </span>
    </p>
   </div>
   <div class='ocr_carea' id='block_1_87' title="bbox 2219 2713 3744 2786">
    <p class='ocr_par' dir='ltr' id='par_1_87' title="bbox 2219 2713 3744 2786">
     <span class='ocr_line' id='line_1_87' title="bbox 2219 2713 3744 2786; baseline 0.005 -20"><span class='ocrx_word' id='word_1_728' title='bbox 2219 2713 2331 2768; x_wconf 88' lang='lat' dir='ltr'><strong>lloc</strong></span> <span class='ocrx_word' id='word_1_729' title='bbox 2359 2723 2440 2769; x_wconf 89' lang='lat' dir='ltr'><strong>est</strong></span> <span class='ocrx_word' id='word_1_730' title='bbox 2463 2714 2694 2770; x_wconf 83' lang='lat' dir='ltr'><strong>amicitia</strong></span> <span class='ocrx_word' id='word_1_731' title='bbox 2726 2716 2838 2770; x_wconf 91' lang='lat' dir='ltr'><strong>:sic</strong></span> <span class='ocrx_word' id='word_1_732' title='bbox 2866 2716 3034 2772; x_wconf 79' lang='lat' dir='ltr'><strong>frater</strong></span> <span class='ocrx_word' id='word_1_733' title='bbox 3057 2733 3086 2771; x_wconf 92' lang='lat' dir='ltr'><strong>a</strong></span> <span class='ocrx_word' id='word_1_734' title='bbox 3118 2717 3280 2773; x_wconf 85' lang='lat' dir='ltr'><strong>fratre</strong></span> <span class='ocrx_word' id='word_1_735' title='bbox 3304 2716 3541 2786; x_wconf 87' lang='lat' dir='ltr'><strong>adjutus,</strong></span> <span class='ocrx_word' id='word_1_736' title='bbox 3571 2721 3623 2774; x_wconf 90' lang='lat' dir='ltr'><strong>lit</strong></span> <span class='ocrx_word' id='word_1_737' title='bbox 3645 2729 3744 2774; x_wconf 79' lang='lat' dir='ltr'><strong>tan-</strong></span> 
     </span>
    </p>
   </div>
   <div class='ocr_carea' id='block_1_88' title="bbox 2221 2802 3742 2876">
    <p class='ocr_par' dir='ltr' id='par_1_88' title="bbox 2221 2802 3742 2876">
     <span class='ocr_line' id='line_1_88' title="bbox 2221 2802 3742 2876; baseline 0.008 -22"><span class='ocrx_word' id='word_1_738' title='bbox 2221 2817 2380 2871; x_wconf 90' lang='lat' dir='ltr'><strong>quam</strong></span> <span class='ocrx_word' id='word_1_739' title='bbox 2405 2802 2532 2856; x_wconf 89' lang='lat' dir='ltr'><strong>urbs</strong></span> <span class='ocrx_word' id='word_1_740' title='bbox 2563 2802 2762 2856; x_wconf 90' lang='lat' dir='ltr'><strong>munita</strong></span> <span class='ocrx_word' id='word_1_741' title='bbox 2795 2802 2988 2874; x_wconf 79' lang='lat' dir='ltr'><strong>(Prov.</strong></span> <span class='ocrx_word' id='word_1_742' title='bbox 3028 2804 3114 2860; x_wconf 75' lang='grc'><strong>18.</strong></span> <span class='ocrx_word' id='word_1_743' title='bbox 3147 2805 3273 2876; x_wconf 77' lang='lat' dir='ltr'><strong>l9).</strong></span> <span class='ocrx_word' id='word_1_744' title='bbox 3308 2806 3425 2862; x_wconf 82' lang='lat' dir='ltr'><strong>Non</strong></span> <span class='ocrx_word' id='word_1_745' title='bbox 3463 2811 3593 2864; x_wconf 90' lang='lat' dir='ltr'><strong>enim</strong></span> <span class='ocrx_word' id='word_1_746' title='bbox 3638 2827 3742 2866; x_wconf 84' lang='lat' dir='ltr'><strong>rom-</strong></span> 
     </span>
    </p>
   </div>
   <div class='ocr_carea' id='block_1_89' title="bbox 2221 2892 3743 2961">
    <p class='ocr_par' dir='ltr' id='par_1_89' title="bbox 2221 2892 3743 2961">
     <span class='ocr_line' id='line_1_89' title="bbox 2221 2892 3743 2961; baseline 0.007 -15"><span class='ocrx_word' id='word_1_747' title='bbox 2221 2892 2380 2946; x_wconf 90' lang='lat' dir='ltr'><strong>edere</strong></span> <span class='ocrx_word' id='word_1_748' title='bbox 2405 2901 2458 2947; x_wconf 92' lang='lat' dir='ltr'><strong>et</strong></span> <span class='ocrx_word' id='word_1_749' title='bbox 2485 2892 2664 2948; x_wconf 90' lang='lat' dir='ltr'><strong>bibere</strong></span> <span class='ocrx_word' id='word_1_750' title='bbox 2687 2893 2882 2947; x_wconf 90' lang='lat' dir='ltr'><strong>faciunt</strong></span> <span class='ocrx_word' id='word_1_751' title='bbox 2901 2893 3222 2961; x_wconf 85' lang='lat' dir='ltr'><strong>amicitiam;</strong></span> <span class='ocrx_word' id='word_1_752' title='bbox 3251 2896 3415 2952; x_wconf 89' lang='lat' dir='ltr'><strong>talem</strong></span> <span class='ocrx_word' id='word_1_753' title='bbox 3434 2900 3566 2953; x_wconf 89' lang='lat' dir='ltr'><strong>enim</strong></span> <span class='ocrx_word' id='word_1_754' title='bbox 3591 2899 3743 2956; x_wconf 81' lang='lat' dir='ltr'><strong>habent</strong></span> 
     </span>
    </p>
   </div>
   <div class='ocr_carea' id='block_1_90' title="bbox 2221 2985 3744 3057">
    <p class='ocr_par' dir='ltr' id='par_1_90' title="bbox 2221 2985 3744 3057">
     <span class='ocr_line' id='line_1_90' title="bbox 2221 2985 3744 3057; baseline 0.006 -18"><span class='ocrx_word' id='word_1_755' title='bbox 2221 2985 2380 3039; x_wconf 89' lang='lat' dir='ltr'><strong>etiam</strong></span> <span class='ocrx_word' id='word_1_756' title='bbox 2406 2985 2641 3040; x_wconf 89' lang='lat' dir='ltr'><strong>latrones</strong></span> <span class='ocrx_word' id='word_1_757' title='bbox 2666 2996 2718 3040; x_wconf 91' lang='lat' dir='ltr'><strong>et</strong></span> <span class='ocrx_word' id='word_1_758' title='bbox 2745 2986 2956 3050; x_wconf 89' lang='lat' dir='ltr'><strong>sicarii;</strong></span> <span class='ocrx_word' id='word_1_759' title='bbox 2983 2987 3077 3042; x_wconf 89' lang='lat' dir='ltr'><strong>sed</strong></span> <span class='ocrx_word' id='word_1_760' title='bbox 3104 2987 3149 3042; x_wconf 87' lang='lat' dir='ltr'><strong>si</strong></span> <span class='ocrx_word' id='word_1_761' title='bbox 3180 3001 3368 3044; x_wconf 87' lang='lat' dir='ltr'><strong>sumus</strong></span> <span class='ocrx_word' id='word_1_762' title='bbox 3395 2992 3568 3057; x_wconf 88' lang='lat' dir='ltr'><strong>amici,</strong></span> <span class='ocrx_word' id='word_1_763' title='bbox 3596 2994 3633 3047; x_wconf 88' lang='lat' dir='ltr'><strong>si</strong></span> <span class='ocrx_word' id='word_1_764' title='bbox 3653 3009 3744 3048; x_wconf 71' lang='lat' dir='ltr'><strong>rem</strong></span> 
     </span>
    </p>
   </div>
   <div class='ocr_carea' id='block_1_91' title="bbox 2221 3077 3743 3148">
    <p class='ocr_par' dir='ltr' id='par_1_91' title="bbox 2221 3077 3743 3148">
     <span class='ocr_line' id='line_1_91' title="bbox 2221 3077 3743 3148; baseline 0.007 -19"><span class='ocrx_word' id='word_1_765' title='bbox 2221 3077 2362 3130; x_wconf 89' lang='lat' dir='ltr'><strong>alter</strong></span> <span class='ocrx_word' id='word_1_766' title='bbox 2400 3077 2620 3132; x_wconf 89' lang='lat' dir='ltr'><strong>alterius</strong></span> <span class='ocrx_word' id='word_1_767' title='bbox 2647 3092 2826 3132; x_wconf 89' lang='lat' dir='ltr'><strong>curam</strong></span> <span class='ocrx_word' id='word_1_768' title='bbox 2881 3080 3118 3148; x_wconf 87' lang='lat' dir='ltr'><strong>gerimus</strong></span> <span class='ocrx_word' id='word_1_769' title='bbox 3146 3122 3160 3144; x_wconf 96' lang='lat'><strong>,</strong></span> <span class='ocrx_word' id='word_1_770' title='bbox 3213 3080 3278 3134; x_wconf 90' lang='lat' dir='ltr'><strong>ad</strong></span> <span class='ocrx_word' id='word_1_771' title='bbox 3330 3081 3447 3136; x_wconf 57' lang='lat' dir='ltr'><strong>haec</strong></span> <span class='ocrx_word' id='word_1_772' title='bbox 3486 3085 3608 3138; x_wconf 89' lang='lat' dir='ltr'><strong>alter</strong></span> <span class='ocrx_word' id='word_1_773' title='bbox 3631 3085 3743 3139; x_wconf 66' lang='lat' dir='ltr'><strong>alteri</strong></span> 
     </span>
    </p>
   </div>
   <div class='ocr_carea' id='block_1_92' title="bbox 2221 3167 3745 3236">
    <p class='ocr_par' dir='ltr' id='par_1_92' title="bbox 2221 3167 3745 3236">
     <span class='ocr_line' id='line_1_92' title="bbox 2221 3167 3745 3236; baseline 0.009 -15"><span class='ocrx_word' id='word_1_774' title='bbox 2221 3167 2562 3224; x_wconf 87' lang='lat' dir='ltr'><strong>conferamus</strong></span> <span class='ocrx_word' id='word_1_775' title='bbox 2589 3186 2603 3221; x_wconf 91' lang='lat'><strong>:</strong></span> <span class='ocrx_word' id='word_1_776' title='bbox 2631 3169 2747 3224; x_wconf 69' lang='lat' dir='ltr'><strong>haec</strong></span> <span class='ocrx_word' id='word_1_777' title='bbox 2763 3185 2863 3224; x_wconf 90' lang='lat' dir='ltr'><strong>nos</strong></span> <span class='ocrx_word' id='word_1_778' title='bbox 2886 3169 3157 3226; x_wconf 87' lang='lat' dir='ltr'><strong>adducunt</strong></span> <span class='ocrx_word' id='word_1_779' title='bbox 3177 3171 3243 3226; x_wconf 89' lang='lat' dir='ltr'><strong>ad</strong></span> <span class='ocrx_word' id='word_1_780' title='bbox 3264 3173 3553 3229; x_wconf 91' lang='lat' dir='ltr'><strong>amicitiam</strong></span> <span class='ocrx_word' id='word_1_781' title='bbox 3577 3176 3745 3236; x_wconf 84' lang='lat' dir='ltr'><strong>utilem:</strong></span> 
     </span>
    </p>
   </div>
   <div class='ocr_carea' id='block_1_93' title="bbox 2223 3256 3743 3335">
    <p class='ocr_par' dir='ltr' id='par_1_93' title="bbox 2223 3256 3743 3335">
     <span class='ocr_line' id='line_1_93' title="bbox 2223 3256 3743 3335; baseline 0.006 -25"><span class='ocrx_word' id='word_1_782' title='bbox 2223 3256 2337 3312; x_wconf 63' lang='lat' dir='ltr'><strong>haec</strong></span> <span class='ocrx_word' id='word_1_783' title='bbox 2387 3259 2677 3329; x_wconf 88' lang='lat' dir='ltr'><strong>prohibent</strong></span> <span class='ocrx_word' id='word_1_784' title='bbox 2718 3275 2785 3315; x_wconf 90' lang='lat' dir='ltr'><strong>ne</strong></span> <span class='ocrx_word' id='word_1_785' title='bbox 2832 3261 3092 3315; x_wconf 90' lang='lat' dir='ltr'><strong>ducamur</strong></span> <span class='ocrx_word' id='word_1_786' title='bbox 3133 3263 3200 3316; x_wconf 92' lang='lat' dir='ltr'><strong>ad</strong></span> <span class='ocrx_word' id='word_1_787' title='bbox 3240 3263 3560 3334; x_wconf 89' lang='lat' dir='ltr'><strong>gehennam.</strong></span> <span class='ocrx_word' id='word_1_788' title='bbox 3606 3265 3743 3335; x_wconf 82' lang='lat' dir='ltr'><strong>Neque</strong></span> 
     </span>
    </p>
   </div>
   <div class='ocr_carea' id='block_1_94' title="bbox 2220 3349 3746 3422">
    <p class='ocr_par' dir='ltr' id='par_1_94' title="bbox 2220 3349 3746 3422">
     <span class='ocr_line' id='line_1_94' title="bbox 2220 3349 3746 3422; baseline 0.004 -19"><span class='ocrx_word' id='word_1_789' title='bbox 2220 3362 2351 3418; x_wconf 86' lang='lat' dir='ltr'><strong>ergo</strong></span> <span class='ocrx_word' id='word_1_790' title='bbox 2380 3350 2423 3403; x_wconf 91' lang='lat' dir='ltr'><strong>is</strong></span> <span class='ocrx_word' id='word_1_791' title='bbox 2446 3349 2537 3418; x_wconf 89' lang='lat' dir='ltr'><strong>qui</strong></span> <span class='ocrx_word' id='word_1_792' title='bbox 2567 3351 2809 3420; x_wconf 88' lang='lat' dir='ltr'><strong>arguitur</strong></span> <span class='ocrx_word' id='word_1_793' title='bbox 2843 3367 2984 3422; x_wconf 66' lang='lat' dir='ltr'><strong>mgre</strong></span> <span class='ocrx_word' id='word_1_794' title='bbox 3013 3352 3183 3419; x_wconf 90' lang='lat' dir='ltr'><strong>ferat;</strong></span> <span class='ocrx_word' id='word_1_795' title='bbox 3233 3369 3421 3408; x_wconf 90' lang='lat' dir='ltr'><strong>sumus</strong></span> <span class='ocrx_word' id='word_1_796' title='bbox 3458 3356 3592 3410; x_wconf 82' lang='lat' dir='ltr'><strong>enim</strong></span> <span class='ocrx_word' id='word_1_797' title='bbox 3617 3356 3746 3411; x_wconf 82' lang='lat' dir='ltr'><strong>hami-</strong></span> 
     </span>
    </p>
   </div>
   <div class='ocr_carea' id='block_1_95' title="bbox 2219 3441 3743 3518">
    <p class='ocr_par' dir='ltr' id='par_1_95' title="bbox 2219 3441 3743 3518">
     <span class='ocr_line' id='line_1_95' title="bbox 2219 3441 3743 3518; baseline 0.006 -26"><span class='ocrx_word' id='word_1_798' title='bbox 2219 3453 2315 3494; x_wconf 89' lang='lat' dir='ltr'><strong>nes</strong></span> <span class='ocrx_word' id='word_1_799' title='bbox 2335 3479 2348 3500; x_wconf 88' lang='lat'><strong>,</strong></span> <span class='ocrx_word' id='word_1_800' title='bbox 2379 3450 2433 3495; x_wconf 91' lang='lat' dir='ltr'><strong>et</strong></span> <span class='ocrx_word' id='word_1_801' title='bbox 2462 3450 2588 3494; x_wconf 91' lang='lat' dir='ltr'><strong>sunt</strong></span> <span class='ocrx_word' id='word_1_802' title='bbox 2633 3441 2684 3495; x_wconf 92' lang='lat' dir='ltr'><strong>in</strong></span> <span class='ocrx_word' id='word_1_803' title='bbox 2731 3443 2886 3497; x_wconf 90' lang='lat' dir='ltr'><strong>nobis</strong></span> <span class='ocrx_word' id='word_1_804' title='bbox 2951 3444 3074 3498; x_wconf 89' lang='lat' dir='ltr'><strong>vitia</strong></span> <span class='ocrx_word' id='word_1_805' title='bbox 3106 3455 3159 3500; x_wconf 89' lang='lat' dir='ltr'><strong>et</strong></span> <span class='ocrx_word' id='word_1_806' title='bbox 3196 3446 3439 3502; x_wconf 88' lang='lat' dir='ltr'><strong>defectus</strong></span> <span class='ocrx_word' id='word_1_807' title='bbox 3468 3467 3480 3502; x_wconf 93' lang='lat'><strong>:</strong></span> <span class='ocrx_word' id='word_1_808' title='bbox 3513 3465 3659 3518; x_wconf 84' lang='lat' dir='ltr'><strong>neque</strong></span> <span class='ocrx_word' id='word_1_809' title='bbox 3682 3451 3743 3516; x_wconf 83' lang='lat' dir='ltr'><strong>qui</strong></span> 
     </span>
    </p>
   </div>
   <div class='ocr_carea' id='block_1_96' title="bbox 2218 3529 3744 3603">
    <p class='ocr_par' dir='ltr' id='par_1_96' title="bbox 2218 3529 3744 3603">
     <span class='ocr_line' id='line_1_96' title="bbox 2218 3529 3744 3603; baseline 0.008 -21"><span class='ocrx_word' id='word_1_810' title='bbox 2218 3529 2390 3598; x_wconf 87' lang='lat' dir='ltr'><strong>arguit</strong></span> <span class='ocrx_word' id='word_1_811' title='bbox 2416 3529 2517 3585; x_wconf 91' lang='lat' dir='ltr'><strong>hoc</strong></span> <span class='ocrx_word' id='word_1_812' title='bbox 2545 3529 2700 3586; x_wconf 87' lang='lat' dir='ltr'><strong>faciat</strong></span> <span class='ocrx_word' id='word_1_813' title='bbox 2747 3542 3017 3603; x_wconf 88' lang='lat' dir='ltr'><strong>tamquam</strong></span> <span class='ocrx_word' id='word_1_814' title='bbox 3061 3537 3240 3592; x_wconf 90' lang='lat' dir='ltr'><strong>ridens</strong></span> <span class='ocrx_word' id='word_1_815' title='bbox 3269 3547 3323 3592; x_wconf 92' lang='lat' dir='ltr'><strong>ct</strong></span> <span class='ocrx_word' id='word_1_816' title='bbox 3356 3540 3638 3602; x_wconf 89' lang='lat' dir='ltr'><strong>traducens,</strong></span> <span class='ocrx_word' id='word_1_817' title='bbox 3677 3542 3744 3593; x_wconf 78' lang='lat' dir='ltr'><strong>sed</strong></span> 
     </span>
    </p>
   </div>
   <div class='ocr_carea' id='block_1_97' title="bbox 2221 3622 3742 3692">
    <p class='ocr_par' dir='ltr' id='par_1_97' title="bbox 2221 3622 3742 3692">
     <span class='ocr_line' id='line_1_97' title="bbox 2221 3622 3742 3692; baseline 0.005 -16"><span class='ocrx_word' id='word_1_818' title='bbox 2221 3622 2463 3692; x_wconf 87' lang='lat' dir='ltr'><strong>privatim</strong></span> <span class='ocrx_word' id='word_1_819' title='bbox 2493 3639 2614 3678; x_wconf 86' lang='lat' dir='ltr'><strong>cum</strong></span> <span class='ocrx_word' id='word_1_820' title='bbox 2645 3625 2865 3681; x_wconf 90' lang='lat' dir='ltr'><strong>lenitate</strong></span> <span class='ocrx_word' id='word_1_821' title='bbox 2891 3637 2943 3682; x_wconf 92' lang='lat' dir='ltr'><strong>ct</strong></span> <span class='ocrx_word' id='word_1_822' title='bbox 2968 3630 3389 3686; x_wconf 86' lang='lat' dir='ltr'><strong>mansuetudine</strong></span> <span class='ocrx_word' id='word_1_823' title='bbox 3422 3649 3435 3684; x_wconf 91' lang='lat'><strong>:</strong></span> <span class='ocrx_word' id='word_1_824' title='bbox 3468 3633 3614 3686; x_wconf 84' lang='lat' dir='ltr'><strong>multa</strong></span> <span class='ocrx_word' id='word_1_825' title='bbox 3638 3635 3742 3686; x_wconf 84' lang='lat' dir='ltr'><strong>enim</strong></span> 
     </span>
    </p>
   </div>
   <div class='ocr_carea' id='block_1_98' title="bbox 2220 3714 3746 3794">
    <p class='ocr_par' dir='ltr' id='par_1_98' title="bbox 2220 3714 3746 3794">
     <span class='ocr_line' id='line_1_98' title="bbox 2220 3714 3746 3794; baseline 0.007 -26"><span class='ocrx_word' id='word_1_826' title='bbox 2220 3714 2435 3769; x_wconf 90' lang='lat' dir='ltr'><strong>lenitate</strong></span> <span class='ocrx_word' id='word_1_827' title='bbox 2473 3729 2609 3785; x_wconf 87' lang='lat' dir='ltr'><strong>opus</strong></span> <span class='ocrx_word' id='word_1_828' title='bbox 2663 3717 2824 3772; x_wconf 91' lang='lat' dir='ltr'><strong>habet</strong></span> <span class='ocrx_word' id='word_1_829' title='bbox 2874 3720 2965 3789; x_wconf 87' lang='lat' dir='ltr'><strong>qui</strong></span> <span class='ocrx_word' id='word_1_830' title='bbox 3015 3723 3223 3790; x_wconf 89' lang='lat' dir='ltr'><strong>arguit,</strong></span> <span class='ocrx_word' id='word_1_831' title='bbox 3270 3732 3330 3776; x_wconf 93' lang='lat' dir='ltr'><strong>ut</strong></span> <span class='ocrx_word' id='word_1_832' title='bbox 3362 3726 3432 3777; x_wconf 91' lang='lat' dir='ltr'><strong>ita</strong></span> <span class='ocrx_word' id='word_1_833' title='bbox 3486 3726 3746 3794; x_wconf 61' lang='lat' dir='ltr'><strong>persuadeat</strong></span> 
     </span>
    </p>
   </div>
   <div class='ocr_carea' id='block_1_99' title="bbox 2220 3807 3744 3886">
    <p class='ocr_par' dir='ltr' id='par_1_99' title="bbox 2220 3807 3744 3886">
     <span class='ocr_line' id='line_1_99' title="bbox 2220 3807 3744 3886; baseline 0.007 -27"><span class='ocrx_word' id='word_1_834' title='bbox 2220 3807 2359 3861; x_wconf 89' lang='lat' dir='ltr'><strong>ferre</strong></span> <span class='ocrx_word' id='word_1_835' title='bbox 2413 3807 2748 3864; x_wconf 88' lang='lat' dir='ltr'><strong>iucisionem.</strong></span> <span class='ocrx_word' id='word_1_836' title='bbox 2800 3809 2915 3865; x_wconf 82' lang='lat' dir='ltr'><strong>Non</strong></span> <span class='ocrx_word' id='word_1_837' title='bbox 2972 3812 3120 3867; x_wconf 85' lang='lat' dir='ltr'><strong>vides</strong></span> <span class='ocrx_word' id='word_1_838' title='bbox 3167 3830 3288 3868; x_wconf 89' lang='lat' dir='ltr'><strong>cum</strong></span> <span class='ocrx_word' id='word_1_839' title='bbox 3339 3829 3531 3886; x_wconf 86' lang='lat' dir='ltr'><strong>quanta</strong></span> <span class='ocrx_word' id='word_1_840' title='bbox 3578 3819 3744 3871; x_wconf 81' lang='lat' dir='ltr'><strong>lenitate</strong></span> 
     </span>
    </p>
   </div>
   <div class='ocr_carea' id='block_1_100' title="bbox 2218 3897 3744 3974">
    <p class='ocr_par' dir='ltr' id='par_1_100' title="bbox 2218 3897 3744 3974">
     <span class='ocr_line' id='line_1_100' title="bbox 2218 3897 3744 3974; baseline 0.006 -24"><span class='ocrx_word' id='word_1_841' title='bbox 2218 3897 2410 3952; x_wconf 91' lang='lat' dir='ltr'><strong>medici</strong></span> <span class='ocrx_word' id='word_1_842' title='bbox 2431 3897 2685 3954; x_wconf 89' lang='lat' dir='ltr'><strong>adhibent</strong></span> <span class='ocrx_word' id='word_1_843' title='bbox 2711 3903 3042 3958; x_wconf 90' lang='lat' dir='ltr'><strong>curationem</strong></span> <span class='ocrx_word' id='word_1_844' title='bbox 3068 3905 3279 3974; x_wconf 86' lang='lat' dir='ltr'><strong>quando</strong></span> <span class='ocrx_word' id='word_1_845' title='bbox 3305 3918 3469 3961; x_wconf 92' lang='lat' dir='ltr'><strong>urunt</strong></span> <span class='ocrx_word' id='word_1_846' title='bbox 3496 3919 3547 3962; x_wconf 89' lang='lat' dir='ltr'><strong>et</strong></span> <span class='ocrx_word' id='word_1_847' title='bbox 3568 3909 3744 3961; x_wconf 76' lang='lat' dir='ltr'><strong>secant?</strong></span> 
     </span>
    </p>
   </div>
   <div class='ocr_carea' id='block_1_101' title="bbox 2219 3987 3740 4070">
    <p class='ocr_par' dir='ltr' id='par_1_101' title="bbox 2219 3987 3740 4070">
     <span class='ocr_line' id='line_1_101' title="bbox 2219 3987 3740 4070; baseline 0.007 -29"><span class='ocrx_word' id='word_1_848' title='bbox 2219 3987 2382 4042; x_wconf 83' lang='lat' dir='ltr'><strong>Multo</strong></span> <span class='ocrx_word' id='word_1_849' title='bbox 2433 3990 2602 4059; x_wconf 81' lang='lat' dir='ltr'><strong>magis</strong></span> <span class='ocrx_word' id='word_1_850' title='bbox 2645 3991 2746 4045; x_wconf 93' lang='lat' dir='ltr'><strong>hoc</strong></span> <span class='ocrx_word' id='word_1_851' title='bbox 2788 3993 2963 4049; x_wconf 89' lang='lat' dir='ltr'><strong>facere</strong></span> <span class='ocrx_word' id='word_1_852' title='bbox 3011 4005 3228 4064; x_wconf 79' lang='lat' dir='ltr'><strong>oportet</strong></span> <span class='ocrx_word' id='word_1_853' title='bbox 3262 4013 3359 4054; x_wconf 91' lang='lat' dir='ltr'><strong>eos</strong></span> <span class='ocrx_word' id='word_1_854' title='bbox 3389 4001 3477 4070; x_wconf 89' lang='lat' dir='ltr'><strong>qui</strong></span> <span class='ocrx_word' id='word_1_855' title='bbox 3507 4012 3698 4070; x_wconf 83' lang='lat' dir='ltr'><strong>arguunt</strong></span> <span class='ocrx_word' id='word_1_856' title='bbox 3733 4019 3740 4051; x_wconf 94' lang='lat'>:</span> 
     </span>
    </p>
   </div>
   <div class='ocr_carea' id='block_1_102' title="bbox 2219 4081 3746 4160">
    <p class='ocr_par' dir='ltr' id='par_1_102' title="bbox 2219 4081 3746 4160">
     <span class='ocr_line' id='line_1_102' title="bbox 2219 4081 3746 4160; baseline 0.008 -29"><span class='ocrx_word' id='word_1_857' title='bbox 2219 4094 2341 4133; x_wconf 87' lang='lat' dir='ltr'><strong>nam</strong></span> <span class='ocrx_word' id='word_1_858' title='bbox 2368 4087 2422 4133; x_wconf 86' lang='lat' dir='ltr'><strong>et</strong></span> <span class='ocrx_word' id='word_1_859' title='bbox 2465 4081 2587 4150; x_wconf 89' lang='lat' dir='ltr'><strong>igne</strong></span> <span class='ocrx_word' id='word_1_860' title='bbox 2628 4092 2682 4136; x_wconf 91' lang='lat' dir='ltr'><strong>et</strong></span> <span class='ocrx_word' id='word_1_861' title='bbox 2713 4085 2857 4138; x_wconf 87' lang='lat' dir='ltr'><strong>ferro</strong></span> <span class='ocrx_word' id='word_1_862' title='bbox 2884 4086 3256 4144; x_wconf 86' lang='lat' dir='ltr'><strong>vehementius</strong></span> <span class='ocrx_word' id='word_1_863' title='bbox 3301 4092 3633 4160; x_wconf 83' lang='lat' dir='ltr'><strong>reprehensio</strong></span> <span class='ocrx_word' id='word_1_864' title='bbox 3659 4094 3746 4145; x_wconf 81' lang='lat' dir='ltr'><strong>facit</strong></span> 
     </span>
    </p>
   </div>
   <div class='ocr_carea' id='block_1_103' title="bbox 2217 4170 3743 4251">
    <p class='ocr_par' dir='ltr' id='par_1_103' title="bbox 2217 4170 3743 4251">
     <span class='ocr_line' id='line_1_103' title="bbox 2217 4170 3743 4251; baseline 0.007 -27"><span class='ocrx_word' id='word_1_865' title='bbox 2217 4170 2434 4225; x_wconf 78' lang='lat' dir='ltr'><strong>exsilire</strong></span> <span class='ocrx_word' id='word_1_866' title='bbox 2467 4193 2481 4227; x_wconf 89' lang='lat'><strong>:</strong></span> <span class='ocrx_word' id='word_1_867' title='bbox 2514 4171 2739 4243; x_wconf 89' lang='lat' dir='ltr'><strong>ideoque</strong></span> <span class='ocrx_word' id='word_1_868' title='bbox 2761 4176 2953 4230; x_wconf 87' lang='lat' dir='ltr'><strong>medici</strong></span> <span class='ocrx_word' id='word_1_869' title='bbox 2982 4193 3228 4248; x_wconf 81' lang='lat' dir='ltr'><strong>magnum</strong></span> <span class='ocrx_word' id='word_1_870' title='bbox 3259 4192 3464 4251; x_wconf 91' lang='lat' dir='ltr'><strong>ponunt</strong></span> <span class='ocrx_word' id='word_1_871' title='bbox 3489 4183 3687 4237; x_wconf 86' lang='lat' dir='ltr'><strong>studium</strong></span> <span class='ocrx_word' id='word_1_872' title='bbox 3705 4191 3743 4236; x_wconf 90' lang='lat' dir='ltr'><strong>ut</strong></span> 
     </span>
    </p>
   </div>
   <div class='ocr_carea' id='block_1_104' title="bbox 2221 4263 3742 4342">
    <p class='ocr_par' dir='ltr' id='par_1_104' title="bbox 2221 4263 3742 4342">
     <span class='ocr_line' id='line_1_104' title="bbox 2221 4263 3742 4342; baseline 0.006 -25"><span class='ocrx_word' id='word_1_873' title='bbox 2221 4263 2410 4318; x_wconf 86' lang='lat' dir='ltr'><strong>leniter</strong></span> <span class='ocrx_word' id='word_1_874' title='bbox 2437 4264 2613 4320; x_wconf 89' lang='lat' dir='ltr'><strong>ferant</strong></span> <span class='ocrx_word' id='word_1_875' title='bbox 2643 4266 2953 4323; x_wconf 87' lang='lat' dir='ltr'><strong>incisionem</strong></span> <span class='ocrx_word' id='word_1_876' title='bbox 2978 4311 2992 4334; x_wconf 97' lang='lat'><strong>,</strong></span> <span class='ocrx_word' id='word_1_877' title='bbox 3025 4281 3078 4324; x_wconf 92' lang='lat' dir='ltr'><strong>et</strong></span> <span class='ocrx_word' id='word_1_878' title='bbox 3103 4287 3260 4341; x_wconf 92' lang='lat' dir='ltr'><strong>quam</strong></span> <span class='ocrx_word' id='word_1_879' title='bbox 3293 4274 3639 4342; x_wconf 82' lang='lat' dir='ltr'><strong>placidissime</strong></span> <span class='ocrx_word' id='word_1_880' title='bbox 3663 4275 3742 4329; x_wconf 77' lang='lat' dir='ltr'><strong>fieri</strong></span> 
     </span>
    </p>
   </div>
   <div class='ocr_carea' id='block_1_105' title="bbox 2221 4357 3741 4431">
    <p class='ocr_par' dir='ltr' id='par_1_105' title="bbox 2221 4357 3741 4431">
     <span class='ocr_line' id='line_1_105' title="bbox 2221 4357 3741 4431; baseline 0.008 -23"><span class='ocrx_word' id='word_1_881' title='bbox 2221 4362 2398 4424; x_wconf 87' lang='lat' dir='ltr'><strong>potest</strong></span> <span class='ocrx_word' id='word_1_882' title='bbox 2421 4371 2540 4410; x_wconf 90' lang='lat' dir='ltr'><strong>eam</strong></span> <span class='ocrx_word' id='word_1_883' title='bbox 2565 4357 2823 4413; x_wconf 89' lang='lat' dir='ltr'><strong>adhibent</strong></span> <span class='ocrx_word' id='word_1_884' title='bbox 2846 4401 2861 4424; x_wconf 89' lang='lat'><strong>,</strong></span> <span class='ocrx_word' id='word_1_885' title='bbox 2887 4369 2941 4415; x_wconf 91' lang='lat' dir='ltr'><strong>et</strong></span> <span class='ocrx_word' id='word_1_886' title='bbox 2966 4377 3151 4430; x_wconf 92' lang='lat' dir='ltr'><strong>parum</strong></span> <span class='ocrx_word' id='word_1_887' title='bbox 3193 4364 3447 4422; x_wconf 86' lang='lat' dir='ltr'><strong>cedentes</strong></span> <span class='ocrx_word' id='word_1_888' title='bbox 3471 4409 3486 4431; x_wconf 90' lang='lat'><strong>,</strong></span> <span class='ocrx_word' id='word_1_889' title='bbox 3526 4377 3575 4423; x_wconf 86' lang='lat' dir='ltr'><strong>et</strong></span> <span class='ocrx_word' id='word_1_890' title='bbox 3597 4366 3741 4421; x_wconf 80' lang='lat' dir='ltr'><strong>deinde</strong></span> 
     </span>
    </p>
   </div>
   <div class='ocr_carea' id='block_1_106' title="bbox 2217 4448 3743 4522">
    <p class='ocr_par' dir='ltr' id='par_1_106' title="bbox 2217 4448 3743 4522">
     <span class='ocr_line' id='line_1_106' title="bbox 2217 4448 3743 4522; baseline 0.005 -21"><span class='ocrx_word' id='word_1_891' title='bbox 2217 4448 2575 4504; x_wconf 90' lang='lat' dir='ltr'><strong>concedentes</strong></span> <span class='ocrx_word' id='word_1_892' title='bbox 2619 4460 2675 4504; x_wconf 92' lang='lat' dir='ltr'><strong>ut</strong></span> <span class='ocrx_word' id='word_1_893' title='bbox 2722 4453 3008 4522; x_wconf 88' lang='lat' dir='ltr'><strong>respirent.</strong></span> <span class='ocrx_word' id='word_1_894' title='bbox 3049 4453 3138 4510; x_wconf 91' lang='lat' dir='ltr'><strong>Sic</strong></span> <span class='ocrx_word' id='word_1_895' title='bbox 3171 4466 3295 4511; x_wconf 90' lang='lat' dir='ltr'><strong>sunt</strong></span> <span class='ocrx_word' id='word_1_896' title='bbox 3341 4461 3498 4514; x_wconf 89' lang='lat' dir='ltr'><strong>etiam</strong></span> <span class='ocrx_word' id='word_1_897' title='bbox 3543 4459 3743 4514; x_wconf 61' lang='lat' dir='ltr'><strong>facienda</strong></span> 
     </span>
    </p>
   </div>
   <div class='ocr_carea' id='block_1_107' title="bbox 2220 4541 3741 4617">
    <p class='ocr_par' dir='ltr' id='par_1_107' title="bbox 2220 4541 3741 4617">
     <span class='ocr_line' id='line_1_107' title="bbox 2220 4541 3741 4617; baseline 0.005 -23"><span class='ocrx_word' id='word_1_898' title='bbox 2220 4541 2691 4611; x_wconf 84' lang='lat' dir='ltr'><strong>reprehensiones,</strong></span> <span class='ocrx_word' id='word_1_899' title='bbox 2721 4554 2778 4598; x_wconf 92' lang='lat' dir='ltr'><strong>ut</strong></span> <span class='ocrx_word' id='word_1_900' title='bbox 2807 4547 2894 4615; x_wconf 91' lang='lat' dir='ltr'><strong>qui</strong></span> <span class='ocrx_word' id='word_1_901' title='bbox 2924 4558 3219 4617; x_wconf 82' lang='lat' dir='ltr'><strong>arguuntur</strong></span> <span class='ocrx_word' id='word_1_902' title='bbox 3254 4566 3363 4605; x_wconf 91' lang='lat' dir='ltr'><strong>non</strong></span> <span class='ocrx_word' id='word_1_903' title='bbox 3398 4553 3636 4608; x_wconf 86' lang='lat' dir='ltr'><strong>resiliant.</strong></span> <span class='ocrx_word' id='word_1_904' title='bbox 3661 4551 3741 4606; x_wconf 71' lang='lat' dir='ltr'><strong>Etsi</strong></span> 
     </span>
    </p>
   </div>
   <div class='ocr_carea' id='block_1_108' title="bbox 2218 4639 3740 4716">
    <p class='ocr_par' dir='ltr' id='par_1_108' title="bbox 2218 4639 3740 4716">
     <span class='ocr_line' id='line_1_108' title="bbox 2218 4639 3740 4716; baseline 0.01 -29"><span class='ocrx_word' id='word_1_905' title='bbox 2218 4649 2346 4704; x_wconf 81' lang='lat' dir='ltr'><strong>ergo</strong></span> <span class='ocrx_word' id='word_1_906' title='bbox 2375 4645 2621 4705; x_wconf 89' lang='lat' dir='ltr'><strong>oporteat</strong></span> <span class='ocrx_word' id='word_1_907' title='bbox 2649 4639 2984 4694; x_wconf 89' lang='lat' dir='ltr'><strong>contumelia</strong></span> <span class='ocrx_word' id='word_1_908' title='bbox 3011 4640 3169 4705; x_wconf 81' lang='lat' dir='ltr'><strong>allici,</strong></span> <span class='ocrx_word' id='word_1_909' title='bbox 3201 4644 3298 4697; x_wconf 89' lang='lat' dir='ltr'><strong>etsi</strong></span> <span class='ocrx_word' id='word_1_910' title='bbox 3329 4645 3506 4716; x_wconf 84' lang='lat' dir='ltr'><strong>plagas</strong></span> <span class='ocrx_word' id='word_1_911' title='bbox 3530 4646 3740 4712; x_wconf 83' lang='lat' dir='ltr'><strong>accipere.</strong></span> 
     </span>
    </p>
   </div>
   <div class='ocr_carea' id='block_1_109' title="bbox 2220 4728 3742 4802">
    <p class='ocr_par' dir='ltr' id='par_1_109' title="bbox 2220 4728 3742 4802">
     <span class='ocr_line' id='line_1_109' title="bbox 2220 4728 3742 4802; baseline 0.007 -24"><span class='ocrx_word' id='word_1_912' title='bbox 2220 4740 2323 4778; x_wconf 93' lang='lat' dir='ltr'><strong>non</strong></span> <span class='ocrx_word' id='word_1_913' title='bbox 2354 4740 2685 4782; x_wconf 90' lang='lat' dir='ltr'><strong>recusemus.</strong></span> <span class='ocrx_word' id='word_1_914' title='bbox 2719 4728 2850 4784; x_wconf 85' lang='lat' dir='ltr'><strong>Nam</strong></span> <span class='ocrx_word' id='word_1_915' title='bbox 2879 4738 2934 4785; x_wconf 89' lang='lat' dir='ltr'><strong>et</strong></span> <span class='ocrx_word' id='word_1_916' title='bbox 2960 4730 3035 4785; x_wconf 91' lang='lat' dir='ltr'><strong>illi</strong></span> <span class='ocrx_word' id='word_1_917' title='bbox 3078 4733 3168 4802; x_wconf 92' lang='lat' dir='ltr'><strong>qni</strong></span> <span class='ocrx_word' id='word_1_918' title='bbox 3208 4746 3494 4800; x_wconf 90' lang='lat' dir='ltr'><strong>secantur,</strong></span> <span class='ocrx_word' id='word_1_919' title='bbox 3537 4735 3742 4790; x_wconf 80' lang='lat' dir='ltr'><strong>validect</strong></span> 
     </span>
    </p>
   </div>
   <div class='ocr_carea' id='block_1_110' title="bbox 2220 4817 3742 4898">
    <p class='ocr_par' dir='ltr' id='par_1_110' title="bbox 2220 4817 3742 4898">
     <span class='ocr_line' id='line_1_110' title="bbox 2220 4817 3742 4898; baseline 0.006 -29"><span class='ocrx_word' id='word_1_920' title='bbox 2220 4817 2505 4887; x_wconf 89' lang='lat' dir='ltr'><strong>plurimum</strong></span> <span class='ocrx_word' id='word_1_921' title='bbox 2539 4819 2901 4876; x_wconf 85' lang='lat' dir='ltr'><strong>vociferantur</strong></span> <span class='ocrx_word' id='word_1_922' title='bbox 2929 4822 3188 4879; x_wconf 89' lang='lat' dir='ltr'><strong>adversus</strong></span> <span class='ocrx_word' id='word_1_923' title='bbox 3223 4840 3316 4880; x_wconf 89' lang='lat' dir='ltr'><strong>eos</strong></span> <span class='ocrx_word' id='word_1_924' title='bbox 3339 4829 3428 4898; x_wconf 89' lang='lat' dir='ltr'><strong>qui</strong></span> <span class='ocrx_word' id='word_1_925' title='bbox 3455 4837 3649 4888; x_wconf 83' lang='lat' dir='ltr'><strong>secant;</strong></span> <span class='ocrx_word' id='word_1_926' title='bbox 3676 4824 3742 4878; x_wconf 83' lang='lat' dir='ltr'><strong>sed</strong></span> 
     </span>
    </p>
   </div>
   <div class='ocr_carea' id='block_1_111' title="bbox 2219 4908 3742 4989">
    <p class='ocr_par' dir='ltr' id='par_1_111' title="bbox 2219 4908 3742 4989">
     <span class='ocr_line' id='line_1_111' title="bbox 2219 4908 3742 4989; baseline 0.005 -28"><span class='ocrx_word' id='word_1_927' title='bbox 2219 4909 2293 4962; x_wconf 93' lang='lat' dir='ltr'><strong>illi</strong></span> <span class='ocrx_word' id='word_1_928' title='bbox 2339 4909 2469 4963; x_wconf 89' lang='lat' dir='ltr'><strong>nihil</strong></span> <span class='ocrx_word' id='word_1_929' title='bbox 2503 4908 2695 4965; x_wconf 89' lang='lat' dir='ltr'><strong>horum</strong></span> <span class='ocrx_word' id='word_1_930' title='bbox 2727 4923 2972 4982; x_wconf 86' lang='lat' dir='ltr'><strong>spectant</strong></span> <span class='ocrx_word' id='word_1_931' title='bbox 3005 4955 3020 4980; x_wconf 97' lang='lat'><strong>,</strong></span> <span class='ocrx_word' id='word_1_932' title='bbox 3056 4914 3153 4970; x_wconf 90' lang='lat' dir='ltr'><strong>sed</strong></span> <span class='ocrx_word' id='word_1_933' title='bbox 3181 4931 3364 4972; x_wconf 89' lang='lat' dir='ltr'><strong>eorum</strong></span> <span class='ocrx_word' id='word_1_934' title='bbox 3394 4920 3552 4974; x_wconf 90' lang='lat' dir='ltr'><strong>solam</strong></span> <span class='ocrx_word' id='word_1_935' title='bbox 3577 4918 3652 4989; x_wconf 87' lang='lat' dir='ltr'><strong>qui</strong></span> <span class='ocrx_word' id='word_1_936' title='bbox 3686 4917 3742 4969; x_wconf 78' lang='lat' dir='ltr'><strong>la-</strong></span> 
     </span>
    </p>
   </div>
   <div class='ocr_carea' id='block_1_112' title="bbox 2219 4999 3742 5078">
    <p class='ocr_par' dir='ltr' id='par_1_112' title="bbox 2219 4999 3742 5078">
     <span class='ocr_line' id='line_1_112' title="bbox 2219 4999 3742 5078; baseline 0.005 -26"><span class='ocrx_word' id='word_1_937' title='bbox 2219 4999 2410 5054; x_wconf 89' lang='lat' dir='ltr'><strong>borant</strong></span> <span class='ocrx_word' id='word_1_938' title='bbox 2437 5001 2682 5057; x_wconf 89' lang='lat' dir='ltr'><strong>salutem.</strong></span> <span class='ocrx_word' id='word_1_939' title='bbox 2715 5002 2788 5057; x_wconf 85' lang='lat' dir='ltr'><strong>Ita</strong></span> <span class='ocrx_word' id='word_1_940' title='bbox 2819 5003 2905 5059; x_wconf 89' lang='lat' dir='ltr'><strong>hic</strong></span> <span class='ocrx_word' id='word_1_941' title='bbox 2930 5021 3073 5076; x_wconf 90' lang='lat' dir='ltr'><strong>quoq</strong></span> <span class='ocrx_word' id='word_1_942' title='bbox 3086 5022 3153 5062; x_wconf 90' lang='lat' dir='ltr'><strong>ue</strong></span> <span class='ocrx_word' id='word_1_943' title='bbox 3181 5019 3392 5078; x_wconf 91' lang='lat' dir='ltr'><strong>oportet</strong></span> <span class='ocrx_word' id='word_1_944' title='bbox 3420 5011 3585 5064; x_wconf 89' lang='lat' dir='ltr'><strong>omnia</strong></span> <span class='ocrx_word' id='word_1_945' title='bbox 3612 5009 3742 5062; x_wconf 76' lang='lat' dir='ltr'><strong>facere</strong></span> 
     </span>
    </p>
   </div>
   <div class='ocr_carea' id='block_1_113' title="bbox 2217 5090 3741 5170">
    <p class='ocr_par' dir='ltr' id='par_1_113' title="bbox 2217 5090 3741 5170">
     <span class='ocr_line' id='line_1_113' title="bbox 2217 5090 3741 5170; baseline 0.005 -28"><span class='ocrx_word' id='word_1_946' title='bbox 2217 5090 2421 5144; x_wconf 90' lang='lat' dir='ltr'><strong>utiliter</strong></span> <span class='ocrx_word' id='word_1_947' title='bbox 2439 5091 2506 5144; x_wconf 90' lang='lat' dir='ltr'><strong>ad</strong></span> <span class='ocrx_word' id='word_1_948' title='bbox 2537 5091 3031 5162; x_wconf 84' lang='lat' dir='ltr'><strong>reprehensionem,</strong></span> <span class='ocrx_word' id='word_1_949' title='bbox 3063 5099 3242 5152; x_wconf 91' lang='lat' dir='ltr'><strong>omnia</strong></span> <span class='ocrx_word' id='word_1_950' title='bbox 3286 5099 3444 5166; x_wconf 89' lang='lat' dir='ltr'><strong>ferre,</strong></span> <span class='ocrx_word' id='word_1_951' title='bbox 3483 5100 3741 5170; x_wconf 83' lang='lat' dir='ltr'><strong>aspicientes</strong></span> 
     </span>
    </p>
   </div>
   <div class='ocr_carea' id='block_1_114' title="bbox 2217 5180 3740 5260">
    <p class='ocr_par' dir='ltr' id='par_1_114' title="bbox 2217 5180 3740 5260">
     <span class='ocr_line' id='line_1_114' title="bbox 2217 5180 3740 5260; baseline 0.001 -24"><span class='ocrx_word' id='word_1_952' title='bbox 2217 5180 2284 5237; x_wconf 88' lang='lat' dir='ltr'><strong>ad</strong></span> <span class='ocrx_word' id='word_1_953' title='bbox 2309 5181 2610 5238; x_wconf 89' lang='lat' dir='ltr'><strong>mercedem</strong></span> <span class='ocrx_word' id='word_1_954' title='bbox 2641 5186 2989 5255; x_wconf 83' lang='lat' dir='ltr'><strong>prepositam.</strong></span> <span class='ocrx_word' id='word_1_955' title='bbox 3017 5188 3170 5250; x_wconf 79' lang='lat' dir='ltr'><strong>Alter,</strong></span> <span class='ocrx_word' id='word_1_956' title='bbox 3200 5189 3388 5260; x_wconf 90' lang='lat' dir='ltr'><strong>inquit,</strong></span> <span class='ocrx_word' id='word_1_957' title='bbox 3411 5193 3603 5246; x_wconf 76' lang='lat' dir='ltr'><strong>alterius</strong></span> <span class='ocrx_word' id='word_1_958' title='bbox 3626 5204 3740 5241; x_wconf 76' lang='lat' dir='ltr'><strong>onera</strong></span> 
     </span>
    </p>
   </div>
   <div class='ocr_carea' id='block_1_115' title="bbox 2226 5277 3738 5357">
    <p class='ocr_par' dir='ltr' id='par_1_115' title="bbox 2226 5277 3738 5357">
     <span class='ocr_line' id='line_1_115' title="bbox 2226 5277 3738 5357; baseline 0.008 -30"><span class='ocrx_word' id='word_1_959' title='bbox 2226 5283 2424 5346; x_wconf 74' lang='lat' dir='ltr'><strong>portate</strong></span> <span class='ocrx_word' id='word_1_960' title='bbox 2444 5317 2458 5340; x_wconf 96' lang='lat'><strong>,</strong></span> <span class='ocrx_word' id='word_1_961' title='bbox 2489 5285 2536 5330; x_wconf 90' lang='lat' dir='ltr'><strong>et</strong></span> <span class='ocrx_word' id='word_1_962' title='bbox 2567 5277 2638 5330; x_wconf 82' lang='lat' dir='ltr'><strong>ita</strong></span> <span class='ocrx_word' id='word_1_963' title='bbox 2663 5278 2867 5347; x_wconf 79' lang='lat' dir='ltr'><strong>implete</strong></span> <span class='ocrx_word' id='word_1_964' title='bbox 2891 5280 3049 5349; x_wconf 82' lang='lat' dir='ltr'><strong>legem</strong></span> <span class='ocrx_word' id='word_1_965' title='bbox 3077 5278 3268 5337; x_wconf 81' lang='lat' dir='ltr'><strong>Christi</strong></span> <span class='ocrx_word' id='word_1_966' title='bbox 3306 5284 3326 5354; x_wconf 89' lang='lat'>(</span> <span class='ocrx_word' id='word_1_967' title='bbox 3349 5284 3463 5341; x_wconf 75' lang='lat' dir='ltr'><strong>Gal.</strong></span> <span class='ocrx_word' id='word_1_968' title='bbox 3497 5287 3546 5343; x_wconf 85' lang='lat'><strong>6.</strong></span> <span class='ocrx_word' id='word_1_969' title='bbox 3574 5289 3603 5342; x_wconf 76' lang='grc'><strong>2</strong></span> <span class='ocrx_word' id='word_1_970' title='bbox 3622 5289 3653 5357; x_wconf 82' lang='lat'><strong>).</strong></span> <span class='ocrx_word' id='word_1_971' title='bbox 3675 5285 3738 5341; x_wconf 86' lang='lat' dir='ltr'><strong>Sic</strong></span> 
     </span>
    </p>
   </div>
   <div class='ocr_carea' id='block_1_116' title="bbox 2223 5369 3735 5440">
    <p class='ocr_par' dir='ltr' id='par_1_116' title="bbox 2223 5369 3735 5440">
     <span class='ocr_line' id='line_1_116' title="bbox 2223 5369 3735 5440; baseline 0.005 -18"><span class='ocrx_word' id='word_1_972' title='bbox 2223 5382 2353 5438; x_wconf 88' lang='lat' dir='ltr'><strong>ergo</strong></span> <span class='ocrx_word' id='word_1_973' title='bbox 2391 5377 2447 5424; x_wconf 91' lang='lat' dir='ltr'><strong>et</strong></span> <span class='ocrx_word' id='word_1_974' title='bbox 2476 5369 2962 5438; x_wconf 89' lang='lat' dir='ltr'><strong>reprehendentes,</strong></span> <span class='ocrx_word' id='word_1_975' title='bbox 2991 5381 3043 5426; x_wconf 91' lang='lat' dir='ltr'><strong>et</strong></span> <span class='ocrx_word' id='word_1_976' title='bbox 3084 5374 3217 5430; x_wconf 90' lang='lat' dir='ltr'><strong>alter</strong></span> <span class='ocrx_word' id='word_1_977' title='bbox 3257 5377 3481 5432; x_wconf 87' lang='lat' dir='ltr'><strong>alterum</strong></span> <span class='ocrx_word' id='word_1_978' title='bbox 3521 5376 3735 5440; x_wconf 84' lang='lat' dir='ltr'><strong>ferentes,</strong></span> 
     </span>
    </p>
   </div>
   <div class='ocr_carea' id='block_1_117' title="bbox 2224 5463 3736 5532">
    <p class='ocr_par' dir='ltr' id='par_1_117' title="bbox 2224 5463 3736 5532">
     <span class='ocr_line' id='line_1_117' title="bbox 2224 5463 3736 5532; baseline 0.002 -17"><span class='ocrx_word' id='word_1_979' title='bbox 2224 5475 2507 5530; x_wconf 90' lang='lat' dir='ltr'><strong>possumus</strong></span> <span class='ocrx_word' id='word_1_980' title='bbox 2534 5463 2755 5532; x_wconf 89' lang='lat' dir='ltr'><strong>implere</strong></span> <span class='ocrx_word' id='word_1_981' title='bbox 2780 5463 3187 5521; x_wconf 72' lang='lat' dir='ltr'><strong>tedificalionem</strong></span> <span class='ocrx_word' id='word_1_982' title='bbox 3203 5467 3396 5524; x_wconf 81' lang='lat' dir='ltr'><strong>Christi</strong></span> <span class='ocrx_word' id='word_1_983' title='bbox 3429 5488 3442 5523; x_wconf 89' lang='lat'><strong>:</strong></span> <span class='ocrx_word' id='word_1_984' title='bbox 3464 5479 3515 5525; x_wconf 89' lang='lat' dir='ltr'><strong>et</strong></span> <span class='ocrx_word' id='word_1_985' title='bbox 3535 5471 3603 5523; x_wconf 91' lang='lat' dir='ltr'><strong>sic</strong></span> <span class='ocrx_word' id='word_1_986' title='bbox 3623 5469 3736 5522; x_wconf 82' lang='lat' dir='ltr'><strong>nobis</strong></span> 
     </span>
    </p>
   </div>
   <div class='ocr_carea' id='block_1_118' title="bbox 2222 5551 3732 5629">
    <p class='ocr_par' dir='ltr' id='par_1_118' title="bbox 2222 5551 3732 5629">
     <span class='ocr_line' id='line_1_118' title="bbox 2222 5551 3732 5629; baseline 0.004 -23"><span class='ocrx_word' id='word_1_987' title='bbox 2222 5552 2395 5607; x_wconf 87' lang='lat' dir='ltr'><strong>levem</strong></span> <span class='ocrx_word' id='word_1_988' title='bbox 2422 5551 2626 5609; x_wconf 90' lang='lat' dir='ltr'><strong>facietis</strong></span> <span class='ocrx_word' id='word_1_989' title='bbox 2669 5551 2905 5610; x_wconf 88' lang='lat' dir='ltr'><strong>laborem</strong></span> <span class='ocrx_word' id='word_1_990' title='bbox 2929 5598 2944 5623; x_wconf 93' lang='lat'><strong>,</strong></span> <span class='ocrx_word' id='word_1_991' title='bbox 2974 5557 3128 5613; x_wconf 89' lang='lat' dir='ltr'><strong>nobis</strong></span> <span class='ocrx_word' id='word_1_992' title='bbox 3151 5575 3308 5629; x_wconf 87' lang='lat' dir='ltr'><strong>opem</strong></span> <span class='ocrx_word' id='word_1_993' title='bbox 3333 5561 3555 5617; x_wconf 88' lang='lat' dir='ltr'><strong>ferentes</strong></span> <span class='ocrx_word' id='word_1_994' title='bbox 3581 5561 3624 5614; x_wconf 85' lang='lat' dir='ltr'><strong>in</strong></span> <span class='ocrx_word' id='word_1_995' title='bbox 3647 5575 3732 5613; x_wconf 82' lang='lat' dir='ltr'><strong>ota-</strong></span> 
     </span>
    </p>
   </div>
   <div class='ocr_carea' id='block_1_119' title="bbox 2222 5643 3725 5723">
    <p class='ocr_par' dir='ltr' id='par_1_119' title="bbox 2222 5643 3725 5723">
     <span class='ocr_line' id='line_1_119' title="bbox 2222 5643 3725 5723; baseline 0.003 -25"><span class='ocrx_word' id='word_1_996' title='bbox 2222 5643 2400 5710; x_wconf 89' lang='lat' dir='ltr'><strong>nibus,</strong></span> <span class='ocrx_word' id='word_1_997' title='bbox 2421 5649 2476 5700; x_wconf 90' lang='lat' dir='ltr'><strong>e1</strong></span> <span class='ocrx_word' id='word_1_998' title='bbox 2502 5659 2718 5701; x_wconf 90' lang='lat' dir='ltr'><strong>manum</strong></span> <span class='ocrx_word' id='word_1_999' title='bbox 2746 5648 3066 5716; x_wconf 72' lang='lat' dir='ltr'><strong>przebentes,</strong></span> <span class='ocrx_word' id='word_1_1000' title='bbox 3095 5647 3270 5706; x_wconf 79' lang='lat' dir='ltr'><strong>effecti</strong></span> <span class='ocrx_word' id='word_1_1001' title='bbox 3310 5653 3578 5723; x_wconf 85' lang='lat' dir='ltr'><strong>participes</strong></span> <span class='ocrx_word' id='word_1_1002' title='bbox 3602 5661 3644 5706; x_wconf 87' lang='lat' dir='ltr'><strong>et</strong></span> <span class='ocrx_word' id='word_1_1003' title='bbox 3664 5663 3725 5702; x_wconf 80' lang='lat' dir='ltr'><strong>so-</strong></span> 
     </span>
    </p>
   </div>
   <div class='ocr_carea' id='block_1_120' title="bbox 541 5723 2125 5814">
    <p class='ocr_par' dir='ltr' id='par_1_120' title="bbox 541 5723 2108 5810">
     <span class='ocr_line' id='line_1_120' title="bbox 541 5723 2108 5810; baseline 0.001 -28"><span class='ocrx_word' id='word_1_1004' title='bbox 541 5725 716 5782; x_wconf 86' lang='lat' dir='ltr'><strong>sciunt</strong></span> <span class='ocrx_word' id='word_1_1005' title='bbox 745 5739 895 5795; x_wconf 84' lang='lat' dir='ltr'><strong>aqua:</strong></span> <span class='ocrx_word' id='word_1_1006' title='bbox 923 5723 1128 5796; x_wconf 68' lang='lat' dir='ltr'><strong>frigidae</strong></span> <span class='ocrx_word' id='word_1_1007' title='bbox 1169 5733 1351 5810; x_wconf 86' lang='lat' dir='ltr'><strong>potum</strong></span> <span class='ocrx_word' id='word_1_1008' title='bbox 1393 5739 1513 5781; x_wconf 85' lang='lat' dir='ltr'><strong>esse</strong></span> <span class='ocrx_word' id='word_1_1009' title='bbox 1544 5725 1742 5782; x_wconf 89' lang='lat' dir='ltr'><strong>malum</strong></span> <span class='ocrx_word' id='word_1_1010' title='bbox 1764 5767 1780 5795; x_wconf 91' lang='lat'><strong>,</strong></span> <span class='ocrx_word' id='word_1_1011' title='bbox 1808 5727 1902 5786; x_wconf 82' lang='lat' dir='ltr'><strong>sed</strong></span> <span class='ocrx_word' id='word_1_1012' title='bbox 1932 5737 2108 5784; x_wconf 84' lang='lat' dir='ltr'><strong>tamen</strong></span> 
     </span>
    </p>
   </div>
   <div class='ocr_carea' id='block_1_121' title="bbox 2219 5723 3719 5814">
    <p class='ocr_par' dir='ltr' id='par_1_121' title="bbox 2219 5733 3719 5814">
     <span class='ocr_line' id='line_1_121' title="bbox 2219 5733 3719 5814; baseline -0.009 -12"><span class='ocrx_word' id='word_1_1013' title='bbox 2219 5745 2274 5804; x_wconf 72' lang='lat' dir='ltr'><strong>cii</strong></span> <span class='ocrx_word' id='word_1_1014' title='bbox 2301 5786 2314 5814; x_wconf 88' lang='lat'><strong>,</strong></span> <span class='ocrx_word' id='word_1_1015' title='bbox 2344 5753 2400 5801; x_wconf 86' lang='lat' dir='ltr'><strong>et</strong></span> <span class='ocrx_word' id='word_1_1016' title='bbox 2423 5743 2559 5800; x_wconf 88' lang='lat' dir='ltr'><strong>alter</strong></span> <span class='ocrx_word' id='word_1_1017' title='bbox 2579 5741 2796 5798; x_wconf 81' lang='lat' dir='ltr'><strong>alterius</strong></span> <span class='ocrx_word' id='word_1_1018' title='bbox 2811 5742 2996 5799; x_wconf 83' lang='lat' dir='ltr'><strong>salutis</strong></span> <span class='ocrx_word' id='word_1_1019' title='bbox 3024 5749 3078 5800; x_wconf 89' lang='lat' dir='ltr'><strong>et</strong></span> <span class='ocrx_word' id='word_1_1020' title='bbox 3107 5757 3216 5801; x_wconf 80' lang='lat' dir='ltr'><strong>sua:</strong></span> <span class='ocrx_word' id='word_1_1021' title='bbox 3243 5740 3598 5812; x_wconf 75' lang='lat' dir='ltr'><strong>unusquisque.</strong></span> <span class='ocrx_word' id='word_1_1022' title='bbox 3622 5733 3719 5789; x_wconf 76' lang='lat' dir='ltr'><strong>Sil-l-</strong></span> 
     </span>
    </p>
   </div>
  </div>
