3926 6406
170 254 262 313 SH
930 262 998 319 IN
1034 264 1259 324 EPIST.
1286 265 1381 322 AD
1414 264 1778 326 IIEBBABOS.
1812 264 1968 323 CAP.
2011 265 2123 324 XII.
2159 264 2392 323 HOMIL.
2435 263 2601 324 XXX.

176 376 310 443 ιους
331 373 402 429 ἐν
423 376 541 446 τοῖς
564 378 767 448 λόγοις
787 381 1038 448 τούτοις.
1067 382 1237 438 Τοῦτο
1265 383 1358 439 καὶ
1385 384 1515 457 ύμῖν
1543 402 1735 456 παραι-

164 466 361 536 νοῦμεν
386 469 483 523 νῦν
507 472 689 541 ήμεῖς.
724 471 954 527 Πλείονα
981 474 1091 547 γάρ
1115 476 1291 547 ήμῶν,
1320 478 1418 531 ἐάν
1444 477 1734 551 βούλησθε,

164 558 243 618 είς
268 557 551 626 ἀλλήλους,
589 559 966 631 κατορθώσετε
994 579 1010 593 ·
1043 567 1140 618 καλ⁸
1190 566 1299 639 γὰρ
1351 566 1574 620 πλείονα
1606 567 1736 621 σύν-

163 659 285 696 ιστε
350 646 543 715 χρόνον
566 646 838 718 ἀλλήλοις,
864 650 959 703 καὶ
984 650 1052 704 τὰ
1086 652 1331 725 ἀλλήλων
1356 656 1558 727 μᾶλλον
1580 658 1736 728 ήμῶν

163 732 297 798 ἴστε,
324 737 417 787 καὶ
449 736 517 789 τά
544 736 789 808 ἀλλήλων
814 738 1173 811 ἐλαττώματα
1200 744 1302 798 ούκ
1339 747 1607 814 ἀγνοεῖτε,
1642 750 1737 803 καὶ

158 826 382 880 πλείονα
409 828 500 880 καὶ
532 829 847 901 παρρησίαν
880 832 976 886 καὶ
999 832 1220 906 ἀγάπην
1250 835 1401 906 ἔχετε
1458 838 1555 892 καὶ
1601 855 1736 892 συν-

157 912 351 984 ήθειαν
371 929 387 943 ·
418 915 477 967 ού
509 918 681 987 μικρά
709 917 766 972 δὲ
790 917 962 973 ταῦτα
984 922 1063 985 είς
1084 921 1457 989 διδασκαλίαν,
1486 926 1600 979 ἀλλ’
1626 928 1736 981 εῖσο

156 1001 267 1053 οδοι
298 1003 531 1072 μεγάλαι
564 1006 659 1059 καὶ
708 1008 987 1079 εὕκαιρίαι
1017 1026 1031 1040 ·
1073 1011 1168 1064 καὶ
1201 1012 1402 1083 μᾶλλον
1427 1017 1584 1085 ήμῶν
1613 1019 1735 1071 ἐπι-

158 1087 361 1156 πλῆξαι
398 1092 485 1144 καὶ
520 1095 903 1165 παρακαλέσαι
941 1099 1258 1168 δυνήσεσθε.
1302 1104 1411 1157 Καὶ
1457 1105 1519 1159 ού
1571 1106 1731 1161 τοῦτο

161 1178 343 1247 μόνον,
380 1181 495 1235 ἀλλ’
523 1182 605 1236 ὅτι
652 1184 762 1254 ἐγὼ
797 1188 895 1258 μὲν
925 1184 1007 1254 εἷς
1051 1192 1189 1262 εἰμι,
1233 1193 1392 1264 ὑμεῖς
1414 1196 1469 1249 δέ
1525 1198 1734 1265 πολλοὶ,

156 1272 252 1324 καὶ
274 1272 568 1345 δυνήσεσθε
612 1277 816 1341 πάντες
860 1278 976 1335 ὅσοι
1030 1284 1180 1352 ἐστὲ,
1235 1280 1374 1340 εἶναι
1404 1287 1732 1346 διδάσκαλοι.

154 1364 271 1426 Διὸ,
297 1368 620 1437 παρακαλῶ,
647 1370 723 1440 μὴ
754 1371 1007 1442 ἀμελεῖτε
1029 1375 1123 1429 τοῦ
1146 1378 1490 1449 χαρίσματος
1519 1381 1734 1438 τούτου*

154 1454 389 1520 ἕκαστος
416 1461 649 1525 γυναῖκα
679 1460 813 1532 εχει,
846 1463 997 1532 φίλον
1028 1464 1165 1537 ἔχει,
1193 1469 1415 1540 οίκέτην
1449 1471 1583 1543 ἔχει,
1621 1476 1736 1539 γείι

152 1563 287 1601 τονα
314 1547 427 1618 εχει
456 1566 470 1582 ·
516 1552 691 1624 τούτῳ
720 1555 1117 1626 ὲπιπληττέτω,
1166 1560 1342 1631 τούτῳ
1373 1566 1731 1635 παραινείτω.

154 1638 283 1703 Πῶς
326 1639 433 1712 7&9
482 1642 584 1697 οὐκ
620 1644 843 1713 ἄτοπον,
905 1649 1048 1719 ὑπὲρ
1107 1652 1209 1723 μὲν
1247 1655 1455 1725 τροφῆς
1488 1657 1737 1711 συσσίτια

152 1734 333 1784 ποιεῖν
356 1733 451 1786 καὶ
483 1736 781 1804 συμπόσια,
814 1740 911 1793 καὶ
944 1741 1159 1813 ἡμέραν
1188 1743 1335 1815 ἔχειν
1360 1750 1567 1819 τακτὴν
1594 1748 1734 1805 ὥστε

154 1826 583 1894 συγκροτεῖσθαι
612 1826 897 1898 ἀλλήλους,
930 1832 1026 1883 καὶ
1054 1833 1116 1886 τὸ
1143 1835 1361 1907 ἑκάστῳ
1393 1837 1584 1894 λεῖπον
1613 1841 1734 1895 καθ’

149 1912 349 1966 ἑαυτὸν
378 1914 491 1969 ὄντι
517 1917 964 1989 ἀναπληροῦσθαι
993 1922 1081 1976 διὰ
1123 1925 1223 1995 τῆς
1260 1930 1567 1994 κοινωνίας,
1599 1925 1731 1999 οἷον,

152 2007 267 2060 είτε
288 2008 369 2072 είς
418 2010 658 2080 ἐκφοράν
699 2012 921 2066 ἀπιέναι
965 2014 1096 2093 δέοι,
1126 2017 1236 2071 εἴτε
1265 2021 1344 2084 είς
1372 2020 1590 2093 ἄριστα,
1623 2026 1734 2079 εἴτε

158 2102 478 2172 συμπρᾶξαι
507 2102 563 2157 ἐν
590 2121 699 2158 τινι
729 2104 878 2180 [282]
909 2086 993 2178 τῷτ
1026 2106 1256 2180 πλησίον
1286 2129 1301 2145 ·
1337 2086 1423 2179 είς
1442 2114 1498 2169 δέ
1532 2115 1735 2187 ἀρετῆς

147 2189 504 2248 διδασκαλίαν
539 2195 614 2267 μὴ
654 2195 811 2253 τοῦτο
840 2201 1013 2254 ποιεῖν
1040 2216 1055 2265 ;
1086 2202 1217 2268 Ναὶ,
1263 2206 1590 2275 παρακαλῶ,
1623 2224 1732 2278 μη-

152 2280 271 2347 δεὶς
304 2283 577 2355 ἀμελείτω
604 2302 618 2315 ·
658 2287 851 2357 μισθὸν
877 2288 987 2363 7&9
1019 2291 1231 2363 δέχεται
1265 2296 1420 2367 παρά
1463 2296 1598 2351 Θεοῦ
1630 2315 1732 2352 πο-

157 2374 279 2430 λύν.
304 2376 413 2430 Καὶ
450 2377 536 2431 ἵνα
565 2378 768 2451 μάθῃς,
797 2381 826 2435 6
851 2380 922 2437 τὰ
951 2383 1114 2437 πέντε
1140 2385 1382 2441 τάλαντα
1435 2389 1733 2459 ἐμπιστευ-

149 2467 287 2531 θεὶς,
320 2468 469 2523 ἐστὶν
527 2471 557 2524 6
599 2470 920 2537 διδάσκαλος
947 2489 962 2503 ο
988 2476 1017 2529 6
1044 2475 1102 2530 δέ
1147 2476 1208 2530 τὸ
1232 2477 1322 2544 ἐν,
1373 2480 1403 2533 6
1446 2482 1727 2556 μαθητής.

160 2558 291 2612 Ἐἀν
316 2560 374 2613 δέ
402 2560 530 2633 εῖπῃ
550 2563 579 2615 6
608 2561 877 2635 μαθητής,
894 2566 1159 2638 Μαθητής
1183 2570 1299 2640 είμι
1326 2571 1458 2639 ἐγὼ.
1488 2575 1590 2628 οὐκ
1618 2575 1728 2646 ἔχω

143 2650 416 2712 κίνδυνον,
453 2653 548 2708 καὶ
574 2653 635 2708 δν
667 2655 829 2710 ἔλαϐε
854 2658 1007 2730 παρὰ
1037 2660 1128 2715 τοῦ
1158 2661 1296 2717 Θεοῦ
1328 2663 1508 2733 λόγον,
1538 2669 1731 2723 τοῦτον

143 2742 238 2833 τον
276 2742 460 2796 κοινὸν
491 2746 587 2799 καλ⁸
613 2746 770 2816 ψιλὸν
792 2751 1143 2827 κατακρύψῃ,
1168 2754 1262 2808 καὶ
1287 2756 1363 2827 μὴ
1393 2759 1727 2833 παραινέσῃ,

147 2832 224 2903 μή
254 2835 724 2910 παρρησιάσηται,
754 2838 828 2911 μὴ
858 2840 1077 2917 ἐλέγξῃ,
1102 2845 1179 2916 μή
1201 2846 1522 2923 νουθετήσῃ,
1549 2852 1597 2904 εί
1630 2832 1726 2905 δύ-

142 2941 331 2987 ναται.
367 2924 507 2980 ἀλλά
537 2929 867 3005 κατακρύψῃ
919 2934 977 2987 ἐν
1009 2937 1074 3005 τῇ
1119 2938 1190 3009 γῇ
1216 2952 1231 2966 ⁸
1288 2938 1359 3007 γῆ
1393 2940 1503 3012 γὰρ
1557 2940 1728 3007 ὅντως

140 3016 265 3067 ἐστὶ
296 3017 392 3071 καὶ
420 3019 610 3085 σποδὸς
643 3022 840 3094 καρδία
868 3024 927 3078 τὸ
955 3025 1203 3098 χάρισμα
1243 3029 1336 3082 τοῦ
1362 3030 1497 3085 Θεοῦ
1557 3049 1728 3088 κατα-

142 3107 471 3179 κρύπτουσα
496 3126 511 3141 '
543 3111 609 3167 ἂν
630 3114 811 3168 τοίνυν
838 3117 1171 3191 κατακρύψῃ
1198 3120 1231 3191 ἢ
1265 3119 1335 3174 δι’
1363 3122 1548 3189 ὄκνον,
1578 3123 1612 3195 ἢ
1637 3124 1727 3180 διὰ

139 3201 436 3272 πονηρίαν,
452 3204 513 3257 οὕ
539 3206 899 3277 προστήσεται
916 3208 1083 3263 αὑτοῦ
1109 3210 1170 3264 τὸ
1190 3212 1385 3275 είπεῖν,
1411 3214 1493 3268 ὄτι
1515 3215 1611 3269 Ἐν
1630 3216 1729 3273 τά·

138 3291 344 3348 λαντον
359 3290 527 3366 εἶχον.
546 3297 643 3351 Ἐν
656 3296 917 3363 τάλαντον
939 3294 1086 3373 εἶχες
1100 3318 1113 3332 ’
1135 3302 1243 3359 ἔδει
1273 3322 1332 3359 σε
1351 3305 1455 3361 κᾶν
1476 3306 1535 3361 ἐν
1559 3325 1728 3382 προσ-

138 3387 393 3453 ενεγκεῖν
423 3388 515 3441 καὶ
528 3388 882 3445 διπλασιάσαι
904 3393 967 3446 τὸ
989 3394 1271 3451 τάλαντονο
1286 3400 1334 3453 εί
1351 3402 1727 3474 προσήνεγκες

136 3477 220 3539 ιν.
270 3478 377 3532 οὐκ
410 3478 479 3533 ἂν
515 3480 833 3553 ἐνεκλήθης.
885 3485 1021 3564 Ολύδέ
1062 3487 1172 3557 7&9
1195 3489 1275 3561 τῷ
1299 3492 1368 3546 τά
1418 3493 1512 3548 δύο
1556 3514 1726 3568 προσ-

137 3571 426 3638 ενεγκόντι
452 3568 594 3637 εἷπε,
630 3575 729 3628 Διά
761 3572 819 3629 τί
855 3576 931 3649 μὴ
958 3578 1117 3633 πέντε
1147 3585 1562 3656 προσήνεγκας;
1590 3589 1727 3645 ἀλλὰ

136 3660 249 3714 τῶν
276 3661 461 3716 αὐτῶν
480 3664 643 3719 αὐτὸν
662 3665 862 3737 ήξίωσε
889 3668 965 3742 τῷ
989 3672 1057 3726 τὰ
1087 3674 1249 3729 πέντε
1278 3682 1722 3751 προσενεγκόντι.

137 3755 205 3807 Τί
221 3755 450 3826 δήποτες
475 3756 599 3810 ’Ότι
622 3758 745 3813 ὅσον
772 3755 918 3831 εἶχεν
939 3762 1237 3834 εἰργάσατο
1260 3783 1274 3797 ·
1301 3769 1399 3822 καὶ
1415 3770 1515 3825 οὐκ
1536 3771 1723 3846 ἐπειδὴ

133 3845 404 3901 ἐλάττονα
419 3847 512 3901 τοῦ
531 3848 597 3903 τά
622 3849 783 3904 πέντε
800 3852 1236 3925 ἐγχειρισθέντος
1262 3858 1445 3926 ἔλαϐε,
1464 3862 1551 3919 διά
1565 3845 1724 3922 τοῦτο

133 3940 552 4013 ἐρῤαθύμησεν,
578 3942 699 3997 ούδέ
723 3948 789 4018 τῇ
805 3944 1077 4017 ὀλιγότητι
1101 3951 1181 4012 είς
1204 3952 1404 4022 ἀργίαν
1425 3956 1720 4028 ἐχρήσατο.

131 4032 277 4086 υῦδέ
310 4049 370 4085 σε
384 4033 563 4119 ,ἐχρῆν
592 4036 727 4107 πρὸς
754 4035 846 4091 τὸν
867 4036 937 4091 τὰ
976 4038 1069 4094 δύο
1089 4042 1221 4113 ὁρᾷν
1240 4059 1254 4075 ·
1282 4044 1483 4114 μᾶλλον
1506 4047 1565 4102 δέ
1585 4048 1723 4119 πρὸς

130 4121 348 4172 ἐκεῖνον
367 4117 475 4173 ἔδει
504 4120 653 4188 ίδεῖν,
681 4124 778 4178 καὶ
812 4123 1004 4196 ῶσπερ
1027 4128 1237 4194 ἐκεῖνος
1274 4134 1587 4205 ἐμιμήσατο
1628 4117 1721 4192 τδν

126 4206 203 4260 τὰ
226 4208 420 4273 πέντε,
449 4208 543 4262 δύο
566 4209 727 4281 έχων,
750 4211 892 4268 οὕτω
916 4216 1009 4269 καὶ
1037 4216 1098 4271 σὲ
1122 4215 1364 4287 ζηλῶσαι
1392 4223 1505 4278 ἔδει
1534 4226 1626 4282 τὸν
1650 4229 1721 4284 τὰ

124 4298 227 4353 δύο
256 4298 479 4370 ἔχοντα.
514 4302 577 4355 El
602 4303 712 4376 7&9
744 4305 823 4375 τῷ
839 4309 1097 4379 χρήματα
1139 4310 1340 4381 ἔχοντι,
1370 4316 1467 4371 καὶ
1504 4318 1580 4391 μὴ
1620 4340 1719 4392 με⁶

124 4392 429 4456 ταδιδόντι,
471 4392 697 4459 κόλασις
726 4400 939 4451 κεῖται·
974 4400 1053 4471 τῷ
1079 4402 1366 4477 δυναμένῳ
1389 4413 1716 4481 παραινέσαι

123 4485 518 4556 ὁπωσδήποτε,
550 4488 644 4540 καὶ
670 4488 746 4558 μὴ
767 4488 927 4544 τοῦτο
954 4492 1217 4558 ποιοῦντι,
1252 4494 1369 4562 πῶς
1389 4499 1451 4553 οὐ
1483 4504 1715 4579 μεγίστη

125 4576 363 4640 κόλασις
387 4576 540 4631 ἔσται
566 4594 581 4643 ;
613 4578 762 4634 Ἐκεῖ
790 4580 949 4653 σῶμα
968 4583 1252 4655 τρέφεται,
1279 4589 1513 4646 ἐνταῦθα
1529 4595 1674 4668 ψυχή
1698 4576 1713 4629 λ

124 4670 253 4720 ἐκεῖ
283 4667 517 4723 θάνατον
543 4669 777 4737 κωλύεις
822 4673 915 4730 τὸν
954 4676 1315 4752 πρόσκαιρον,
1341 4683 1576 4740 ἐνταῦθα
1625 4667 1716 4744 τὸν

124 4758 379 4815 αίὼνιον.

190 4910 277 5009 Ῠ.
310 4940 449 4995 Ἀλλ’
486 4941 587 4997 οὐκ
602 4942 711 5014 ἔχω
735 4944 918 5016 λόγον.
949 4932 1135 5020 φησίν.
1181 4953 1321 5008 Ἀλλ’
1350 4955 1413 5009 ού
1436 4959 1597 5031 χρεία
1629 4962 1715 5017 λό-

124 5047 258 5100 γου,
295 5032 425 5086 ούδέ
456 5032 809 5102 εὐγλωττίας.
854 5038 982 5092 Ἐάν
1018 5040 1135 5115 ίδῃς
1155 5044 1249 5098 τὸν
1276 5046 1430 5115 φίλον
1481 5054 1714 5124 πορνεύ-

113 5143 278 5217 οντα,
312 5125 440 5217 εῖπέ
475 5128 611 5198 πρὸς
644 5129 808 5184 αὐτόν
831 5145 844 5158 ·
869 5132 1112 5205 Πονηρδν
1139 5139 1419 5209 πρᾶγμαό
1443 5143 1711 5217 μετέρχῃ,

111 5216 226 5270 οὐκ
259 5216 523 5289 αίσχύνῃ,
561 5219 663 5273 οὐκ
692 5220 952 5293 ἐρυθριᾷς
976 5239 992 5282 :
1025 5225 1196 5280 κακὸν
1225 5228 1387 5284 τοῦτό
1409 5233 1577 5290 ἐστιν.
1606 5216 1712 5291 Αύ-

112 5308 215 5372 16;
248 5310 366 5381 7&9
392 5310 495 5363 οὐκ
528 5305 659 5374 οῐδε,
687 5313 875 5383 φησὶν,
906 5317 988 5369 ὅτι
1010 5318 1219 5386 κακόν;
1246 5321 1376 5387 Ναὶ,
1406 5320 1568 5391 οἷδεν,
1597 5329 1711 5383 ἀλλ’

111 5399 231 5453 ὕπο
250 5400 362 5470 τῆς
386 5401 685 5472 ἐπιθυμίας
709 5404 948 5460 ἐλκεται.
978 5408 1091 5462 Kal
1124 5412 1171 5465 οί
1201 5415 1485 5480 νοσοῦντες
1509 5420 1707 5489 ίσασιν,

110 5492 201 5544 ὅτι
266 5491 307 5561 ἠ
363 5490 712 5563 ψυχροποσία
750 5495 938 5561 κακὸν,
978 5497 1094 5552 ἀλλ’
1136 5502 1286 5572 ὅμως
1340 5505 1551 5562 δέονται
1600 5511 1709 5567 τῶν

111 5580 489 5674 κωλυσόντων
518 5582 669 5674 [Ξεῦ]
695 5600 725 5674 Ἀ
742 5586 771 5638 6
794 5585 905 5659 7&9
930 5588 989 5642 ἐν
1007 5588 1085 5661 τῷ
1110 5592 1268 5647 πάθει
1292 5593 1386 5661 ὢν,
1411 5599 1469 5652 ού
1503 5602 1713 5674 ταχέως

114 5667 317 5741 ἐαυτῷ
342 5669 580 5742 ἀρκέσαι
603 5671 897 5745 δυνήσεται
928 5677 986 5732 ἐν
1010 5682 1076 5751 τῇ
1103 5680 1265 5753 νόσῳ.
1299 5686 1394 5740 Δεῖ
1411 5667 1705 5750 τοίνυξσουλ

3322 267 3432 325 ιη

1849 381 1944 437 τοῦ
1974 382 2313 451 ὑγιαίνοντος
2341 380 2484 454 πρὸς
2510 382 2611 453 τήν
2638 379 2849 436 ἐκείνου
2881 380 3124 453 ίατρείαν
3148 395 3162 412 ·
3208 380 3312 436 κᾶν
3349 383 3430 454 μὴ

1857 474 2056 545 πεισθῇ
2081 473 2159 545 τῷ
2196 476 2425 547 ῥήματι,
2463 474 2857 545 παρατήρησον
2884 474 3115 529 ἀπιόντα
3138 474 3232 528 καὶ
3254 470 3429 531 κάτα-

1842 583 1960 636 σχε,
1998 565 2130 630 ἴσως
2158 566 2593 637 ἐντραπήσεται.
2621 566 2732 620 Kal
2755 566 2830 631 τί,
2854 567 3039 638 φησὶν,
3057 565 3272 635 δφελος,
3296 568 3426 621 ὅταν

1838 655 1907 709 δι’
1937 655 2039 727 ἐμὲ
2069 653 2229 709 τοῦτο
2256 656 2406 725 ποιῇ.
2444 654 2540 708 καὶ
2572 653 2664 707 διὰ
2699 654 2762 707 τὸ
2802 654 3246 725 κατασχεσθῆναι
3289 654 3424 724 παρ’

1840 744 2008 815 ἐμοῦ;
2036 744 2129 816 Μὴ
2159 742 2521 816 ἀκριϐολογοῦ
2542 759 2555 773 ο
2586 741 2723 806 τέως
2746 743 3045 815 οίῳδήποτε
3069 742 3258 815 τρόπῳ
3286 744 3423 796 ἀπό-

1838 852 2038 907 στησον
2070 834 2236 890 αὐτὸν
2274 836 2376 907 τῆς
2413 834 2663 906 πονηρᾶς
2697 834 2953 907 πράξεως
2976 849 2992 864 ·
3031 834 3305 907 ἐθισθήτω
3342 840 3418 905 μὴ

1836 926 2057 981 ἀπιέναι
2084 928 2166 991 είς
2193 927 2372 979 ἐκεῖνο
2396 925 2459 978 τὸ
2489 924 2769 996 βάραθρον
2790 941 2803 954 °
2844 923 2957 978 εἴτε
2977 925 3068 980 διά
3100 926 3182 990 σὲ,
3211 928 3322 979 εἴτε
3351 922 3402 977 δι

1835 1016 2121 1087 ὁτιδήποτε
2166 1016 2410 1087 κωλυθῇ,
2457 1016 2649 1086 κέρδος
2688 1016 2841 1070 ἐσται
2875 1017 2939 1069 ὲκ
2992 1016 3205 1070 τούτου.
3237 1016 3411 1070 Ὅταν

1835 1108 1944 1180 7&9
1988 1109 2176 1184 ἐθίσῃς
2220 1109 2381 1162 αὑτὸν
2419 1107 2495 1179 μή
2532 1106 2773 1167 ἀπιέναι.
2815 1107 2935 1160 τότε
2965 1107 3171 1180 δυνήσῃ
3214 1106 3410 1180 μικρὸν

1836 1201 2253 1256 ἀναπνεύσαντα
2286 1199 2491 1265 λαῦὼν,
2521 1200 2751 1265 διδάξαι,
2792 1200 2874 1253 ὅτι
2909 1200 3015 1271 χρὴ
3043 1200 3131 1255 διά
3158 1200 3250 1253 τὸν
3277 1200 3410 1253 Θεὸν

1835 1293 1996 1348 τοῦτο
2030 1293 2107 1366 μή
2128 1296 2327 1361 ποιεῖν,
2358 1293 2457 1348 καὶ
2485 1294 2547 1348 οὐ
2574 1295 2643 1347 δι’
2686 1292 2998 1365 ἄνθρωπον.
3047 1292 3140 1360 Μὴ
3187 1292 3423 1365 θελήσῃς

1839 1385 1929 1456 ὑφ’
1968 1385 2024 1439 ἐν
2064 1386 2412 1456 κατορθῶσαι
2456 1385 2520 1438 τὸ
2572 1385 2711 1449 πᾶν,
2753 1384 2876 1437 ἐπεὶ
2911 1384 2973 1438 ού
3024 1384 3255 1459 δυνήσῃ,
3305 1383 3422 1437 ἀλλ’

1837 1476 2022 1547 ἡρέμα
2051 1476 2147 1531 καὶ
2174 1476 2315 1531 κατά
2343 1477 2560 1548 μικρόν.
2582 1477 2679 1529 “Av
2708 1477 2791 1539 είς
2828 1477 2992 1531 πότον
3018 1477 3132 1549 ἴδῃς
3164 1478 3419 1544 ἀπιόντα,

1837 1565 1934 1620 καὶ
1986 1567 2069 1629 είς
2114 1566 2396 1638 συμπόσια
2455 1566 2630 1637 μέθης
2674 1566 3109 1638 πεπληρωμένα,
3154 1569 3314 1623 κάκεῖ
3362 1569 3424 1624 τὸ

1838 1655 1971 1708 αὐτὸ
2018 1655 2183 1720 ποίει,
2241 1656 2338 1710 καὶ
2372 1656 2539 1711 αὐτὸν
2588 1657 2751 1712 πάλιν
2811 1658 3222 1729 παρακάλεσον,
3272 1658 3328 1712 εί
3366 1677 3419 1713 τι

1839 1747 2039 1817 συνορᾷ
2066 1746 2361 1818 ὲλάττωμά
2403 1764 2463 1800 σε
2504 1747 2719 1818 ἔχοντα,
2748 1748 2967 1819 βοηθεῖν
3011 1750 3106 1803 καὶ
3146 1749 3415 1821 διορθοῦν.

1838 1835 1997 1891 Οὕτω
2030 1837 2142 1907 γὰρ
2179 1839 2271 1891 καὶ
2305 1838 2398 1892 ἐπὶ
2440 1838 2637 1893 ἑαυτοῦ
2683 1840 2775 1894 τὸν
2813 1842 3036 1912 ἔλεγχον
3072 1841 3235 1905 οίσει,
3290 1843 3421 1896 ὅταν

1841 1927 1926 2000 ῐδῃ
1961 1929 2057 1982 καὶ
2082 1929 2141 1983 σέ
2165 1929 2423 2001 δεόμενον
2464 1930 2722 2001 ἐλέγχων,
2762 1934 2858 1986 καὶ
2894 1933 2971 2004 μὴ
3013 1933 3090 1997 ὡς
3124 1933 3196 1987 τὰ
3238 1936 3421 1990 πάντα

1836 2020 2261 2092 κατωρθωκότα,
2306 2023 2443 2093 μηδὲ
2475 2023 2552 2088 ὡς
2589 2023 2931 2091 διδάσκαλον,
2971 2025 3089 2080 ἀλλ’
3141 2027 3217 2090 ὼς
3258 2027 3414 2097 φίλον

1836 2116 1931 2167 καὶ
1958 2115 2186 2184 ἀδελφὸν
2234 2116 2556 2189 βοηθοῦντα.
2588 2118 2725 2172 Είπέ
2772 2118 2909 2191 πρὸς
2945 2119 3129 2185 αὐτὸν,
3170 2120 3311 2188 Ἐγώ
3357 2138 3419 2176 σε

1835 2205 2041 2279 ῶνησα,
2082 2208 2405 2281 ὑπομνήσας
2434 2211 2543 2265 τῶν
2572 2210 2963 2282 συμφερόντων
2984 2227 2996 2241 ·
3035 2212 3134 2265 καὶ
3167 2213 3233 2265 σὺ
3274 2212 3415 2285 ὅπερ

1835 2299 1902 2354 ἂν
1932 2300 2149 2374 συνίδῃς
2174 2301 2466 2373 ἐλάττωμα
2499 2301 2693 2375 ἔχοντά
2722 2321 2814 2373 με,
2846 2304 3219 2373 ἀναχαίτισον,
3266 2304 3414 2375 διόρ-

1834 2393 2044 2449 θωσονο
2092 2395 2160 2451 ἂν
2202 2396 2422 2469 ὀργίλον
2463 2397 2601 2470 ίδῃς.
2647 2396 2714 2451 ἂν
2742 2396 3100 2469 πλεονέκτην,
3148 2397 3415 2467 κάτασχε,

1831 2484 1996 2557 δῆσον
2017 2488 2084 2558 τῇ
2107 2488 2452 2557 παραινέσει.
2486 2485 2666 2540 Τοῦτό
2689 2488 2807 2541 ἐστι
2838 2486 2990 2556 φιλία
3011 2504 3025 2520 ·
3055 2487 3228 2552 οὕτως
3258 2488 3416 2543 ἀδελ-

1834 2578 1936 2647 φδς
1989 2578 2096 2632 ὑπὸ
2146 2578 2381 2649 ἀδελφοῦ
2428 2578 2817 2651 βοηθούμενος,
2885 2579 2962 2645 ὡς
3029 2580 3183 2645 πόλις
3239 2580 3416 2652 ὀχυρὰ

1830 2671 2041 2739 γίνεται
2059 2677 2074 2702 ³
2100 2671 2165 2724 οὐ
2189 2671 2298 2743 γάρ
2327 2672 2389 2725 τὸ
2419 2674 2614 2742 φαγεῖν
2644 2673 2740 2727 καὶ
2763 2673 2826 2727 τὸ
2854 2675 3000 2726 πιεῖν
3030 2676 3179 2728 ποιεῖ
3201 2673 3408 2742 φιλίαν·

1829 2763 2090 2835 τοιαύτην
2125 2763 2235 2835 7&9
2263 2763 2359 2817 καὶ
2382 2764 2581 2836 λῃσταὶ
2608 2764 2792 2836 ἔχουσι
2818 2768 2912 2819 καὶ
2938 2765 3413 2839 ἀνδροφόνοιοάλλ⁹

1830 2856 1879 2907 εί
1906 2854 2050 2925 φίλοι
2071 2855 2259 2927 ἐσμὲν,
2279 2856 2328 2909 εί
2345 2855 2514 2920 ὅντως
2540 2855 2785 2928 ἀλλήλων
2810 2858 3110 2930 κηδόμεθα,
3135 2860 3212 2923 είς
3238 2858 3413 2913 ταῦτα

1831 2945 2087 3017 ἀλλήλοις
2113 2944 2560 3017 συμϐαλλώμεθα
2578 2963 2593 2978 ’
2625 2947 2800 3002 ταῦτα
2818 2949 2900 3012 είς
2915 2948 3099 3018 φιλίαν
3119 2949 3267 3021 ήμᾶς
3289 2950 3413 3019 ἄγει

1831 3034 2107 3108 ἐπωφελῆ,
2137 3036 2311 3091 ταῦτα
2337 3037 2539 3092 κωλύει
2571 3039 2652 3102 είς
2680 3038 2909 3108 γέενναν
2943 3040 3223 3096 ἀπελθεῖν.
3255 3042 3412 3111 Μήτι

1814 3122 1923 3197 γοῦν
1979 3129 2009 3181 6
2066 3126 2422 3200 ἐλεγχόμενος
2479 3130 2895 3200 ἀγανακτείτω·
2962 3132 3241 3204 ἄνθρωποι
3300 3135 3414 3208 γάρ

1830 3218 2016 3289 ἐσμεν,
2051 3216 2147 3271 καὶ
2185 3217 2382 3291 ἔχομεν
2411 3218 2770 3291 ἐλαττώματα
2791 3237 2805 3250 '
2846 3222 2985 3292 μήτε
3007 3224 3035 3276 6
3064 3222 3305 3293 ἐλέγχων
3331 3224 3409 3289 ῶς

1831 3310 2170 3379 ἐπεγγελῶν,
2217 3312 2251 3381 ἢ
2290 3311 2367 3374 ὡς
2419 3312 2792 3382 ἐπεμϐαίνων,
2845 3314 3005 3368 τοῦτο
3060 3316 3284 3369 ποιείτω
3317 3317 3411 3370 καὶ

1830 3402 2221 3473 ἐκπομπεύων,
2276 3404 2415 3459 ἀλλά
2458 3406 2581 3458 κατ’
2629 3406 2788 3467 ίδίαν.
2838 3406 2992 3476 μετὰ
3041 3408 3407 3479 προσηνείαςυ

1829 3490 2073 3556 πλείονος
2095 3492 2205 3564 γὰρ
2233 3493 2404 3548 δεῖται
2441 3496 2774 3568 προσηνείας
2794 3499 2824 3551 6
2851 3496 3111 3569 ἐλέγχων,
3143 3500 3231 3554 ἶνα
3264 3499 3410 3556 οὕτω

1827 3579 1994 3652 πείσῃ
2019 3580 2120 3653 τὴν
2147 3580 2322 3653 τομήν
2363 3583 2631 3651 ἐνεγκεῖν,
2666 3584 2780 3656 Οὐχ
2809 3585 2973 3656 ὁρᾶτε
3002 3587 3130 3650 τοὺς
3163 3587 3406 3657 ίατροῦς,

1826 3673 1955 3727 ὅταν
1979 3673 2234 3740 καίωσιν,
2266 3676 2397 3729 ὅταν
2427 3674 2689 3746 τέμνωσι,
2718 3676 2860 3746 μετά
2879 3678 3053 3749 πόσης
3073 3678 3409 3749 προσηνείας

1824 3766 1924 3837 τὴν
1957 3766 2256 3839 θεραπείαν
2293 3768 2558 3837 ἐπάγουσι
2581 3785 2597 3835 ;
2622 3769 2811 3841 Πολλῷ
2848 3769 3050 3839 μᾶλλον
3088 3771 3215 3836 τοὺς
3244 3772 3403 3841 ἐλέγ-

1825 3876 2023 3930 χοντας
2063 3859 2224 3915 τοῦτο
2267 3861 2351 3915 δεῖ
2409 3863 2613 3915 ποιεῖν·
2675 3863 2769 3916 καὶ
2815 3864 2923 3932 γὰρ
2970 3863 3066 3917 καὶ
3110 3864 3281 3934 πυρὸς
3308 3865 3406 3918 καὶ

1826 3954 2051 4025 σιδήρου
2095 3955 2452 4027 σφοδρότερον
2514 3954 2666 4029 [εει]
2716 3955 2973 4028 ἔλεγχος,
3021 3956 3118 4010 καὶ
3173 3959 3405 4030 σκιρτᾷν

1825 4046 2009 4098 ποιεῖ·
2060 4048 2155 4101 καὶ
2186 4046 2275 4100 διά
2311 4045 2473 4101 τοῦτο
2524 4048 2620 4101 καὶ
2666 4049 2716 4102 οί
2756 4049 2931 4120 ίατροὶ
2985 4048 3156 4103 πολλά
3204 4050 3403 4121 ἐπιτηο

1822 4135 2087 4204 δεύουσιν,
2140 4136 2281 4192 ὥστε
2335 4140 2583 4208 ἐνεγκεῖν
2632 4140 2820 4212 πράως
2888 4139 2988 4212 τήν
3045 4143 3243 4212 τομήν,
3304 4140 3403 4196 καὶ

1812 4230 2136 4303 προσηνῶς,
2167 4231 2243 4295 ὡς
2269 4226 2380 4285 οἷόν
2409 4249 2492 4297 τε,
2517 4231 2724 4305 ταύτην
2754 4232 3053 4302 ἐπάγουσι,
3078 4236 3174 4289 καὶ
3202 4235 3400 4306 μικρὸν

1820 4323 2137 4388 ἐνδιδόντες,
2181 4318 2302 4377 εἶτα
2336 4323 2672 4395 παρέχοντες
2699 4325 3058 4379 ἀναπνεῦσαι.
3098 4325 3255 4380 Οὕτω
3303 4326 3399 4380 καὶ

1818 4414 1947 4478 τοὺς
1968 4413 2227 4484 ἐλέγχους
2246 4415 2328 4468 δεῖ
2353 4416 2550 4477 ποιεῖν,
2592 4415 2680 4469 ἵνα
2719 4416 2812 4469 καὶ
2841 4416 2891 4469 οί
2939 4416 3287 4487 ἐλεγχόμενοι
3318 4417 3395 4488 μὴ

1818 4505 2219 4578 άποσκιρτῶσι.
2253 4505 2372 4560 Κάν
2398 4506 2724 4577 ὑϐρισθῆναι
2753 4508 2935 4560 τοίνυν
2959 4507 3076 4579 δέῃ,
3110 4507 3215 4561 κᾶν
3257 4508 3397 4579 πλη-

1818 4598 2002 4668 γῆναι,
2060 4597 2136 4669 μὴ
2187 4597 2679 4671 παραιτησώμεθα.
2753 4598 2864 4652 Καὶ
2933 4597 3043 4669 γὰρ
3094 4600 3291 4653 ἐκεῖνοι
3343 4600 3396 4654 οι

1818 4690 2164 4760 τεμνόμενοι,
2194 4689 2369 4760 μυρία
2398 4688 2713 4743 καταϐοῶσι
2759 4687 2869 4741 τῶν
2898 4689 3210 4759 τεμνόντων
3233 4704 3250 4719 ο
3275 4688 3393 4743 ἀλλ’

1817 4780 2014 4833 ἐκεῖνοι
2046 4780 2182 4850 πρὸς
2203 4780 2357 4834 οὐδὲν
2385 4780 2593 4834 τούτων
2631 4778 2853 4852 ὁρῶσιν,
2894 4779 3012 4833 ἀλλ’
3041 4780 3075 4851 ἢ
3115 4780 3255 4852 πρὸς
3290 4782 3392 4853 τήν

1818 4870 2009 4939 ὑγείαν
2036 4870 2144 4925 τῶν
2169 4871 2491 4941 καμνόντων
2521 4871 2705 4943 μόνον.
2736 4871 2892 4926 Οὕτω
2920 4871 2985 4944 δὴ
3027 4873 3122 4927 καὶ
3157 4874 3392 4930 ἐνταῦθα

1819 4962 1997 5016 πάντα
2048 4962 2130 5017 δεῖ
2174 4966 2349 5023 ποιεῖν
2401 4964 2539 5035 πρὸς
2579 4963 2641 5018 τὸ
2690 4963 2784 5018 τὸν
2829 4964 3049 5036 ἔλεγχον
3103 4967 3389 5039 χρησίμως

1815 5053 2089 5122 γενέσθαι,
2116 5056 2293 5110 πάντα
2329 5057 2517 5128 φέρειν
2544 5056 2681 5128 πρὸς
2701 5056 2794 5110 τὸν
2832 5056 3024 5125 μισθὸν
3062 5060 3383 5133 ἀφορῶντας

1814 5145 1905 5199 τὸν
1935 5147 2315 5217 ἀποκείμενον.
2343 5147 2666 5214 Ἀλλήλων,
2702 5150 2855 5217 φησὶ,
2882 5150 2953 5203 τὰ
2965 5149 3127 5219 βάρη
3142 5152 3375 5216 βαστά-

1814 5236 1959 5305 (ste,
1977 5238 2074 5293 καί
2090 5240 2276 5306 οὕτως
2290 5241 2763 5309 ἀναπληρώσατε
2792 5244 2899 5297 τὸν
2921 5246 3111 5313 νόμον
3120 5244 3226 5299 τοῦ
3244 5248 3377 5311 Χρι-

1812 5348 1985 5387 στου.
2010 5332 2197 5397 Οὕτως
2231 5328 2325 5387 οῦν
2346 5335 2441 5387 καὶ
2468 5333 2781 5405 ἐλέγχοντες
2820 5337 2915 5390 καὶ
2940 5337 3200 5408 φέροντες
3224 5338 3386 5408 ἀλλή-

1811 5422 1956 5488 λους,
1986 5424 2329 5494 δυνησόμεθα
2378 5425 2772 5498 ἀναπληρῶσαι
2820 5427 2920 5500 τήν
2968 5420 3259 5500 οἰκοδομῆν
3287 5430 3384 5484 τοῦ

1812 5512 2051 5583 Χριστοῦ
2067 5530 2080 5545 ·
2118 5516 2213 5569 καὶ
2241 5517 2376 5587 ήμῖν
2409 5515 2550 5572 οὕτω
2577 5521 2835 5592 ποιήσετε
2861 5519 3065 5590 κοῦφον
3084 5520 3177 5575 τὸν
3198 5520 3382 5589 πόνον,

1811 5606 1870 5659 ἐν
1901 5604 2074 5660 ἅπασι
2110 5606 2614 5681 συλλαμϐανόμενοι
2636 5611 2768 5682 ήμῖν
2796 5613 2893 5679 κα)
2919 5614 3078 5684 χεῖρα
3098 5612 3384 5684 ὀρέγοντες

1812 5698 1907 5753 καὶ
1937 5698 2193 5769 μερισταὶ
2223 5699 2498 5771 γινόμενοι
2526 5701 2621 5756 καὶ
2648 5702 2916 5770 κοινωνοὶ,
2958 5703 3057 5759 ml
3082 5704 3185 5775 τῆς
3208 5703 3380 5777 ἀλλή-
