3926 6406
605 308 713 368 115
1326 308 1382 336 ο.
1423 308 1698 335 δυηιηηω
1735 308 2032 321 vnn".--
2052 308 2071 313 _
2097 308 2114 311 -

594 402 743 457 venit
789 390 1176 469 paenitentiam,
1202 394 1294 441 aut
1321 383 1462 456 quod
1496 381 1739 453 peccavit
1762 377 1987 448 majora,
2014 390 2175 447 quam

596 504 653 547 ut
680 502 865 546 eorum
906 485 989 555 agi
1039 481 1207 553 possit
1248 476 1597 549 poenitentia;
1645 481 1737 528 aut
1776 471 1917 542 quod
1962 470 2175 542 dignam

597 580 964 657 pmuitentiam
1010 589 1116 630 non
1164 572 1368 628 fecerit.
1403 568 1539 625 Sunt
1590 581 1718 636 ergo
1749 572 1963 637 peccata
2000 563 2176 632 aliqua

596 654 823 743 majora,
842 682 1000 740 quam
1028 673 1087 719 ut
1106 677 1291 719 eorum
1310 661 1391 733 agi
1419 658 1586 730 possit
1612 655 1950 728 poenitentia.
1967 654 2079 708 Hoc
2099 660 2181 706 est

596 778 725 835 ergo
750 759 892 832 quod
915 757 1083 813 dicit:
1106 754 1184 809 Ne
1209 752 1466 808 cudamus
1495 765 1620 803 casu
1652 746 1932 801 incurabili
1960 763 1972 799 :
2007 744 2181 799 donec

601 856 763 911 fuerit
809 851 980 908 solum
1013 844 1352 908 claudicatio,
1384 842 1536 896 facile
1580 848 1661 895 est
1682 846 1885 894 rectum
1917 835 2033 892 tieri
2058 852 2072 900 ;
2097 836 2178 888 sin

598 959 777 1001 autem
805 943 1064 998 fuerimus
1083 938 1297 1009 penitus
1324 934 1516 999 eversi,
1533 931 1660 1002 quid
1686 928 1947 985 restabit?
1965 928 2097 982 Cum
2116 927 2181 981 iis

602 1038 748 1094 enim
779 1034 870 1105 qui
903 1030 1137 1087 nondum
1177 1026 1487 1082 ceciderunt
1527 1022 1604 1078 sic
1642 1021 1896 1091 loquitur,
1922 1028 2065 1074 metu
2088 1033 2183 1073 eos

603 1126 919 1185 concutiens
939 1165 954 1191 ,
984 1129 1039 1177 et
1066 1120 1198 1175 dicit
1229 1117 1345 1172 ﬁeri
1378 1130 1483 1169 non
1516 1127 1672 1184 posse
1712 1123 1768 1167 ut
1810 1112 1899 1183 qui
1930 1110 2184 1166 ceciderit

605 1233 857 1289 umquam
916 1222 1233 1283 assequatur
1271 1207 1732 1264 consolationem:
1773 1204 1843 1259 lis
1872 1211 2050 1259 autem
2097 1204 2185 1272 qui

606 1310 951 1372 ceciderunt,
980 1321 1045 1361 ne
1091 1302 1327 1359 incidant
1355 1301 1407 1355 in
1439 1298 1888 1369 desperationem,
1917 1298 2186 1352 contraria

604 1406 683 1461 sic
723 1401 851 1457 dicit
881 1418 895 1455 :
923 1398 1096 1453 Filioli
1122 1396 1238 1460 mei,
1261 1410 1385 1465 quos
1410 1394 1589 1447 iterum
1616 1393 1866 1463 parturio,
1895 1393 2054 1445 donec
2078 1395 2189 1462 for-

606 1503 773 1547 metur
793 1492 846 1545 in
872 1490 1007 1543 vobis
1045 1485 1275 1542 Christus
1302 1482 1446 1553 (Gal.
1468 1483 1521 1536 4.
1550 1482 1670 1551 19);
1699 1491 1753 1536 et
1780 1496 1986 1548 rursus,
2015 1480 2112 1547 Qui
2134 1482 2189 1537 in

610 1585 721 1656 lege
739 1579 1118 1653 justiﬁcamini,
1146 1594 1177 1630 a
1201 1576 1365 1647 gratia
1384 1573 1633 1628 cecidistis
1661 1572 1814 1644 (Gal.
1853 1574 1907 1629 5.
1940 1572 2020 1646 4).
2052 1575 2191 1630 Ecce

615 1684 841 1729 testatur
866 1686 961 1728 eos
985 1669 1271 1725 excidisse.
1295 1664 1426 1721 Nam
1455 1665 1547 1734 qui
1570 1672 1677 1718 stat
1702 1665 1940 1733 quidem,
1970 1665 2193 1722 audiens

614 1767 729 1823 fieri
759 1780 862 1820 non
890 1778 1047 1834 posse
1074 1770 1134 1816 ut
1158 1760 1249 1831 qui
1278 1757 1471 1815 cecidit
1494 1756 1704 1811 veniam
1726 1766 2063 1826 assequatur,
2091 1757 2195 1811 erit

621 1863 1019 1929 vehementior,
1047 1870 1101 1916 et
1124 1859 1191 1913 ad
1213 1856 1461 1913 standum
1492 1854 1697 1909 ﬁrmior
1722 1861 1778 1908 et
1804 1851 2045 1907 stabilior
2072 1871 2086 1908 :
2118 1853 2199 1907 sin

619 1969 796 2012 autem
821 1957 870 2009 in
894 1968 1014 2010 eum
1038 1952 1128 2021 qui
1153 1948 1409 2006 ceciderit
1436 1946 1622 2003 eadem
1653 1943 1820 1999 utaris
1840 1943 2195 2009 vehementia,

620 2061 910 2117 numquam
941 2050 1219 2111 resurget;
1248 2053 1371 2094 nam
1399 2052 1503 2108 qua
1529 2051 1626 2107 spe
1653 2033 1902 2090 ostendet
1949 2033 2202 2089 mutatio-

623 2139 784 2194 nem?
809 2137 926 2193 Non
952 2135 1122 2190 solum
1154 2140 1332 2188 autem
1360 2130 1513 2197 dicit,
1545 2128 1734 2192 Flevit,
1781 2128 1875 2184 sed
1911 2126 2093 2194 etiam,
2122 2126 2208 2182 lu-

624 2229 861 2301 quisivit.
893 2227 1011 2283 Non
1038 2240 1167 2296 ergo
1189 2222 1410 2294 expellit
1448 2219 1841 2291 paenitentiam,
1891 2234 2013 2277 cum
2056 2218 2205 2285 dicit,

630 2318 751 2375 Non
794 2319 979 2373 invenit
1028 2315 1334 2387 paenitentia:
1382 2313 1584 2372 locum;
1615 2310 1707 2366 sed
1750 2310 1866 2364 vult
1905 2310 2079 2378 potius
2115 2324 2212 2365 eos

630 2411 861 2475 munire,
892 2410 1180 2478 tirmosque
1202 2404 1430 2460 reddere
1450 2418 1513 2457 ac
1540 2402 1758 2456 stabiles
1786 2416 1853 2456 ne
1878 2411 2055 2455 ruant.
2079 2400 2212 2470 Qui-

633 2516 864 2571 cumque
897 2514 1026 2570 ergo
1068 2497 1327 2567 gehennae
1350 2508 1456 2549 non
1483 2492 1731 2557 credunt,
1756 2491 1946 2546 borum
1989 2492 2215 2547 remini-

636 2600 902 2647 scantur:
949 2588 1272 2659 quicumque
1325 2584 1632 2640 existimant
1680 2591 1899 2653 peccata
1944 2597 2050 2638 non
2097 2597 2218 2639 esse

636 2681 923 2753 punienda,
956 2680 1069 2734 haec
1095 2679 1351 2749 cogitent.
1374 2678 1480 2731 Cur
1507 2675 1650 2730 Esau
1672 2690 1777 2730 non
1800 2683 1882 2729 est
1902 2685 2220 2746 assequutus

638 2772 892 2829 veniam?
917 2769 1179 2838 Quoniam
1213 2784 1317 2823 non
1349 2777 1407 2822 ut
1431 2768 1668 2837 oportuit
1693 2768 1802 2837 egit
1830 2767 2217 2836 pmnitentiam.

709 2865 762 2919 5.
799 2862 893 2918 Vis
921 2862 1103 2916 videre
1132 2867 1371 2915 exactam
1400 2868 1455 2913 et
1484 2857 1787 2912 absolutam
1818 2857 2224 2927 paenitentiam?

640 2953 778 3010 Audi
797 2952 1162 3024 pmiiitentiam
1188 2949 1331 3005 Petri
1353 2957 1472 3019 post
1497 2948 1856 3019 negationem.
1873 2948 2003 3003 Nam
2022 2965 2141 3019 qua:
2156 2952 2226 3007 ab

643 3064 709 3102 eo
733 3055 880 3117 gesta
903 3054 1027 3100 sunt
1058 3038 1279 3097 narrans
1307 3040 1649 3111 evangelista,
1669 3039 1738 3093 Et
1765 3056 2014 3111 egressus,
2034 3041 2225 3111 inquit,

644 3137 783 3203 foras
827 3132 963 3202 ﬂevit
990 3146 1180 3182 amare.
1212 3128 1501 3197 Propterea
1530 3126 1579 3181 ei
1607 3125 1767 3180 etiam
1813 3126 2095 3182 remissum
2135 3128 2234 3183 ιυιι

646 3223 907 3295 ejusmodi
955 3230 1251 3292 peccatum,
1284 3220 1533 3290 quoniam
1570 3217 1838 3288 quomodo
1863 3219 2099 3288 oportuit
2127 3221 2235 3290 egit

648 3314 1041 3388 paenitentiam.
1072 3313 1230 3383 Atqui
1284 3311 1519 3367 nondum
1564 3308 1804 3365 oblatum
1829 3311 1999 3365 fuerat
2028 3310 2234 3365 sacriti-

646 3410 811 3472 cium,
847 3406 1080 3462 nondum
1110 3402 1247 3459 facta
1276 3402 1468 3469 hostia,
1496 3401 1728 3456 nondum
1754 3401 2018 3455 sublatum
2046 3415 2238 3470 pecca-

651 3512 782 3565 tum,
811 3498 984 3553 adhuc
998 3497 1326 3555 dominatum
1350 3495 1622 3549 obtinebat
1644 3503 1697 3548 et
1724 3494 2056 3565 tyrannidem
2078 3509 2238 3550 exer-

653 3593 828 3647 cebat.
874 3591 939 3645 Et
982 3599 1038 3643 ut
1078 3587 1216 3644 scias
1242 3586 1384 3657 quod
1414 3584 1623 3656 negatio
1648 3601 1753 3640 non
1786 3595 1890 3639 tam
1920 3596 2035 3640 erat
2054 3601 2239 3640 socor-

654 3683 756 3737 diae
785 3698 848 3736 ac
885 3678 1245 3751 negligentiae,
1273 3691 1430 3747 quam
1472 3690 1537 3729 ex
1580 3689 1646 3729 eo
1668 3675 1809 3745 quod
1834 3676 1972 3730 Deus
2000 3690 2122 3731 eum
2151 3676 2242 3732 de.

638 3784 918 3838 .serucrat,
950 3770 1199 3827 erudiens
1231 3769 1519 3823 humanam
1539 3766 1679 3823 scire
1706 3782 2032 3834 mensuram,
2060 3776 2116 3823 et
2138 3783 2244 3823 non

602 3907 606 3910 ε
638 3882 954 3939 propugnare
976 3866 1038 3920 iis
1056 3878 1176 3935 quae
1194 3861 1514 3918 dicebantur
1535 3875 1565 3915 a
1581 3846 1851 3931 Magistro,
1880 3877 2053 3932 neque
2080 3863 2249 3934 magis

632 3975 821 4033 {quam
864 3956 956 4011 alii
1001 3969 1191 4025 sapere
1212 3993 1229 4020 ,
1263 3952 1358 4008 sed
1399 3952 1536 4007 scire
1571 3950 1714 4022 quod
1754 3950 1955 4022 absque
1984 3952 2092 4008 Deo
2119 3953 2249 4009 nihil

664 4060 841 4123 potest
866 4048 999 4116 lieri,
1023 4057 1075 4102 et
1095 4045 1236 4118 quod
1260 4043 1378 4099 Nisi
1404 4043 1651 4099 Dominus
1669 4042 1989 4112 tedi/icaverit
2010 4044 2216 4100 domum
2232 4086 2249 4114 ,

636 4147 858 4214 r-frustra
882 4140 1110 4195 laborant
1133 4139 1217 4208 qui
1238 4136 1493 4205 aediﬁcant
1513 4151 1622 4189 eam
1654 4133 1970 4207 (Psal.126.
2003 4136 2059 4205 1)
2084 4152 2099 4201 ;
2128 4135 2254 4192 audi

668 4231 937 4303 quomodo
968 4244 1189 4285 monens
1218 4229 1520 4284 modestum
1546 4242 1683 4294 esse,
1701 4226 1800 4298 ipsi
1828 4228 1927 4283 soli
1949 4227 2081 4283 dixit
2100 4227 2258 4284 Chri-

664 4334 786 4379 stus
812 4341 826 4379 :
855 4322 1057 4387 Simon,
1088 4321 1288 4385 Simon,
1317 4319 1518 4390 expetiit
1543 4328 1591 4375 te
1614 4329 1841 4387 satanas,
1864 4330 1919 4375 ut
1945 4332 1992 4375 te
2019 4321 2260 4376 cribraret

638 4460 641 4463 .
670 4418 800 4471 sicut
830 4414 1086 4476 triticum;
1111 4420 1159 4465 et
1181 4426 1272 4482 ego
1298 4426 1389 4480 pro
1415 4419 1463 4463 te
1484 4410 1680 4480 rogavi,
1705 4418 1757 4464 ut
1778 4426 1877 4465 non
1903 4412 2106 4481 deﬁciat
2133 4413 2261 4481 ﬁdes

671 4505 802 4577 tua(
832 4503 959 4558 Luc.
983 4502 1080 4559 22.
1101 4502 1191 4558 51.
1223 4500 1294 4556 '52
1323 4500 1362 4571 ).
1392 4499 1524 4554 Nam
1553 4500 1803 4569 quoniam
1832 4511 1947 4556 erat
1976 4504 2285 4560 verisimile

639 4648 662 4673 ,ε
680 4626 801 4669 eum
820 4606 919 4662 sibi
945 4602 1159 4671 placere
1175 4604 1232 4653 et
1251 4592 1390 4648 elato
1407 4601 1525 4643 esse
1539 4584 1737 4649 animo,
1749 4581 1840 4651 qui
1857 4580 1961 4632 sibi
1982 4582 2124 4630 esset
2137 4586 2266 4627 con.

602 4665 662 4763 ...ἶ
680 4661 987 4766 sciasque-tl
1013 4690 1135 4762 plus
1159 4698 1318 4757 quam
1342 4691 1529 4736 omnes
1551 4673 1821 4730 Christum
1847 4667 2110 4736 diligeret,
2138 4661 2259 4716 ideo

682 4760 908 4865 peccare
930 4760 1354 4850 .et—Magistrum
1396 4770 1658 4837 abnegare
1703 4760 1895 4818 sinitur
1931 4776 1945 4813 :
1980 4762 2267 4826 prepterea

681 4852 844 4940 etiam
864 4877 1009 4934 ﬂevit
1028 4883 1234 4934 amare,
1250 4876 1303 4921 et
1317 4863 1421 4918 alia
1448 4872 1567 4929 qua:
1585 4855 1765 4910 fletum
1793 4858 1915 4906 sunt
1932 4852 2265 4915 consequuta

683 4975 810 5031 fecit
832 4967 1043 5024 similia.
1080 4959 1219 5028 Quid
1244 4956 1386 5013 enim
1418 4967 1522 5008 non
1554 4948 1715 5003 fecit?
1740 4959 1799 5001 se
1827 4950 2009 5013 postea
2035 4935 2269 5006 conjecit

686 5069 739 5122 in
769 5059 1003 5135 pericula
1024 5057 1319 5115 innumera,
1349 5056 1404 5103 et
1423 5059 1517 5117 per
1543 5040 1721 5097 omnia
1744 5034 1976 5092 ostendit
2015 5042 2267 5101 magnam

687 5125 853 5214 animi
881 5150 965 5209 sui
985 5150 1231 5203 virtutem
1257 5150 1310 5197 et
1328 5135 1712 5195 constantiam.
1736 5125 2109 5186 Paenitentiam
2129 5134 2268 5192 quo.

691 5263 793 5319 que
807 5244 913 5316 egit
932 5238 1119 5303 Judas,
1136 5236 1275 5291 sicut
1294 5232 1425 5297 dixi,
1452 5226 1546 5284 sed
1575 5225 1716 5280 male
1740 5238 1759 5277 :
1787 5235 1846 5277 se
1870 5219 2063 5290 quippe
2089 5225 2269 5270 stran-

689 5309 1297 5414 gbkvitfmnitentiam
1306 5318 1661 5396 quoqueegit,
1676 5316 1815 5373 sicut
1824 5312 1954 5380 dixi,
1971 5310 2141 5375 Esau;
2161 5309 2271 5363 imo

759 5488 776 5518 ⁸
797 5484 994 5545 interpr

697 5647 1123 5741 ὶῆςεςνὴοῑῖῆξᾶἦιῖ
1135 5647 1527 5714 ᾑααίαηὶιαγηηι,
1548 5652 1705 5715 inquit
1716 5647 1942 5713 Vulgata,
1954 5648 2079 5699 Num
2088 5647 2181 5707 .23,
2205 5648 2279 5696 15.

1325 283 1382 336 S.
1423 273 1698 335 JOANNIS
1733 252 2201 321 CliRVSOSTOMl
2240 244 2553 306 ARCHIEP.
2592 232 3120 298 CONSTANTINOP.

996 5492 1053 5530 es
1071 5476 1275 5527 Latinus
1293 5450 1459 5521 noster
1481 5470 1531 5518 in
1543 5464 1739 5530 zambri
1760 5470 1808 5530 et
1828 5460 2166 5530 uadianitide.
2178 5462 2279 5511 Sed

697 5524 1319 5600 ιιαιὶἑὶὶἷιὲᾟὶὶιῖἱαιηῡνε
1332 5540 1386 5600 _e_t
1407 5526 1889 5600 ChasbitidamLQulo.
1904 5526 2133 5600 probatur
2154 5524 2280 5593 haue

698 5584 1312 5662 ?c}3&"'é§s'é'i€ci'i6iiem.
1332 5594 1451 5662 Haec
1473 5589 1737 5662 vocabatur;
1745 5588 1889 5662 t‘qzbi
1906 5584 2017 5662 ﬁlia
2037 5584 2282 5662 Satyri?

3695 230 3768 287 226

2282 387 2411 429 vero
2431 380 2531 424 nec
2554 366 2661 434 egit
2680 360 2893 430 quidem
2910 342 3420 424 prenitentiam,ejus
3439 340 3566 395 enim
3585 339 3769 412 laci-gum

2284 478 2392 520 non
2411 466 2562 515 erant
2588 429 3039 525 pmniteiitim,sed
3063 437 3236 509 petius
3258 429 3589 488 insultationis
3609 439 3656 485 et
3676 432 3771 485 ira:

2286 552 2445 623 idque
2482 519 2770 601 ostendunt
2792 552 2853 592 ea
2880 547 2999 603 qua:
3025 537 3337 598 sequuntur.
3363 519 3685 575 Paenitentiam
3703 524 3777 587 egit

2286 610 2472 701 beatus
2505 635 2665 693 David
2688 676 2702 699 ,
2734 632 2811 685 sic
2836 627 3021 681 dicens
3051 638 3064 674 :
3095 616 3293 673 Lavabo
3324 630 3410 683 per
3437 610 3637 679 singulas
3659 622 3778 663 noctu

2288 738 2470 792 lectum
2490 743 2675 791 meum,
2695 718 2931 790 lacrymis
2950 714 3072 768 meis
3093 717 3305 765 stratum
3324 718 3480 756 meum
3494 700 3643 769 rigabo
3659 699 3779 767 (Ρωι,

2290 827 2345 883 6.
2387 825 2419 877 7
2447 825 2464 892 )
2491 840 2502 873 :
2527 829 2581 874 et
2609 812 2750 886 quod
2779 805 3065 879 aliquando
3095 798 3387 855 admiserat
3412 801 3679 862 peccatum,
3702 803 3784 858 post

2291 925 2369 971 tot
2388 880 2576 975 annos,
2594 880 2712 977 post
2729 913 2804 957 tet
2823 894 3213 970 generationes,
3238 895 3499 953 tamquam
3515 880 3635 951 quod
3652 895 3786 935 recens

2292 971 2861 1063 accedisset'dellebat.
2900 988 3035 1043 Eum
3060 985 3203 1039 enim
3247 976 3337 1048 qui
3371 974 3474 1044 agit
3500 971 3787 1041 paenitentiam

2294 1114 2398 1152 non
2430 1100 2639 1163 oportet
2668 1083 2821 1141 irasci
2852 1071 3258 1147 neque’eﬂ‘erari
3286 1110 3300 1131 ,
3331 1065 3422 1121 sed
3453 1074 3682 1131 tamquam
3702 1076 3791 1115 con-

2296 1156 2599 1243 demnatum
2631 1176 2863 1236 conteri,
2889 1179 2946 1223 ut
2968 1167 3058 1239 qui
3085 1180 3190 1219 non
3212 1160 3407 1215 habeat
3428 1156 3674 1219 ﬁduciam,
3697 1156 3790 1206 utin

2298 1293 2455 1347 quem
2481 1274 2583 1326 lata
2604 1271 2671 1323 sit
2690 1262 2973 1321 sententia,
2991 1266 3045 1311 ut
3061 1256 3147 1325 qui
3166 1251 3352 1308 debeat
3378 1263 3405 1300 a
3424 1246 3529 1301 sola
3545 1245 3692 1298 salvus
3713 1260 3793 1298 ess:

2301 1362 2682 1423 misericordia,
2710 1357 2797 1427 qui
2848 1355 2898 1407 in
2935 1346 3332 1404 benefactorem
3361 1337 3640 1407 apparuerit
3662 1337 3793 1389 imme-

2301 1474 2419 1516 mor
2434 1466 2486 1511 et
2502 1456 2755 1523 ingratus,
2772 1455 3041 1512 tamquam
3055 1433 3340 1505 reprobum
3367 1438 3421 1483 et
3443 1426 3637 1495 dignum
3654 1427 3795 1492 suppli-

2303 1553 2400 1608 ciis
2427 1539 2917 1603 innumerabilibus.
2936 1534 2989 1587 Si
3009 1534 3122 1585 haec
3146 1526 3363 1594 cogitet,
3383 1535 3486 1574 non
3510 1520 3723 1572 irascetur
3740 1533 3796 1569 re-

2305 1606 2406 1713 que
2434 1625 2917 1707 indignabitur,sed
2948 1619 3169 1692 lugebit,
3190 1613 3356 1677 ﬂebit,
3375 1606 3798 1679 ingemisce:,rjula.

2308 1702 2383 1788 bit
2413 1702 2571 1784 nocte
2592 1734 2643 1780 et
2664 1723 2768 1776 die.
2795 1719 2929 1773 Eum
2960 1714 3048 1785 qui
3080 1710 3188 1780 agit
3210 1702 3569 1777 paenitentiam
3591 1713 3797 1767 numquam

2308 1830 2515 1893 oportet
2544 1829 2696 1870 suum
2748 1805 2986 1863 oblivisci
3027 1808 3323 1872 peccatum,
3357 1791 3452 1848 sed
3483 1791 3630 1845 Deum
3654 1787 3798 1854 quidem

2309 1929 2497 1986 rogare
2514 1920 2572 1966 ut
2602 1923 2667 1963 ne
2692 1905 2806 1975 ejus
2832 1891 3296 1957 meminerit,dum
3324 1887 3442 1955 ipse
3468 1896 3657 1950 semper
3672 1881 3800 1932 memi-

2313 2011 2390 2065 nit
2418 2022 2431 2058 :
2461 2005 2503 2058 si
2534 2015 2631 2056 nos
2655 1997 2769 2067 ejus
2796 1986 3212 2047 meminerimus,
3230 1980 3370 2032 Deus
3394 1974 3508 2043 ejus
3526 1971 3799 2026 obliviscetur.

2314 2103 2391 2157 De
2409 2095 2562 2153 nobis
2584 2091 2710 2162 ipsis
2730 2098 2914 2157 pinnas
2929 2090 3220 2137 sumamus,
3244 2085 3341 2124 nos
3374 2068 3515 2135 ipsos
3538 2076 3800 2117 accusemns:

2314 2195 2386 2249 ita
2404 2189 2641 2246 iudicem
2674 2178 3017 2243 placabimus.
3038 2170 3318 2224 Peccatum
3347 2160 3491 2213 enim
3513 2154 3635 2225 quod
3653 2150 3798 2205 coales-

2320 2289 2412 2328 sus
2449 2273 2631 2327 fueris.
2667 2271 2721 2320 lit
2760 2266 2967 2322 minus;
2999 2258 3139 2330 quod
3169 2256 3453 2311 conlessus
3477 2266 3573 2304 non
3598 2246 3805 2309 fueris,lit

2324 2363 2572 2417 deterius.
2622 2356 2750 2412 Nam
2781 2356 2825 2409 si
2855 2360 3127 2424 peccatum
3157 2346 3258 2402 sibi
3288 2341 3586 2413 adjunxerit
3609 2336 3804 2405 impuden-

2327 2455 2452 2509 tiam
2478 2452 2815 2517 auimumque
2841 2446 3123 2513 ingratum,
3146 2448 3437 2504 numquam
3459 2431 3685 2486 consistet
3701 2446 3711 2479 :
3726 2443 3797 2495 quo

2331 2543 2488 2601 modo
2518 2541 2634 2596 talis
2654 2537 2869 2594 omnino
2897 2532 3086 2604 poterit
3115 2540 3301 2583 cavere
3331 2538 3403 2578 ne
3433 2522 3485 2576 in
3509 2520 3670 2575 eadem
3692 2531 3810 2570 mrsu:

2329 2633 2526 2689 incidat
2554 2630 2642 2701 qui
2674 2628 2819 2698 prius
2849 2621 3072 2679 nescivit
3096 2634 3156 2674 se
3185 2613 3447 2687 peccare?

2403 2725 2598 2781 Bonum
2639 2729 2710 2776 est
2753 2725 2953 2789 peccata
2996 2729 3088 2767 sua
3128 2722 3403 2780 agnoscere
3444 2714 3490 2758 et
3525 2704 3575 2755 in
3610 2698 3811 2753 nummis:

2331 2832 2666 2875 revocare.—
2684 2812 2763 2867 Ne
2790 2810 2947 2880 igitur
2975 2816 3227 2874 negemus
3255 2806 3473 2869 peccata
3502 2792 3811 2858 nostramgn.

2335 2923 2507 2978 neque
2535 2905 2699 2959 simus
2726 2898 3080 2968 impudentes,
3106 2908 3172 2947 ne
3201 2890 3281 2945 vel
3313 2886 3465 2943 inviti
3493 2885 3659 2939 demus
3680 2895 3813 2957 pastas.

2336 2954 2549 3054 Atidivit
2716 3007 2742 3044 a
2772 2954 2881 3044 Deo
2912 3007 2923 3041 :
2952 2984 3049 3040 Ubi
3070 2954 3146 3037 est
3173 2981 3293 3035 Abel
3318 2983 3483 3050 frater
3506 2954 3813 3028 tuus?etdielt;

2340 3089 2390 3144 Ν
2395 3089 2523 3142 escio
2540 3103 2559 3140 :
2576 3081 2817 3152 numquid
2841 3095 2931 3149 ego
2951 3093 3062 3131 sum
3086 3084 3251 3127 custos
3272 3070 3453 3141 fratris
3474 3068 3566 3119 mei
3583 3064 3704 3131 (Gen.
3723 3060 3817 3117 ΗΒ

2338 3181 2499 3237 Vides
2540 3150 2807 3247 quomodo
2850 3170 2951 3224 hoc
2989 3165 3201 3237 gravius
3242 3170 3518 3233 peccatum
3557 3150 3818 3210 feceritTSel

2340 3287 2445 3327 non
2475 3269 2553 3323 sic
2575 3267 2692 3336 ejus
2722 3270 2905 3334 pater,
2935 3258 3023 3327 qui
3054 3272 3173 3310 cum
3201 3252 3462 3307 audiisset
3485 3291 3498 3310 ,
3528 3248 3671 3300 Adam
3694 3241 3822 3295 abin?

2340 3360 2532 3432 inquit,
2552 3334 2733 3411 Audivi
2748 3368 2914 3408 vocem
2935 3359 3093 3413 tuam,
3113 3355 3158 3399 et
3179 3342 3319 3397 timui
3341 3340 3575 3411 quoniam
3594 3353 3686 3389 sum
3701 3334 3819 3391 nuda.

2342 3462 2389 3506 et
2418 3420 2529 3504 ’νηί
2559 3443 2796 3501 abscondi
2841 3438 3011 3512 (Gen.
3039 3438 3090 3492 δ.
3130 3435 3181 3490 9.
3225 3429 3357 3500 ιο).
3405 3427 3634 3497 Magnum
3672 3428 3734 3477 est
3768 3420 3823 3471 lio-

2344 3556 2470 3597 nmn
2514 3536 2725 3592 assidue
2771 3508 3080 3587 meminisse
3136 3529 3481 3593 peccatorum
3509 3535 3522 3570 :
3552 3514 3714 3569 delicto
3747 3508 3823 3561 nihil

2344 3632 2416 3687 ita
2447 3628 2688 3684 medetur
2737 3632 2794 3677 ut
2841 3618 3051 3675 assidua
3095 3611 3447 3669 recordatio:
3491 3605 3611 3661 nihil
3645 3601 3824 3658 hominem

2347 3721 2480 3777 adeo
2523 3717 2701 3774 reddit
2737 3712 2944 3768 tardum
2984 3706 3048 3761 ad
3088 3705 3297 3759 vitium.
3357 3700 3487 3755 Seio
3533 3694 3658 3767 quod
3700 3692 3826 3747 resiliat

2348 3809 2770 3872 conscientia,et
2818 3818 2923 3858 non
2951 3800 3181 3870 patiatur
3227 3809 3287 3848 se
3338 3788 3592 3860 ﬂagellari
3636 3800 3661 3838 a
3702 3793 3828 3835 memo-

2350 3906 2428 3962 ria
2458 3901 2751 3962 malorum;
2782 3892 2876 3950 sed
2908 3889 3118 3946 fortiter
3143 3884 3344 3953 stringe
3373 3883 3619 3934 animam.
3638 3884 3683 3929 et
3696 3882 3827 3926 mnium

2351 3999 2401 4054 ei
2427 3996 2640 4064 impone
2670 4007 2683 4043 :
2714 3989 2851 4042 sicut
2874 3982 3016 4039 enim
3056 3991 3223 4049 equus
3244 3973 3556 4034 eﬁ‘renatus,
3584 3970 3647 4023 ita
3670 3963 3832 4020 intolera-

2352 4052 2475 4146 bilis
2498 4052 2599 4150 est,
2616 4095 2717 4137 nec
2731 4078 2846 4134 vult
2859 4074 2960 4131 sibi
2980 4068 3300 4143 persuadere
3322 4063 3467 4135 quod
3488 4057 3754 4133 peccaverit.
3768 4052 3832 4104 llnc

2359 4187 2524 4235 totum
2545 4147 2699 4245 plane
2722 4178 2804 4226 est
2831 4164 3147 4223 satanicum.
3173 4157 3281 4214 Sed
3316 4171 3419 4211 nos
3450 4155 3498 4209 ei
3529 4147 3833 4224 persuadeam

2357 4268 2499 4341 quod
2532 4262 2848 4335 peccaverit,
2881 4264 2937 4310 ut
2964 4262 3017 4309 et
3044 4259 3165 4322 agat
3185 4247 3574 4319 penitentiam,
3599 4250 3645 4295 et
3659 4253 3747 4294 cum
3767 4248 3833 4301 pr-

2361 4326 2634 4415 nitentiam
2659 4352 2847 4423 egerit,
2883 4348 3139 4401 liberetur
3167 4355 3195 4394 a
3218 4337 3514 4409 suppliciis.
3541 4327 3763 4401 Quomodo
3777 4326 3833 4375 to.

2362 4453 2447 4507 die
2466 4462 2664 4520 quaeso,
2695 4444 2759 4496 de
2789 4437 3019 4509 peccatis
3045 4431 3253 4501 assequi
3282 4429 3517 4491 veniam,
3542 4426 3582 4479 si
3608 4438 3660 4477 ea
3687 4417 3835 4473 amulum

2364 4544 2438 4600 sis
2473 4532 2783 4596 confessus?
2809 4530 2899 4585 ille
2936 4526 3027 4597 qui
3072 4520 3311 4593 peccavit
3337 4518 3498 4589 plane
3536 4524 3612 4569 est
3637 4506 3824 4564 miserior

2365 4635 2450 4691 dia
2471 4632 2660 4701 dignus
2684 4633 2737 4680 ct
2764 4590 3044 4677 clementia
3065 4590 3090 4669 ε-
3105 4623 3159 4668 ιιι
3188 4620 3367 4665 autem
3389 4622 3514 4663 cum
3532 4602 3725 4659 nondum
3740 4590 3837 4649 illiti

2367 4720 2720 4801 persuaseris,
2741 4710 3009 4786 quomodo
3033 4720 3241 4777 aequum
3271 4715 3467 4757 censes
3497 4707 3552 4752 ut
3595 4682 3837 4801 consequia:

2371 4768 2811 4875 misericordiam,
2829 4805 2881 4858 in
2904 4799 3134 4872 peccatis
3152 4794 3287 4849 adeo
3307 4788 3635 4860 impudenter
3647 4794 3690 4836 te
3700 4768 3840 4848 genus?

2373 4904 2795 4969 Persuadeamus
2819 4894 2973 4950 nobis
2998 4889 3128 4960 ipsis
3151 4883 3292 4955 quod
3318 4880 3642 4952 peccavimus
3662 4892 3674 4926 :
3693 4882 3767 4923 non
3784 4864 3839 4913 lin-

2379 5014 2475 5071 gua
2501 4995 2673 5051 solum
2698 4991 2937 5046 dicamus
2953 5026 2968 5050 ,
2991 4981 3085 5038 sed
3112 4982 3273 5036 etiam
3300 4982 3483 5030 mente
3505 4983 3565 5033 ac
3586 4955 3840 5031 cogitatione:

2374 5050 2443 5148 ἔτι
2467 5082 2563 5145 nos
2588 5087 2825 5142 dicamus
2851 5087 3054 5135 tantum
3078 5080 3412 5144 peccatores,
3435 5061 3528 5118 sed
3552 5058 3689 5114 etiam
3709 5050 3840 5117 pera”

2377 5187 2748 5236 recenseamus
2769 5211 2786 5239 ,
2811 5165 3087 5240 speciatim
3114 5152 3531 5227 unumquodque
3554 5140 3839 5232 conmeatus»

2375 5226 2786 5328 Νἶῖη
2814 5226 2872 5315 u.t
2905 5274 2965 5313 ea
2999 5264 3270 5322 tamquam
3298 5226 3543 5317 pompam
3589 5238 3642 5328 ίιιΔ
3669 5226 3840 5328 publius!

2658 5367 2829 5423 neque
2846 5359 2902 5404 ut
2922 5345 3057 5417 apud
3077 5319 3211 5398 alios
3231 5348 3284 5433 te
3302 5348 3539 5433 accuses,
3562 5324 3708 5433 sed}:

2372 5397 2652 5522 i’rophetzi:
2672 5397 2864 5501 dicenti
2885 5458 2897 5493 :
2923 5397 3105 5492 Brevela
3121 5431 3339 5487 Domino
3360 5427 3495 5522 aiant
3651 5397 3837 5522 (Pani:

2482 5492 2652 5609 Had
2952 5523 3227 5613 conﬁtere,
3255 5517 3392 5587 apud
3433 5509 3653 5570 Iudicem
3672 5492 3839 5613 cogit:

2377 5583 2419 5607 ι..
2444 5583 2457 5596 .
2486 5583 2639 5609 .-,.__
2668 5583 2826 5590 ---η
2871 5583 2886 5586 _
3214 5583 3224 5589 ν
3291 5583 3300 5587 _

2376 5583 2593 5707 peccata
2615 5637 2723 5697 tua,
2743 5635 2926 5691 orans,
2950 5620 2997 5674 si
3021 5630 3125 5673 non
3150 5612 3344 5682 lingua,
3366 5606 3550 5665 saltem
3578 5589 3793 5652 meritoria:
3808 5583 3840 5627 τί
