3968 6570
554 367 666 425 ΞΠ

556 480 756 553 ψυχὴν,
788 480 865 544 ὡς
920 479 1059 533 αὐτά
1109 480 1195 548 ἐφ’
1240 481 1453 535 ἑαυτῶν
1486 481 1556 535 τά
1604 482 2002 552 ἁμαρτήματα,
2034 482 2129 535 καὶ

552 563 678 617 κατ’
709 562 848 626 είδος
893 560 1284 633 ἐξεταζόμενα.
1350 563 1425 617 υύ
1469 566 1922 634 μνησικακήσεις,
1955 563 2130 617 ταῦτα

553 647 623 702 δι’
648 647 771 701 ὅλου
796 648 932 717 ἔχων
960 647 1020 699 ἐν
1048 649 1114 718 τῇ
1152 648 1366 719 μνήμῃ,
1396 647 1499 701 οὐκ
1540 647 1870 721 όργισθήτῃ,
1908 648 1969 701 οὐ
2019 650 2133 700 λοι-

555 728 830 801 δορήσεις,
857 728 919 782 οὐ
944 730 1234 801 φρονήσεις
1255 730 1420 800 μέγα,
1445 730 1506 784 οὐ
1524 732 1800 802 περιπεσῇ
1834 728 1996 784 πάλιν
2020 731 2132 794 τοῖς

554 814 772 877 αὐτοῖς·
809 813 1168 886 σφοδρότερος
1196 812 1295 886 ἔσῃ
1334 813 1469 885 πρὸς
1495 813 1563 868 τά
1603 812 1806 882 ἀγαθά.

622 899 687 953 δ’.
722 899 889 970 Ὁρᾷς
928 898 1028 952 ὃσα
1057 896 1167 951 ἀπὸ
1210 900 1307 969 τῆς
1336 899 1556 969 μνήμης
1581 897 1690 951 τῶν
1720 897 2135 970 ἁμαρτημάτων

552 983 794 1038 τίκτεται
836 982 1013 1046 καλάς
1055 978 1455 1053 Ἐγγράφωμεν
1492 979 1673 1034 τοίνυν
1717 980 1860 1035 αὐτά
1899 982 1978 1044 είς
2034 981 2136 1045 τάς

554 1065 793 1129 διανοίας
824 1064 1003 1136 ήμῶν.
1046 1057 1180 1119 Οἶδα
1207 1065 1292 1118 ὅτι
1329 1062 1431 1117 οὐκ
1476 1061 1732 1132 ἀνέχεται
1774 1064 1807 1133 ή
1852 1062 2001 1134 ψυχὴ
2032 1063 2134 1134 τῆς

559 1149 781 1221 μνήμης
805 1148 904 1218 τῆς
924 1146 1066 1201 οὕτω
1092 1146 1295 1215 πικρᾶς
1320 1158 1333 1175 ⁸
1360 1144 1497 1199 ἀλλά
1528 1145 1932 1215 ἀναγκάζωμεν
1963 1147 2136 1214 αὐτὴν

558 1233 652 1286 καὶ
678 1230 1016 1302 βιαζώμεθα.
1050 1228 1267 1284 Βέλτιον
1300 1227 1592 1283 δάκνεσθαι
1616 1227 1787 1299 αὐτὴν
1831 1231 1901 1299 τῇ
1946 1230 2139 1300 μνήμῃ

554 1317 670 1383 νῦν⁹
698 1316 733 1389 η
756 1316 876 1370 κατ’
897 1314 1103 1369 ἐκεῖνον
1122 1312 1214 1368 τὸν
1234 1312 1422 1383 καιρδν
1440 1314 1506 1381 τῇ
1524 1310 1784 1382 τιμωρίᾳο
1802 1310 1938 1373 Νὖνο
1954 1310 2048 1363 εὰν
2072 1308 2139 1382 ᾗς

554 1399 737 1454 αὐτῶν
772 1396 1142 1470 μεμνημένος,
1182 1396 1278 1451 καὶ
1317 1394 1557 1464 συνεχῶς
1594 1393 1775 1458 αὐτὰς
1822 1394 2140 1467 προσφέρῃς

552 1482 631 1553 τῷ
661 1482 802 1553 Θεῷ,
851 1481 947 1536 καὶ
994 1480 1137 1551 ὐπέρ
1192 1478 1375 1533 αὐτῶν
1410 1478 1527 1549 δίῃ,
1588 1478 1800 1548 ταχέως
1836 1478 2139 1547 ἐξαλείφεις

554 1566 725 1635 αὐτάς
752 1581 767 1595 '
796 1565 892 1619 ἐὰν
916 1564 972 1618 δέ
988 1563 1083 1618 νῦν
1113 1561 1508 1632 ἐπιλάθη,τότε
1532 1560 1712 1615 αὐτῶν
1734 1561 2138 1634 ἀναμνησθήσῃ

452 1674 456 1679 ·
557 1649 653 1702 καὶ
676 1647 848 1711 ἄκων,
888 1647 982 1701 ἐπὶ
1007 1649 1109 1718 τῆς
1136 1644 1465 1715 οἰκουμένης
1490 1643 1710 1713 ἀπάσης
1742 1644 1823 1706 είς
1843 1642 2007 1713 μέσον
2033 1660 2131 1711 φε-

556 1729 802 1802 ρομένων
836 1728 1037 1793 αὐτῶν,
1100 1728 1197 1782 καὶ
1235 1725 1736 1798 ἐκπομπευομένων
1770 1724 1863 1777 ἐπὶ
1893 1724 2132 1789 πάντων,

554 1812 650 1865 καὶ
679 1811 847 1881 φίλων
874 1812 966 1865 καὶ
995 1804 1207 1887 ἐχθρῶν
1244 1810 1338 1864 καὶ
1359 1808 1627 1879 ἀγγέλων.
1654 1807 1730 1861 Οὐ
1772 1806 1878 1876 γάρ
1913 1805 2137 1877 δήπρὸς

555 1893 720 1947 Δαυῒδ
756 1894 911 1963 ἔλεγε
976 1894 1158 1965 μόνον,
1207 1894 1277 1948 Ἀ
1329 1892 1413 1946 σὺ
1472 1890 1542 1944 ἐν
1581 1888 1784 1959 κρυερῇ
1813 1889 2131 1956 ἐποίησας,

555 1977 671 2048 ἐγὼ
698 1976 932 2043 ποιήσω
960 1975 1111 2034 πᾶσι
1127 1974 1458 2043 κατάδηλα,
1480 1973 1615 2029 ἀλλά
1638 1973 1731 2026 καὶ
1764 1972 1903 2044 πρὸς
1924 1973 2135 2035 πάντας

555 2062 724 2132 ἡμᾶς.
774 2060 1078 2133 Ἐφοδήθης
1108 2059 1452 2132 ἀνθρώπους,
1509 2057 1664 2129 φησὶ,
1714 2057 1809 2109 καὶ
1853 2054 2133 2126 ᾐσχύνθης

555 2144 652 2199 τοῦ
693 2144 829 2199 Θεοῦ
866 2144 1062 2198 πλέον’
1101 2142 1199 2197 καὶ
1240 2142 1335 2196 τοῦ
1368 2141 1504 2196 Θεοῦ
1542 2141 1779 2212 ὁρῶντος
1812 2141 1913 2194 οὐκ
1936 2141 2134 2210 ἐφρόν-

554 2242 732 2291 τισας,
757 2226 894 2280 ἀλλὰ
924 2227 1053 2289 τοὺς
1079 2224 1400 2297 ἀνθρώπους
1428 2225 1661 2296 ᾑδέσθης
1680 2238 1695 2253 ⁶
1728 2225 1795 2277 Οἱ
1822 2222 2123 2292 ὀφθαλμοί

552 2311 686 2381 γάρ,
721 2310 876 2380 φησὶ,
906 2308 1028 2363 τῶν
1049 2308 1397 2378 ἀνθρώπων,
1424 2307 1600 2363 τοῦτο
1633 2310 1668 2362 ό
1688 2306 1877 2377 φόϐος
1903 2304 2126 2361 αὐτῶν.

553 2393 654 2447 Διά
687 2392 847 2446 τοῦτο
878 2393 970 2446 ἐπὶ
1016 2392 1223 2447 τούτων
1274 2391 1455 2447 αὐτῶν
1491 2390 1683 2455 δώσεις
1709 2391 1863 2460 δίκην
1884 2407 1897 2423 ’
1924 2390 2131 2459 ἐλέγξω

552 2476 663 2547 γάρ
694 2490 778 2541 σε,
809 2475 915 2529 ὐπὸ
934 2476 1048 2539 τοῖς
1078 2476 1334 2531 ἀπάντων
1378 2474 1677 2545 ὀφθαλμοῖς
1722 2472 1894 2537 τιθείς
1932 2489 2026 2527 σου
2062 2474 2131 2526 τά

554 2559 944 2631 ἁμαρτήματα.
986 2560 1110 2613 Ὀτι
1146 2559 1256 2631 γὰρ
1288 2558 1445 2613 τοῦτό
1463 2560 1610 2611 ἐστιν
1635 2555 1852 2627 ἀληθὲς,
1885 2557 1979 2609 καὶ
2008 2558 2130 2611 κατ’

552 2643 770 2716 ἐκείνην
802 2642 901 2714 τήν
923 2640 1138 2715 ἡμέραν
1175 2642 1389 2696 πάντων
1418 2640 1577 2712 ἡμῶν
1613 2639 2022 2711 ἐκπομπεύεται
2064 2639 2133 2693 τὰ

551 2727 947 2797 ἁμαρτήματα,
979 2725 1073 2779 ἐὰν
1107 2726 1183 2797 μὴ
1235 2724 1329 2779 νῦν
1372 2724 1511 2778 αὐτά
1569 2726 1636 2795 τῇ
1672 2725 1888 2793 συνεχεῖ
1940 2724 2132 2797 μνήμῃ

551 2809 925 2880 ἀφανίσωμεν,
956 2807 1187 2863 ἄκουσον
1239 2806 1358 2872 πῶς
1399 2806 1870 2878 ἐκπομπεύεταιὴ
1911 2805 2132 2878 ὠμότης

553 2893 648 2947 καὶ
706 2894 739 2964 ὴ
797 2890 1167 2963 ἀπανθρωπία
1206 2890 1316 2945 τῶν
1373 2889 1604 2945 ἐνταῦθα
1652 2890 1728 2962 μὴ
1764 2889 2128 2959 ἐλεησάντων.

564 2978 912 3041 Ἔπείνασα,
941 2976 1097 3048 φησι,
1127 2974 1226 3031 καὶ
1276 2976 1388 3030 οὐκ
1437 2972 1695 3029 ἐδώκατέ
1730 2991 1835 3044 μοι
1888 2972 2125 3043 φαγεῖν.

553 3061 692 3116 Πότε
718 3060 891 3114 ταῦτα
910 3059 1170 3130 λέγεται;
1218 3054 1328 3131 ἆρα
1372 3060 1430 3113 ἐν
1467 3058 1673 3132 γωνίαι
1718 3054 1828 3130 ἆρα
1855 3059 1913 3111 ἐν
1946 3074 2129 3128 παρα-

551 3142 766 3215 δύστῳς
788 3143 1076 3214 οὐδαμῶς,
1107 3142 1247 3197 ἀλλά
1283 3143 1415 3197 πότε
1441 3160 1456 3210 ;
1482 3143 1651 3196 Ὀταν
1677 3141 1806 3216 ἔλθῃ
1834 3144 1862 3196 ό
1882 3140 2011 3206 Υίδς
2034 3140 2128 3195 τοῦ

553 3226 847 3299 ἀνθρώπου
873 3227 932 3282 ἐν
950 3229 1016 3299 τῇ
1043 3226 1170 3302 δόξῃ
1194 3225 1379 3293 αὐτοῦ,
1403 3226 1498 3280 καὶ
1523 3226 1701 3280 πάντα
1727 3226 1796 3280 τά
1825 3223 1978 3298 [ἳθί]
2001 3223 2127 3296 ἐθνη

555 3310 866 3382 συναγάγῃ,
894 3310 1028 3363 ὅταν
1085 3310 1324 3384 ἀφορίσῃ
1381 3307 1606 3373 τούτους
1650 3308 1961 3375 κάκείνους,
2003 3306 2129 3360 τότε

555 3393 771 3449 πάντων
797 3394 1105 3449 ἀκουόντων
1137 3395 1274 3465 ἐρεῖ,
1319 3394 1525 3465 στήσας
1575 3393 1643 3445 ἐκ
1690 3391 1880 3458 δεξιῶν
1924 3392 2019 3447 καὶ
2071 3390 2130 3459 ἐξ

556 3476 855 3549 εὐωνύμων
879 3493 895 3510 °
942 3478 1293 3543 Ἔπεινασα,
1328 3476 1430 3532 καί
1457 3478 1569 3532 οὐκ
1615 3476 1871 3530 ἐδώκατέ
1884 3493 1986 3547 μοι
2014 3491 2131 3546 φαρ

553 3560 702 3631 τεῒν.
740 3561 885 3634 Ὅρα
915 3561 1077 3617 πάλιν
1106 3562 1199 3616 καὶ
1223 3562 1323 3623 τάς
1351 3560 1514 3613 πέντε
1544 3559 1847 3629 παρθένους
1869 3560 1963 3613 ἐπὶ
1988 3559 2128 3613 πάν-

553 3660 663 3697 των
686 3643 1012 3708 ἀκουούσας,
1042 3645 1165 3699 Οὐκ
1194 3638 1327 3697 οἶδα
1348 3640 1527 3712 ὑμᾶς.
1570 3642 1637 3694 Δί
1664 3641 1776 3713 γάρ
1822 3641 2008 3705 πέντε,
2034 3640 2131 3694 καὶ⁸

556 3728 741 3794 πέντε,
783 3728 906 3799 οὐχὶ
951 3728 1044 3782 τὸν
1089 3727 1322 3801 ἀριθμὸν
1349 3726 1569 3797 δηλοῦσι
1605 3724 1715 3778 τῶν
1758 3723 1917 3777 πέντε
1943 3724 2126 3794 μόνον,

555 3810 695 3867 ἀλλά
726 3811 904 3876 πάσας
942 3812 1041 3874 τὰς
1067 3811 1308 3883 πονηρὰς
1352 3810 1447 3863 καὶ
1494 3808 1681 3878 ὠμοὺς
1709 3809 1804 3861 καὶ
1832 3808 2131 3879 ἀπανθρώ-

556 3911 695 3958 πους
723 3894 833 3949 τῶν
864 3893 1171 3965 παρθένιον,
1194 3893 1290 3947 καὶ
1306 3892 1407 3955 τὰς
1434 3890 1508 3963 μὴ
1542 3888 1825 3954 τοιαύτας.
1850 3890 2009 3945 Οὕτω
2031 3892 2128 3947 καὶ

556 3982 586 4034 ό
610 3979 672 4034 τὸ
698 3979 759 4033 ἐν
795 3978 1061 4033 τάλαντον
1085 3974 1414 4046 κατορύξας,
1458 3976 1694 4045 ήκουσεν
1750 3976 1844 4029 ἐπὶ
1875 3974 2121 4041 πάντων,

558 4064 654 4118 καὶ
687 4061 797 4117 τῶν
812 4061 883 4115 τά
914 4061 1099 4124 πέντε,
1128 4059 1227 4113 καὶ
1255 4058 1355 4113 τῶν
1378 4057 1446 4113 τὰ
1472 4057 1567 4111 δύο
1600 4061 2083 4129 προσενεγκάντων
2110 4076 2126 4093 σ

558 4144 794 4214 Πονηρὲ
826 4144 1009 4200 δοῦλε
1040 4142 1140 4199 καί
1168 4140 1408 4210 ὀκνηρέ.
1441 4141 1516 4196 Οὐ
1540 4141 1630 4196 διὰ
1649 4143 1911 4214 ῥημάτων
1936 4142 2123 4215 μόνον,

560 4226 696 4282 ἀλλὰ
718 4226 814 4281 καὶ
835 4225 924 4279 διά
980 4223 1320 4297 πραγμάτων
1344 4224 1464 4279 τότε
1497 4223 1706 4296 ἐλέγχει
1734 4225 1931 4291 αὐτούς
1949 4242 1964 4256 ·
1991 4224 2132 4282 καθ-

572 4310 717 4381 άπερ
754 4308 850 4362 κοιλ⁵
886 4310 916 4362 ό
952 4308 1342 4381 εὐαγγελιστής
1396 4326 1580 4380 φησιν,
1606 4310 1897 4379 Ὄψονται
1940 4312 2027 4377 είς
2058 4309 2132 4365 δν

562 4390 983 4459 ἐξεκέντησαν.
1024 4392 1191 4463 Ὀμοῦ
1209 4392 1373 4464 γάρὴ
1396 4392 1693 4458 ἀνάστασις
1708 4393 1863 4448 ἔσται
1886 4394 2128 4459 πάντων⁹

562 4473 657 4527 καὶ
685 4475 1022 4548 ἁμαρτωλῶν
1056 4477 1150 4533 δια)⁵
1167 4476 1390 4532 δικαίων
1409 4493 1425 4509 ·
1452 4476 1591 4546 ὁμοῦ
1621 4475 1891 4553 παρέσται
1927 4478 2131 4552 κρίνων

1238 367 1297 422 S.
1333 366 1626 423 JOANNIS
1659 364 2157 422 CHRYSUSTOMI
2198 364 2520 422 ARCHIEP.
2562 364 3108 422 CONSTANTINOP.

3711 365 3821 421 218

2236 480 2459 536 ἀπασιν.
2499 482 2783 553 Ἐννόησον
2811 481 2905 536 οῦν
2927 483 3072 545 τίνες
3095 480 3314 535 ἔσονται
3342 480 3466 534 τότε
3494 480 3546 534 οί
3566 482 3624 534 ἐν
3640 498 3817 552 κατη-

2234 566 2384 636 φείᾳ,
2402 567 2449 618 οί
2465 567 2523 621 ἐν
2540 565 2720 637 ὀδύνῃ,
2744 568 2792 618 οί
2810 565 3092 633 ἑλκόμενοι
3113 565 3194 626 είς
3207 564 3269 617 τὸ
3294 563 3423 635 πῦρ,
3447 565 3821 632 στεφανουμέ-

2234 665 2339 702 νων
2366 649 2591 719 ἐτέρων.
2623 648 2823 710 Δεῦτε,
2851 648 3038 717 φησὶν,
3062 648 3115 701 οί
3142 645 3533 716 εὐλογημένοι
3562 646 3671 698 τοῦ
3694 649 3821 699 Πα-

2233 734 2372 802 τρός
2383 750 2525 803 μου,
2540 731 3040 801 κληρονομήσατε
3061 727 3176 797 τὴν
3196 727 3651 798 ἡτοιμασμένην
3676 728 3824 796 ὑμῖν

2228 818 2560 883 ,Βασιλείαν
2610 815 2731 872 ἀπὸ
2791 812 3133 881 καταϐολῆς
3162 815 3398 879 κόσμου
3422 828 3437 842 ο
3476 811 3574 865 καὶ
3605 812 3775 865 πάλιν
3801 852 3819 874 ,

2248 899 2560 955 Ἀπέλθετε
2586 900 2689 954 ἀπ’
2715 899 2862 970 ἐμοῦ
2888 901 2971 965 εὶς
3008 898 3076 953 τὸ
3104 897 3227 965 πῦρ
3265 896 3332 950 τὸ
3366 896 3827 967 ἡτοιμασμένον

2236 982 2317 1048 τῷ
2338 981 2595 1047 διαϐόλῳ
2623 981 2870 1048 καὶτοῖς
2893 979 3171 1051 ἀγγέλοις
3195 977 3404 1033 αὐτοῦ.
3724 978 3731 983 ’

2308 1065 2399 1136 Μὴ
2424 1063 2611 1129 ἀπλῶς
2630 1065 2741 1119 τῶν
2784 1064 3048 1136 ῥημάτων
3076 1062 3391 1133 ἀκούωμεν,
3428 1061 3546 1115 ἀλλ’
3574 1060 3826 1131 ὑπογρά-

2236 1147 2429 1219 ψωμεν
2458 1146 2598 1203 αὐτά
2618 1150 2711 1202 καὶ
2726 1150 2794 1219 τῇ
2823 1147 2966 1217 δψει,
2992 1146 3087 1201 καὶ
3102 1145 3417 1216 νομίσωμεν
3435 1145 3531 1198 νῦν
3558 1146 3826 1214 παρεῖναι

2238 1230 2422 1295 αὐτὸν,
2446 1230 2537 1283 καὶ
2559 1229 2742 1297 λέγειν
2778 1229 2973 1293 ταῦτα,
3013 1229 3110 1282 καὶ
3138 1226 3453 1295 ἀπάγεσθαι
3478 1228 3626 1295 ἡμᾶς
3651 1230 3734 1290 είς
3760 1228 3828 1279 τὸ

2239 1311 2352 1382 πῦρ
2368 1313 2560 1367 ἐκεῖνο.
2580 1312 2716 1366 Τίνα
2743 1313 2937 1382 ἕξομεν
2960 1310 3172 1381 ψυχήν;
3216 1309 3380 1363 ποίαν
3419 1307 3783 1380 παραμυθίαν
3805 1325 3824 1373 ;

2239 1396 2305 1449 Τί
2329 1396 2406 1463 δὲ,
2436 1397 2564 1449 ὅταν
2601 1395 3049 1467 διχοτομώμεθα;
3084 1394 3136 1448 τί
3170 1393 3250 1456 δέ,
3288 1393 3418 1446 ὃταν
3448 1391 3588 1461 ὐπέρ
3633 1392 3828 1463 ἁρπα-

2242 1480 2346 1549 γῆς
2372 1478 2778 1549 δγκαλὼμεθαξ
2833 1478 2994 1533 ποίαν
3048 1478 3243 1545 ἕξομεν
3289 1477 3465 1529 είπείν
3491 1475 3774 1545 πρόφασιν
3804 1491 3822 1538 ;

2240 1564 2362 1617 τίνα
2390 1563 2549 1631 λόγον
2581 1562 2970 1634 εὐπρόσωπονς
3020 1560 3223 1615 Οὐδένα
3246 1576 3262 1592 ’
3291 1558 3408 1612 ἀλλ’
3434 1560 3649 1628 ἀνάγκη
3723 1558 3826 1612 δε-

2243 1645 2605 1716 σμουμένους,
2634 1645 2786 1699 κάτω
2821 1642 3098 1706 νεύοντας,
3132 1641 3389 1713 σύρεσθαι
3412 1641 3548 1711 πρὸς
3593 1640 3666 1694 τά
3704 1643 3829 1694 τῶν

2241 1729 2485 1798 καμίνων
2543 1728 2813 1797 στόματα.
2847 1727 2984 1798 πρὸς
3014 1726 3107 1779 τδν
3159 1724 3406 1796 ποταμὸν
3457 1723 3552 1777 τοῦ
3612 1724 3823 1795 πυρὸς,

2236 1811 2375 1881 πρὸς
2404 1812 2464 1865 τὺ
2490 1812 2700 1877 σκότος,
2732 1810 2868 1882 πρὸς
2921 1810 3021 1874 τάς
3074 1809 3376 1870 ἀθανάτους
3411 1806 3684 1872 κολάσεις.
3721 1810 3829 1862 καὶ

2239 1894 2465 1964 μηδενδς
2511 1894 2721 1949 δεῖσθαι
2758 1894 2897 1965 πρὸς
2926 1892 3249 1963 ἀπαλλαγὴν
3282 1890 3566 1945 δύνασθαι.
3599 1892 3677 1945 Οὐ
3703 1893 3829 1962 γὰρ

2235 1975 2373 2043 ἐστι,
2405 1977 2595 2046 φησιν,
2620 1977 2723 2030 οὐκ
2751 1976 2900 2030 εστιν
2924 1975 3175 2031 ἐντεῦθεν
3190 1975 3445 2044 διαϐῆναι
3460 1976 3603 2028 ἐκεῖ·
3624 1966 3828 2046 χάσμα

2234 2058 2345 2130 γὰρ
2377 2060 2518 2131 μέγα
2556 2059 2760 2132 μεταξύ
2787 2062 2945 2132 ήμῶν
2971 2078 3032 2114 τε
3060 2061 3155 2114 καὶ
3181 2058 3368 2129 ὑμῶν·
3398 2059 3492 2113 καὶ
3517 2059 3643 2114 οὐδέ
3698 2060 3831 2129 βου⁴

2233 2140 2481 2213 λομένοις
2502 2142 2582 2197 ένι
2607 2142 2929 2215 μεταϐῆναι,
2962 2143 3056 2199 καὶ
3072 2141 3260 2213 ὀρέξαι
3285 2144 3465 2213 χεῖρα’
3497 2142 3614 2195 ἀλλ’
3641 2144 3827 2212 ἀνάγ-

2234 2241 2304 2297 κη
2331 2224 2584 2282 καίεσθαι
2611 2226 2925 2291 διαπαντὸς,
2947 2226 3161 2290 οὐδενὸς
3195 2227 3327 2297 ἡμῖν
3354 2224 3682 2295 ἀμύνοντος,
3711 2226 3827 2280 κᾶν

2234 2308 2420 2382 πατὴρ
2439 2304 2496 2382 ᾖ,
2524 2308 2629 2363 κάν
2660 2312 2868 2382 μήτηρ,
2904 2309 3006 2364 κᾶν
3034 2309 3310 2374 ὁστισοῦν,
3336 2310 3441 2363 κάν
3472 2310 3679 2381 πολλὴν
3712 2310 3824 2381 ἔχῃ

2234 2392 2369 2462 πρὸς
2398 2393 2490 2447 τὸν
2541 2393 2675 2447 Θεὸν
2734 2382 3069 2466 παρρησίαν.
3110 2393 3401 2463 Ἀδελφὸς
3429 2393 3562 2465 γὰρ,
3602 2395 3779 2465 φησὶν
3805 2436 3821 2455 ,

2232 2477 2306 2529 οὐ
2334 2474 2687 2545 λυτροῦταιο
2733 2476 3107 2546 λυτρώσεται
3148 2477 3495 2545 ἇνθρωπος;
3537 2478 3693 2531 Ἐπεὶ
3718 2478 3826 2532 οὖν

2232 2559 2333 2613 οὐκ
2366 2558 2512 2614 ἔστιν
2546 2563 2604 2614 ἐν
2632 2561 2805 2632 ἑτέρῳ
2820 2561 2918 2624 τὰς
2949 2561 3173 2624 ἐλπίδας
3195 2560 3339 2631 ἔχειν
3372 2562 3473 2631 τῆς
3504 2562 3819 2633 σωτηρίας,

2232 2640 2349 2695 ἀλλ’
2379 2644 2437 2697 ἐν
2461 2641 2612 2717 [292]
2639 2642 2790 2714 αὐτῷ
2814 2642 2954 2714 μετά
2972 2642 3071 2715 τὴν
3090 2642 3183 2697 τοῦ
3204 2643 3341 2697 Θεοῦ
3367 2643 3557 2712 φιλανθ
3568 2643 3819 2715 ρωπίαν,

2232 2726 2555 2799 παρακαλῶ,
2613 2728 2791 2782 πάντα
2826 2727 3157 2799 πράττωμεν
3178 2765 3194 2792 ,
3234 2726 3375 2781 ὥστε
3404 2728 3539 2799 ἡμῖν
3562 2728 3655 2781 τὸν
3695 2727 3823 2797 βίον

2231 2810 2487 2879 γενέσθαι
2520 2810 2762 2881 καθαρὸν
2811 2810 2907 2865 καὶ
2945 2809 3043 2881 τὴν
3095 2810 3377 2864 πολιτείαν
3428 2810 3683 2883 ἀρίστην,
3714 2813 3825 2865 καὶ

2235 2893 2371 2965 μηδὲ
2402 2892 2555 2963 παρά
2584 2893 2686 2965 τὴν
2741 2894 2919 2966 ἀρχὴν
2950 2893 3206 2958 δέξασθαι
3257 2892 3451 2963 κηλίδά
3488 2907 3641 2946 τινα’
3672 2895 3724 2947 εί
3757 2894 3825 2947 δέ

2234 2977 2555 3049 ἐδεξάμεθα,
2618 2977 2757 3049 μετά
2786 2978 2919 3047 γοῦν
2955 2977 3054 3050 τὴν
3076 2977 3271 3049 κηλῖδα
3304 2976 3380 3048 μὴ
3428 2975 3821 3047 καθεύδωμεν,

2232 3060 2370 3115 ἀλλά
2415 3060 2711 3126 διαπαντὸς
2757 3060 3108 3132 ἐπιμένωμεν
3153 3059 3558 3123 ἀποπλύνοντες
3588 3058 3684 3112 τὸν
3715 3060 3825 3129 ῥύ-

2232 3162 2335 3199 πον
2388 3144 2478 3199 διά
2524 3144 2838 3216 μετανοίας,
2864 3144 2954 3198 διά
3002 3143 3277 3215 δακρύων,
3326 3143 3417 3198 διὰ
3470 3143 3671 3214 εὐχῶν,
3722 3144 3825 3198 διὰ

2230 3227 2620 3301 ἐλεημοσύνης.
2652 3228 2718 3283 Τί
2739 3226 2856 3292 οῦν,
2880 3228 2977 3281 ἐάν
3011 3226 3086 3298 μὴ
3117 3227 3245 3297 ἔχω,
3280 3227 3466 3297 φησὶν,
3507 3227 3823 3297 ἐλεημοσύς-

2232 3330 2331 3384 νην
2360 3312 2693 3385 ἐργάξεσθαι
2716 3330 2731 3379 ;
2770 3312 2939 3366 Ἀλλά
2963 3310 3176 3383 ψυχροῦ
3200 3313 3457 3382 ποτήριον
3493 3310 3661 3381 ἔχεις,
3684 3312 3823 3365 ὅσον

2230 3395 2298 3451 ἂν
2322 3390 2389 3471 ᾗς
2426 3397 2626 3467 πένης*
2672 3394 2811 3450 ἀλλά
2860 3394 2954 3449 δύο
2989 3394 3163 3449 λεπτά
3223 3394 3388 3465 ἔχεις,
3419 3394 3494 3457 ὡς
3530 3393 3593 3447 ἀν
3642 3389 3712 3465 ᾖς
3755 3396 3821 3447 ἐν

2231 3480 2423 3552 πενίᾳ*
2456 3480 2593 3535 ἀλλά
2647 3479 2814 3544 πόδας
2848 3478 2993 3550 ἔχεις
3014 3478 3156 3533 ὥστε
3185 3477 3590 3546 ἐπισκέψασθαι
3622 3476 3822 3547 amb-

2233 3580 2414 3627 στονς,
2434 3562 2578 3617 ὥστε
2608 3564 2688 3626 είς
2718 3561 3095 3633 δεσμωτήριον
3124 3560 3408 3625 είσελθεῖν,
3445 3560 3584 3615 ἀλλά
3600 3561 3820 3631 στέγην

2231 3648 2372 3718 ἔχεις
2400 3645 2541 3700 ὥστε
2575 3645 2835 3712 δέξασθαι
2863 3645 3067 3711 ξένους.
3094 3646 3171 3699 Οὐ
3209 3644 3318 3717 γὰρ
3358 3644 3526 3709 ἐστιν,
3555 3645 3660 3698 οὐκ
3690 3645 3824 3700 ἐστι

2234 3726 2532 3800 συγγνώμη
2566 3729 2794 3800 οὐδεμία
2813 3728 2892 3800 τῷ
2919 3727 3293 3799 ἐλεημοσύνην
3326 3728 3401 3800 μὴ
3425 3727 3820 3798 ἐργαζομένῳ.

2232 3811 2420 3867 Ταῦτα
2446 3809 2690 3883 συνεχῶς
2719 3812 2954 3883 λέγομεν
2980 3810 3119 3883 πρὸς
3145 3811 3313 3881 ὑμᾶς,
3347 3810 3435 3864 ἴνα
3464 3810 3569 3864 κᾶν
3606 3812 3786 3881 μικρδ
3803 3828 3825 3862 2

2231 3895 2340 3950 ἀπὸ
2357 3896 2456 3965 τῆς
2491 3896 2774 3968 συνεχείας
2797 3895 3088 3966 ἀνύσωμεν
3109 3909 3125 3925 ο
3145 3893 3319 3950 ταῦτα
3330 3892 3588 3964 λέγομεν,
3614 3892 3681 3945 οὐ
3700 3894 3827 3947 τῶν

2232 3974 2291 4033 εὖ
2326 3977 2648 4051 πασχόντων
2675 3978 3075 4051 φροντίζοντες,
3106 3976 3184 4041 ὡς
3209 3976 3383 4047 ὑμῶν.
3427 3975 3691 4039 Ἐκείνοις
3713 3978 3824 4045 μὲν

2232 4061 2342 4133 γὰρ
2372 4062 2441 4117 τὰ
2481 4062 2719 4117 ἐνταῦθα
2748 4061 2940 4127 δίδοτε,
2986 4058 3422 4129 ἀντιλαμϐάνετε
3454 4058 3511 4112 δέ
3544 4057 3613 4111 τά
3646 4059 3825 4128 οὐράμ-

2232 4161 2322 4199 νια
2341 4160 2354 4174 ’
2374 4137 2449 4200 ὧν
2475 4144 2691 4210 γένοιτο
2732 4144 2945 4208 πάντας
2985 4144 3133 4215 ἡμᾶς
3164 4144 3464 4214 ἐπιτυχεῖν,
3497 4141 3689 4212 χάριτι
3718 4160 3753 4197 κ
3798 4141 3825 4194 ⁸.

2238 4226 2622 4299 φιλανθρωπίᾳ
2640 4225 2735 4281 τοῦ
2764 4226 2971 4297 Κυρίου
3005 4225 3163 4298 ήμῶν
3191 4225 3369 4297 Ἰησοῦ
3398 4225 3661 4295 Χριστοῦ,
3692 4222 3823 4295 μεθ’

2237 4304 2300 4365 οὐ
2329 4310 2406 4382 τῷ
2435 4311 2612 4383 Πατρὶ
2633 4310 2749 4382 ἅμα
2778 4310 2856 4381 τῷ
2888 4308 3028 4380 ἀγίῳ
3073 4308 3351 4380 Πνεύματι
3401 4307 3547 4373 δόξα,
3584 4307 3817 4377 κράτος,

2237 4394 2369 4467 τιμὴ
2394 4393 2491 4449 καλ⁵
2521 4394 2910 4467 προσκύνησις,
2943 4392 3040 4450 νῦν
3056 4394 3151 4448 καὶ
3176 4393 3285 4460 ἀεὶ,
3310 4391 3497 4456 καὶείς
3525 4389 3655 4454 τοὺς
3678 4391 3819 4445 αίῶ-

2238 4494 2337 4541 νας
2365 4478 2473 4532 τῶν
2500 4476 2733 4535 αίώνων.
2772 4477 2966 4549 Ἀμήν.
