3926 6406
191 408 277 470 211

197 545 256 600 ιω
280 547 387 603 roga
413 533 464 580 ut
490 523 561 577 tui
595 517 924 573 misereatur.
947 510 1005 565 Si
1034 514 1245 603 peccata
1275 511 1363 603 tua
1387 499 1600 556 assidue
1622 498 1719 550 ha-

196 593 302 688 iga
323 593 367 678 in
394 611 659 674 memoria,
679 616 962 673 numquam
987 598 1164 652 oderis
1180 593 1499 688 proximum,
1521 601 1621 643 nec
1637 601 1725 640 ae-

200 682 335 790 ;ptre
357 704 548 778 injuria!
574 695 902 756 memineris.
924 690 1039 748 Non
1062 688 1184 790 dico
1201 727 1218 753 ,
1247 685 1292 741 si
1324 682 1420 790 tibi
1448 693 1725 790 p'ersnfse.

191 771 323 871 risrte
483 800 809 866 peccatorem
839 805 854 841 :
880 801 984 841 non
1013 784 1084 837 ita
1111 781 1214 834 hoc
1252 782 1428 871 potest
1471 771 1722 871 humilem

193 864 387 962 reddere
405 864 649 951 animam,
663 885 799 938 sicut
813 893 875 934 ea
897 891 1013 946 qua:
1027 888 1121 944 per
1138 886 1197 927 se
1221 879 1273 924 et
1293 866 1430 962 apud
1452 882 1510 962 se
1529 864 1727 962 specia—

307 985 666 1045 examinantur
715 979 951 1044 peccata.
978 967 1092 1022 Non
1123 963 1249 1019 odio
1278 959 1496 1016 habebis
1521 972 1621 1012 nec
1646 956 1728 1011 in-

186 1048 316 1156 iuria:
359 1079 579 1141 accepta;
620 1061 925 1123 memineris
948 1098 966 1126 ,
1004 1057 1122 1112 haec
1159 1049 1644 1156 permulto-balteus
1673 1048 1724 1101 in

184 1139 430 1231 memoria,
460 1139 564 1216 non
593 1153 860 1219 irasceris,
888 1164 993 1205 non
1021 1154 1240 1216 appetes
1269 1139 1599 1203 maledictis,
1620 1152 1728 1231 non

184 1227 276 1322 eris
293 1227 538 1327 superbus
556 1257 608 1304 et
634 1247 826 1308 elatus,
852 1256 955 1294 non
985 1238 1038 1292 in
1074 1234 1259 1291 eadem
1288 1246 1472 1288 rursus
1501 1227 1724 1292 incides,

182 1357 237 1414 ad
266 1354 393 1408 bona
422 1339 657 1399 facienda
685 1335 792 1392 eris
816 1328 1198 1388 vehementior.

242 1447 292 1500 ι.
319 1437 469 1494 Vides
487 1445 647 1503 quam
691 1426 855 1483 multa
904 1423 1042 1477 bona
1085 1418 1330 1474 oriuntur
1358 1429 1423 1469 ex
1469 1412 1728 1467 memoria

179 1525 538 1610 peccatorum?
568 1522 688 1577 llaec
734 1531 864 1586 ergo
891 1511 1089 1569 nostris
1126 1507 1318 1562 animis
1352 1503 1726 1602 inscribamus.

179 1591 289 1684 gelo
308 1618 442 1692 quod
465 1609 778 1669 memoriam
793 1614 900 1660 tam
922 1598 1167 1692 acerbam
1189 1612 1293 1651 non
1528 1591 1728 1692 anima?

174 1682 258 1774 sed
282 1682 391 1768 eam
420 1715 695 1775 cogamus,
734 1704 790 1752 et
814 1695 920 1750 vim
946 1692 994 1747 ei
1019 1687 1326 1743 all‘eramus.
1355 1682 1540 1738 Melius
1561 1690 1644 1736 est
1672 1688 1732 1734 ut

175 1772 301 1864 nunc
327 1772 662 1870 peccatorum
679 1785 984 1843 mordeatur
1002 1778 1280 1870 memoria,
1314 1789 1470 1845 quam
1495 1772 1730 1870 cruciatu

279 1861 482 1949 futurus
502 1894 586 1940 est
611 1882 702 1936 illo
733 1888 995 1946 tempore.
1029 1870 1200 1934 Nunc,
1240 1868 1283 1921 si
1310 1879 1494 1967 eorum
1540 1861 1730 1918 memi-

173 1956 320 2052 neris,
350 1992 404 2039 et
431 1994 496 2036 ea
526 1974 742 2032 assidue
771 1971 883 2025 Deo
911 1964 1109 2020 oli'eras
1127 2002 1143 2027 ,
1172 1967 1227 2014 et
1273 1973 1367 2026 pro
1412 1956 1492 2052 eis
1530 1968 1692 2052 roges
1711 1993 1728 2020 ,

172 2085 265 2138 cito
389 2069 598 2128 delebis
626 2084 641 2121 :
672 2065 754 2119 sin
783 2069 961 2116 autem
991 2068 1133 2110 nunc
1176 2065 1365 2107 eorum
1394 2048 1470 2102 sis
1493 2047 1689 2101 oblitus
1712 2083 1730 2112 ,

173 2135 283 2227 tunc
309 2165 391 2221 vel
421 2161 620 2217 invitus
646 2148 1036 2212 recordaberis,
1062 2159 1182 2199 cum
1210 2143 1261 2195 in
1290 2139 1522 2195 medium
1551 2135 1730 2207 profe—

172 2271 359 2325 rentur,
389 2265 443 2311 et
473 2262 744 2319 tamquam
790 2244 842 2298 in
890 2251 1136 2310 pompam
1172 2232 1529 2325 producentur
1543 2241 1732 2325 coram

169 2317 418 2408 omnibus,
434 2352 490 2398 et
506 2317 696 2394 amicis
713 2343 766 2390 et
783 2329 1010 2386 inimicis
1028 2335 1082 2381 et
1099 2320 1452 2393 angelis.Non
1471 2318 1614 2374 enim
1632 2317 1733 2372 soli

170 2443 363 2502 dicebat
388 2433 605 2498 Davidi,
639 2429 763 2496 Qut!
786 2435 839 2479 tu
866 2421 1025 2494 fecisti
1052 2420 1104 2473 in
1129 2416 1325 2473 occulto
1345 2455 1362 2482 ,
1388 2429 1480 2485 ego
1501 2411 1731 2465 omnibus

162 2539 334 2610 faciam
350 2534 626 2605 manifesta
648 2530 726 2600 (2.
738 2521 1077 2597 Regilli),
1096 2519 1190 2577 sed
1207 2520 1365 2574 etiam
1384 2516 1536 2570 nobis
1552 2510 1724 2610 omni-

159 2603 266 2686 bus.
281 2603 565 2689 Homines,
596 2621 788 2691 inquit,
817 2615 1060 2681 timuisti,
1083 2621 1138 2669 et
1158 2625 1252 2666 eos
1281 2608 1448 2678 magis
1469 2603 1727 2661 reveritus

153 2739 208 2777 es
228 2737 380 2792 quam
435 2719 652 2780 Deum;
679 2721 734 2768 et
762 2711 874 2766 Deo
899 2708 1112 2764 vidente
1138 2719 1244 2759 non
1272 2699 1493 2766 curasti,
1524 2697 1617 2753 sed
1646 2696 1729 2751 vi-

156 2789 392 2870 dentibus
435 2805 750 2865 hominibus
779 2801 981 2874 pudore
1008 2813 1069 2854 es
1093 2796 1315 2852 affectus
1346 2809 1362 2849 :
1392 2790 1543 2847 Oculi
1561 2789 1727 2853 enim,

153 2905 335 2976 inquit,
353 2902 648 2965 hominum,
663 2906 735 2951 est
761 2909 933 2950 eorum
954 2892 1122 2945 timor.
1137 2887 1423 2956 Propterea
1444 2896 1623 2938 coram
1647 2877 1732 2976 his

153 2969 274 3068 ipsis
293 2995 449 3050 dabis
470 3005 692 3063 poenas;
716 2998 769 3044 te
786 2986 926 3040 enim
955 2995 1194 3052 arguam,
1209 2988 1297 3032 tua
1322 2983 1536 3045 peccata
1562 2969 1730 3068 oculis

148 3060 380 3141 omnium
411 3060 735 3152 subiiciens.
765 3076 896 3132 Nam
917 3073 1059 3140 quod
1101 3071 1204 3125 hoc
1237 3068 1308 3122 sit
1332 3078 1536 3126 verum,
1564 3068 1618 3115 et
1643 3060 1732 3114 ille

148 3179 230 3232 die
255 3176 501 3234 omnium
531 3179 776 3227 nostntm
823 3173 1038 3236 peccata
1087 3170 1356 3227 tamquam
1390 3155 1443 3209 in
1486 3163 1735 3224 pompam

146 3266 517 3337 producentur
534 3302 555 3329 ,
589 3259 692 3317 nisi
727 3271 869 3313 nunc
893 3270 956 3311 ea
983 3250 1193 3309 assidua
1221 3244 1588 3303 recordatione
1637 3240 1733 3337 (μὴ

149 3331 370 3424 leamus,
395 3350 532 3410 audi
552 3349 824 3424 quomodo
855 3350 906 3402 in
933 3358 1180 3416 pompam
1213 3337 1521 3411 producitur
1547 3331 1739 3390 crude-

146 3451 261 3506 litas
280 3458 335 3505 et
362 3442 746 3504 inhumanitas
769 3454 957 3496 eorum
983 3436 1075 3506 qui
1106 3429 1192 3488 hic
1219 3447 1326 3487 non
1347 3427 1552 3484 miserti
1575 3433 1699 3480 sunt
1723 3439 1738 3476 :

146 3544 367 3609 Esau-iui,
403 3540 613 3611 inquit,
639 3546 687 3593 et
713 3552 816 3590 non
859 3533 1068 3586 dedistis
1103 3528 1224 3582 mihi
1267 3523 1403 3595 quod
1428 3517 1738 3576 comederem

143 3635 354 3705 (Matth.
377 3633 475 3689 25.
501 3631 626 3700 42).
649 3627 997 3696 Quandonam
1025 3623 1140 3677 hare
1163 3615 1458 3675 dicuntur?
1481 3611 1737 3705 numquid

141 3701 190 3779 in
219 3726 426 3796 angulo
450 3725 477 3778 ?
531 3717 793 3790 numquid
839 3717 893 3770 in
940 3711 1189 3769 occulto?
1227 3707 1612 3796 Nequaquam;
1644 3701 1739 3758 sed

141 3794 392 3885 quando?
421 3809 665 3878 Quando
683 3805 890 3862 venerit
909 3802 1077 3857 Filius
1099 3798 1328 3855 hominis
1349 3797 1401 3850 in
1424 3794 1591 3864 gloria
1619 3805 1736 3858 sua,

138 3915 192 3960 et
212 3901 644 3974 congregaverit
687 3910 876 3951 omnes
919 3901 1125 3963 gentes,
1155 3887 1366 3961 quando
1399 3885 1499 3942 bos
1536 3893 1591 3941 et
1619 3885 1741 3938 illos

139 3996 504 4066 separaverit,
540 4001 669 4046 tunc
689 3989 937 4043 omnibus
952 3981 1290 4038 audientibus
1314 3978 1476 4042 dicet,
1505 3987 1743 4031 statuens

137 4103 164 4140 a
200 4086 414 4141 dextris
469 4093 533 4138 et
559 4080 794 4136 sinistris
827 4095 844 4132 :
877 4073 1101 4140 Esurivi,
1125 4081 1174 4128 et
1222 4087 1324 4126 non
1366 4069 1574 4123 dedistis
1620 4067 1745 4121 mihi

136 4179 427 4230 comedere.
465 4173 611 4228 Vide
638 4182 825 4225 rursus
856 4167 971 4221 illas
1015 4163 1250 4235 quinque
1291 4160 1522 4231 virgines
1563 4172 1744 4213 coram

131 4269 390 4324 omnibus
433 4265 730 4321 audientes
775 4277 789 4313 :
833 4257 1020 4313 Nescio
1057 4270 1164 4310 vos.
1216 4253 1462 4321 Quinque
1509 4249 1651 4305 enim
1693 4258 1747 4302 et

132 4364 380 4430 quinque
428 4373 552 4414 non
602 4351 904 4423 signiﬁcant
947 4355 1154 4403 tantum
1207 4357 1485 4399 numerum
1535 4340 1744 4413 illarum

129 4453 403 4522 quinque,
440 4447 549 4504 sed
579 4458 768 4500 omnes
795 4439 960 4495 malas
987 4447 1041 4492 et
1063 4435 1308 4491 crudeles
1336 4442 1390 4486 et
1430 4430 1748 4485 inhumanas

131 4519 402 4615 virgines,
425 4549 491 4596 et
521 4551 620 4595 eas
641 4549 760 4606 quae
787 4547 894 4586 non
920 4538 1044 4584 sunt
1065 4522 1390 4596 huiusmodi.
1408 4521 1495 4577 Sic
1521 4521 1680 4576 etiam
1703 4519 1749 4574 is

128 4614 352 4706 quoque
384 4631 494 4702 qui
519 4641 686 4683 unum
706 4619 1185 4681 infodittalentum,
1210 4614 1409 4706 audivit
1427 4625 1606 4668 coram
1627 4625 1746 4665 om-

132 4703 318 4787 nibus,
349 4731 409 4778 et
439 4721 519 4775 iis
538 4717 702 4773 etiam
723 4713 811 4783 qui
834 4711 1066 4780 quinque
1086 4716 1143 4762 et
1164 4706 1253 4776 qui
1274 4705 1380 4759 duo
1409 4703 1700 4758 attulerunt
1731 4717 1746 4755 :

127 4814 292 4870 Serve
335 4826 586 4878 nequam
618 4815 665 4862 et
706 4807 886 4876 ignave
913 4799 1132 4873 (Matth.
1162 4797 1254 4854 25.
1284 4796 1401 4866 26).
1431 4793 1546 4850 Non
1571 4792 1750 4848 verbis

127 4907 332 4965 solum,
361 4902 472 4958 sed
504 4887 673 4954 etiam
700 4895 860 4951 rebus
884 4902 940 4949 et
964 4890 1115 4947 factis
1130 4903 1226 4944 eos
1249 4896 1375 4942 tunc
1402 4885 1576 4954 arguit
1600 4902 1612 4937 :
1645 4885 1753 4939 sic-

131 4998 396 5055 utetiam
430 4993 578 5051 dicit
605 4987 953 5058 evangelista,
990 4983 1238 5039 Videbunt
1268 4981 1320 5034 in
1356 4995 1502 5048 quem
1530 4977 1752 5045 conﬁxe-

929 397 993 453 ΙΝ
1034 396 1246 454 EPIST.
1287 396 1378 453 AD
1416 393 1784 451 HEBREOS.
1827 397 1980 458 CAP.
2023 399 2137 456 ΧΗ.
2185 403 2412 459 HOMIL.
2456 406 2648 460 XXXI.

3281 418 3392 473 218

1834 516 1951 560 runt
1978 506 2154 576 (Joan.
2185 511 2274 566 19.
2306 512 2420 583 37).
2453 514 2623 570 Simul
2665 517 2806 572 enim
2836 519 2937 575 erit
2963 523 3198 578 omnium
3232 543 3400 584 resur-

1831 599 2025 666 rectio,
2053 611 2390 671 peccatorum
2420 613 2472 660 et
2496 605 2758 676 iustorum
2785 627 2798 675 ;
2831 609 2988 667 simul
3014 614 3187 670 aderit
3219 635 3403 676 omnes

1836 706 2096 778 judicans.
2127 704 2310 774 Cogita
2350 720 2477 774 ergo
2505 705 2692 775 quales
2722 715 2846 761 tunc
2872 718 3028 763 erunt
3054 711 3145 780 qui
3174 721 3330 767 erunt
3355 711 3404 766 in

1837 797 2002 861 luctu,
2035 796 2087 850 in
2119 809 2383 859 maerore,
2411 794 2501 864 qui
2529 794 2809 849 trahentur
2843 797 2895 849 in
2924 799 3120 867 ignem,
3154 799 3282 854 dum
3313 816 3400 856 co-

1837 894 2092 941 ronantur
2115 886 2224 940 alii.
2261 884 2451 950 Venite,
2478 885 2667 955 inquit,
2691 886 2937 941 benedicti
2964 887 3136 944 Patris
3153 892 3269 958 mei,
3293 909 3384 959 pos

1835 978 1992 1030 sidete
2029 985 2260 1045 paratum
2303 976 2440 1030 vobis
2481 991 2690 1045 regnum
2729 992 2763 1028 a
2803 979 3156 1034 constitutione
3197 983 3406 1046 mundi,

1835 1076 1890 1122 et
1913 1081 2116 1131 rursus,
2147 1065 2402 1121 Discedite
2427 1082 2460 1120 a
2486 1082 2565 1120 me
2603 1067 2657 1120 in
2683 1068 2851 1139 ignem
2880 1079 3114 1138 paratum
3143 1072 3344 1127 diabolo
3364 1085 3408 1127 et

1833 1157 2026 1229 angelis
2043 1158 2151 1224 ejus
2181 1155 2390 1226 (Matth.
2417 1155 2509 1210 25.
2539 1157 2630 1212 3b.
2659 1158 2770 1227 41).

1905 1247 2083 1301 Aliena
2119 1247 2251 1300 bona
2291 1248 2594 1317 rapientium
2640 1249 2962 1318 supplicium.
2991 1278 3065 1292 —-
3089 1250 3205 1308 Non
3236 1254 3408 1311 solum

1837 1339 1997 1392 verba
2029 1339 2326 1403 audiamus,
2344 1338 2438 1394 sed
2468 1339 2638 1394 oculis
2676 1343 2834 1396 etiam
2862 1341 3124 1412 descripta
3162 1346 3410 1415 subjicia-

1835 1445 1953 1483 mus
1978 1438 2031 1484 et
2050 1430 2414 1485 existimemus
2438 1445 2560 1484 eum
2587 1445 2729 1485 nunc
2752 1431 2960 1491 adesse.
2989 1441 3044 1487 et
3073 1433 3186 1489 haec
3207 1433 3407 1502 dicere,

1833 1530 1884 1574 et
1909 1534 2008 1574 nos
2035 1520 2088 1574 in
2114 1520 2260 1574 illum
2293 1521 2466 1590 ignem
2496 1520 2784 1577 abducere.
2815 1522 3038 1590 Qualem
3085 1533 3212 1581 tunc
3247 1525 3411 1583 habe-

1833 1611 2008 1666 bimus
2054 1612 2330 1665 animam?
2378 1611 2588 1681 qualem
2635 1613 3266 1682 consolationemiouid
3317 1632 3411 1674 ve-

1831 1717 1912 1768 ro,
1959 1703 2172 1773 quando
2223 1702 2278 1757 in
2326 1701 2460 1757 duas
2507 1713 2689 1775 partes
2732 1705 3066 1762 dividemur?
3111 1707 3238 1778 quid
3281 1725 3409 1765 vero

1829 1794 2044 1865 quando
2095 1794 2162 1850 de
2197 1796 2380 1864 rapina
2437 1795 2847 1851 accusabimur?
2874 1813 3158 1867 quamnam
3205 1801 3412 1871 poteri-

1832 1901 1950 1940 mus
1995 1885 2192 1941 all'erre
2233 1887 2667 1942 excusationem?
2705 1902 2988 1958 quamnam
3038 1891 3409 1959 probationem

1830 1988 1884 2033 et
1919 1979 2097 2048 specie
2133 1993 2237 2034 non
2273 1978 2607 2033 inhonestam
2659 1981 3000 2035 orationem?
3027 1981 3238 2037 Nullam
3270 2001 3283 2038 :
3313 1984 3417 2038 sed

1831 2084 2052 2125 necesse
2081 2071 2184 2124 erit
2209 2081 2265 2124 ut
2295 2070 2456 2124 vincti
2484 2079 2540 2125 et
2563 2070 2816 2126 deorsum
2843 2071 3102 2127 incurvati
3135 2073 3409 2128 trabamur

1829 2162 1893 2215 ad
1924 2160 2058 2216 ostia
2088 2162 2444 2227 caminorum,
2473 2160 2538 2215 ad
2566 2160 2787 2216 fluvium
2833 2163 2970 2233 ignis
2989 2205 3004 2226 ,
3032 2164 3088 2218 in
3121 2164 3367 2220 tenebras
3389 2204 3405 2230 ,

1829 2251 1896 2305 ad
1920 2251 2175 2320 supplicia
2208 2251 2549 2314 immortalia,
2578 2261 2633 2305 et
2660 2253 2926 2306 neminem
2953 2253 3020 2306 ad
3047 2268 3146 2307 nos
3173 2253 3409 2308 liberan-

1829 2341 1956 2397 dum
1985 2357 2176 2412 rogare
2207 2342 2519 2410 poterimus.
2545 2341 2661 2396 Non
2694 2351 2868 2412 potest
2894 2344 3059 2410 enim,
3087 2344 3284 2413 inquit,
3301 2360 3416 2400 non-

1831 2444 2005 2506 potest
2031 2434 2155 2488 hinc
2198 2433 2322 2488 illuc
2353 2433 2602 2488 transiri:
2635 2441 2716 2488 est
2741 2435 2887 2488 enim
2919 2433 3059 2490 inter
3087 2449 3186 2490 nos
3223 2445 3280 2490 et
3311 2451 3408 2491 vos

1831 2543 2077 2599 magnum
2106 2526 2268 2582 chaos
2293 2525 2443 2598 (Luc.
2478 2525 2565 2580 16.
2589 2525 2681 2596 26)
2712 2544 2724 2578 :
2758 2534 2812 2580 et
2838 2541 2936 2580 nec
2961 2526 3263 2583 volentibus
3284 2527 3409 2583 licet

1831 2621 2077 2684 transire,
2111 2628 2164 2674 et
2195 2634 2407 2672 manum
2436 2617 2696 2688 praebere,
2728 2616 2822 2672 sed
2855 2631 3074 2672 necesse
3100 2627 3183 2672 est
3212 2634 3406 2689 perpe-

1832 2725 1920 2768 tuo
1945 2711 2158 2776 ardere,
2200 2708 2414 2764 nemine
2443 2708 2594 2762 nobis
2623 2722 2778 2776 opem
2823 2707 3047 2770 ferente,
3077 2709 3190 2763 sive
3220 2711 3289 2763 sit
3319 2724 3408 2778 pa-

1831 2813 1932 2868 ter,
1962 2803 2075 2858 sive
2097 2809 2288 2867 mater,
2315 2799 2427 2854 sive
2453 2798 2697 2869 quilibet,
2725 2797 2932 2852 etiamsi
2968 2797 3163 2853 habeat
3187 2801 3406 2854 multam

1837 2900 1902 2954 ad
1936 2899 2099 2954 Deum
2131 2897 2375 2951 fiduciam
2411 2913 2424 2950 :
2459 2894 2636 2948 Frater
2659 2895 2822 2962 enim,
2854 2896 3045 2964 inquit,
3063 2911 3166 2949 non
3191 2895 3412 2961 redimit.

1836 2990 2045 3044 redimet
2083 2990 2232 3042 homo
2263 2987 2432 3057 (Psal.
2453 2987 2548 3040 48.
2572 2987 2672 3056 8)?
2697 2986 2828 3040 Cum
2855 3001 2984 3054 ergo
3028 3001 3134 3040 non
3173 2985 3332 3041 liceat
3358 2982 3410 3035 in

1837 3081 1943 3135 alio
1981 3079 2181 3133 habere
2211 3092 2359 3146 spem
2391 3077 2600 3141 salutis,
2629 3090 2786 3145 quam
2832 3075 2883 3128 in
2929 3074 3127 3144 seipso,
3173 3084 3294 3144 post
3324 3075 3418 3132 Dei

1809 3169 2220 3248 benignitatem
2267 3176 2320 3222 et
2348 3166 2710 3230 clementiam,
2741 3179 2872 3234 rogo
2915 3164 3092 3218 omnia
3120 3163 3377 3218 iaciamus
3400 3206 3420 3230 ,

1841 3270 1898 3315 ut
1928 3261 2033 3313 vita
2057 3260 2127 3314 sit
2151 3258 2305 3313 nobis
2345 3256 2542 3311 munda
2571 3264 2818 3326 recteque
2845 3255 3104 3322 instituta,
3132 3264 3187 3310 et
3225 3270 3325 3310 nec
3353 3257 3422 3311 ab

1843 3352 1994 3406 initio
2024 3351 2188 3404 ullam
2217 3349 2572 3418 suscipiamus
2614 3348 2875 3401 maculam
2903 3363 2918 3400 ε
2951 3347 3032 3399 sin
3074 3347 3269 3412 minus,
3303 3355 3422 3416 post

1843 3450 2144 3511 susceptam
2172 3439 2385 3510 quidem
2417 3437 2676 3492 maculam
2707 3452 2776 3491 ne
2801 3436 3147 3501 dormiamus,
3171 3438 3267 3492 sed
3294 3454 3419 3507 per-

1843 3547 2151 3588 severemus
2181 3545 2393 3600 semper
2432 3528 2620 3584 sordes
2647 3527 2864 3582 abluere
2891 3542 2985 3597 per
3013 3529 3378 3598 pmnitentiam
3404 3573 3420 3597 ,

1842 3642 1941 3699 per
1972 3627 2256 3696 lacrymas,
2287 3640 2379 3694 per
2401 3624 2691 3688 orationes,
2720 3637 2817 3694 per
2835 3623 3256 3697 eleemosynam.
3284 3624 3424 3690 Quid

1843 3734 1994 3784 vero,
2025 3717 2213 3786 inquit,
2243 3717 2288 3772 si
2319 3732 2424 3771 non
2471 3716 2695 3771 habeam
2725 3715 2863 3770 unde
2907 3715 3099 3771 faciam
3128 3718 3425 3790 eleemosy-

1848 3811 2014 3866 nam?
2041 3809 2145 3866 Sed
2175 3809 2342 3864 habes
2384 3807 2635 3878 poculum
2685 3821 2835 3876 aqua:
2868 3806 3072 3877 frigidae
3094 3849 3108 3873 ,
3141 3816 3427 3878 quantum-

1845 3916 2074 3972 cumque
2093 3900 2166 3955 sis
2184 3913 2415 3970 pauper;
2434 3897 2527 3952 sed
2545 3896 2651 3952 duo
2664 3897 2867 3950 minuta
2885 3896 3072 3964 habes,
3088 3896 3249 3966 pedes
3263 3897 3428 3954 habes

1850 4002 1907 4045 ut
1921 3992 2102 4046 visites
2120 3998 2369 4060 aegrotos,
2386 3995 2444 4042 ut
2460 3987 2774 4057 ingrediaris
2791 4001 3060 4042 carcerem
3080 4003 3095 4053 ;
3115 3988 3208 4043 sed
3231 3997 3427 4044 tectum

1848 4083 2035 4146 habes,
2053 4091 2108 4136 ut
2136 4081 2371 4152 excipias
2399 4078 2656 4149 hospites.
2671 4078 2789 4134 Non
2814 4089 2897 4135 est
2921 4079 3085 4144 enim,
3105 4089 3311 4134 nonest
3337 4095 3429 4133 ve-

1850 4173 1935 4225 nia
1960 4171 2024 4225 iis
2047 4171 2136 4240 qui
2167 4186 2272 4225 non
2292 4169 2927 4239 l'aciunteleemosynam,
2954 4183 3052 4223 nec
3079 4177 3302 4223 utuntur
3329 4169 3430 4222 mi-

1851 4261 2160 4316 sericordia.
2180 4259 2303 4315 llaac
2317 4275 2414 4315 nos
2426 4260 2577 4314 vobis
2596 4259 2810 4314 assidue
2825 4259 3070 4326 dicimus,
3093 4269 3148 4314 ut
3167 4261 3250 4314 vel
3263 4276 3326 4315 ex
3345 4275 3430 4316 as-

1851 4353 2101 4407 siduitate
2128 4367 2310 4422 parum
2329 4351 2453 4422 quid
2474 4351 2784 4406 elliciamus.
2799 4351 2923 4406 llaec
2939 4351 3186 4418 dicimus,
3203 4367 3307 4407 non
3323 4362 3428 4408 tam

1851 4462 2035 4502 eorum
2065 4445 2256 4514 quibus
2278 4445 2413 4500 bene
2440 4448 2517 4511 lit,
2549 4460 2705 4516 quam
2727 4445 2888 4499 vestri
2928 4459 3110 4499 curam
3139 4454 3386 4515 gerentes
3415 4464 3429 4498 :

1853 4554 1972 4592 nam
1998 4538 2102 4592 illis
2123 4537 2337 4608 quidem
2355 4552 2415 4591 ea
2434 4552 2553 4606 quae
2577 4536 2662 4590 hic
2677 4544 2804 4590 sunt
2821 4535 2986 4600 datis;
3005 4533 3237 4589 caelestia
3254 4542 3434 4590 autem

1852 4629 2121 4698 accipitis:
2146 4643 2264 4698 quae
2285 4629 2439 4682 nobis
2459 4627 2706 4681 omnibus
2727 4626 2880 4680 detur
2900 4625 3174 4695 consequi,
3191 4625 3358 4694 gratia
3380 4634 3437 4681 et

1855 4719 2182 4790 benignitate
2196 4718 2408 4773 Domini
2432 4719 2597 4772 nostri
2620 4715 2748 4772 Jesu
2774 4715 3128 4779 Cliristi,cum
3155 4729 3262 4785 quo
3290 4714 3434 4770 Patri

1856 4827 1958 4865 una
1981 4827 2100 4865 eum
2115 4819 2300 4865 sancto
2315 4810 2518 4879 Spiritu
2533 4809 2723 4879 gloria,
2739 4807 2929 4874 honor,
2947 4807 3226 4876 imperium
3239 4816 3293 4862 et
3306 4806 3435 4863 ado-

1860 4903 2014 4970 ratio,
2036 4916 2177 4958 nunc
2195 4911 2248 4958 et
2270 4913 2504 4972 semper,
2519 4908 2572 4955 et
2599 4899 2652 4954 in
2672 4898 2865 4955 saecula
2887 4897 3226 4955 saeculorum.
3243 4899 3431 4954 Amen.
