3926 6406
553 355 658 411 219

1306 346 1363 400 S.
1402 342 1680 398 JUANNIS
1709 337 2178 396 CIIBYSOSTOMI
2218 336 2535 395 ARCIHEP.
2575 339 3109 398 CONSTANTINOP.

575 470 3303 496 Μὴ*-

1846 535 2189 597 HOMILIA
2228 533 2502 596 XXXII.

562 694 692 750 Cn.
730 692 814 746 12.
864 705 916 743 v.
965 688 1051 743 18.
1082 686 1205 741 Νοη
1244 686 1376 740 enim
1413 684 1687 737 accessistis
1723 682 1791 734 ad
1827 680 2135 733 tractabilem

634 792 870 841 montem,
890 788 937 833 et
957 776 1304 830 accensibilem
1330 776 1518 843 ignem,
1543 782 1588 825 et
1615 772 1862 824 turbinem
1885 780 1930 822 et
1951 768 2135 838 caligi-

634 887 747 928 nem
762 881 810 925 et
832 868 1127 938 procellam,
1154 866 1239 920 19.
1266 874 1310 918 et
1333 865 1463 917 tubae
1482 879 1681 925 sonum,
1706 870 1752 913 et
1776 876 1941 914 vocem
1962 858 2139 911 verbo-

633 981 770 1029 rum,
785 978 935 1033 quant
957 960 1043 1030 qui
1062 959 1352 1022 audierunt,
1372 963 1729 1031 excusaverunt
1749 969 1802 1006 se
1822 968 1884 1004 ne
1906 951 1977 1004 eis
1998 950 2137 1017 fieret

633 1058 856 1110 uerbum.
879 1052 969 1108 ΞΟ.
988 1049 1101 1104 Non
1119 1049 1248 1103 enim
1267 1045 1533 1116 portabant
1551 1043 1685 1114 quod
1701 1042 1992 1095 dicebatur:
2014 1040 2078 1094 Et
2092 1040 2138 1094 si

637 1145 790 1200 bestia
807 1140 1017 1212 tetigerit
1036 1148 1271 1203 montem,
1299 1135 1627 1203 lapidabitur.
1674 1133 1765 1187 21.
1787 1132 1853 1184 Et
1876 1133 1970 1197 (ita
1992 1133 2138 1185 terri-

634 1235 732 1290 bile
745 1242 850 1288 erat
862 1230 997 1300 quod
1007 1228 1286 1295 videbatur)
1302 1226 1501 1295 Moyses
1514 1223 1953 1289 dixit,Ea:territus
1968 1231 2137 1275 sumet

636 1320 986 1380 tremebundus
1019 1319 1142 1374 :22.
1162 1321 1253 1372 sed
1269 1315 1545 1369 accessistis
1575 1314 1643 1366 ad
1678 1313 1805 1367 Sion
1837 1324 2055 1366 montem
2088 1321 2137 1366 et

632 1419 880 1473 civitatem
893 1413 987 1466 Dei
1004 1406 1516 1474 viventis,.lerusalem
1529 1405 1793 1467 ccelestem,
1808 1415 1853 1459 et
1869 1403 2136 1457 multorum

548 1560 551 1563 λ
634 1508 853 1563 millium
869 1504 1159 1574 angelorum
1178 1496 1673 1567 frequentiam,25.et
1688 1492 1973 1546 Ecclesium
1984 1495 2138 1563 primi

634 1603 847 1655 tivorum
859 1597 942 1667 qui
956 1592 1226 1660 conscripti
1240 1600 1355 1644 sunt
1372 1589 1424 1642 in
1438 1588 1593 1648 cadis,
1611 1596 1655 1640 et
1667 1586 1891 1655 judicent
1912 1586 2136 1638 omniunt

634 1692 818 1752 Deum,
837 1697 884 1740 et
903 1685 1109 1753 spiritus
1125 1683 1384 1753 justorum
1410 1681 1764 1748 perfectorum,
1792 1674 1881 1733 24.
1899 1685 1946 1729 et
1964 1676 2134 1729 Testa-

633 1781 786 1836 menti
814 1778 930 1832 novi
956 1775 1279 1829 ntediatorem
1297 1771 1501 1833 Iesum,
1527 1776 1571 1821 et
1601 1768 1863 1837 sanguinis
1885 1766 2136 1835 aspersio-

633 1890 747 1929 stem
771 1871 948 1926 ntelius
974 1869 1255 1937 loquentem
1282 1878 1433 1934 quant
1458 1859 1600 1915 Abel.

642 2036 695 2091 1.
736 2037 900 2087 Μαίη
941 2027 1154 2099 quidem
1197 2023 1248 2078 in
1297 2021 1497 2089 templo
1545 2016 1911 2080 admirabilia,
1962 2024 2146 2070 sancta

571 2130 916 2183 sanctorum;
947 2124 1103 2171 erant
1148 2126 1334 2167 rursus
1379 2108 1635 2164 terribilia
1667 2108 1826 2161 etiam
1871 2108 1984 2162 Iuno
2027 2122 2146 2174 qua:

572 2218 709 2269 facta
755 2219 880 2265 sunt
926 2207 977 2261 in
1022 2213 1202 2259 monte
1245 2201 1413 2262 Siuai,
1461 2200 1616 2268 ignis,
1663 2199 1916 2262 tenebrae,
1952 2198 2143 2267 caligo,

572 2304 804 2376 procella
858 2315 873 2352 :
902 2296 1061 2353 Visus
1091 2305 1170 2351 est
1199 2294 1363 2355 enim,
1394 2291 1581 2360 inquit,
1611 2290 1748 2342 Deus
1781 2287 1831 2341 in
1864 2288 2006 2341 Sinai
2052 2301 2145 2355 per

574 2375 770 2466 ignem,
817 2388 1103 2463 procellam
1148 2396 1201 2439 et
1238 2384 1515 2453 caliginem
1556 2378 1748 2450 (Exod.
1764 2375 2144 2441 c.19;etDeat.

573 2490 627 2545 5.
656 2487 772 2555 2'2).
802 2482 1004 2537 Novum
1037 2488 1214 2532 autem
1244 2474 1644 2529 Testamentum
1688 2485 1811 2525 cum
1854 2469 2000 2525 nullo
2047 2469 2146 2523 bo-

576 2594 693 2636 rum
723 2577 903 2631 datum
931 2580 1034 2635 est,
1076 2566 1171 2623 sed
1198 2565 1378 2621 datum
1414 2562 1511 2616 fuit
1547 2576 1577 2614 a
1603 2558 1816 2615 Christo
1842 2560 1893 2613 iu
1922 2560 2147 2628 simplici

573 2681 844 2728 sermone.
875 2660 1009 2717 Vide
1047 2672 1176 2727 ergo
1213 2652 1485 2725 quomodo
1516 2651 1705 2706 horum
1750 2665 1961 2721 quoque
1992 2648 2150 2704 faciat

572 2754 1029 2827 comparationem
1076 2765 1092 2813 ;
1142 2755 1198 2801 et
1248 2760 1310 2799 ea
1364 2743 1553 2798 merito
1601 2741 1778 2812 posuit
1830 2740 2145 2809 posteriora.

574 2852 706 2913 Nam
733 2843 946 2917 quando
973 2840 1050 2895 eis
1073 2835 1338 2908 persuasit
1364 2849 1457 2903 per
1480 2830 1913 2895 innumerabilia,
1936 2830 2149 2899 quando

573 2946 734 3000 etiam
785 2934 1018 2991 ostendit
1064 2929 1189 3001 quid
1236 2926 1446 2982 intersit
1472 2924 1610 2979 inter
1639 2934 1925 2993 utrumque
1959 2924 2150 2979 Testa-

572 3042 812 3089 mentum
838 3043 851 3079 :
878 3038 1000 3078 tunc
1029 3036 1095 3076 eo
1126 3018 1273 3089 prius
1304 3015 1610 3084 reprobato,
1636 3013 1828 3068 deinde
1859 3013 2008 3068 facile
2035 3013 2150 3067 haec

573 3136 785 3195 quoque
812 3113 1115 3188 aggreditur
1144 3129 1155 3163 :
1187 3117 1242 3163 et
1281 3106 1406 3178 quid
1431 3105 1601 3161 dicit?
1629 3103 1750 3159 Non
1775 3104 1905 3159 enim
1930 3105 2147 3157 accessi.

571 3216 661 3270 stis
687 3211 755 3264 ad
781 3202 1088 3262 tractabilem
1115 3208 1332 3253 montem
1374 3206 1421 3249 et
1450 3211 1712 3249 accensum
1743 3195 1929 3263 ignem,
1960 3204 2005 3247 et
2038 3204 2149 3247 tur-

572 3305 765 3365 binem,
807 3304 855 3351 et
890 3292 1190 3363 caliginem,
1214 3297 1261 3340 et
1290 3286 1598 3356 procellam,
1630 3293 1678 3338 et
1705 3283 1837 3338 tuba:
1859 3300 2069 3349 sonum,
2102 3293 2149 3336 et

572 3406 739 3451 uocem
758 3385 1017 3442 verborum
1042 3422 1057 3447 ,
1086 3394 1236 3451 quant
1261 3377 1347 3446 qui
1373 3374 1675 3438 audierunt,
1704 3383 2057 3427 recusaverunt
2084 3391 2147 3428 ne

574 3488 647 3523 ets
676 3476 950 3523 adderetur
976 3469 1196 3522 verbum.
1228 3465 1349 3521 Non
1377 3468 1510 3520 enim
1544 3469 1816 3536 portabant
1841 3468 1978 3536 quod
2022 3464 2156 3518 dice-

577 3561 723 3613 batur
752 3574 771 3613 :
802 3565 871 3611 ιιι
899 3559 943 3611 si
968 3557 1125 3610 bestia
1152 3557 1366 3627 tetigerit
1393 3565 1632 3618 montem,
1667 3555 2001 3623 lapidabitur.
2034 3553 2157 3608 llzec

578 3659 722 3715 sunt,
752 3648 941 3717 inquit,
975 3647 1251 3712 terribilia,
1272 3632 1325 3699 et
1345 3646 1478 3700 adeo
1502 3644 1760 3699 terribilia
1781 3654 2025 3714 utncque
2054 3642 2159 3697 fer-

578 3748 701 3793 rent
718 3738 1069 3803 auditionem,
1092 3753 1264 3806 neque
1290 3736 1457 3790 bestia
1478 3735 1699 3790 auderet
1719 3735 2028 3789 ascendere.
2051 3734 2157 3789 Sed

581 3846 688 3883 non
709 3829 985 3883 erantth
999 3829 1142 3893 talia,
1158 3827 1331 3896 qualia
1350 3842 1467 3896 quae
1485 3836 1664 3895 postea
1678 3836 1798 3881 sunt
1812 3837 2154 3896 consequuta:

581 3921 707 3990 quid
727 3921 868 3974 enim
887 3919 1034 3974 Sinai
1056 3919 1122 3972 ad
1138 3920 1324 3973 catlum
1345 3920 1368 3970 ἲ
1388 3919 1511 3987 quid
1534 3919 1669 3988 ignis
1685 3920 2077 3973 contrectabilis
2092 3920 2159 3973 ad

583 4012 752 4065 Deum
797 4011 885 4079 qui
917 4025 1019 4063 non
1048 4018 1221 4078 potest
1247 4009 1610 4064 contrectari?
1634 4007 1773 4063 Deus
1797 4011 1938 4064 enim
1968 4020 2157 4074 noster,

584 4103 774 4171 inquit,
798 4111 870 4155 est
897 4102 1027 4171 ignis
1046 4117 1343 4155 consumens
1362 4099 1546 4171 (Hebr.
1572 4100 1658 4155 12.
1686 4102 1798 4172 11).
1823 4101 2049 4157 Terrore
2066 4117 2161 4155 au-

585 4206 692 4249 tem
723 4195 881 4249 fuisse
909 4196 1060 4264 plena
1079 4210 1195 4262 qua:
1225 4192 1277 4247 in
1306 4203 1487 4247 monte
1502 4202 1649 4264 gesta
1668 4202 1811 4256 sunt,
1836 4208 1900 4248 ex
1926 4194 1991 4247 iis
2018 4203 2160 4262 patet

585 4299 704 4353 qua:
722 4283 969 4338 dicebant
989 4302 1001 4336 :
1021 4282 1102 4336 Ne
1126 4285 1359 4353 loquatur
1385 4284 1523 4337 nobis
1544 4282 1698 4345 Deus,
1714 4284 1801 4337 sed
1825 4284 2055 4353 loquatur
2073 4300 2160 4337 no—

586 4376 661 4429 bis
699 4373 899 4446 Moyses
929 4372 1122 4443 (Exod.
1152 4374 1241 4429 ‘20.
1272 4374 1381 4443 19).
1446 4375 1566 4429 Νοη
1596 4380 1863 4445 portabant
1887 4377 2049 4440 enim,
2084 4377 2162 4429 iu-

584 4465 717 4533 quit,
765 4464 899 4535 quod
943 4454 1203 4518 dicebatur
1246 4481 1263 4518 :
1305 4465 1370 4519 Et
1409 4467 1452 4519 si
1492 4467 1647 4520 bestia
1678 4468 1893 4537 tetigerit
1922 4477 2160 4533 montem,

587 4555 914 4625 lapidabitur.
968 4554 1035 4609 Et
1083 4556 1198 4623 (ita
1248 4556 1466 4610 terribile
1517 4568 1622 4611 erat
1665 4558 1799 4628 quod
1850 4557 2157 4627 dicebatur)

585 4645 787 4716 Moyses
832 4647 981 4713 dixit,
1030 4644 1314 4701 Exterritus
1358 4665 1468 4703 sum
1517 4660 1563 4702 et
1610 4650 1979 4704 tremebundus.
2028 4652 2163 4718 Quid

586 4737 777 4791 mirum
835 4752 931 4807 pro
984 4739 1183 4808 popqu
1238 4738 1361 4792 talia
1412 4755 1532 4794 eum
1592 4754 1807 4809 passum
1862 4757 1982 4796 esse
2026 4742 2162 4807 dici,

587 4829 800 4896 quando
845 4830 960 4899 ipse
1003 4830 1093 4899 qui
1142 4830 1412 4900 ingressus
1443 4844 1553 4885 erat
1584 4833 1862 4902 caliginem
1885 4876 1898 4896 ,
1935 4836 2018 4888 ubi
2049 4850 2165 4891 erat

594 4919 752 4983 Deus,
799 4919 991 4987 inquit;
1044 4919 1327 4975 Exterritus
1371 4939 1484 4975 sum
1532 4933 1578 4975 et
1619 4924 2020 4979 tremebundus?
2062 4927 2167 4982 Sed

588 5008 865 5061 accessistis
891 5009 958 5061 ad
985 5019 1202 5064 montem
1231 5010 1380 5077 Sion,
1419 5023 1463 5066 et
1504 5014 1750 5068 civitatem
1785 5013 1884 5069 Dei
1926 5017 2131 5071 viventis
2150 5060 2165 5085 ,

590 5095 874 5152 Jerusalem
915 5098 1180 5162 crelestem,
1222 5109 1269 5153 et
1315 5101 1592 5156 ntultorunt
1632 5103 1847 5158 millium
1873 5108 2170 5176 angelorum

593 5189 949 5261 frequentiam,
994 5201 1041 5245 et
1066 5187 1343 5246 Ecclesium
1372 5196 1738 5261 primitivorum
1779 5200 1865 5268 qui
1899 5200 2170 5270 conscripti

601 5282 789 5336 suntin
812 5282 966 5345 cazlis,
1000 5293 1043 5336 et
1062 5284 1290 5352 judicem
1316 5287 1539 5340 omnium
1566 5287 1747 5356 Deum,
1776 5301 1822 5343 et
1852 5292 2059 5359 spiritus
2076 5295 2169 5362 ju-

595 5382 789 5426 storum
816 5372 1239 5442 perfectorum,et
1260 5374 1557 5431 Testamenti
1583 5380 1697 5433 novi
1724 5382 2051 5437 mediatorem
2082 5382 2174 5437 le-

520 5516 527 5523 ,
595 5479 740 5528 sum,
769 5471 814 5516 et
840 5464 1103 5533 sanguinis
1131 5467 1475 5533 aspersionem
1504 5469 1683 5525 melius
1714 5471 1996 5539 loquentem
2020 5491 2175 5544 quam

596 5554 740 5608 Abel.
773 5554 979 5609 Videsis
1014 5571 1110 5624 per
1134 5567 1359 5626 quantas
1396 5574 1484 5614 res
1509 5560 1880 5617 excellentiam
1915 5566 2039 5620 novi
2073 5564 2176 5621 Te-

588 5647 846 5702 .stamenti
871 5662 1031 5718 supra
1052 5658 1207 5703 vetus
1225 5651 1477 5707 ostendit.
1496 5651 1737 5723 Namque
1759 5671 1854 5725 pro
1876 5655 2174 5712 Jerusalem

599 5744 877 5808 terrestri,.
898 5749 1054 5800 datur
1091 5746 1387 5804 Jerusalem
1415 5749 1647 5805 cailestis
1675 5766 1689 5815 ;
1716 5751 2003 5806 Accessisn’s
2033 5755 2175 5808 enim

599 5833 665 5887 ad
710 5835 959 5893 civitatem
1012 5837 1106 5895 Dei
1158 5840 1381 5907 virentis,
1430 5840 1715 5900 Jerusalem
1760 5844 2007 5901 ca'lestent
2036 5862 2053 5901 .'
2083 5862 2178 5916 pro

2234 676 2416 747 Moyse
2443 684 2524 731 est
2546 675 2736 739 Jesus;
2760 670 2826 725 Et
2848 669 3162 732 Testamenti,
3191 666 3359 736 inquit
3378 707 3391 728 ,
3419 664 3523 719 nari
3544 666 3737 718 umliato-

2239 783 2346 822 rem
2371 766 2549 822 .lesum
2575 781 2593 820 :
2618 780 2715 835 pro
2756 762 2950 832 populo
2974 762 3145 831 angeli
3175 773 3398 823 omnes;
3431 756 3741 810 El'mlllomtt

2240 857 2532 927 angelorum
2560 854 2921 927 frequentiam,
2966 852 3157 921 inquit.
3202 850 3463 916 Quasnam
3508 846 3744 915 primitims

2239 957 2500 1025 iniungit,
2530 970 2653 1009 cum
2683 955 2833 1019 dicit,
2856 955 2920 1008 Et
2939 953 3214 1007 Ecclesium
3244 950 3622 1019 primitirorum.’
3648 951 3742 1005 Om.

2238 1063 2331 1101 nes
2361 1046 2591 1100 ﬁdelium
2624 1044 2837 1098 choros.
2870 1043 3096 1096 Eosdem
3119 1042 3279 1095 etiam
3307 1040 3515 1108 spiritus
3535 1040 3740 1108 jUSll'ﬂlm

2241 1139 2597 1209 pexiectorum
2630 1145 2805 1190 vocat.
2836 1134 2911 1189 Ne
2937 1134 3114 1202 itaque
3143 1146 3283 1200 :egre
3313 1130 3488 1184 feratis
3517 1151 3529 1183 :
3557 1128 3667 1182 Cum
3685 1132 3744 1184 luis

2238 1228 2407 1293 eritis,
2440 1228 2627 1296 inquit.
2651 1224 2787 1292 Quid
2809 1232 2891 1278 est
2918 1221 3056 1292 quod
3078 1221 3206 1275 dicit
3230 1238 3244 1274 :
3273 1219 3336 1272 Et
3352 1220 3593 1288 sanguinis
3610 1236 3743 1287 asper-

2239 1320 2430 1372 sitttent
2475 1316 2658 1369 melius
2704 1314 2988 1384 loquentem
3032 1326 3181 1379 quam
3221 1309 3392 1362 Abel?
3432 1310 3623 1377 sanguis
3653 1326 3747 1378 etgo

2240 1411 2420 1465 Abelis
2451 1410 2699 1478 loquutus
2741 1405 2861 1459 est?
2889 1403 3081 1466 Certe;
3111 1410 3162 1455 et
3188 1398 3475 1469 quomodo,
3505 1398 3611 1451 audi
3644 1398 3745 1452 Pau-

2242 1501 2348 1555 lum
2393 1499 2655 1552 dicentem
2691 1512 2704 1548 :
2742 1493 2872 1547 Fide
2911 1492 3183 1562 plurimam
3231 1490 3446 1543 hostiam
3490 1487 3598 1540 Abel
3638 1505 3749 1557 quam

2242 1591 2366 1646 Cain
2394 1588 2591 1651 obtulit,
2624 1603 2712 1657 per
2731 1601 2881 1654 quam
2908 1581 3241 1636 testimonium
3267 1590 3585 1646 consequutus
3601 1590 3752 1632 estesse

2232 1682 2447 1752 justus;
2482 1687 2529 1731 et
2575 1692 2664 1747 per
2701 1676 2843 1728 illaut
2879 1674 3149 1743 defunctus
3178 1672 3347 1723 adhuc
3374 1669 3580 1738 loquitur
3609 1668 3749 1735 (Hebr.

2244 1771 2328 1824 11.
2358 1767 2417 1840 4)
2442 1783 2456 1832 ;
2481 1777 2535 1823 et
2562 1780 2748 1821 rursus
2768 1763 2896 1819 dicit
2923 1763 3059 1816 Deus
3085 1777 3098 1812 :
3135 1754 3243 1813 νόω
3266 1760 3520 1828 sanguinis
3540 1759 3685 1826 [miris
3702 1763 3753 1811 nti

2242 1866 2430 1917 clamat
2469 1859 2539 1913 ad
2562 1875 2641 1913 nte
2669 1857 2819 1929 (Gen.
2848 1856 2903 1911 1.
2942 1853 3054 1925 10).
3083 1853 3190 1909 Aut
3216 1851 3318 1905 hoc
3345 1865 3471 1920 ergo
3496 1849 3751 1914 dicendum,

2242 1962 2335 2006 aut
2361 1949 2512 2017 illud,
2538 1928 2685 2019 quod
2707 1948 2881 2021 adhuc
2909 1928 3049 1999 nt‘mc
3076 1943 3427 2006 decantatur;
3466 1941 3553 1995 sed
3593 1956 3676 1994 non
3706 1944 3753 1995 its

2244 2052 2307 2098 ut
2348 2042 2563 2111 sanguis
2606 2040 2845 2095 Christi:
2893 2038 2981 2093 hic
3023 2037 3167 2092 enim
3197 2049 3390 2089 omnes
3430 2032 3690 2093 inundavit,
3718 2044 3756 2086 cl

2243 2131 2664 2204 Splendidiorem
2689 2128 2885 2183 emittit
2898 2138 3082 2182 vocem
3098 2130 3153 2177 et
3169 2125 3624 2195 signiﬁcantiorent
3645 2166 3656 2186 ,
3682 2140 3756 2191 quo

2240 2223 2419 2291 majus
2444 2221 2606 2276 habet
2623 2218 2765 2290 quod
2789 2233 2884 2288 per
2907 2232 2992 2271 res
3018 2216 3187 2270 fertur
3207 2214 3584 2270 testimonium.
3606 2214 3678 2266 ΞΒ.
3704 2213 3757 2264 l'i-

2247 2324 2358 2369 dele
2386 2331 2448 2369 ne
2473 2313 2709 2368 recusetis
2729 2310 3030 2380 loquentem.
3054 2306 3114 2362 Si
3135 2307 3266 2360 enim
3291 2306 3372 2360 illi
3397 2321 3497 2358 non
3516 2303 3755 2374 eﬂ'ugmnr,

2247 2415 2533 2460 recusantes
2556 2419 2669 2457 eum
2697 2403 2780 2472 qui
2811 2416 2966 2470 supra
3007 2408 3189 2452 terram
3229 2396 3441 2451 oracula
3487 2395 3757 2463 loquebatur:

2248 2495 2406 2549 multo
2433 2493 2591 2564 magis
2620 2508 2731 2557 nos,
2771 2490 2857 2559 qui
2895 2489 2959 2544 de
2997 2488 3134 2543 ctelis
3162 2487 3449 2556 loquentent
3477 2487 3605 2539 nobis
3627 2488 3759 2538 auerti-

2249 2602 2380 2641 mus.
2426 2584 2517 2639 26.
2565 2582 2723 2652 Cujus
2763 2596 2860 2635 vox
2893 2580 3045 2633 movit
3072 2589 3258 2632 terram
3285 2588 3409 2631 tunc
3439 2592 3460 2633 :
3491 2593 3615 2631 nunc
3642 2588 3762 2628 autem

2248 2676 2551 2746 repromittit
2576 2716 2591 2739 ,
2620 2675 2791 2727 dicens
2814 2688 2833 2726 :
2876 2671 3060 2724 Adhuc
3100 2671 3269 2734 semel,
3301 2680 3352 2724 et
3378 2686 3469 2740 ego
3494 2670 3672 2723 movebo
3694 2687 3762 2722 non

2248 2768 2413 2824 solum
2456 2777 2661 2831 terram,
2687 2765 2774 2820 sed
2813 2774 2861 2818 et
2887 2764 3086 2818 caelum.
3116 2762 3205 2816 27.
3238 2761 3392 2828 Quod
3433 2772 3608 2825 autem,
3632 2762 3763 2813 Adhuc

2250 2858 2423 2923 semel,
2452 2859 2592 2922 dicit,
2612 2857 2835 2911 declarat
2868 2855 3128 2910 mobilium
3155 2854 3540 2908 translationem
3566 2862 3760 2919 tamquam

2251 2950 2522 3021 factorum,
2548 2958 2604 3002 ut
2630 2956 2867 3002 ntaneant
2903 2963 2962 3000 ea
2984 2962 3097 3013 quae
3121 2955 3241 3000 sunt
3266 2945 3564 2998 immobilia.
3591 2942 3765 2998 28.1m-

2251 3058 2350 3113 que
2389 3057 2601 3113 regnum
2627 3039 2878 3093 immobile
2902 3038 3223 3106 suscipientes
3241 3079 3255 3102 ,
3286 3038 3560 3090 habeamus
3585 3036 3763 3106 gratiam.

2164 3182 2169 3189 .
2254 3150 2345 3205 per
2366 3149 2517 3202 quam
2547 3132 2823 3186 serviamus
2852 3132 3101 3198 placentes
3144 3128 3251 3181 Deo
3279 3144 3401 3180 cum
3440 3139 3568 3179 metu
3602 3137 3643 3180 et
3672 3142 3767 3177 rere-

2253 3225 2437 3278 rentia.
2466 3222 2560 3278 29.
2596 3220 2796 3275 Etenim
2833 3218 2963 3274 Deus
3010 3230 3180 3273 noster
3223 3220 3360 3289 ignis
3391 3234 3668 3271 consumens
3699 3228 3765 3267 cst.

2253 3312 2534 3370 Terribilia
2563 3321 2687 3367 sunt
2718 3312 2840 3375 illa;
2887 3309 2981 3365 sed
3014 3310 3179 3363 multo
3210 3308 3325 3362 haec
3355 3307 3713 3362 admirabilior:
3733 3316 3769 3356 et

2257 3406 2595 3479 praeclariora
2628 3423 2641 3458 :
2674 3418 2778 3458 non
2805 3412 2929 3457 sunt
2957 3402 3100 3457 enim
3135 3400 3375 3455 tenebras
3407 3400 3511 3465 hic,
3544 3414 3691 3468 neque
3710 3414 3770 3449 ca-

2257 3500 2382 3571 ligo,
2406 3512 2580 3569 neque
2622 3497 2878 3567 procella,
2912 3505 2969 3549 ut
2998 3494 3126 3549 illic.
3163 3494 3228 3548 Et
3256 3509 3356 3548 cur
3390 3503 3515 3548 tunc
3559 3493 3677 3547 Deus
3706 3505 3770 3559 per

2255 3593 2431 3662 ignem
2460 3590 2608 3665 visus
2636 3588 2756 3643 est?
2785 3588 2882 3642 Per
2913 3587 2998 3640 illa
3033 3586 3163 3640 mihi
3204 3584 3421 3640 videtur
3446 3585 3593 3639 tacite
3617 3583 3771 3651 signiti-

2255 3696 2381 3736 care
2401 3680 2596 3735 veteris
2621 3677 2944 3733 Testamenti
2975 3676 3378 3740 obscuritatem,
3407 3674 3665 3743 legemque
3686 3686 3770 3725 esse

2259 3772 2623 3827 adumbratam
2646 3778 2700 3824 et
2727 3780 3002 3839 opertam:
3036 3776 3290 3836 praeterea
3320 3765 3485 3819 etiam
3513 3774 3565 3817 ttt
3584 3762 3772 3816 ostendat

2258 3862 2400 3933 quod
2426 3862 2704 3931 legislator
2728 3874 2849 3914 esse
2877 3858 3069 3913 debeat
3098 3857 3377 3922 terribilis,
3408 3866 3463 3911 et
3487 3872 3604 3910 acer
3628 3856 3671 3908 in
3704 3869 3770 3920 μισ

2267 3954 2475 4008 niendis
2508 3953 2571 4005 iis
2600 3953 2687 4020 qui
2716 3950 3050 4019 delinquunt.

2332 4046 2385 4098 ‘2.
2402 4046 2536 4112 Quid
2559 4062 2685 4101 vero
2710 4048 2847 4101 tuba!
2864 4048 3109 4102 sonitus?
3131 4047 3339 4112 Merito,
3362 4058 3543 4116 utpote
3566 4062 3669 4101 cum
3690 4044 3769 4113 qni-

2261 4136 2382 4190 dam
2407 4152 2496 4190 rex
2517 4137 2674 4191 adsit.
2696 4139 2806 4192 lloc
2821 4138 3033 4207 quidem
3052 4147 3199 4193 certe
3220 4139 3323 4192 erit
3350 4139 3513 4192 etiam
3532 4138 3580 4191 in
3596 4131 3771 4189 secundo

2263 4225 2539 4281 adventu:
2580 4227 2723 4280 Tuba
2748 4237 2913 4292 canet,
2941 4227 3145 4297 inquit,
3194 4238 3241 4281 et
3288 4245 3465 4281 omnes
3508 4225 3769 4280 excitabitur

2266 4314 2342 4386 (1.
2371 4316 2488 4369 Cor.
2518 4318 2603 4371 15.
2634 4317 2748 4387 52).
2780 4318 2958 4387 Itaque
2986 4334 3051 4372 ex
3080 4319 3275 4373 virtute
3320 4319 3415 4373 Dei
3457 4319 3556 4372 erit
3589 4317 3768 4370 omnium

2265 4408 2608 4461 resurrectio.
2657 4409 2765 4461 Vox
2813 4418 2991 4463 autem
3024 4408 3163 4463 tubae
3206 4409 3340 4464 nihil
3372 4410 3514 4464 aliud
3552 4407 3769 4477 signiﬁcat

2264 4511 2422 4565 quam
2450 4497 2589 4566 quod
2612 4513 2802 4552 omnes
2832 4507 3078 4568 Oporteat
3108 4513 3412 4568 resurgere.
3435 4500 3538 4555 Sed
3569 4508 3673 4551 tunc
3692 4509 3771 4548 om-

2266 4587 2353 4640 nia
2382 4587 2469 4639 illa
2494 4599 2647 4641 erant
2673 4588 2912 4648 sensilia.
2938 4598 2993 4643 et
3021 4590 3348 4657 spectacula,
3382 4600 3440 4645 et
3463 4604 3611 4644 voces
3630 4587 3769 4656 (Exod.

2259 4676 2407 4745 c.19)
2434 4694 2584 4747 :quae
2599 4697 2725 4735 vero
2747 4689 2954 4747 postea,
2988 4680 3167 4733 omnia
3196 4680 3551 4751 intelligibilia
3574 4690 3623 4734 et
3644 4676 3771 4731 invisi-

2264 4771 2407 4828 bilia.
2436 4774 2607 4840 Atque
2632 4772 2897 4841 signiﬁcat
2922 4772 3061 4841 ignis
3088 4773 3209 4842 quia
3233 4773 3374 4828 Deus
3398 4774 3531 4843 ignis
3552 4782 3653 4827 est:
3674 4767 3771 4821 Dm

2264 4863 2394 4914 enim
2423 4872 2614 4926 noster,
2638 4863 2826 4930 inquit,
2852 4863 2985 4933 ignis
3009 4879 3307 4917 consumens
3328 4874 3400 4918 est
3424 4880 3442 4917 :
3466 4864 3623 4931 caligo
3645 4867 3773 4913 autem

2262 4962 2319 5007 et
2348 4954 2585 5007 tenebrae
2628 4963 2683 5007 et
2713 4952 2889 5006 fumus
2914 4968 3100 5008 rursus
3128 4953 3419 5007 ostendunt
3446 4968 3554 5007 rem
3582 4965 3681 5006 esse
3699 4957 3773 5001 tu.

2266 5045 2497 5098 ribilem.
2526 5044 2616 5099 Sic
2636 5045 2795 5099 etiam
2827 5044 2956 5098 dicit
2984 5044 3147 5099 Isaias
3179 5063 3191 5097 :
3227 5044 3295 5098 Et
3320 5046 3498 5099 domus
3532 5041 3703 5111 impleta
3723 5046 3773 5089 cst

2266 5137 2405 5207 fumo
2422 5133 2570 5204 (lsai.
2591 5134 2645 5188 6.
2664 5134 2740 5203 4).
2758 5134 2821 5188 Ει
2842 5133 2966 5204 quid
2990 5122 3108 5189 sibi.
3130 5134 3236 5187 vult
3263 5134 3531 5203 procella?
3552 5132 3722 5200 Pigrqu
3738 5135 3773 5177 et

2265 5230 2511 5298 ignavum
2534 5240 2654 5280 esse
2676 5240 2843 5295 genus
2870 5228 3157 5280 humanum
3179 5226 3490 5294 :oportebat
3509 5237 3623 5293 ergo
3646 5222 3769 5289 ipsum

2266 5318 2351 5371 bis
2379 5316 2619 5370 excitari.
2642 5314 2826 5369 Nullus
2851 5316 2993 5369 enim
3017 5324 3134 5370 erat
3176 5316 3310 5371 adeo
3344 5316 3509 5369 hebes
3531 5323 3580 5368 et
3612 5308 3765 5367 tardas.

2266 5408 2355 5477 qui
2386 5422 2491 5461 non
2517 5416 2751 5460 mentem
2781 5420 2990 5459 sursum
3032 5405 3301 5460 attolleret
3328 5420 3448 5458 cum
3478 5404 3586 5458 haec
3612 5401 3769 5454 ﬁerent.

2266 5513 2385 5552 cum
2412 5496 2557 5565 leges
2580 5495 2863 5549 ferrentur.
2878 5494 3089 5566 Moyses
3114 5494 3463 5564 loquebatur;
3488 5493 3618 5548 Deus
3629 5488 3670 5545 ei
3681 5498 3772 5539 rore

2267 5588 2620 5658 respondebat
2640 5606 2651 5641 :
2670 5587 2948 5657 oportebat
2962 5588 3104 5643 enim
3126 5588 3218 5643 Dei
3236 5586 3458 5657 proferri
3471 5579 3773 5646 voceanW‘

2267 5679 2407 5731 niam
2433 5693 2527 5746 per
2552 5677 2786 5746 Moyseut
2815 5687 2932 5730 erat
2956 5676 3126 5746 legem
3153 5676 3374 5740 laturus,
3402 5681 3659 5745 propterea
3680 5678 3767 5720 eum

2268 5770 2395 5822 facit
2447 5768 2550 5821 lide
2604 5769 2845 5836 dignum.
2906 5766 3022 5821 Non
3074 5766 3325 5821 videbant
3376 5766 3543 5835 ipsum
3605 5765 3768 5830 propter

2269 5858 2586 5927 caliginem,
2638 5873 2742 5915 non
2802 5857 3087 5915 audiebant
3141 5858 3311 5930 ipsum
3369 5864 3575 5929 propter
3628 5858 3767 5904 νοεεω
