3926 6406
151 393 232 450 Sil

142 489 373 562 gracilem.
411 482 543 548 Quid
587 484 752 552 ergo?
799 483 939 538 Deus
989 485 1284 555 respondit,
1329 502 1459 542 voce
1509 490 1659 557 quasi

143 579 354 652 populum
378 574 649 642 alloquens
676 584 733 629 et
772 575 1014 630 efﬁciens
1041 587 1096 631 ut
1127 578 1272 648 leges
1301 578 1530 634 audiret.
1556 580 1657 635 Sed

100 671 108 681 “
143 676 287 742 priora
323 673 656 736 repetamus:
686 665 808 719 Non
854 667 988 720 enim
1027 671 1304 724 accessistis
1350 672 1418 724 ad
1444 683 1662 727 ntontem

138 759 421 820 tractabilem,
435 766 478 808 et
498 772 761 809 accensum
777 759 963 826 ignem,
980 768 1024 812 et
1043 761 1172 814 tuba:
1184 763 1421 828 sonitum,
1435 773 1480 816 et
1498 779 1662 818 vocem

140 854 375 907 verborum,
402 863 547 916 quam
569 848 654 916 qui
690 849 962 902 audierunt
987 862 1344 905 excusaveruut
1368 870 1439 917 se,
1470 854 1661 923 inquit,

137 961 185 996 ue
205 943 265 994 eis
288 941 416 1007 ﬁeret
445 937 663 990 uerbum.
691 937 798 1006 lpsi
825 955 954 1008 ergo
980 955 1154 994 causae
1183 941 1410 1005 luerunt,
1437 953 1493 996 ut
1526 944 1663 998 Deus

138 1049 213 1102 per
237 1043 430 1084 carnem
460 1029 784 1095 apparuerit.
818 1028 952 1096 Quid
979 1045 1104 1084 vero
1142 1031 1429 1086 dicebant?
1457 1032 1660 1103 Loqua-

134 1137 214 1187 tur,
238 1119 410 1188 inquit,
441 1119 581 1172 nobis
611 1118 833 1188 Moyses,
861 1131 908 1173 et
931 1137 1032 1174 non
1058 1123 1291 1191 loquatur
1318 1125 1459 1178 nobis
1496 1124 1658 1181 Deus.

191 1211 392 1266 Ecclesia
417 1225 635 1278 praesens
652 1213 804 1264 ueteri
827 1213 1265 1280 praccllit.—Qui
1287 1214 1486 1270 faciunt
1505 1231 1656 1271 eom-

134 1301 414 1371 parationes,
431 1299 518 1353 illa
541 1301 710 1369 magis
723 1301 956 1366 elevant,
974 1313 1030 1355 ut
1049 1303 1163 1358 lucc
1179 1304 1462 1358 ostendant
1490 1307 1664 1361 multo

132 1409 229 1448 osse
251 1391 432 1458 majora
458 1408 470 1442 :
503 1404 604 1459 ego
629 1399 810 1448 autem
843 1393 1104 1448 mirabilia
1134 1403 1188 1448 et
1227 1394 1316 1448 illa
1363 1409 1485 1450 esse
1512 1407 1660 1464 puto,

133 1495 285 1554 utpote
323 1482 408 1536 Dei
435 1496 620 1551 opera,
652 1498 774 1551 quae
817 1492 1135 1552 potestatem
1179 1487 1296 1555 ejus
1339 1487 1658 1555 ostendant;

131 1590 280 1631 tamen
327 1571 403 1625 vel
447 1573 528 1625 sic
587 1581 769 1627 nostra
818 1574 1187 1642 praestantiora
1225 1583 1281 1630 et
1332 1575 1659 1632 mirabiliora

131 1673 343 1734 ostendo.
377 1671 512 1726 Sunt
557 1670 703 1726 enim
749 1669 1038 1738 dupliciter
1087 1684 1276 1739 magna
1311 1689 1325 1725 :
1359 1671 1501 1740 quod
1546 1687 1666 1726 cum

126 1771 214 1825 sint
257 1773 306 1820 et
333 1763 584 1835 praeclara
637 1772 698 1817 et
743 1761 968 1831 majora,
999 1762 1064 1815 ad
1111 1777 1173 1816 ea
1204 1778 1418 1832 quoque
1465 1765 1672 1819 facilior

130 1866 275 1930 pateat
301 1854 492 1910 aditus.
529 1855 642 1909 Hoc
683 1855 845 1908 etiam
890 1853 1020 1908 dicit
1049 1853 1291 1909 scribens
1339 1855 1391 1908 in
1431 1854 1670 1925 Epistula

129 1951 180 2005 ad
221 1945 535 2010 Corinthios,
584 1944 697 1999 Nos
743 1945 964 1998 revelata
1005 1945 1136 2013 facie
1189 1943 1409 2016 gloriam
1462 1945 1674 2000 Domini

127 2042 406 2115 speculamur
436 2038 515 2108 (2.
545 2035 664 2093 Cor.
695 2039 749 2092 3.
785 2039 912 2107 l8);
945 2047 999 2092 et
1026 2054 1133 2091 non
1163 2036 1304 2092 sicut
1344 2037 1554 2110 Moyses
1578 2054 1672 2108 po-

128 2138 256 2190 nebat
277 2133 513 2189 velamen
539 2146 704 2200 super
730 2130 920 2185 {aciem
952 2145 1126 2184 suam.
1156 2130 1272 2185 Non
1301 2131 1500 2202 dignati
1525 2143 1668 2199 sunt,

129 2227 284 2296 inquit,
307 2225 377 2278 illi
403 2224 465 2278 iis
487 2223 684 2292 quibus
707 2237 804 2276 nos
827 2222 1024 2292 dignati
1044 2236 1249 2276 sumus.
1271 2222 1512 2289 Quanam
1529 2224 1670 2277 enim

127 2318 488 2388 resuntdignati
502 2317 526 2370 ?
542 2317 788 2372 tenebras
799 2315 1375 2386 viderunt,caliginem,
1391 2317 1674 2372 audierunt

126 2427 296 2466 vocem.
309 2409 407 2465 Sed
423 2419 474 2463 tu
489 2423 706 2478 quoque
720 2423 903 2462 vocem
917 2407 1245 2473 andisti,non
1263 2423 1356 2477 per
1367 2408 1643 2478 caliginem
1655 2451 1669 2476 ,

124 2504 198 2560 sed
215 2519 297 2571 per
313 2517 529 2556 carnem
549 2517 562 2553 :
583 2517 690 2555 non
714 2500 856 2555 luisti
884 2500 1221 2569 perturbatus
1245 2516 1418 2570 neque
1446 2501 1672 2554 tumultu

123 2595 336 2662 agitatus,
365 2593 457 2647 sed
487 2601 547 2648 et
574 2591 768 2646 stetisti
800 2601 853 2645 et
890 2591 1142 2660 lnquutus
1167 2606 1226 2645 es
1252 2606 1371 2645 cum
1407 2592 1669 2646 interces-

121 2701 237 2740 sore.
281 2685 482 2753 Alioqui
539 2693 593 2738 et
636 2684 686 2737 id
735 2684 877 2754 quod
924 2699 1029 2737 non
1071 2683 1214 2738 cadit
1259 2685 1357 2739 sub
1396 2695 1669 2754 aspectum

120 2777 319 2832 ostendit
347 2792 438 2845 per
469 2776 768 2831 tenebras:
803 2775 870 2830 Et
899 2777 1087 2848 caligo,
1122 2776 1312 2845 inquit,
1339 2775 1429 2829 sub
1462 2777 1671 2846 pedibus

118 2870 208 2938 ejus
236 2867 396 2938 (Psal.
433 2868 526 2922 l7.
563 2866 674 2938 10).
707 2865 858 2921 Tunc
887 2867 1046 2920 etiam
1076 2866 1248 2920 timuit
1278 2866 1504 2938 Moyses,
1531 2882 1672 2922 nunc

118 2970 266 3012 autem
294 2958 465 3012 nullus
495 2976 512 3013 :
560 2968 686 3011 tunc
715 2957 943 3028 populus
971 2956 1122 3011 stetit
1166 2957 1300 3011 infra
1326 2973 1341 3021 ;
1369 2972 1467 3012 nos
1492 2971 1668 3013 autem

117 3064 202 3101 non
229 3048 375 3110 infra,
399 3050 495 3103 sed
527 3047 661 3100 czelo
707 3047 1034 3114 superiores,
1067 3061 1234 3116 prope
1257 3047 1424 3101 Deum
1457 3057 1512 3100 ut
1541 3046 1669 3112 lilii;

117 3140 192 3193 sed
213 3155 308 3192 non
335 3139 466 3193 sicut
496 3138 731 3209 Moyses.
761 3138 873 3192 lllic
895 3147 1012 3192 erat
1033 3138 1326 3202 desertum,
1349 3137 1436 3192 hic
1460 3139 1668 3202 civitas,

116 3241 154 3284 et
181 3232 447 3285 multorum
478 3229 712 3285 millium
741 3230 1054 3299 angelorum
1082 3239 1294 3285 ctetus:
1333 3229 1416 3283 hic
1438 3229 1672 3284 ostendit

115 3323 326 3392 gaudium
351 3334 404 3378 et
431 3323 678 3377 lzetitiam
711 3338 808 3392 pro
834 3323 1061 3392 caligine
1091 3332 1145 3377 et
1189 3323 1423 3378 tenebris
1447 3333 1503 3378 et
1547 3339 1672 3392 pro-

115 3415 244 3470 cella.
266 3410 627 3468 EtEcclesiam
659 3416 1115 3483 primogenitorum
1139 3415 1225 3485 qui
1263 3416 1537 3483 conscripti
1555 3423 1671 3468 sunt

115 3507 316 3569 int-telis,
343 3517 387 3560 et
400 3506 644 3576 judicent
670 3506 895 3560 onmium
942 3504 1128 3558 Deum.
1164 3506 1242 3560 Illi
1281 3521 1386 3560 non
1423 3521 1667 3561 accesse-

116 3609 244 3665 runt,
283 3599 371 3653 sed
405 3600 598 3670 procul
647 3607 932 3665 steterunt,
964 3608 1019 3653 et
1063 3599 1274 3670 Moyses
1306 3617 1319 3652 :
1368 3614 1461 3654 vos
1491 3608 1668 3653 autem

112 3691 396 3746 accessistis.
429 3691 534 3746 llic
562 3706 657 3746 eos
688 3701 872 3754 terret,
895 3692 1112 3747 dicens:
1137 3690 1203 3744 Et
1225 3691 1292 3744 ad
1309 3692 1537 3762 judicem
1560 3707 1670 3744 om-

110 3786 222 3838 uium
256 3785 413 3840 Deum
434 3803 454 3836 :
499 3805 611 3841 non
639 3789 946 3842 Judzeoruin
993 3788 1166 3841 Solum
1193 3798 1247 3842 et
1285 3789 1544 3852 lidelium,
1573 3791 1666 3845 sed

107 3887 149 3928 et
172 3879 314 3932 totius
347 3880 493 3934 orbis
529 3890 688 3934 teme
719 3880 925 3935 sedebit
949 3879 1140 3935 Judex.
1172 3878 1252 3956 Et
1281 3881 1539 3952 spiritibus
1573 3885 1666 3954 fu-

107 3976 271 4021 storum
313 3973 680 4042 perfectorum.
715 3975 938 4026 Animas
969 3972 1098 4027 dicit
1129 3974 1443 4043 proborum.
1484 3971 1548 4025 Et
1573 3972 1666 4028 Teo

105 4064 309 4115 stameuti
346 4064 464 4118 novi
494 4064 831 4117 mediatorem
877 4062 1088 4130 Jesum,
1119 4075 1163 4118 et
1191 4065 1453 4134 sanguinis
1491 4081 1667 4132 asper-

106 4151 307 4217 sionem;
339 4155 440 4208 hoc
462 4166 554 4211 est
586 4157 979 4227 purgationem.
1007 4156 1194 4212 Melius
1219 4156 1500 4228 loquentem
1519 4174 1668 4226 quam

104 4244 226 4297 Abel.
251 4246 305 4302 Si
341 4250 574 4319 sanguis
617 4249 872 4318 loquitur,
899 4249 1069 4303 multo
1111 4253 1278 4320 magis
1321 4251 1448 4304 vivit
1491 4251 1534 4304 is
1578 4249 1668 4319 qui

106 4337 185 4388 luit
204 4340 425 4394 occisus.
449 4342 594 4408 Quid
620 4351 797 4397 autem
821 4343 1098 4411 loquitur?
1129 4341 1198 4395 Et
1219 4342 1450 4412 spiritus,
1474 4341 1669 4413 inquit,

105 4428 300 4497 loquitur
329 4435 606 4500 gemitibus
642 4434 1064 4488 inenarrabilibus
1093 4433 1270 4506 (Rom.
1297 4434 1350 4486 8.
1381 4432 1499 4504 26).
1530 4436 1671 4501 Quo-

107 4521 244 4576 modo
273 4524 554 4595 loquitur?
606 4524 736 4580 Nam
769 4526 859 4581 ubi
889 4527 1134 4580 inciderit
1163 4527 1213 4580 in
1242 4537 1472 4580 mentem
1499 4527 1672 4581 since-

105 4627 220 4676 ram,
246 4631 359 4670 eam
389 4620 620 4682 excitat,
651 4628 704 4672 et
741 4618 868 4691 facit
912 4627 968 4671 ut
999 4618 1266 4687 loquatur.
1308 4616 1482 4670 Videte
1507 4635 1570 4670 ne
1596 4632 1665 4672 re-

107 4708 266 4758 cusetis
310 4709 638 4778 loquentem;
667 4711 766 4763 hoc
791 4717 896 4773 est,
929 4725 996 4764 ne
1038 4708 1310 4778 rejicialis.
1345 4707 1405 4762 Si
1436 4709 1566 4762 enim
1598 4705 1678 4760 illi

106 4795 520 4869 uoueﬂ'ugerunt,
555 4809 847 4853 recusantes
893 4816 1004 4852 eum
1036 4799 1122 4865 qui
1165 4813 1318 4864 super
1361 4809 1546 4851 terram
1591 4803 1671 4851 lo-

106 4888 343 4950 quebatur.
375 4890 682 4956 Quemnam
715 4890 882 4944 dicit?
927 4889 1055 4944 Mihi
1085 4889 1292 4944 videtur
1319 4888 1499 4943 dicere
1525 4889 1674 4960 Moy-

107 4990 224 5032 sem.
279 4981 387 5036 lloc
416 4993 504 5037 est
550 4993 728 5036 autem
775 4982 913 5053 quod
945 4983 1075 5037 dicit
1103 5000 1116 5035 :
1150 4982 1205 5037 Si
1246 4997 1349 5036 non
1377 4981 1675 5051 eil'ugerunt

106 5069 182 5134 qui
209 5085 528 5127 recusarunt
554 5091 674 5127 cum
718 5075 806 5140 qui
836 5073 1009 5142 legem
1043 5072 1247 5127 ferebat
1277 5074 1330 5126 in
1362 5083 1525 5135 terra,
1551 5087 1671 5125 eum

106 5162 181 5228 qui
206 5178 235 5218 e
272 5165 406 5220 caalo
455 5165 564 5220 fert
596 5165 766 5235 legem
817 5165 1088 5234 quomodo
1132 5164 1536 5219 recusabimns?
1577 5164 1674 5222 llic

107 5263 266 5308 autem
299 5257 545 5310 Ostendit
584 5271 691 5310 non
733 5257 874 5326 quod
907 5257 997 5310 ille
1045 5257 1115 5309 sit
1149 5256 1326 5320 alius;
1358 5256 1536 5310 absit:
1568 5270 1674 5310 non

107 5343 252 5400 alium
299 5359 351 5401 et
377 5348 548 5402 alium
577 5347 829 5410 ostendit,
849 5347 942 5402 sed
971 5346 1112 5417 quod
1139 5346 1379 5401 videatur
1404 5348 1675 5406 terribilis.

111 5451 276 5492 vocem
324 5442 584 5495 emittens
626 5456 657 5495 e
693 5441 845 5495 caelo.
895 5440 1038 5494 ldem
1066 5440 1278 5510 quidem
1306 5449 1388 5494 est
1416 5447 1470 5493 et
1516 5437 1601 5492 hic
1625 5449 1680 5494 et

110 5529 220 5594 ille;
275 5533 362 5589 hic
407 5544 590 5590 autem
621 5544 704 5589 est
733 5534 988 5589 terribilis
1021 5551 1034 5587 :
1067 5548 1172 5586 non
1196 5533 1336 5587 enim
1370 5531 1500 5587 dicit
1530 5532 1685 5589 dilic-

110 5623 319 5677 rentiam
369 5641 751 5694 personarum,
781 5626 874 5680 sed
905 5625 1190 5678 donorum.
1238 5621 1392 5678 Unde
1424 5621 1525 5677 hoc
1552 5640 1683 5680 con-

110 5713 241 5766 stat?
287 5715 363 5768 Ex
408 5717 476 5770 iis
507 5732 626 5785 qua:
665 5716 942 5786 subjungit
970 5732 982 5768 :
1019 5715 1078 5769 Si
1102 5717 1233 5768 enim
1260 5714 1336 5766 illi
1367 5729 1467 5766 non
1493 5711 1682 5780 olfacie-

116 5816 240 5871 rtmt,
292 5818 588 5863 recusantes
636 5826 746 5863 eum
778 5809 864 5879 qui
919 5824 1068 5877 super
1114 5817 1299 5861 terram
1354 5803 1684 5875 loquebatur;

874 378 936 433 IN
977 376 1194 434 emsr.
1237 377 1326 432 an
1367 374 1728 430 usususus.
1771 375 1920 429 CAP.
1963 376 2076 430 xu.
2123 376 2349 431 uouiL.
2394 343 2587 432 xxxii

3240 373 3345 434 ΗΞ

1761 478 1922 532 multo
1947 477 2108 546 magis
2149 491 2240 527 nos
2274 475 2359 543 qui
2401 474 2542 526 nobis
2568 473 2632 526 de
2654 471 2791 526 ctrlis
2819 471 3097 537 loquentem
3140 485 3340 522 aversa-

1762 583 1898 621 ntur.
1936 563 2073 631 Quid
2113 565 2281 634 ergo?
2325 574 2478 617 estne
2507 563 2591 616 hic
2616 562 2755 616 alius
2795 562 2862 615 ab
2893 561 3024 615 illo?
3072 569 3344 630 quomodo

1761 671 1892 727 ergo
1917 655 2078 718 dicit,
2109 653 2268 725 Cujus
2291 669 2390 706 sua:
2432 655 2582 706 movit
2633 663 2818 706 terram
2846 652 3008 706 tunc?
3054 668 3154 706 vos
3199 653 3342 705 enim

1761 751 1882 818 ejus
1907 746 1996 817 qui
2025 745 2174 801 dedit
2204 746 2399 816 legem,
2430 753 2632 798 terram
2669 745 2855 797 movit.
2891 741 3046 796 Nunc
3074 752 3240 796 autem
3266 758 3344 794 re-

1762 840 2030 911 promittit,
2075 839 2248 892 dicens
2275 853 2294 892 :
2323 837 2504 890 Adhuc
2549 837 2722 900 semel,
2765 845 2811 889 et
2857 851 2948 906 ego
2991 835 3194 889 movebo
3245 853 3344 887 non

1763 935 1927 986 solum
1968 941 2173 994 terram,
2205 930 2293 984 sed
2337 930 2488 983 etiam
2521 927 2726 980 calum.
2769 926 3124 994 Quodautem,
3169 925 3346 980 Adhuc

1762 1025 1936 1089 semel,
1965 1025 2110 1084 dicit,
2144 1024 2368 1076 declarat
2393 1020 2658 1074 mobilium
2687 1019 3071 1072 translationem
3092 1028 3346 1086 tamquam

1763 1120 2037 1185 factorum.
2053 1113 2333 1169 Tollentur
2355 1128 2483 1180 ergo
2500 1109 2678 1164 omnia
2701 1109 2768 1163 de
2787 1107 2983 1172 medio,
3003 1109 3349 1176 compingen-

1765 1218 1960 1276 lurque
2005 1206 2182 1258 omnia
2210 1219 2279 1259 ex
2307 1203 2417 1257 alto
2445 1203 2496 1256 in
2544 1201 2594 1254 id
2638 1199 2779 1269 quod
2811 1209 2893 1252 est
2917 1199 3177 1266 optimum
3204 1215 3218 1251 :
3243 1197 3346 1250 hoc

1763 1297 1904 1350 enim
1934 1292 2018 1348 his
2041 1296 2198 1349 tacite
2218 1295 2498 1364 signiﬁcat.
2513 1292 2649 1358 Quid
2672 1307 2801 1360 ergo
2820 1291 3126 1356 doles,cum
3151 1290 3348 1358 pateris

1765 1387 1816 1440 in
1861 1388 2061 1440 mundo
2090 1401 2197 1440 non
2241 1385 2499 1449 manenti,
2527 1399 2649 1438 cum
2671 1382 2926 1451 allligeris
2955 1381 3007 1434 in
3036 1378 3237 1434 mundo
3257 1379 3348 1448 qui

1765 1478 1922 1546 paulo
1945 1486 2065 1548 post
2091 1477 2281 1530 transit
2297 1477 2319 1530 ?
2335 1475 2392 1530 Si
2418 1477 2468 1528 in
2489 1474 2771 1544 posteriori
2790 1483 3032 1541 tempore
3052 1471 3235 1526 mundi
3263 1470 3347 1524 lu-

1766 1580 1884 1624 tura
1903 1579 2043 1625 esset
2061 1570 2271 1640 requies
2284 1579 2338 1624 et
2359 1567 2628 1633 remissio,
2657 1575 2783 1620 tunc
2804 1565 2967 1634 afﬂigi
2992 1572 3266 1634 oporteret
3281 1562 3348 1616 ad

1765 1662 1925 1716 linem
1963 1661 2332 1730 aspicientem.
2369 1657 2436 1714 Ut
2470 1667 2728 1722 maneant,
2761 1657 2952 1726 inquit,
2975 1670 3088 1727 quae
3112 1664 3228 1708 sunt
3254 1655 3349 1708 im-

1763 1754 1994 1808 mobilia.
2025 1756 2278 1820 Quacnam
2306 1762 2483 1807 autem
2510 1761 2635 1806 sunt
2664 1750 2996 1805 immobilia?
3029 1749 3249 1804 Futura.

1837 1849 1889 1901 5.
1920 1846 2113 1900 Omnia
2143 1860 2272 1914 ergo
2290 1859 2386 1913 pro
2409 1847 2508 1897 hoc
2534 1853 2847 1912 agamus,ut
2870 1841 2955 1894 illa
2979 1855 3343 1909 assequamur,

1767 1938 1871 1992 illis
1899 1945 1958 1991 ut
1982 1935 2223 1990 fruamur
2250 1935 2424 1990 bonis.
2458 1934 2638 2000 Certe,
2664 1949 2794 2004 rogo
2825 1943 2879 1987 ct
2902 1933 3148 1997 obsecro,
3175 1933 3226 1986 in
3250 1931 3351 1988 hoc

1767 2032 2002 2086 studium
2051 2044 2327 2100 ponamus.
2357 2029 2414 2084 lu
2437 2029 2651 2082 civitate
2677 2043 2794 2096 qua:
2835 2037 2918 2081 est
2963 2027 3162 2078 ruitura
3196 2040 3351 2078 nemo

1767 2122 2017 2178 aediﬁcat.
2048 2121 2143 2176 Dic
2169 2120 2320 2185 mihi,
2349 2134 2497 2188 rogo,
2528 2121 2570 2172 si
2615 2119 2732 2187 quis
2761 2116 2964 2172 diceret
2992 2116 3106 2171 fore
3151 2125 3208 2170 ut
3238 2115 3357 2170 haec

1766 2217 1954 2272 civitas
1977 2225 2093 2285 post
2109 2230 2306 2276 annum
2328 2222 2577 2276 corruat;
2604 2211 2687 2265 illa
2713 2227 2840 2266 vero
2859 2225 3168 2280 numquam,
3187 2209 3349 2264 aedili-

1766 2323 1992 2364 caresne
2015 2309 2066 2364 in
2089 2323 2151 2364 ea
2177 2322 2294 2377 qua:
2315 2315 2398 2361 est
2413 2307 2614 2359 ruitura
2630 2305 2653 2345 ν
2673 2304 3032 2371 Quamobrem
3053 2317 3193 2356 nunc
3214 2317 3349 2373 quo-

1768 2418 1873 2473 que
1889 2402 2043 2456 dico:
2072 2400 2149 2455 Ne
2170 2399 2494 2454 aadilieemus
2522 2397 2573 2451 in
2598 2397 2698 2450 hoc
2719 2395 2919 2450 mundo
2943 2413 2956 2448 :
2986 2394 3178 2449 cadent
3198 2393 3351 2460 paulo

1769 2506 1891 2566 post
1911 2504 1964 2550 et
1994 2495 2242 2562 peribunt
2263 2491 2616 2558 omnia.Quid
2643 2505 2774 2544 vero
2798 2489 2939 2550 dico.
2971 2489 3200 2543 casura?
3229 2498 3355 2542 ante

1773 2589 1890 2656 ejus
1933 2587 2141 2640 ruinam
2175 2600 2272 2639 nos
2308 2584 2602 2654 peribimus
2653 2591 2706 2636 et
2730 2581 2908 2651 gravia
2941 2582 3226 2652 patiemur,
3256 2593 3354 2636 nos

1769 2694 1832 2734 ex
1882 2679 2011 2747 ipsis
2039 2676 2384 2733 excedemus.
2413 2674 2520 2730 Cur
2545 2673 2872 2729 aediﬁcamus
2901 2687 3063 2741 super
3091 2673 3351 2726 arenam?

1845 2772 2013 2827 Terrae
2031 2783 2197 2824 motus
2240 2768 2685 2838 conﬂagrationes,
2705 2766 2926 2820 hostium
2955 2764 3343 2832 irruptiones.—

1773 2862 2125 2920 Edilicenius
2151 2878 2311 2930 supra
2345 2876 2548 2932 petram
2575 2865 2861 2936 (Matth.7.
2895 2861 3023 2933 27):
3052 2863 3356 2934 namquid-

1771 2955 1895 3024 quid
1926 2956 2162 3021 irruerit,
2187 2955 2325 3010 dirui
2368 2970 2472 3009 non
2503 2957 2696 3024 poterit
2724 2955 2851 3010 illud
2883 2955 3187 3024 aedilicium,
3222 2955 3352 3011 nihil

1770 3047 1822 3102 id
1853 3056 2027 3118 potest
2051 3063 2389 3118 expugnare;
2437 3059 2492 3102 et
2514 3048 2707 3103 merito
2741 3067 2754 3102 :
2788 3065 2910 3102 nam
2957 3049 3022 3104 ad
3076 3049 3225 3105 illum
3277 3053 3350 3104 ln-

1769 3155 1890 3195 cum
1940 3140 2102 3195 nullis
2150 3139 2359 3195 insidiis
2407 3148 2552 3209 patet
2601 3139 2796 3207 aditus,
2844 3140 2982 3195 sicut
3026 3151 3210 3195 contra
3269 3141 3352 3194 hic

1772 3239 1916 3300 patet
1942 3231 2213 3285 invadenti
2245 3249 2258 3284 :
2305 3246 2426 3285 nam
2467 3240 2522 3285 et
2561 3239 2719 3286 terra:
2762 3240 2940 3286 motus
2966 3241 3019 3286 et
3057 3231 3348 3302 conﬂagra-

1770 3323 1946 3377 tiones
1968 3332 2022 3376 et
2051 3322 2282 3378 hostium
2328 3324 2674 3390 irruptiones,
2720 3321 2834 3376 hare
2869 3324 3029 3376 etiam
3071 3339 3168 3378 nos
3197 3323 3351 3378 vivos

1771 3416 1983 3485 privarit
2007 3415 2108 3470 isto
2136 3416 2388 3480 aedilicio,
2417 3431 2560 3484 saepe
2588 3428 2767 3469 autem
2800 3415 2961 3470 etiam
3007 3432 3127 3470 cum
3155 3431 3220 3470 eo
3251 3433 3350 3471 nos

1769 3506 2019 3575 perdunt.
2066 3506 2290 3578 Quando
2330 3517 2506 3560 autem
2551 3508 2725 3576 ipsum
2758 3509 2918 3561 etiam
2964 3507 3194 3572 steterit,
3225 3519 3350 3562 tunc

1769 3617 1868 3657 nos
1893 3612 1984 3656 aut
2014 3605 2231 3656 morbus
2254 3604 2362 3658 cito
2390 3603 2626 3663 abducit.
2658 3614 2749 3657 aut
2777 3613 3060 3659 manentes
3090 3620 3194 3657 non
3224 3603 3350 3658 sinit

1769 3711 1834 3749 eo
1862 3706 2006 3749 recte
2036 3695 2136 3749 lrui
2167 3713 2181 3748 :
2213 3711 2457 3770 quietiam
2489 3697 2632 3750 enim
2660 3707 2745 3750 est
2779 3696 3050 3765 voluptas,
3090 3695 3188 3751 ubi.
3225 3707 3348 3750 sunt

1767 3785 1962 3848 morbi,
1990 3795 2045 3841 et
2071 3785 2378 3850 calumnize,
2411 3796 2464 3840 et
2507 3787 2729 3850 invidia,
2778 3796 2832 3840 et
2881 3786 3130 3840 insidize?
3171 3787 3274 3841 Aut
3305 3787 3349 3840 si

1768 3877 1870 3932 hoc
1911 3894 2016 3931 non
2057 3877 2165 3943 sit,
2197 3892 2342 3946 sa‘pe
2381 3878 2624 3932 dolemus
2671 3890 2725 3933 et
2770 3894 2911 3949 :rgre
2941 3879 3159 3934 ferimus
3207 3879 3348 3950 quod

1768 3969 1968 4023 liberos
2012 3984 2118 4024 non
2166 3970 2564 4038 susceperimus
2593 4011 2607 4033 ,
2662 3985 2767 4024 non
2820 3969 3081 4025 habentes
3130 3971 3213 4025 cui
3253 3987 3349 4026 no-

1768 4072 1908 4114 slras
1935 4060 2126 4114 domos
2155 4071 2456 4129 caeteraque
2484 4061 2786 4124 tradamus;
2827 4071 2882 4114 et
2919 4060 3113 4114 deinde
3144 4061 3334 4115 crucia-

1767 4169 1888 4207 mur
1909 4153 2050 4223 quod
2085 4153 2388 4207 laboremus
2415 4154 2556 4208 aliis.
2576 4153 2729 4223 Smpe
2749 4161 2927 4207 autem
2960 4155 3120 4208 etiam
3151 4154 3218 4207 ad
3249 4169 3347 4208 no-

1767 4255 1908 4301 stros
1941 4246 2186 4300 inimicos
2212 4257 2392 4300 nostra
2424 4247 2666 4316 pervenit
2716 4246 3006 4310 hereditas,
3041 4261 3145 4300 non
3175 4246 3350 4301 solum

1767 4352 1888 4391 cum
1921 4351 2019 4390 nos
2045 4337 2460 4404 excesserimus,
2479 4337 2573 4391 sed
2595 4337 2754 4391 etiam
2779 4338 2934 4392 nobis
2960 4338 3135 4392 adhuc
3166 4339 3350 4394 viven-

1769 4432 1929 4486 tibus.
1953 4430 2088 4498 Quid
2117 4446 2245 4500 ergo
2261 4441 2344 4485 est
2366 4432 2614 4486 miserius
2631 4447 2789 4501 quam
2817 4431 3063 4486 laborare
3093 4431 3345 4494 inimicis.

1766 4533 1815 4578 et
1858 4531 1914 4577 ut
1945 4523 2022 4577 illi
2053 4523 2104 4577 in
2131 4524 2311 4592 quiete
2336 4522 2566 4593 degant,
2595 4523 2698 4578 sibi
2750 4533 2966 4592 peccata
3020 4525 3352 4592 c0ugerere?

1767 4618 1935 4685 Hujus
1962 4618 2036 4671 rei
2066 4617 2229 4670 multa
2261 4617 2500 4686 exempla
2529 4626 2821 4672 cernuntur
2851 4617 2902 4670 in
2929 4616 3271 4680 civitatibus;
3295 4625 3349 4669 et

1767 4719 1940 4771 taceo,
1997 4724 2064 4764 ne
2122 4707 2366 4762 molestia
2411 4709 2640 4762 alliciam
2680 4722 2773 4762 eos
2800 4711 2886 4778 qui
2939 4719 3064 4762 sunt
3119 4705 3348 4776 privati;

1765 4800 2026 4870 quosdam
2054 4815 2118 4855 ex
2152 4801 2230 4854 eis
2263 4801 2573 4853 nominatim
2590 4800 2847 4863 dicerem,
2871 4808 2926 4854 et
2952 4801 3115 4853 multa
3140 4813 3350 4870 possem

1768 4906 2005 4955 narrare,
2029 4901 2081 4945 et
2110 4890 2304 4944 multas
2329 4889 2478 4944 vobis
2503 4890 2693 4944 domos
2720 4890 3026 4955 ostendere,
3050 4905 3168 4960 qua:
3187 4905 3347 4944 acce-

1768 4993 1960 5054 perunt
1989 4983 2234 5037 dominos
2270 4983 2517 5037 inimicos
2541 4999 2728 5037 eorum
2756 4983 2845 5053 qui
2887 4982 3017 5039 iniis
3035 4982 3354 5038 fabricandis

1765 5084 1818 5130 et
1848 5074 2104 5130 ornandis
2129 5075 2656 5129 laboraveranttnon
2676 5075 2848 5129 solum
2877 5077 3054 5130 autem
3072 5076 3346 5140 mdes,sed

1765 5176 1820 5220 et
1849 5166 2112 5234 mancipia
2138 5173 2193 5220 et
2222 5175 2332 5220 tota
2356 5181 2498 5236 saepe
2526 5165 2794 5222 hereditas
2823 5169 3145 5236 pervenitad
3175 5167 3347 5221 inimi-

1769 5283 1884 5324 cos.
1913 5267 2071 5322 Tales
2093 5275 2217 5319 sunt
2239 5280 2326 5318 res
2350 5267 2614 5319 humanm.
2644 5264 2699 5318 ln
2725 5263 2870 5316 czelis
2903 5269 3080 5314 autem
3111 5259 3241 5312 nihil
3265 5270 3348 5315 est

1766 5361 1957 5417 borum
1990 5357 2132 5429 quod
2162 5357 2433 5421 verearis;
2475 5371 2668 5424 nempe
2716 5370 2784 5409 ne
2810 5369 2932 5408 cum
2974 5353 3073 5406 iste
3099 5351 3346 5406 decesse-

1765 5453 1865 5517 rit,
1910 5450 2051 5506 alius
2099 5449 2279 5503 veniat
2324 5447 2591 5512 inimicus,
2639 5459 2692 5500 et
2742 5444 2993 5499 succedat
3040 5441 3345 5496 hereditati.

1764 5541 1897 5597 Nam
1930 5556 2104 5611 neque
2130 5556 2278 5595 mors
2306 5549 2388 5594 est
2420 5537 2548 5603 illic,
2579 5553 2678 5592 nec
2708 5537 3036 5599 inimicitize;
3069 5535 3184 5590 sola
3225 5543 3346 5587 sunt

1767 5642 2080 5688 sanctorum
2128 5630 2516 5687 tabernacula:
2553 5630 2602 5682 in
2650 5628 2756 5682 illis
2804 5637 2984 5680 autem
3029 5625 3227 5680 sanctis
3269 5631 3345 5676 est

1765 5726 2074 5794 exsultatio,
2105 5725 2382 5796 gaudium,
2416 5721 2600 5776 lmtitia
2630 5737 2644 5776 :
2686 5718 2798 5772 Vua:
2841 5719 3008 5782 enim,
3041 5716 3212 5785 inquit
3261 5729 3346 5766 ex-

1762 5817 2055 5874 sultationis
2107 5827 2177 5873 cst
2224 5817 2276 5872 in
2319 5812 2654 5870 tabernaculis
2693 5811 2952 5882 justorum
2999 5805 3169 5878 (Psal.
3223 5806 3346 5861 H7.
