3926 6406
504 382 611 436 12⁸5

517 482 630 552 15).
674 479 809 536 Sunt
836 488 1060 544 aeterna,
1089 481 1251 533 finem
1282 495 1388 534 non
1440 480 1690 537 habentia
1716 500 1729 535 :
1764 498 1825 538 ea
1856 492 2101 554 tempore

517 587 628 625 non
656 579 933 633 corruunt,
971 586 1076 623 non
1104 579 1315 624 mutant
1356 585 1717 640 possessores.
1748 574 1842 629 sed
1871 584 2017 632 stant
2043 577 2096 632 in

512 670 772 731 perpetuo
802 660 936 723 flore
960 676 1024 715 ac
1051 662 1271 731 vigore;
1316 672 1370 717 et
1404 665 1618 719 merito.
1665 665 1782 720 Non
1825 676 1909 722 est
1952 669 2097 723 enim

512 754 619 808 illic
642 752 839 823 aliquid
857 755 1187 823 corruptioni
1207 755 1498 809 obnoxium
1519 756 1644 811 etin
1667 757 1808 826 quod
1834 758 1993 814 cadat
2017 759 2099 815 in-

512 845 723 907 teritus,
749 843 843 899 sed
876 855 1002 899 sunt
1028 845 1207 899 omnia
1239 847 1561 901 immortalia
1589 857 1642 902 et
1672 849 1723 903 in
1768 864 1886 919 quae
1913 850 2100 905 interi-

510 948 596 999 tus
619 937 751 991 nihil
781 947 977 1008 potest.
1011 937 1065 993 In
1095 939 1197 993 hoc
1236 939 1520 995 aedilicium
1551 941 1886 996 ell‘undamus
1934 958 2097 1013 pecu-

509 1030 628 1085 nias
659 1049 673 1084 :
706 1046 813 1085 non
841 1038 924 1085 est
948 1031 1102 1085 nobis
1128 1047 1262 1100 Opus
1289 1031 1476 1097 fabris,
1514 1047 1618 1086 non
1643 1034 1936 1103 operariis:
1962 1051 2096 1105 pau-

446 1106 462 1159 l
508 1136 699 1194 perum
727 1138 918 1176 manus
950 1123 1046 1177 has
1074 1123 1227 1176 nobis
1257 1123 1401 1178 ardes
1423 1124 1707 1192 aedificant,
1727 1126 2090 1194 claudi,cazci,

506 1226 562 1271 et
594 1215 627 1269 ii
660 1216 749 1285 qui
773 1224 898 1270 sunt
920 1218 1094 1270 manci
1124 1232 1187 1271 ac
1218 1216 1390 1270 inutili
1418 1236 1430 1271 :
1461 1217 1513 1271 hi
1546 1218 1664 1271 illas
1685 1218 2095 1276 mdilicant.Ncc

508 1309 740 1372 mireris,
770 1323 891 1361 cmn
920 1309 1081 1363 etiam
1112 1324 1335 1378 regnum
1364 1310 1464 1379 ipsi
1512 1311 1667 1365 nobis
1696 1312 2017 1381 concilient,
2040 1326 2095 1370 et

506 1399 572 1454 ad
606 1400 771 1453 Deum
797 1399 923 1454 dent
953 1400 1108 1454 nobis
1133 1400 1405 1454 fiduciam.

579 1490 915 1562 Elemtosyna
954 1508 1018 1546 ea:
1054 1493 1238 1563 rapina
1277 1496 1616 1565 improbatur.
1648 1498 1852 1555 Laudes
1879 1500 2093 1556 eleemo-

505 1585 1094 1656 symc.—Elecmosyna
1108 1586 1252 1641 enim
1275 1597 1357 1643 est
1369 1590 1568 1657 optima
1585 1599 1637 1645 et
1653 1597 2089 1663 przestantissima

504 1675 746 1743 qua‘dam
764 1691 869 1740 ars,
886 1685 1069 1745 etquae
1088 1679 1448 1746 patrocinatur
1464 1680 1543 1735 eis
1561 1685 1650 1753 qui
1669 1696 1921 1742 exercent
1935 1704 2050 1743 eam
2072 1706 2087 1745 :

503 1774 586 1819 est
602 1765 741 1819 enim
763 1765 872 1820 Deo
888 1768 1079 1835 amica,
1099 1776 1203 1823 stat
1222 1784 1435 1839 semper
1450 1772 1499 1825 ei
1519 1774 1834 1846 propinqua,
1857 1793 1954 1847 pro
1973 1781 2093 1850 qui-

502 1853 606 1921 bus
660 1855 787 1909 velit
813 1855 967 1911 facile
1004 1865 1191 1926 petens
1228 1862 1478 1929 gratiam,
1517 1862 1561 1916 si
1593 1865 1756 1919 modo
1789 1882 1817 1918 a
1855 1869 2010 1925 nobis
2039 1872 2088 1925 ei

503 1918 609 2000 non
641 1945 732 1999 fiat
772 1945 1001 2015 injuria;
1034 1946 1093 2002 fit
1117 1959 1319 2017 autem,
1356 1952 1568 2019 quando
1593 1971 1711 2009 eam
1749 1956 1972 2016 facimus
2020 1979 2086 2017 ex

500 2038 685 2107 rapina
708 2054 721 2091 :
749 2039 890 2108 quod
917 2039 963 2093 si
991 2040 1060 2094 sit
1088 2056 1219 2110 pura
1246 2057 1309 2096 ac
1328 2043 1561 2109 sincera,
1581 2049 1800 2102 multam
1826 2052 1919 2106 dat
1948 2053 2086 2108 fidu-

498 2135 635 2188 ciam
665 2132 729 2187 iis
755 2135 845 2203 qui
882 2149 1001 2190 eam
1034 2151 1246 2191 sursum
1292 2140 1562 2197 emittunt.
1596 2144 1781 2201 Tanta:
1816 2160 1940 2204 sunt
1969 2154 2084 2219 ejus

499 2224 661 2287 vires,
694 2233 751 2278 ut
776 2225 934 2279 etiam
959 2240 1055 2295 pro
1083 2227 1146 2281 iis
1176 2240 1430 2296 precetur
1457 2234 1546 2301 qui
1572 2234 1705 2307 lapsi
1734 2251 1859 2294 sunt
1882 2245 2081 2313 quique

500 2326 811 2384 peccarunt.
844 2316 962 2385 Ipsa
1005 2318 1278 2391 perfringit
1324 2322 1556 2392 vincula,
1599 2327 1761 2383 solvit
1806 2334 2077 2403 tenebras,

501 2408 678 2477 ignem
723 2410 1044 2480 exstinguit,
1083 2427 1320 2468 vermcm
1372 2416 1662 2486 interimit,
1692 2423 1912 2493 expellit
1949 2430 2080 2484 stri-

499 2499 685 2555 dorem
731 2502 969 2557 dentimn
1002 2523 1016 2558 :
1046 2506 1094 2559 ei
1138 2521 1259 2561 cum
1292 2524 1479 2577 magna
1508 2514 1797 2571 securitate
1824 2522 2080 2587 aperiun-

488 2605 575 2650 tur
626 2603 794 2663 porta:
845 2596 1119 2653 caelorum.
1168 2597 1238 2653 Et
1292 2601 1429 2657 sicut
1475 2602 1807 2675 ingrediente
1868 2612 2073 2680 regina,

487 2686 665 2741 nullus
691 2702 757 2742 ex
799 2686 886 2753 iis,
918 2688 1003 2743 cui
1046 2699 1130 2746 est
1170 2694 1459 2749 commissa
1504 2705 1778 2766 portarum
1806 2702 2072 2769 custodia,

486 2777 704 2832 audebit
732 2780 1042 2836 examinare
1069 2797 1315 2852 quamam
1360 2786 1430 2841 sit
1466 2796 1520 2842 et
1550 2789 1722 2855 unde,
1754 2790 1847 2847 sed
1886 2809 2075 2850 omnes

485 2870 665 2923 statim
695 2884 814 2924 eam
854 2866 1128 2941 excipiunt
1156 2893 1168 2927 :
1201 2875 1272 2930 ita
1312 2877 1471 2933 etiam
1514 2880 1911 2955 eleemosynam
1946 2903 1959 2939 :
1989 2897 2072 2942 est

487 2962 632 3016 enim
664 2976 727 3017 re
755 2978 880 3018 vera
911 2965 1116 3035 regina,
1150 2966 1394 3025 homines
1439 2972 1549 3026 Deo
1596 2974 1796 3030 faciens
1841 2977 2071 3033 similes.

485 3049 665 3107 Estote
707 3054 872 3120 enim,
916 3056 1107 3125 inquit,
1154 3060 1524 3127 misericordes,
1560 3064 1688 3118 sicut
1728 3064 1887 3121 Pater
1918 3080 2076 3124 rester

486 3144 703 3197 caelestis
729 3154 805 3198 est
831 3147 1119 3202 misericors
1146 3147 1295 3218 (Luc.
1322 3150 1375 3205 6.
1401 3152 1515 3223 36).
1545 3153 1641 3208 Est
1664 3156 1800 3210 alata
1831 3170 1886 3212 et
1918 3159 2072 3227 levis,

484 3234 600 3288 alas
629 3232 1029 3303 habet'aurcas,
1059 3239 1220 3294 habet
1250 3240 1481 3296 volatum
1522 3246 1613 3314 qui
1652 3247 1806 3302 valde
1836 3250 2075 3308 oblectat

484 3326 727 3394 angelos.
761 3327 891 3390 Illic,
940 3328 1128 3397 inquit,
1161 3329 1351 3385 Penno:
1398 3334 1649 3390 columbi:
1710 3339 2072 3411 deargenlatie,

486 3426 534 3470 et
564 3417 771 3471 dorsum
818 3420 929 3488 ejus
974 3420 1025 3473 in
1055 3420 1258 3491 fulgore
1303 3425 1417 3477 auri
1449 3424 1620 3496 (Psal.
1651 3428 1739 3483 67.
1773 3431 1882 3501 14).
1920 3433 2077 3490 Volat

487 3508 630 3561 enim
671 3518 939 3575 tamquam
976 3511 1223 3581 quaedam
1255 3529 1415 3569 aurea
1461 3526 1517 3570 et
1568 3519 1755 3575 vivens
1799 3524 2069 3594 columba,

488 3600 754 3670 placidum
785 3601 986 3658 habens
1015 3616 1293 3674 aspectum
1333 3593 1389 3663 et
1428 3611 1612 3667 mitem
1648 3617 1884 3677 oculum.
1928 3619 2074 3675 Nihil

487 3702 571 3749 est
599 3696 694 3748 illo
722 3697 878 3751 oculo
908 3699 1123 3753 melius.
1153 3700 1383 3758 Pulcher
1411 3714 1495 3759 est
1523 3714 1577 3759 et
1604 3722 1760 3775 pavo,
1790 3710 1886 3765 sed
1916 3714 1980 3767 ad
2013 3714 2076 3768 il-

488 3785 592 3840 lam
618 3788 865 3851 collatus.
893 3800 975 3845 est
1001 3793 1251 3860 graculus
1271 3811 1284 3847 :
1303 3791 1439 3847 adeo
1465 3784 1545 3850 est
1572 3796 1690 3852 haec
1716 3801 1828 3854 avis
1854 3803 2075 3870 pulchra

489 3887 541 3930 ct
576 3878 927 3935 admirabilis.
957 3880 1225 3950 Perpetuo
1251 3898 1462 3939 sursum
1506 3898 1731 3956 Spectat,
1777 3894 1942 3947 multa
1982 3895 2075 3950 Dei

489 3968 851 4022 circumdatur
873 3970 1042 4040 gloria
1066 3989 1080 4035 ;
1111 3981 1193 4025 est
1220 3974 1369 4043 virgo
1402 3992 1602 4043 pennas
1631 3978 1832 4036 habens
1857 3998 2072 4051 aureas,

489 4060 811 4128 composita,
845 4061 980 4114 facie
1020 4062 1246 4116 candida
1287 4076 1340 4118 et
1381 4081 1658 4123 mansueta
1692 4089 1704 4125 :
1735 4083 1819 4128 est
1850 4076 1989 4131 alata
2021 4088 2077 4133 et

492 4151 645 4216 levis,
680 4160 828 4206 stans
859 4166 1026 4222 prope
1058 4154 1308 4207 thronum
1342 4156 1589 4228 Regium.
1619 4162 1843 4229 Quando
1865 4167 2073 4235 judica-

492 4258 645 4307 tuur,
693 4242 847 4297 adest
896 4256 1117 4314 repente
1159 4256 1215 4300 et
1258 4262 1501 4319 apparet,
1532 4263 1587 4307 et
1616 4270 1712 4309 nos
1754 4273 1783 4310 a
1810 4260 2075 4329 supplicio

490 4336 649 4405 eripit
696 4337 806 4390 suis
855 4341 1045 4406 pennis
1096 4341 1449 4410 amplectens.
1496 4344 1626 4399 Eam
1674 4349 1812 4405 Deus
1875 4354 2076 4410 mavult

490 4445 648 4498 quam
680 4429 939 4485 sacriticia
964 4450 976 4487 :
997 4433 1156 4486 multa
1176 4449 1317 4504 saepe
1346 4436 1412 4491 de
1442 4454 1502 4492 ea
1521 4439 1756 4511 loquitur
1785 4460 1799 4498 :
1831 4446 1898 4500 ita
1929 4448 2073 4504 illam

490 4520 681 4591 diligit.
703 4519 919 4575 Viduam
956 4533 1002 4576 et
1030 4526 1282 4595 pupillum
1307 4538 1353 4581 et
1383 4535 1883 4607 pauperem,inquit,
1911 4543 2073 4595 susci-

488 4616 609 4684 piet.
627 4616 702 4670 Ex
723 4630 785 4670 ea
801 4616 911 4677 vult
940 4616 1083 4673 Deus
1109 4622 1402 4690 appellari:
1426 4625 1693 4683 Miserator
1719 4642 1765 4685 et
1792 4635 2075 4692 misericors

490 4707 758 4774 Dominus,
787 4710 860 4763 ait
885 4708 1069 4774 David,
1097 4711 1401 4783 longanimis
1426 4728 1474 4770 et
1501 4720 1672 4775 multa:
1695 4724 2069 4795 misericordias,

487 4811 534 4854 et
568 4818 720 4855 verax
748 4801 921 4872 (Psal.
967 4805 1089 4858 HS.
1117 4806 1170 4861 9.
1199 4816 1245 4860 et
1274 4808 1391 4875 l02,
1412 4810 1465 4864 8.
1486 4822 1532 4865 et
1564 4814 1685 4868 144.
1704 4815 1792 4885 8);
1817 4828 1871 4872 ct
1887 4835 2075 4878 rursus

488 4893 645 4958 alius,
686 4893 1037 4949 Misericordia
1069 4896 1164 4951 Dei
1191 4916 1341 4969 super
1358 4917 1555 4956 omnem
1570 4914 1753 4959 terram
1781 4907 1949 4979 (Psal.
1980 4913 2068 4969 56.

492 4989 605 5059 12).
634 4990 747 5059 Ipsa
774 4992 980 5045 salvum
1014 4991 1138 5048 fecit
1167 5010 1334 5065 genus
1360 4996 1673 5065 hominum;
1702 5017 1824 5058 nam
1843 5006 1943 5062 nisi
1973 5024 2075 5065 no-

489 5084 584 5137 stri
616 5094 759 5137 esset
787 5085 1057 5153 misertus,
1076 5089 1251 5143 omnia
1279 5091 1597 5158 periissem:
1628 5095 1738 5165 ipsa
1765 5098 2075 5158 misericor-

492 5176 578 5230 dia
607 5189 723 5237 nos,
749 5190 869 5229 cum
893 5190 1132 5231 essemus
1179 5181 1393 5247 hostes,
1427 5186 1726 5242 conciliavit
1756 5207 1767 5242 :
1798 5190 1907 5259 ipsa
1936 5192 2073 5249 bona

495 5266 619 5322 fecit
642 5268 1062 5334 innumerabilia,
1098 5272 1208 5339 ipsa
1238 5277 1503 5342 persuasit
1550 5278 1643 5333 Dei
1683 5279 1815 5335 Filio
1842 5294 1898 5337 ut
1924 5284 2074 5342 fieret

493 5378 684 5420 servus
707 5375 763 5420 et
792 5365 1027 5435 seipsum
1059 5369 1377 5426 exinaniret.
1410 5375 1537 5429 Eam
1566 5378 1905 5446 aemulemur,
1934 5381 2072 5436 dile-

492 5454 585 5521 cti,
617 5470 711 5525 per
724 5471 881 5527 quam
906 5457 1039 5513 salvi
1068 5460 1189 5515 facti
1219 5477 1403 5518 sumus
1428 5481 1443 5530 ;
1469 5479 1587 5521 eam
1615 5467 1918 5540 diligamus,
1951 5488 2070 5528 eam

1221 378 1276 435 S.
1317 380 1592 436 JOAXNIS
1628 380 2098 437 CllliYSDS'l‘OMl
2139 378 2454 439 ARCIIIEP.
2493 386 3023 448 CONSTANTINOP.

3665 400 3763 455 ιςι

2185 480 2428 547 pecuniis
2476 485 2859 553 pra-feramus;
2897 501 2954 547 et
2999 496 3201 566 absque
3247 504 3489 570 pecuniis
3535 509 3763 564 animam

2184 568 2478 630 habeamus
2506 578 2933 640 misericordem.
2968 586 3109 644 Nihil
3135 601 3216 646 est
3245 568 3386 663 quod
3416 598 3485 652 ita
3510 598 3759 656 Christia-

2183 677 2310 717 num
2342 668 2627 735 exprimat,
2659 681 2716 724 ut
2742 673 3088 749 eleemosyna
3127 698 3142 734 :
3174 684 3305 738 nihil
3331 688 3470 755 quod
3500 691 3765 748 increduli

2182 761 2237 807 et
2260 769 2448 811 omnes
2476 759 2544 812 ita
2570 760 2925 831 admirentur,
2952 778 3011 821 ιιι
3034 772 3246 839 quando
3272 777 3605 835 miseremur.
3635 782 3769 838 Nam

2186 860 2288 899 nos
2311 862 2526 919 quoque
2551 866 2697 921 saepe
2749 855 2850 911 hac
2878 872 3100 928 egemus
3139 866 3525 936 misericordia,
3568 882 3622 927 et
3663 874 3770 927 Deo

2182 937 2422 1006 quotidie
2452 940 2681 998 dicimus
2713 962 2727 995 :
2763 946 3057 1005 Secundum
3093 970 3333 1026 magnam
3371 961 3773 1018 misericordiam

2184 1035 2325 1081 tuam
2372 1031 2611 1087 miserere
2654 1038 2818 1091 nostri
2845 1038 3020 1109 (Psal.
3065 1044 3157 1100 24.
3207 1047 3283 1116 7).
3319 1049 3470 1107 Prius
3497 1054 3600 1124 ipsi
3631 1057 3771 1112 inci-

2182 1119 2421 1187 piamus;
2457 1122 2566 1177 imo
2606 1142 2737 1182 vero
2778 1145 2884 1185 non
2915 1135 3063 1202 prius
3109 1139 3432 1209 incipimus;
3474 1147 3587 1216 ipse
3623 1150 3773 1203 enim

2178 1209 2286 1280 jam
2315 1216 2717 1275 ostenditsuam
2740 1223 2793 1276 in
2816 1239 2916 1279 nos
2938 1228 3361 1288 misericordiam
3394 1253 3410 1301 ;
3440 1240 3534 1294 sed
3562 1242 3773 1308 dilecti,

2182 1307 2508 1373 posteriores
2535 1324 2844 1380 sequamur.
2871 1316 3006 1372 Nam
3054 1320 3100 1375 si
3146 1324 3391 1382 homines
3444 1330 3773 1388 miserentur

2182 1395 2586 1466 misericordis,
2646 1404 2857 1460 etiamsi
2913 1420 3130 1477 peccata
3170 1413 3397 1470 fecerint
3456 1420 3770 1485 innumera,

2182 1488 2354 1541 multo
2406 1492 2579 1560 magis
2603 1493 2765 1550 Deus.
2799 1500 3273 1569 AudiPropltetam
3316 1507 3580 1566 dicentem
3612 1533 3629 1567 :
3668 1514 3775 1585 Ego

2181 1586 2366 1640 autem,
2399 1579 2589 1650 inquit,
2618 1585 2748 1639 sicut
2773 1588 2907 1641 oliva
2932 1594 3195 1663 fructifera
3221 1597 3274 1651 in
3307 1600 3454 1654 domo
3477 1601 3573 1657 Dei
3594 1579 3772 1675 (Ρεᾶι.

2181 1668 2271 1723 51.
2292 1670 2405 1740 10).
2426 1671 2643 1728 Fiamus
2661 1677 2795 1733 tales
2823 1682 2995 1749 qualis
3034 1684 3187 1751 olea;
3226 1693 3372 1747 omni
3398 1708 3463 1748 ex
3490 1668 3653 1765 parte
3687 1716 3774 1754 ur-

2179 1774 2370 1830 gemur
2399 1767 2681 1835 praeceptis
2698 1807 2715 1833 ,
2736 1786 2840 1824 non
2872 1774 3014 1827 enim
3032 1777 3230 1834 sufficit
3247 1797 3365 1837 esse
3382 1797 3438 1839 ut
3454 1789 3666 1855 oleam,
3684 1794 3773 1847 sed

2182 1861 2398 1920 oportet
2425 1856 2585 1909 etiam
2612 1872 2736 1913 esse
2767 1860 3121 1923 frnctiferam.
3152 1869 3289 1926 Sunt
3318 1876 3461 1931 enim
3488 1880 3580 1948 qui
3609 1884 3776 1937 miser.

2182 1952 2364 1999 rentes
2390 1960 2486 2015 per
2514 1955 2682 2002 totum
2711 1966 2908 2007 annum
2952 1970 3120 2024 pauca
3150 1960 3372 2029 dantes,
3406 1969 3488 2023 vel
3544 1972 3774 2041 singulis

2183 2030 2553 2102 hebdomadis,
2573 2047 2667 2092 aut
2693 2043 2955 2097 tantillum
2979 2060 3294 2119 erOgantes;
3326 2055 3414 2110 isti
3446 2030 3770 2132 suntol-iw,

2183 2121 2277 2177 sed
2300 2139 2404 2177 non
2426 2124 2735 2192 fructifera,
2768 2148 2950 2188 verum
2973 2138 3159 2194 aridae.
3184 2142 3317 2198 Nam
3340 2149 3481 2217 quod
3506 2154 3774 2209 miseren-

2186 2223 2269 2268 tur
2288 2215 2526 2286 quidem,
2555 2229 2681 2276 sunt
2700 2224 2856 2279 olivae
2880 2243 2893 2289 ;
2918 2229 3012 2283 sed
3043 2236 3295 2301 quoniam
3326 2215 3434 2296 non
3466 2242 3615 2315 large
3639 2259 3698 2302 et
3716 2252 3775 2303 li—

2184 2305 2458 2373 beraliter,
2504 2325 2611 2365 non
2652 2326 2776 2368 sunt
2802 2316 2955 2373 olivae
2984 2319 3292 2383 fructiferae.
3324 2330 3431 2386 Sed
3461 2336 3636 2392 simus
3679 2356 3774 2396 nos

2186 2398 2467 2452 fructiferi.
2494 2400 2647 2471 Saepe
2677 2404 2808 2471 dixi,
2830 2417 2885 2461 et
2911 2426 3053 2468 nunc
3092 2413 3214 2471 dico
3244 2432 3259 2483 ;
3291 2435 3395 2476 non
3438 2438 3631 2482 eorum
3657 2447 3773 2500 qua

2185 2490 2308 2546 data
2326 2503 2451 2547 sunt
2468 2510 2715 2551 mensura
2734 2508 2789 2553 et
2815 2504 3112 2571 quantitate
3132 2512 3433 2571 ostenditur
3458 2490 3774 2589 magnitudo

2188 2582 2570 2656 eleemosynm,
2595 2591 2690 2646 sed
2719 2595 2837 2663 ejus
2861 2599 2949 2667 qui
2991 2600 3084 2657 dat
3130 2609 3402 2665 voluntate
3431 2622 3487 2666 et
3514 2614 3765 2669 instituto

2190 2669 2352 2731 Scitis
2380 2680 2506 2748 quid
2538 2681 2723 2739 fecerit
2764 2688 2918 2746 vidua
2950 2709 2964 2759 ;
2994 2700 3215 2765 expedit
3244 2704 3389 2758 enim
3417 2720 3637 2779 semper
3688 2708 3774 2763 hor

2188 2764 2383 2821 offerre
2408 2772 2736 2841 exemplum,
2767 2786 2823 2832 ut
2848 2797 2917 2836 ne
2939 2764 3143 2855 pauper
3163 2793 3379 2861 quidem
3412 2794 3480 2848 de
3586 2776 3777 2866 despc-

2188 2864 2291 2921 ret,
2320 2858 2507 2914 videns
2533 2878 2650 2919 eam
2696 2884 2815 2936 quae
2851 2872 2958 2928 duo
3004 2882 3227 2936 contulit
3259 2885 3485 2940 minuta.
3519 2888 3777 2944 Toletum

2187 2949 2403 3019 quidam
2442 2958 2600 3009 ctiam
2630 2959 2765 3041 pilos
2803 2978 2924 3019 cum
2956 2972 3211 3041 templum
3259 2989 3698 3041 c0nstrueretur.
3729 2996 3777 3039 et

2189 3056 2256 3096 ne
2290 3043 2373 3097 isti
2405 3048 2621 3116 quidem
2661 3038 2787 3109 sunt
2832 3059 3038 3127 rejecti.
3070 3038 3196 3121 Sed
3238 3069 3282 3123 si
3324 3088 3516 3127 aurum
3561 3076 3778 3143 quidem

2188 3131 2471 3201 habentes,
2505 3141 2639 3207 pilos
2680 3145 3022 3216 obtulissent,
3066 3154 3289 3212 fuissent
3333 3164 3699 3229 exsecrandi;
3739 3171 3779 3221 si

2187 3235 2365 3280 autem
2395 3245 2516 3283 cum
2547 3230 2648 3287 hoc
2689 3236 2862 3291 solum
2895 3240 3177 3312 haberent,
3211 3248 3261 3303 id
3297 3252 3633 3321 obtulerunt,
3669 3257 3777 3313 fne-

2186 3326 2312 3371 runt
2347 3323 2574 3389 accepti.
2610 3324 2898 3395 Propterea
2925 3334 3053 3388 Cain
3085 3354 3299 3409 quoque
3344 3342 3441 3398 fuit
3475 3349 3776 3416 retirebeu-

2186 3420 2297 3470 sus,
2328 3424 2432 3463 non
2461 3413 2601 3481 quod
2635 3417 2752 3470 vilia
2776 3420 3050 3489 obtulerit,
3083 3428 3176 3483 sed
3202 3432 3344 3500 quod
3374 3436 3636 3491 vilissima
3670 3457 3777 3493 om-

2187 3500 2334 3553 nium
2386 3519 2505 3572 qua:
2564 3506 2789 3566 habuit:
2848 3514 3188 3585 Maledictus,
3242 3524 3449 3595 inquit,
3495 3546 3582 3596 qm
3634 3533 3777 3586 habet

2185 3596 2488 3661 masculum,
2530 3609 2575 3652 et
2615 3600 2723 3656 Deo
2750 3604 2897 3671 offert
2925 3624 3221 3683 corruptum
3259 3618 3518 3687 (Malach.
3566 3626 3615 3679 l.
3668 3627 3776 3695 Ii).

2185 3682 2299 3737 Non
2328 3686 2574 3744 absolute
2602 3691 2771 3760 dixit;
2810 3700 2904 3753 sed
2939 3703 3029 3770 qui
3067 3704 3247 3773 habet,
3266 3682 3473 3780 inquit,
3500 3725 3557 3768 ct
3585 3722 3775 3785 parcit.
3924 3688 3926 3803 ἱ

2186 3772 2239 3803 ας
2268 3776 2528 3803 ιπηζηηζηη.
2563 3796 2681 3803 μ.--
2730 3801 2751 3803 η
2778 3802 2787 3803 ,
2865 3789 2877 3803 ι
2940 3790 2948 3803 ι
3011 3802 3015 3803 ,
3156 3797 3167 3803 -

2186 3772 2239 3827 Si
2267 3776 2530 3845 quispiam
2558 3796 2687 3853 ergo
2727 3801 2832 3841 non
2864 3789 3055 3853 habet.
3084 3797 3236 3867 culpa
3278 3813 3452 3868 vacat,
3497 3807 3610 3860 imo
3652 3826 3777 3864 vero

2185 3863 2347 3920 habet
2371 3872 2695 3928 mercedem.
2718 3876 2853 3944 Quid
2882 3885 3023 3937 enim
3051 3898 3134 3940 est
3161 3890 3316 3945 vilius
3341 3893 3555 3951 duobus
3590 3900 3773 3961 Λκιὲἱς,

2184 3966 2238 4008 οι
2264 3960 2432 4029 magis
2460 3962 2608 4019 nihili
2639 3983 2797 4035 quam
2828 3974 2958 4040 pili?
2991 3978 3115 4046 quid
3152 3984 3327 4053 cotyla
3356 3987 3552 4042 simila.
3588 3994 3774 4046 titius?

2183 4046 2276 4100 sed
2308 4057 2482 4105 tamen
2526 4053 2644 4109 ha-c
2668 4073 2774 4111 non
2817 4059 3031 4118 fuerunt
3059 4070 3319 4126 aestimata
3352 4076 3578 4133 minoris
3613 4100 3770 4149 quam

2182 4139 2334 4194 vituli
2380 4153 2435 4196 ct
2477 4160 2688 4202 aurum.
2740 4151 2872 4207 Nam
2914 4156 3173 4223 Quatenus
3217 4166 3418 4234 quidem
3454 4170 3603 4224 habet
3633 4176 3767 4242 quis-

2182 4233 2319 4301 piam
2348 4247 2421 4288 est
2450 4252 2706 4309 acceptus,
2738 4262 2840 4299 non
2867 4261 3116 4316 quatenus
3142 4233 3244 4310 non
3272 4258 3421 4313 habet
3451 4263 3531 4331 (2.
3564 4263 3683 4319 Cor.
3711 4270 3765 4321 8.

2183 4314 2307 4401 i2);
2332 4342 2386 4386 et
2406 4374 2419 4397 ,
2459 4334 2719 4401 Quatenus
2744 4314 2890 4399 habet
2910 4386 2923 4407 ,
2966 4347 3158 4417 inquit,
3188 4370 3368 4410 manus
3397 4314 3506 4426 tua,
3540 4361 3764 4433 benef“.

2182 4419 2329 4488 Ideo,
2374 4441 2524 4495 rogo,
2571 4430 2733 4486 alacri
2779 4436 2961 4490 animo
3001 4440 3340 4500 edundamus
3385 4448 3666 4507 facultates
3713 4458 3763 4509 in

2181 4527 2443 4584 pauperes
2468 4536 2480 4572 :
2505 4522 2605 4574 etsi
2637 4540 2814 4591 parvae
2844 4529 2972 4595 sint,
2997 4534 3240 4591 eamdem
3269 4540 3599 4608 accipiemus
3623 4564 3765 4602 mer-

2179 4607 2367 4663 cedem
2396 4625 2554 4678 quatn
2581 4616 2670 4683 qui
2699 4618 2850 4684 plura
2879 4626 3247 4693 contulerunt,
3283 4631 3389 4684 imo
3429 4636 3576 4703 plura
3602 4655 3761 4707 quam

2180 4698 2269 4768 qui
2301 4700 2495 4755 talenta
2526 4709 2871 4764 contulerunt
2899 4702 3330 4775 itit’tumerahilia.
3357 4724 3413 4778 Si
3444 4726 3558 4782 haec
3595 4731 3753 4784 facia-

2186 4805 2326 4855 mus,
2365 4807 2718 4863 asscquemur
2746 4801 2838 4857 Dei
2881 4803 3162 4863 thesauros
3204 4812 3502 4872 ineffabiles
3530 4836 3545 4875 :
3570 4821 3612 4873 si
3652 4838 3760 4878 non

2171 4891 2345 4947 solum
2371 4893 2668 4960 audiamus,
2696 4899 2789 4953 sed
2817 4903 2974 4957 etiam
2998 4920 3251 4976 agamus;
3279 4913 3324 4966 si
3348 4928 3457 4969 non
3480 4916 3755 4973 laudemus

2174 4990 2403 5048 tantum,
2433 4985 2525 5040 sed
2553 4988 2715 5043 etiam
2742 4990 2895 5048 factis
2920 5000 3289 5059 ostendamus.
3318 5005 3451 5074 Quae
3476 5008 3627 5063 detur
3654 5026 3752 5064 no-

2169 5074 2251 5130 bis
2278 5076 2526 5132 omnibus
2556 5085 2850 5153 consequi,
2881 5093 3048 5157 gratia
3088 5103 3145 5148 et
3175 5094 3500 5167 benignitate
3540 5101 3743 5156 Domini

2164 5179 2333 5232 nostri
2362 5177 2489 5234 Jesu
2517 5179 2740 5244 Christi,
2769 5198 2888 5236 cmn
2928 5200 3035 5249 quo
3066 5185 3209 5239 Patri
3250 5203 3352 5241 una
3394 5203 3512 5245 cum
3554 5199 3737 5243 saneto

2153 5253 2360 5340 ‘Spiritu
2390 5272 2578 5341 gloria,
2612 5275 2914 5345 imperium,
2946 5276 3308 5344 honor,‘nunc
3337 5294 3391 5337 ct
3420 5297 3637 5353 semper,
3680 5291 3734 5335 et

2165 5359 2216 5414 in
2248 5361 2445 5416 saecula
2471 5363 2814 5420 srcculorum.
2847 5367 3037 5423 Amen.
