3968 6534
171 551 223 604 οὐ
247 549 347 616 7&9
382 546 500 600 ἐστι
530 562 586 599 τι
629 546 872 617 φθαρτὸν
903 544 1024 598 οὐδὲ
1081 543 1349 615 ἐπίκηρον
1400 543 1534 602 ἐκεῖ,
1594 538 1731 593 ἀλλὰ

171 633 330 685 πάντα
351 629 596 682 ἀθάνατα
621 630 717 682 καὶ
738 629 1013 698 ἀκήρατα.
1050 624 1261 678 Οὐκοῦν
1293 623 1624 694 κενώσωμεν
1648 623 1730 684 είς

169 712 348 782 ταύτην
379 711 475 782 τὴν
506 711 802 780 οἰκοδομὴν
831 709 901 762 τὰ
939 709 1201 779 χρήματα
1224 721 1238 734 ·
1276 707 1338 760 ού
1394 706 1475 759 δεῖ
1534 706 1728 771 τεκτό-

170 813 260 848 νων
311 796 462 863 ἡμῖν,
520 794 644 845 οὐδὲ
700 792 950 861 ἐργατῶν
983 807 996 820 ·
1037 791 1093 842 αἱ
1117 789 1222 841 τῶν
1271 791 1520 852 πενήτων
1550 789 1730 860 χεῖρες

171 882 251 939 τὰς
296 875 554 937 τοιαύτας
595 871 974 943 οἰκοδομοῦσιν
1030 871 1231 933 οἰκίας,
1259 871 1308 922 οἱ
1337 869 1522 940 χωλοὶ,
1555 870 1604 921 οἱ
1632 885 1730 920 τυ-

175 959 296 1027 φλοὶ,
329 959 379 1010 οί
411 958 690 1026 ἀνάπηροι
716 971 729 985 ’
762 950 909 1009 οὗτοι
966 955 1182 1015 ἐκείνας
1214 954 1312 1016 τὰς
1367 952 1546 1014 οἰκίας
1575 952 1723 1004 οίκο-

173 1041 394 1110 δομοῦσι.
430 1040 541 1093 Καὶ
575 1039 651 1108 μὴ
685 1033 999 1106 θαυμάσῃς,
1053 1037 1189 1088 ὅπου
1217 1052 1280 1102 γε
1305 1035 1398 1088 καὶ
1449 1033 1728 1104 βασιλείαν

173 1126 282 1193 ἡμῖν
306 1117 454 1176 οὗτοι
486 1119 835 1189 προξενοῦσι,
861 1120 959 1172 καὶ
986 1118 1302 1189 παρρησίαν
1355 1118 1487 1188 ἡμῖν
1521 1115 1728 1170 διδόασι

176 1208 286 1278 πρὸς
307 1205 398 1257 τὸν
428 1205 588 1258 Θεόν.

239 1288 296 1341 ’11
319 1287 430 1358 7&9
472 1283 816 1356 ἐλεημοσύνη
850 1283 1014 1353 τέχνη
1047 1281 1130 1346 τίς
1159 1283 1306 1336 ἐστιν
1361 1281 1580 1354 ἀρίστη,
1632 1281 1730 1334 καὶ

176 1374 446 1445 προστάτις
475 1370 585 1422 τῶν
617 1367 1003 1439 ἐργαζομένων
1023 1367 1198 1436 αὑτήν
1217 1384 1229 1395 ·
1261 1364 1390 1435 φίλη
1403 1363 1729 1445 γάρτῷΘεῷ

179 1442 456 1527 [ἱθθ]ἐστι,
473 1453 570 1506 καὶ
591 1451 818 1520 πλησίον
839 1450 1068 1516 ἕστηκεν
1084 1448 1270 1513 αὑτοῦ,
1289 1449 1428 1516 ὑπὲρ
1442 1442 1516 1500 ὧν
1530 1447 1596 1501 ἂν
1613 1445 1730 1516 βού-

176 1539 330 1603 ληται,
359 1534 599 1595 εὐκόλως
625 1532 850 1585 αἰτοῦσα
875 1533 1056 1601 χάριν,
1079 1531 1243 1600 μόνον
1269 1531 1336 1584 ἀν
1369 1530 1443 1600 μὴ
1471 1530 1728 1598 ἀδικῆται

175 1621 282 1688 παρ’
304 1617 460 1688 ήμῶν
485 1634 499 1646 ο
523 1616 792 1669 ἀδικεῖται
813 1614 892 1679 δὲ,
915 1615 1043 1666 ὅταν
1066 1612 1125 1677 ἐξ
1150 1612 1410 1682 ἁρπαγῆς
1433 1612 1604 1681 αὐτὴν
1631 1615 1655 1664 ἐ
1665 1631 1727 1684 9-

174 1700 447 1770 γαζώμεθα
472 1714 486 1728 ο
511 1697 589 1760 ὡς
634 1697 729 1750 ἐὰν
827 1695 1065 1766 καθαρὰ,
1100 1694 1301 1765 πολλὴν
1332 1696 1446 1757 τοῖς
1475 1694 1726 1764 ἀναπέμ-

178 1801 346 1836 πουσιν
373 1781 544 1850 αὐτὴν
577 1779 762 1832 δίδωσι
789 1777 888 1847 τὴν
919 1778 1259 1849 παρρησίαν.
1284 1777 1533 1845 Τοσαύτη
1556 1777 1725 1845 αὐτῆς

177 1867 390 1936 ήίσχῦς,
415 1865 500 1916 ὅτι
528 1862 622 1914 καὶ
664 1861 806 1931 ὑπὲρ
843 1859 1368 1931 προσκεκρουκότων
1405 1857 1597 1921 δεῖται,
1634 1859 1725 1910 καὶ

178 1950 293 2019 ὑπὲρ
339 1945 768 2018 ἡμαρτηκότων.
825 1943 976 2012 Δῦτη
1024 1943 1387 2014 διαρρἡνυσι
1416 1941 1484 1994 τά
1513 1939 1723 2010 δεσμὰ,

178 2031 270 2083 λύει
288 2030 345 2084 τὺ
379 2030 597 2093 σκότος,
638 2027 893 2081 σϐέννυσι
915 2026 978 2080 τὸ
1012 2025 1146 2097 πῦρ,
1179 2025 1405 2079 θανατοῖ
1434 2024 1526 2078 τὸν
1581 2026 1726 2077 σκώ-

179 2114 314 2183 ληκα,
367 2111 667 2165 ἀπελαύνει
699 2111 792 2162 τὸν
820 2110 931 2163 τῶν
981 2109 1210 2162 ὀδόντων
1245 2107 1491 2178 βρυγμόν
1515 2125 1528 2139 ο
1555 2107 1728 2178 ταύτῃ

184 2199 293 2264 μετά
318 2195 520 2264 πολλῆς
559 2194 742 2256 ἀδείας
775 2192 1081 2261 ἀνοίγονται
1119 2191 1226 2244 τῶν
1261 2189 1506 2262 οὐρανῶν
1536 2191 1592 2244 αἱ
1619 2190 1726 2242 πύη

182 2279 266 2331 λαι.
289 2279 392 2332 Καὶ
415 2277 608 2347 ὥσπερ
643 2275 910 2346 βασιλίδος
936 2274 1212 2344 εἰσιούσης
1255 2274 1429 2337 οὐδεὶς
1464 2273 1726 2343 τολμήσει

181 2363 267 2414 τῶν
289 2362 538 2428 φυλάκων
566 2360 676 2413 τῶν
697 2362 791 2412 ἐπὶ
818 2362 935 2421 ταῖς
959 2359 1151 2428 θύραις
1165 2359 1519 2428 τεταγμένων
1535 2357 1725 2421 ἐξετά-

183 2461 254 2497 σαι
275 2446 351 2507 τίς
367 2445 451 2513 εἴη
477 2445 572 2496 καὶ
607 2443 792 2506 πόθεν,
826 2441 965 2495 ἀλλά
989 2442 1190 2504 πάντες
1219 2439 1421 2504 εὐθέως
1439 2440 1728 2510 ὑποδέχον-

178 2543 276 2578 ται·
303 2524 441 2579 οὕτω
455 2525 522 2596 δή
547 2525 645 2577 καὶ
656 2525 754 2594 τήν
773 2523 1144 2594 ἐλεημοσύνην
1161 2539 1173 2551 ·
1197 2522 1408 2592 βασιλὶς
1445 2523 1554 2593 γάρ
1577 2523 1726 2575 ἐστιν

179 2611 340 2673 ὅντως,
379 2611 604 2680 ὁμοίους
648 2605 971 2677 ἀνθρώπους
1032 2606 1264 2660 ποιοῦσα
1305 2605 1444 2676 Θεῷ.
1467 2608 1726 2660 Ἕσεσθε

178 2694 285 2762 γὰρ,
317 2696 499 2762 φησὶν,
523 2692 914 2759 οικτΙρμονες,
953 2691 1035 2757 ὠς
1063 2693 1096 2743 ό
1127 2689 1332 2758 Πατὴρ
1357 2687 1527 2758 ὑμῶν
1555 2692 1587 2744 ό
1622 2692 1726 2744 οὐ·

171 2775 358 2842 ράγιος
418 2775 738 2842 οἰκτίρμων
790 2775 985 2828 ἐστίν.
1043 2773 1380 2845 Ὑπόπτερός
1443 2775 1562 2829 ἐστι
1633 2774 1726 2828 καὶ

178 2858 353 2928 κούφη,
409 2859 695 2926 πτέρυγας
741 2857 939 2928 ἔχουσα
992 2858 1223 2929 χρυσᾶς,
1273 2857 1474 2927 πτῆσιν
1529 2857 1723 2928 ἔχουσα

176 2943 298 2995 πάνυ
348 2944 662 3014 τέρπουσαν
693 2943 815 3004 τοὺς
847 2942 1132 3010 ἀγγέλους.
1173 2941 1341 3007 Ἐκεῖ,
1389 2943 1558 3012 φησὶ,
1582 2942 1727 2996 Πτέ-

169 3041 329 3094 ρυτες
355 3023 712 3093 περιστερᾶς
778 3025 1342 3095 περιηργυρωμέναι,
1394 3025 1493 3079 καί
1528 3025 1599 3079 τὰ
1622 3044 1726 3094 με·

175 3107 414 3177 τᾶρρενα
449 3108 643 3176 αὐτῆς
669 3110 740 3162 ἐν
766 3111 1094 3178 χλωρότητι
1139 3111 1419 3178 χρυσίου.
1454 3110 1725 3183 Καθάπερ

175 3195 271 3261 7&9
321 3193 628 3263 περιστερά
675 3209 761 3256 τις
826 3193 1002 3264 χρυσῆ
1063 3194 1157 3246 καὶ
1217 3191 1406 3257 ζῶσα,
1463 3193 1725 3258 πέταται,

171 3276 309 3345 δμμα
364 3275 639 3346 προσηνὲς
699 3275 931 3345 ἔχουσα,
980 3276 1259 3347 ὀφθαλμὸν
1322 3277 1550 3347 ἥμερον.
1624 3278 1730 3329 ού-

171 3359 249 3410 δὲν
301 3357 391 3410 τοῦ
442 3357 728 3427 ὀφθαλμοῦ
788 3358 1000 3411 ἐκείνου
1065 3359 1291 3429 βέλτιον.
1367 3358 1548 3422 Καλός
1612 3361 1728 3414 ἐστι

179 3441 259 3492 καὶ
291 3442 318 3492 ό
366 3440 557 3503 ταὼς,
619 3440 758 3494 ἀλλὰ
811 3441 948 3512 πρὸς
1011 3442 1227 3512 ἐκείνην
1286 3441 1496 3505 κολοιός
1547 3443 1724 3496 ἐστιν·

177 3524 329 3587 οῦτως
371 3527 403 3592 ή
460 3524 612 3595 ὅρνις
671 3524 812 3594 αῦτη
867 3524 1006 3595 καλή
1066 3524 1150 3587 τίς
1197 3527 1313 3576 ἐστι
1371 3524 1464 3576 καὶ
1519 3524 1729 3592 θαυμα-

175 3609 280 3676 στή.
317 3609 461 3660 ’Δνω
495 3608 584 3660 διὰ
619 3608 819 3672 παντὸς
844 3609 969 3678 ὁρᾷ,
992 3607 1160 3677 πολλῇ
1206 3606 1302 3659 τοῦ
1334 3605 1468 3659 Θεοῦ
1504 3609 1572 3676 τῇ
1601 3607 1726 3678 δόξῃ

175 3691 637 3760 περιστοιχίζεται·
655 3691 925 3760 παρθένος
946 3692 1063 3744 ἐστὶ
1079 3692 1360 3761 πτέρυγας
1375 3688 1572 3759 ἔχουσα
1597 3707 1728 3759 χρυ-

174 3775 279 3836 σξς,
306 3774 769 3845 περιεσταλμένη,
795 3774 988 3828 λευκὸν
1016 3775 1308 3846 πρόσωπον
1373 3774 1572 3844 ἔχουσα
1630 3773 1726 3826 καί⁵

168 3857 360 3927 ἥμερον
377 3874 392 3887 ο
422 3859 732 3928 ύπόπτερός
755 3861 872 3911 ἐστι
898 3859 989 3911 καὶ
1025 3857 1224 3927 κούφη,
1251 3857 1402 3927 παρὰ
1427 3857 1519 3910 τὸν
1537 3855 1726 3928 θρόνον

165 3939 367 3995 ἐστῶσα
389 3940 482 3994 τὸν
515 3939 819 4010 βασιλικόν.
857 3942 1024 3993 Ὅταν
1078 3939 1412 4010 κρινώμεθα,
1439 3940 1594 4008 ἄφνω
1631 3941 1727 4008 ἐφ-

167 4023 381 4078 ίπταται
411 4025 510 4077 καὶ
549 4024 824 4094 φαίνεται,
855 4025 950 4078 καὶ
986 4022 1284 4094 ἐξαιρεῖται
1306 4023 1407 4092 τῆς
1453 4022 1726 4085 κολάσεως

159 4107 319 4174 {39.54,
346 4109 472 4171 ταῖς
524 4107 697 4176 αὐτῆς
750 4106 976 4177 πτέρυξι
1021 4105 1445 4177 περιϐάλλουσα.
1507 4105 1724 4174 Ταύτην

158 4188 292 4240 θέλει
319 4191 349 4242 ό
378 4190 514 4252 Θεὸς
549 4189 783 4258 μᾶλλον,
822 4189 854 4258 ἦ
891 4189 1085 4252 θυσίας
1115 4206 1128 4221 ·
1157 4188 1329 4242 πολλὰ
1377 4190 1507 4259 περὶ
1554 4188 1725 4257 αὐτῆς

153 4272 457 4340 διαλέγεται
477 4289 492 4302 ⁸
517 4271 694 4334 οὕτως
718 4272 889 4340 αὐτὴν
907 4272 1071 4339 φιλεῖ.
1104 4271 1309 4339 Χήραν
1332 4272 1428 4324 καὶ
1458 4270 1725 4339 ὀρφανὸν

154 4354 249 4407 καί
293 4355 554 4420 πένητα,
586 4355 771 4424 φησὶν,
809 4353 1210 4422 ἀναλήψεται.
1245 4354 1366 4405 Ἀπ’
1401 4354 1574 4422 αὐτῆς
1631 4369 1721 4421 φι-

154 4435 235 4487 λεῖ
248 4436 533 4489 καλεῖσθαι
551 4439 580 4489 ό
595 4436 728 4498 Θεός
751 4452 764 4465 ·
799 4438 1126 4505 Οὶκτίρμων
1144 4436 1242 4490 καί
1268 4435 1540 4502 ἐλεήμων
1559 4438 1592 4489 ό
1609 4435 1723 4488 Κύ-

148 4535 292 4584 ριος,
340 4520 511 4587 φησὶν
533 4521 563 4572 ό
596 4518 780 4580 Δαυῒδ,
821 4521 1204 4590 μακρόθυμος
1248 4519 1346 4572 καὶ
1385 4517 1723 4583 πολυέλεος

154 4601 245 4653 καί
263 4602 586 4668 ἀληθινόςο
609 4603 704 4655 καὶ
731 4601 891 4655 πάλιν
921 4603 1127 4672 ἕτερος,
1149 4603 1362 4668 Ἔλεος
1409 4601 1516 4655 τοῦ
1573 4601 1722 4655 Θεοῦ

155 4683 247 4736 ἐπὶ
271 4682 484 4739 πᾶσαν
520 4683 640 4751 τὴν
679 4683 815 4753 γῆν.
869 4684 1016 4756 Αὕτη
1056 4687 1118 4739 τὸ
1149 4685 1259 4738 τῶν
1305 4685 1605 4755 ἀνθρώπων
1631 4685 1722 4754 γέ-

160 4781 240 4827 νος
287 4766 547 4819 διέσωσεν
576 4783 591 4798 ·
627 4769 677 4820 εί
733 4767 842 4838 7&9
896 4768 970 4838 μὴ
1024 4768 1256 4838 ἠλέησεν
1313 4771 1459 4838 ἡμᾶς
1487 4771 1516 4821 ὁ
1551 4769 1720 4832 Θεὸς.

165 4849 331 4902 πάντα
345 4850 411 4904 ἀν
437 4850 718 4905 ἀπόλωλεν
751 4867 765 4881 ο
799 4848 938 4922 αῦτη
973 4850 1198 4920 ἐχθροὺς
1220 4853 1369 4920 ἡμᾶς
1391 4852 1552 4913 ὄντας
1591 4868 1726 4904 κατ-

170 4930 400 4998 ήλλαξεν,
451 4933 591 5000 αῦτη
615 4934 684 4986 τά
711 4933 879 5004 μυρία
917 4932 1099 5001 ἀγαθά
1131 4934 1444 5002 εἰργάσατο,
1471 4934 1608 5004 αῦτη
1630 4934 1722 4987 τὸν

177 5006 286 5066 Υιδν
316 5014 408 5069 τοῦ
432 5017 567 5070 Θεοῦ
603 5016 790 5070 ἔπεισε
833 5015 1018 5070 δοῦλον
1066 5017 1325 5084 γενέσθαι
1355 5018 1449 5071 καὶ
1483 5017 1721 5071 κενῶσαι

855 431 923 489 IN
961 431 1184 488 EPlST.
1227 431 1320 487 AD
1357 427 1716 488 HEBBEOS.
1755 427 1910 484 CAP.
1951 428 2071 484 XII.
2113 427 2348 487 HOMIL.
2392 431 2610 488 XXXII.

3298 435 3410 494 2‘25

1832 539 2046 594 ἐαυτόν.
2073 540 2290 612 Ταύτην
2308 543 2666 614 ζηλώσωμεν,
2687 537 2984 617 ἀγαπητοὶ,
3007 548 3075 602 δι’
3104 543 3173 619 ἦς
3196 547 3408 620 ἐσώθη-

1845 639 1979 692 μεν·
2002 623 2151 695 [500]
2184 624 2391 697 ταύτην
2435 627 2832 698 ἀγαπήσωμεν,
2871 630 3076 700 ταύτην
3109 633 3410 702 χρημάτων

1841 707 2289 776 προτιμήσωμεν,
2302 709 2398 760 καὶ
2426 710 2595 778 γωρὶς
2610 727 2714 779 χρη
2725 712 2910 779 μάτων
2940 711 3119 783 ψυχὴν
3139 713 3410 783 ἐλεήμονα

1833 786 2069 858 ἔχωμεν.
2107 788 2275 841 Ούδὲν
2303 787 2448 842 οὕτω
2495 794 3001 862 ’χαρακτηριστικδν
3051 795 3406 865 Χριστιανοῦ,

1831 869 1908 933 ὼς
1950 869 2288 942 ἐλεημοσύνη
2307 887 2322 902 ·
2355 871 2508 926 οὐδὲν
2536 872 2680 926 οὕτω
2704 877 2798 927 καὶ
2830 875 3053 929 ἄπιστοι
3073 879 3167 930 καὶ
3201 881 3408 944 πάντες

1832 953 2222 1024 θαυμάζουσιν,
2242 956 2317 1019 ὡς
2337 956 2464 1008 ὅταν
2493 957 2754 1025 ἐλεῶμεν.
2813 959 3088 1030 Ιιολλαχοῦ
3157 962 3265 1032 γὰρ
3313 965 3408 1018 καὶ

1831 1037 1991 1107 ἡμεῖς
2025 1037 2256 1108 δεόμεθα
2290 1039 2383 1090 τοῦ
2414 1037 2598 1103 ἐλέους
2627 1040 2842 1104 τούτου,
2868 1043 2963 1094 καὶ
2992 1043 3130 1112 πρὸς
3157 1046 3248 1099 τὸν
3277 1046 3408 1099 Θεὸν

1830 1120 1954 1173 καθ’
1995 1121 2232 1190 ἑκάστην
2269 1122 2537 1191 λέγομεν·
2584 1122 2749 1176 Κατὰ
2785 1123 2851 1176 τὸ
2893 1124 3047 1192 μέγα
3081 1143 3200 1180 σου
3236 1128 3408 1196 ἕλεος

1829 1203 2091 1270 ἐλέησον
2108 1202 2286 1272 ἡμᾶς.
2308 1205 2580 1276 Πρότερον
2611 1206 2766 1258 αὐτοὶ
2785 1207 3083 1276 ἀρχώμεθα
3099 1228 3111 1238 ·
3139 1211 3336 1278 μᾶλλον
3351 1212 3408 1265 δέ

1829 1288 1931 1341 ούκ
1947 1287 2227 1357 ἀρχόμεθα
2242 1288 2525 1358 πρότερονο
2548 1289 2644 1341 καὶ
2664 1289 2772 1359 γάρ
2793 1289 2952 1353 αὐτὸς
2967 1290 3066 1361 ήδη
3099 1292 3409 1361 ἐπεδείξατο

1829 1370 1920 1422 τὸν
1934 1369 2082 1422 ἔλεον
2112 1369 2274 1422 αὑτοῦ
2295 1370 2384 1422 τὸν
2412 1371 2544 1441 περὶ
2577 1372 2749 1441 ἡμᾶς.
2789 1371 2950 1436 Ἀλλ’,
2980 1359 3274 1443 ἀγαπητοῖ,
3294 1359 3408 1430 κάν

1830 1452 2073 1524 δεύτεροι
2114 1450 2394 1522 έπὼμεθα.
2429 1453 2492 1506 El
2527 1453 2636 1522 7&9
2667 1453 2945 1525 ἄνθρωποι
2976 1457 3068 1508 τὸν
3100 1457 3368 1528 ἐλεήμονα
3388 1502 3402 1520 ,

1829 1536 1934 1588 κάν
1961 1536 2128 1606 μυρία
2156 1537 2457 1607 ἐργάσηται
2487 1537 2879 1608 ἁμαρτήματα,
2944 1538 3188 1594 ἐλεοῦσισ
3222 1541 3407 1612 πολλῷ

1838 1617 2040 1687 μᾶλλον
2057 1619 2085 1670 ὁ
2112 1617 2264 1679 Θεός.
2289 1619 2485 1670 Ἀκουε
2512 1619 2604 1672 τοῦ
2635 1620 2916 1690 προφήτου
2943 1621 3192 1690 λέγοντος
3212 1639 3227 1654 ο
3269 1624 3408 1692 Ἐγὼ

1830 1699 1898 1753 δὲ
1927 1699 2072 1754 ὡσεί
2094 1700 2288 1764 ἐλαία,
2324 1705 2479 1770 φησὶ,
2517 1701 2898 1770 κατάκαρπος
2927 1703 2997 1756 ἐν
3025 1704 3105 1769 τῷ
3120 1705 3268 1770 οἴκῳ
3301 1707 3408 1760 τοῦ

1834 1783 2002 1836 Θεοῦ.
2024 1781 2268 1835 Τοιοῦτοι
2294 1782 2601 1852 γενώμεθα.
2624 1784 2698 1848 ὡς
2721 1786 2878 1840 ἐλαία
2913 1787 3203 1855 γενώμεθα
3223 1805 3236 1818 ·
3271 1789 3405 1840 πάν-

1830 1863 1987 1917 τοοεν
2049 1863 2363 1935 βριθῶμεθα
2413 1870 2534 1929 ταῖς
2589 1867 2828 1931 ἐντολαῖς
2857 1885 2871 1899 ο
2908 1871 2968 1922 ού
2998 1870 3106 1939 γὰρ
3149 1871 3309 1941 ἀρκεῖ
3331 1871 3407 1934 ὡς

1831 1947 2020 2000 ἐλαίαν
2046 1944 2209 2009 εἶναι,
2233 1947 2368 2000 ἀλλά
2390 1949 2483 2001 καὶ
2516 1950 2892 2020 κατάκαρπον.
2928 1951 3048 2004 Εἰσὶ
3082 1951 3190 2022 γὰρ
3219 1953 3267 2005 οἶ
3295 1952 3410 2005 ἐλε-

1832 2029 2019 2092 οῦντες
2080 2029 2236 2097 ὀλίγα
2278 2029 2535 2093 διδόασιν,
2568 2031 2716 2100 ἢδιὰ
2765 2031 2965 2095 παντὸς
3012 2033 3106 2086 τοῦ
3162 2035 3407 2088 ἐνιαυτοῦ

1835 2111 2004 2177 ἅπαξ,
2033 2111 2065 2182 ἢ
2095 2113 2217 2165 καθ’
2265 2113 2501 2182 ἑκάστην
2535 2114 2901 2185 ἐϐδομάδα,’ῆ
2931 2115 2991 2168 τὸ
3016 2116 3181 2186 τυχὸν
3221 2118 3409 2187 προϊέ-

1837 2209 1986 2262 μενοι
2015 2211 2028 2226 ·
2055 2189 2202 2248 οὗτοι
2233 2195 2407 2248 ἐλαῖαι
2434 2197 2533 2265 μέν
2556 2198 2711 2260 εἰσιν,
2729 2199 2790 2250 οὐ
2814 2197 3156 2268 κατάκαρποι
3177 2198 3251 2265 δὲ,
3273 2199 3407 2253 ἀλλὰ

1833 2275 1927 2328 καὶ
1957 2275 2139 2347 ξηραί.
2169 2277 2292 2330 Ὅτι
2313 2277 2410 2347 μὲν
2440 2277 2549 2349 γὰρ
2577 2278 2840 2342 ἐλεοῦσιν,
2882 2279 3097 2332 ἐλαῖαι·
3146 2282 3226 2334 ὅτι
3256 2281 3312 2334 δέ
3345 2281 3406 2334 ού

1833 2359 2154 2436 φιλοτίμως,
2180 2361 2240 2413 ού
2271 2361 2616 2434 κατάκαρποι
2648 2361 2846 2416 ἐλαῖαι.
2892 2363 3031 2414 Ἀλλ’
3059 2364 3220 2432 ἡμεῖς
3243 2363 3410 2416 κατά-

1833 2459 2041 2513 καρποι
2065 2441 2372 2513 γενώμεθα.
2419 2446 2481 2495 Ὅ
2509 2444 2771 2507 πολλάκις
2795 2443 2967 2508 εἶπον,
3000 2445 3093 2498 καὶ
3121 2444 3264 2512 λέγω
3289 2443 3404 2498 νῦν·

1831 2527 1890 2579 ού
1908 2526 1985 2596 τῷ
2011 2527 2196 2597 μέτρῳ
2217 2527 2324 2579 τῶν
2351 2527 2643 2597 διδομένων
2667 2528 2728 2581 τὸ
2751 2528 2980 2598 μέγεθος
3008 2529 3285 2582 δείκνυται
3308 2529 3408 2596 τῆς

1832 2608 2228 2680 ἐλεημοσύνης,
2259 2610 2398 2663 ἀλλὰ
2422 2613 2487 2680 τῇ
2518 2612 2834 2681 προαιρέσει
2861 2610 2954 2662 τοῦ
2982 2611 3234 2674 διδόντος.
3259 2611 3407 2664 Ἰστε

1829 2692 1900 2746 τὰ
1933 2693 2198 2762 κατάτὴν
2226 2694 2401 2764 χήραν
2432 2710 2444 2724 ·
2477 2693 2642 2747 καλὸν
2672 2693 2759 2746 ἀεὶ
2779 2692 2969 2762 φέρειν
3000 2694 3153 2747 τοῦτο
3182 2693 3241 2746 τὸ
3276 2695 3407 2746 ὑπό-

1830 2776 2055 2846 δειγμα,
2087 2776 2174 2829 ἵνα
2212 2777 2346 2846 μηδέ
2371 2778 2399 2829 ὁ
2430 2777 2594 2846 πένης
2619 2775 2970 2846 ἀπογινώσκῃ
3020 2775 3233 2835 ἑαυτοῦ,
3265 2775 3407 2845 όρῶν

1831 2861 1912 2922 είς
1937 2859 2036 2929 τήν
2065 2858 2134 2911 τά
2155 2858 2248 2931 δύο
2293 2859 2466 2910 λεπτά
2493 2857 2927 2912 καταϐαλοῦσαν.
2966 2859 3242 2926 Ἥνεγκάν
3264 2873 3408 2921 τινες

1832 2943 1925 2997 καὶ
1959 2943 2154 3013 τρίχας
2182 2945 2240 2995 ἐν
2272 2946 2336 3014 τῇ
2356 2942 2449 2995 τοῦ
2473 2943 2601 2996 ναοῦ
2633 2946 2966 3011 κατασκευῇ,
2996 2942 3090 2996 καὶ
3113 2942 3230 2996 οὐδὲ
3262 2937 3406 2995 οῦτοι

1832 3027 2244 3098 άπεϐλὴθησαν.
2291 3027 2431 3081 Ἀλλ’
2465 3030 2512 3080 εί
2554 3028 2650 3097 μὲν
2677 3028 2897 3096 χρυσίον
2931 3027 3164 3097 ἔχοντες,
3212 3028 3404 3096 τρίχας

1827 3111 2040 3180 ἔφερον,
2099 3110 2523 3181 ἐπικατάρατοι·
2562 3111 2689 3163 εἰδὲ
2730 3110 2892 3163 τοῦτο
2941 3111 3153 3179 ἔχοντες
3208 3109 3403 3177 μόνον,

1825 3193 1984 3246 τοῦτο
2035 3194 2303 3263 ἤνεγκαν,
2367 3194 2672 3248 ἀπόδεκτοι.
2720 3193 2818 3246 Διά
2870 3193 3028 3245 τοῦτο
3082 3192 3232 3246 καὶὸ
3266 3193 3405 3245 Κάῖν

1829 3275 2112 3345 ἐμέμφθη,
2138 3276 2236 3327 ούκ
2257 3275 2444 3346 ἐπειδὴ
2463 3275 2638 3344 φαῦλα
2661 3277 3056 3346 προσήνεγκεν,
3080 3274 3192 3326 ἀλλ’
3217 3273 3406 3343 ἐπειδὴ

1827 3351 1901 3410 ὧν
1921 3355 2032 3426 εἶχε
2045 3359 2112 3410 τὰ
2134 3359 2438 3429 φαυλότερα
2457 3377 2469 3389 ’
2491 3359 2972 3426 Ἐπικατάρατος,
2997 3358 3180 3426 φησὶν,
3198 3355 3266 3421 ὃς
3281 3356 3406 3422 ἕχει

1826 3441 2036 3509 ἄρσεν,
2059 3441 2154 3493 καὶ
2175 3442 2301 3495 θύει
2313 3441 2742 3510 διεφθαρμένον
2757 3437 2836 3509 τῷ
2854 3439 2996 3506 Θεῷ,
3015 3441 3125 3509 Ούχ
3138 3438 3320 3502 ἁπλῶς
3334 3435 3406 3492 εἷ-

1828 3542 1950 3586 πεν,
1987 3524 2321 3594 ἀλλ’όέχων,
2354 3525 2508 3594 φησὶ,
2541 3526 2637 3578 καὶ
2668 3525 3004 3595 φειδόμενος.
3035 3524 3098 3575 Et
3123 3524 3302 3575 τοίνυν
3319 3539 3405 3586 τις

1827 3607 1928 3660 οὐκ
1962 3607 2097 3677 ἔχει,
2131 3607 2476 3677 ἀπήλλακται
2515 3607 2610 3661 καὶ
2664 3606 3048 3679 ἐγκλημάτων,
3111 3605 3308 3675 μᾶλλον
3344 3605 3404 3660 δὲ

1825 3689 1939 3760 ἔχει
1989 3689 2200 3760 μισθόν.
2234 3690 2276 3741 Τ
2284 3690 2298 3741 ί
2327 3691 2434 3760 γὰρ
2467 3690 2560 3743 δύο
2619 3690 2822 3744 ὀϐολῶν
2877 3689 3277 3759 εὐτελέστερον,
3307 3690 3402 3743 καὶ

1823 3773 2026 3842 τριχῶν
2062 3773 2554 3844 ούδαιὶινέστερον;
2590 3775 2642 3828 τί
2673 3773 2728 3826 δὲ
2760 3772 3088 3840 σεμιδάλεως
3117 3771 3348 3841 κοτύλης
3379 3789 3396 3834 ;

1826 3855 1939 3908 ἀλλ’
1951 3858 2099 3924 ὅμως
2110 3855 2284 3908 ταῦτα
2299 3856 2482 3926 ηὐδοκί
2490 3875 2562 3927 μη
2570 3874 2627 3910 σε
2635 3855 2875 3926 νςόμοίως
2886 3858 2995 3917 τοῖς
3012 3853 3160 3925 [501]
3179 3854 3400 3923 μόσχοις

1825 3940 1920 3992 καὶ
1936 3937 2013 4008 τῷ
2031 3939 2258 4010 χρυσίῳ.
2295 3939 2434 3995 Καθ’
2451 3939 2482 3994 ὃ
2501 3941 2610 4009 γὰρ
2635 3940 2759 4007 ἔχει
2787 3955 2897 4002 τις,
2931 3937 3396 4004 εὐπρόσδεκτος,

1824 4023 1897 4075 οὐ
1944 4023 2071 4074 καθ’
2089 4021 2119 4074 ὃ
2136 4024 2249 4075 οὐκ
2282 4022 2406 4090 ἔχει
2427 4039 2440 4054 ο
2483 4022 2712 4086 καὶ,⁹Ως
2731 4021 2807 4074 ἂν
2826 4021 2961 4090 ἔχῃ,
2993 4021 3178 4091 φησὶν,
3197 4022 3234 4086 ἡ
3264 4021 3396 4090 χείρ

1824 4121 1962 4170 σου,
1988 4100 2058 4159 εὖ
2076 4107 2235 4158 ποίει
2258 4122 2271 4136 ο
2287 4105 2388 4166 διὸ,
2417 4123 2491 4158 πα
2502 4103 3084 4176 ρακαλῶ,κενώσωμεν
3101 4103 3396 4174 προθύμως

1822 4187 1894 4240 τὰ
1908 4188 2036 4240 ὄντα
2053 4190 2132 4250 είς
2147 4189 2274 4250 τοὺς
2292 4189 2550 4256 πένητας
2571 4187 2672 4240 κᾶν
2693 4182 2921 4260 ὀλίγα
2938 4187 3029 4240 τὸν
3045 4187 3206 4240 αὐτὸν
3225 4185 3396 4255 ληψό-

1830 4271 1968 4341 μεθα
1996 4272 2186 4338 μισθὸν
2220 4275 2333 4335 τοῖς
2371 4272 2440 4324 τά
2468 4271 2688 4323 πλείονα
2720 4269 3138 4331 καταϐάλλουσι,
3195 4269 3396 4340 μᾶλλον

1827 4355 1886 4407 δὲ
1912 4353 2135 4407 πλείονα
2171 4353 2281 4407 τῶν
2312 4354 2484 4424 μυρία
2527 4354 2766 4407 τάλαντα
2798 4353 3265 4408 καταϐαλλόντων.
3296 4353 3396 4406 Ἀεν

1821 4437 1996 4491 ταῦτα
2023 4436 2288 4506 ποιῶμεν,
2313 4436 2704 4505 ἐπιτευξόμεθα
2725 4436 2832 4488 τῶν
2857 4437 3080 4504 ἀφάτων
3104 4435 3395 4506 θησαυρῶν

1823 4520 1915 4573 τοῦ
1950 4520 2108 4581 Θεοῦ,
2141 4519 2207 4572 ἂν
2228 4518 2302 4590 μὴ
2333 4521 2621 4590 ἀκούωμεν
2647 4507 2832 4588 μόνον,
2856 4519 2992 4572 ἀλλά
3016 4521 3108 4573 καὶ
3135 4520 3390 4590 πράττω-

1828 4620 1949 4673 μεν,
1986 4602 2051 4656 ἂν
2076 4603 2150 4673 μή
2183 4602 2513 4672 ἐπαινῶμεν,
2544 4602 2678 4654 ἀλλὰ
2700 4603 2793 4654 καὶ
2823 4602 2908 4654 διά
2942 4603 3049 4655 τῶν
3072 4602 3248 4672 ἔργων
3276 4603 3394 4654 ἐπι-

1823 4688 2180 4755 δεικνύωμεν.
2228 4679 2326 4738 Ὧν
2380 4686 2588 4753 γένοιτο
2636 4685 2840 4747 πάντας
2889 4686 3033 4754 ἡμᾶς
3094 4686 3389 4751 ἐπιτυχεῖν,

1825 4770 2008 4840 χάριτι
2037 4769 2125 4822 καὶ
2159 4767 2534 4838 φιλανθρωπία
2547 4766 2639 4820 τοῦ
2659 4767 2862 4838 Κυρίου
2888 4766 3045 4836 ἡμῶν
3073 4765 3244 4835 Ἰησοῦ
3266 4766 3308 4818 Χ
3318 4782 3392 4833 ρι-

1825 4851 1972 4916 στοῦ,
2041 4851 2158 4920 μεθ’
2183 4843 2244 4905 οῦ
2274 4850 2351 4921 τῷ
2382 4850 2589 4920 Πατρὶ,
2634 4850 2750 4920 ἅμα
2781 4848 2858 4918 τῷ
2892 4849 3030 4918 ἀγίῳ
3089 4847 3386 4918 Πνεύματι,

1823 4934 1946 4997 δόξα
1976 4975 1990 4998 ,
2015 4933 2233 5004 κράτος,
2255 4932 2410 5004 τιμή,
2439 4933 2534 4988 νῦν
2559 4934 2650 4987 καὶ
2677 4932 2784 4997 ἀεὶ,
2811 4933 2904 4986 καὶ
2925 4934 3004 4996 είς
3024 4932 3150 4995 τοὺς
3186 4930 3388 4996 αἰῶνας

1821 5019 1930 5070 τῶν
1963 5016 2194 5070 αἰώνων.
2228 5018 2422 5088 Ἀμήν.
