3968 6564
512 3221 519 3231 '
601 3218 723 3281 πῶς
752 3216 822 3271 τὰ
849 3216 1096 3286 παρόντα
1125 3214 1457 3285 προστάττει
1485 3211 1777 3281 φυλάττειν
1803 3211 2002 3275 αὐτούς
2028 3226 2045 3243 ·

590 422 702 481 εις

1342 418 1399 473 S.
1436 418 1726 475 JOANNIS
1760 418 2250 477 CIIRYSOSTOMI
2288 422 2607 478 ARCHIEP.
2649 422 3187 485 CONSTANTINOP.
3708 437 3794 497 996

617 573 3774 611 Mm

2073 715 2321 770 OMIAIA
2359 714 2483 770 Al".

590 836 692 893 Διὸ
712 832 1039 899 βασιλείαν
1063 828 1408 899 ἀσάλευτον
1429 828 2023 899 παραλαμϐάνοντες,
2035 828 2176 899 ἕχωτ

657 896 990 977 μὲνλχάριν,
1014 900 1089 953 δι’
1102 896 1179 977 ἧς
1200 896 1584 977 λατρεύωμεν
1603 896 2040 977 εὔαρέσ-τωςῇτιῖξ
2055 896 2178 977 Θεῷ

655 967 1031 1045 laudm—6013c
1054 967 1152 1045 καί
1172 967 1507 1036 εὐλαϐείας.
1533 969 1644 1023 Καί
1664 974 1776 1038 γὰρ
1798 973 1832 1023 ό
1851 969 1992 1035 Θεὸς
2009 967 2180 1039 ἡμῶν

663 1042 786 1112 πῦρ
814 1042 1289 1096 καταναλίσκον.

662 1220 733 1269 αν,
752 1213 933 1281 Ὅπερ
953 1207 1191 1277 ἀλλαχοῦ
1221 1224 1374 1279 φησι,
1406 1206 1481 1261 Τὰ
1503 1207 1615 1276 γὰρ
1626 1206 1977 1276 βλεπόμενα
1994 1209 2183 1274 πρόσ-

592 1314 790 1365 καιρα,
817 1295 890 1348 τὰ
915 1291 984 1345 δὲ
1009 1290 1093 1360 μὴ
1111 1289 1467 1358 βλεπόμενα
1491 1289 1715 1351 αἰώνια,
1744 1289 1839 1342 καὶ
1863 1291 1970 1342 ἀπὸ
1990 1288 2181 1342 τούτου

593 1379 921 1450 ποιούμενος
977 1375 1078 1446 τὴν
1132 1373 1485 1445 παράκλησιν
1544 1372 1644 1444 τὴν
1695 1374 1792 1430 ἐπὶ
1839 1376 1952 1436 τοῖς
1991 1374 2183 1437 κακοῖς

592 1462 673 1530 οἷς
725 1462 866 1518 κατά
920 1458 1013 1512 τὸν
1054 1459 1301 1529 παρόντα
1332 1457 1447 1528 βίον
1481 1457 1829 1527 ὑπομένομεν
1853 1496 1869 1519 ,
1932 1456 2091 1509 τοῦτο
2120 1456 2183 1528 δὴ

593 1550 688 1605 καὶ
720 1544 954 1601 ἐνταῦθα
983 1545 1150 1607 ποιεῖ,
1177 1541 1271 1595 καί
1293 1556 1476 1611 φησιν,
1506 1541 1779 1608 Ἕχωμεν
1802 1538 1998 1608 χάρινο
2026 1556 2185 1593 τουτ-

595 1636 779 1697 ἐστιν,
835 1627 1248 1699 εύχαριστῶμεν
1298 1624 1379 1695 τῷ
1423 1622 1582 1694 Θεῷ,
1649 1623 1857 1692 βέϐαιοι
1908 1625 2182 1694 μένωμεν.

595 1720 671 1770 Οὐ
707 1716 817 1785 γὰρ
861 1714 1023 1784 μόνον
1065 1711 1169 1763 οὐκ
1202 1709 1494 1779 ὀφείλομεν
1524 1706 1923 1761 ἀποδυσπετεῦι
1953 1706 2046 1758 ἐπὶ
2073 1708 2186 1768 τοῖς

595 1798 905 1869 παροῦσιν,
961 1793 1099 1846 ἀλλά
1147 1794 1243 1846 καὶ
1300 1794 1460 1862 χάριν
1510 1790 1660 1860 αὐτῷ
1692 1790 1961 1861 μεγίστην
1987 1788 2186 1842 εἰδέναι

595 1885 689 1936 ἐπὶ
736 1884 852 1944 τοῖς
900 1878 1176 1949 μέλλουσι.
1237 1875 1319 1929 Δι’
1344 1871 1420 1944 ἧς
1447 1876 1829 1943 λατρεύωμεν
1850 1872 2187 1941 εὐαρέστως

594 1966 676 2032 τῷ
723 1963 885 2030 Θεῷο
934 1961 1217 2015 τουτέστιν
1245 2000 1260 2023 ,
1316 1958 1474 2012 Οῦτω
1517 1959 1627 2030 γάρ
1678 1957 1826 2011 ἔστιν
1878 1957 2189 2029 εὐαρέστως

595 2048 881 2121 λατρεύειν
909 2046 986 2117 τῷ
1013 2044 1153 2114 Θεῷ,
1188 2041 1618 2114 εὐχαριστοῦντα
1650 2044 1709 2094 ἐν
1737 2041 1931 2095 ἅπασι.
1986 2040 2190 2094 Πάντα

594 2132 835 2195 ποιεῖτε,
864 2130 1020 2201 φησὶ,
1055 2122 1234 2196 χωρίς
1257 2123 1617 2195 γογγυσμῶν
1640 2124 1739 2178 καὶ
1760 2123 2184 2193 διαλογισμῶν,

600 2219 668 2269 Ὃ
715 2215 824 2284 γὰρ
868 2214 934 2267 ἂν
981 2212 1289 2284 ἐργάσηταί
1318 2227 1403 2273 τις
1443 2208 1769 2277 γογγύςων,
1824 2208 2186 2277 ὑποτέμνεται

595 2303 691 2355 καὶ
743 2297 994 2355 ἀπώλεσε
1044 2296 1136 2349 τὸν
1184 2292 1413 2365 μισθὸν,
1450 2293 1705 2362 καθάπερ
1735 2292 1786 2344 οί
1823 2291 2183 2361 Ἰσραηλῖται*

596 2385 713 2438 ῐστε
770 2383 880 2453 γάρ
944 2379 1141 2450 ἡλίκην
1195 2379 1394 2432 ἐκεῖνοι
1446 2375 1604 2445 δίκην
1648 2375 1834 2427 ἔτισαν
1880 2374 2020 2443 ὑπὲρ
2055 2390 2188 2441 γογ-

595 2465 846 2536 γυσμῶν.
889 2463 979 2515 Διό
1008 2479 1166 2533 φησι,
1195 2459 1362 2527 Μηδὲ
1392 2457 1723 2529 γογγύζετε.
1761 2458 1876 2511 Οὐκ
1905 2457 2015 2529 ἀρα
2042 2457 2189 2509 ἐστιν

596 2549 912 2621 εὐαρέστως
938 2545 1256 2618 λατρεῦσαι,
1295 2543 1371 2615 μὴ
1403 2543 1565 2613 χάριν
1591 2541 1771 2595 εἰδότα
1800 2542 2018 2594 πάντων
2040 2539 2190 2611 αὐτῷ

596 2634 693 2687 καὶ
725 2631 834 2685 τῶν
864 2627 1189 2701 πειρασμῶν
1226 2628 1320 2682 καὶ
1350 2627 1461 2679 τῶν
1491 2627 1755 2680 ἀνέσεων.
1793 2625 1955 2679 Μετὰ
1981 2622 2191 2690 αίδοῦς

597 2715 700 2770 καί
716 2716 1034 2780 εὐλαϐείας
1056 2728 1070 2742 ’
1094 2711 1373 2774 τουτέστι,
1388 2710 1555 2781 μηδὲν
1576 2709 1767 2779 ίταμδν
1793 2706 2185 2780 φθεγγώμεθα,

601 2799 767 2872 μηδὲν
789 2798 940 2871 [302]
964 2796 1335 2867 ἀναίσχυντον,
1374 2794 1509 2849 ἀλλά
1535 2792 1919 2862 συστέλλωμεν
1940 2792 2189 2855 ἑαυτοὺς,

599 2884 690 2938 ἴνα
729 2883 997 2952 αἰδέσιμοι
1035 2875 1186 2951 ώμεν
1210 2896 1227 2911 ⁸
1288 2877 1449 2932 τοῦτο
1476 2876 1585 2948 γάρ
1611 2875 1761 2929 ἐστιν
1789 2876 1817 2929 ὃ
1842 2875 2013 2944 λέγει,
2047 2876 2190 2927 Μετ’

598 2966 807 3033 αιδοῦς
864 2966 961 3019 καί
1012 2963 1349 3027 εὐλαϐείας.
1414 2960 1484 3015 'H
1530 2960 1899 3030 φιλαδελφία
1942 2958 2189 3029 μενέτω.

605 3049 722 3119 Τῆς
766 3048 1117 3118 φιλοξενίας
1160 3046 1247 3116 μὴ
1289 3044 1804 3099 ἐπιλανθάνεσθε’
1840 3042 1937 3098 διὰ
1969 3043 2193 3111 ταύτης

600 3133 711 3205 γὰρ
762 3132 986 3186 ἔλαθόν
1050 3147 1213 3196 τινες
1279 3128 1633 3192 ξενίσαντες
1683 3125 1997 3196 ἀγγέλους.
2049 3126 2192 3197 Ὅρα

2096 3211 2192 3264 καὶ

598 3301 720 3371 οὐχὶ
752 3298 1110 3372 προστίθησιν
1139 3298 1305 3366 ἕτερα
1325 3312 1341 3329 ο
1392 3298 1453 3350 οὐ
1484 3296 1594 3366 γάρ
1624 3291 1778 3359 εἷπε,
1806 3296 2029 3349 Γίνεσθε
2071 3295 2192 3362 φιλ-

600 3386 851 3455 ἀδελφοι,
909 3383 1068 3448 ἀλλὰ,
1112 3380 1348 3436 Μενέτω
1384 3381 1421 3447 ἡ
1452 3379 1836 3449 φιλαδελφία.
1889 3380 1999 3433 Καὶ
2028 3379 2191 3433 πάλιν

598 3472 699 3523 οὐκ
746 3464 889 3530 εἷπε,
941 3465 1212 3529 Φιλόξενοι
1258 3463 1483 3533 γένεσθε
1509 3502 1545 3537 ,ι
1583 3464 1660 3525 ώς
1689 3464 1790 3516 οὐκ
1818 3462 1991 3529 οῦσιν,
2028 3462 2187 3529 ἀλλὰ,

605 3552 722 3618 Τῆς
769 3550 1118 3620 φιλοξενίας
1172 3546 1252 3615 μὴ
1299 3545 1775 3601 ἐπιλανθάνεσθε
1802 3563 1816 3576 ·
1878 3546 2038 3600 τοῦτο
2083 3546 2193 3615 γὰρ

603 3636 747 3698 εἰκὸς
795 3634 903 3687 ἀπὸ
950 3632 1058 3686 τῶν
1099 3631 1333 3701 θλίψεων
1372 3629 1640 3699 γίνεσθαι.
1697 3626 1830 3681 Εἶτα
1862 3631 1958 3683 καὶ
1989 3630 2188 3696 ἐπάγει

601 3720 738 3789 ὅπερ
790 3715 974 3771 ἱκανὸν
1004 3712 1071 3785 ἦν
1115 3714 1315 3785 μᾶλλον
1348 3712 1678 3784 προτρέψαι,
1709 3711 1905 3780 λέγων’
1936 3714 2195 3766 Ἕλαθόν

602 3819 763 3866 τινες
815 3799 1168 3865 ξενίσαντες
1212 3796 1528 3866 ἀγγέλους.
1599 3795 1764 3864 Ὁρᾷς
1809 3795 1909 3864 ὅση
1954 3796 1987 3865 ή
2033 3792 2191 3863 τιμὴ,

601 3886 722 3939 ὅσον
775 3884 837 3936 τὺ
893 3882 1104 3952 κέρδοςς
1169 3878 1234 3931 Τί
1280 3881 1449 3941 ἐστιν,
1485 3875 1783 3937 Ἕλαθον;
1824 3877 1938 3929 Οὐκ
1969 3875 2191 3941 εἰδότες,

604 3968 803 4038 φησὶν,
866 3964 1127 4028 ἐξὲνισαν.
1190 3960 1287 4013 Διά
1334 3960 1490 4012 τοῦτο
1542 3959 1640 4010 καὶ
1690 3959 1867 4028 μέγας
1918 3959 1946 4011 6
2003 3957 2195 4029 μισθὸς

603 4051 680 4120 τῷ
714 4047 968 4117 Ἀϐραὰμ
1000 4044 1247 4107 δέδοται,
1298 4042 1380 4094 ὅτι
1416 4041 1492 4112 μὴ
1521 4040 1677 4104 εἰδὼς
1703 4042 1970 4110 ἀγγέλους
1997 4042 2195 4105 αὐτοὺς

606 4134 789 4193 ὄντας,
840 4127 1119 4191 ἐξένισεν·
1179 4125 1323 4187 ἐπεὶ,
1376 4126 1425 4176 εί
1469 4124 1607 4196 ᾔδει,
1661 4125 1814 4178 οὐδὲν
1858 4124 2190 4192 θαυμαστόν.

609 4215 772 4276 Τινὲς
817 4209 1055 4265 ἐνταῦθα
1088 4208 1182 4260 καὶ
1211 4207 1301 4260 τὸν
1331 4206 1453 4262 Λὼτ
1486 4208 1651 4261 αὐτὸν
1676 4207 2007 4262 αίνίττεσθαί
2040 4223 2191 4275 φασι,

606 4296 701 4350 καὶ
752 4294 819 4346 δι’
853 4292 1017 4345 αὑτὸν
1066 4289 1349 4361 εἰρηκέναι
1393 4290 1545 4343 αὑτό.
1601 4290 2033 4361 Μιμνήσκεσθε
2078 4289 2196 4343 τῶν

606 4377 870 4446 δεσμίων
911 4376 989 4440 ὼς
1027 4372 1486 4442 συνδεδεμένοι,
1522 4372 1642 4426 τῶν
1669 4372 2190 4443 κακουχουμένων,

608 4462 689 4525 ὡς
735 4459 834 4513 καί
883 4457 1051 4511 αὐτοὶ
1102 4456 1273 4521 ὄντες
1306 4456 1385 4517 ,ἐν
1427 4456 1673 4525 σώματι.
1731 4458 1924 4525 Τίμιος
1953 4455 2195 4525 όγάμος

607 4544 679 4598 ἐν
717 4541 868 4597 πᾶσι
887 4580 902 4605 ,
962 4538 1062 4594 καὶ
1090 4541 1128 4609 ὴ
1159 4540 1327 4607 κοίτη
1351 4539 1659 4609 ἀμίαντοςο
1713 4541 1977 4607 πόρνους
2001 4540 2069 4593 δὲ
2093 4540 2193 4594 καί

604 4626 851 4700 μοιχοὺς
898 4623 1089 4693 κρινεῖ
1125 4627 1158 4679 ό
1200 4625 1364 4691 Θεός.
1410 4624 1835 4700 Ἀφιλάργιιοος
1875 4626 1908 4677 ό
1941 4625 2184 4692 τρόπος·

607 4699 967 4781 ἀρκούμενοι
1017 4708 1142 4775 τοῖς
1189 4706 1513 4776 παροῦσιν.
1546 4699 1895 4778 Ὄρα’πόσος
1926 4708 2054 4775 περὶ
2085 4723 2193 4761 σω-

608 4796 884 4867 φροσύνης
933 4794 960 4846 ὁ
990 4792 1151 4860 λόγος
1182 4788 1350 4860 αὐτῷ.
1402 4785 1603 4854 Εἶπεν,
1651 4790 1916 4859 Είρήνην
1954 4788 2195 4845 διώκετε

607 4879 707 4933 καὶ
756 4878 861 4931 τὸν
898 4875 1226 4944 ἁγιασμόν*
1275 4873 1371 4927 καὶ
1402 4873 1586 4933 πάλιν.
1631 4872 1726 4941 Μή
1760 4890 1849 4939 τις
1878 4873 1914 4941 ἢ
1948 4875 2192 4941 πόρνος,

608 4963 647 5030 ἣ
677 4961 973 5027 βέϐηλος·
1008 4957 1103 5011 νῦν
1136 4956 1301 5010 πάλιν
1325 4957 1479 5026 φησὶ,
1514 4956 1786 5023 Πόρνους
1819 4956 1915 5010 καί
1940 4956 2193 5025 μοιχοὺς

609 5042 804 5113 κρινεῖ
820 5047 850 5095 ό
876 5042 1039 5106 Θειίς.
1072 5039 1355 5109 Πανταχοῦ
1375 5039 1432 5091 δέ
1465 5040 1605 5109 μετά
1629 5040 1909 5110 ἐπιτιμίου
1935 5041 1968 5109 ή
1988 5039 2193 5107 ἀπαγόο

614 5143 817 5198 ρευσις.
842 5125 950 5176 Καὶ
979 5124 1116 5186 πῶς,
1152 5122 1346 5174 σκόπει
1372 5121 1657 5174 ἐντεῦθεν·
1692 5121 1978 5190 Εἰρήνην,
2001 5121 2191 5189 είπὼν,

609 5208 849 5264 διώκετε
873 5208 1016 5275 μετὰ
1038 5205 1281 5259 πάντων
1302 5204 1400 5257 καί
1424 5204 1532 5258 τὸν
1552 5204 1868 5273 ἁγιασμόν,
1886 5205 2189 5273 ἐπήγαγεν,

604 5288 687 5348 Οὗ
737 5290 912 5359 χωρίς
952 5286 1151 5352 οὐδεὶς
1177 5286 1386 5355 ὄψεται
1414 5285 1523 5339 τὸν
1550 5287 1771 5353 Κύριον
1791 5302 1805 5319 ο
1854 5285 2087 5340 ἐνταῦθα
2110 5287 2189 5351 δὲ,

608 5377 880 5443 Πόρνους
918 5371 986 5424 δὲ
1040 5370 1141 5423 καί
1180 5368 1434 5438 μοιχοὺς
1464 5369 1657 5438 κρινεῖ
1680 5373 1714 5423 ό
1735 5369 1900 5435 Θεὸς,
1932 5370 2028 5424 καὶ
2058 5370 2191 5441 πρό-

608 5475 767 5528 τερον
793 5456 907 5519 θεὶς
932 5454 1014 5514 τὸ,
1049 5453 1249 5522 Τίμιος
1279 5455 1311 5505 ό
1340 5451 1527 5521 γάμος
1553 5452 1623 5506 ἐν
1649 5452 1800 5509 πᾶσι
1830 5455 1928 5507 καί
1957 5455 1995 5523 ή
2020 5456 2189 5524 κοίτη

610 5543 930 5610 ἀμίαντος,
986 5534 1104 5590 εἶτα
1146 5534 1423 5606 ἐπιτίμιον
1450 5536 1769 5605 ἐπαγαγὼν,
1804 5537 2081 5592 δείκνυσιν
2110 5540 2191 5593 ὅτι

609 5622 833 5685 δικαίως
864 5622 931 5674 τὰ
955 5619 1085 5689 ἑξῆς
1116 5620 1418 5689 ἐπήγαγεν.
1459 5618 1520 5670 El
1548 5617 1656 5689 γάρ
1683 5621 1859 5691 γάμος
1887 5623 2193 5693 συνεχωρή-

611 5708 705 5777 θη,
756 5703 980 5766 δικαίως
1025 5705 1053 5755 6
1098 5702 1294 5770 πόρνος
1339 5700 1650 5766 κολάζεται,
1697 5702 1921 5767 δικαίως
1950 5706 1978 5757 6
2006 5706 2192 5775 μοιχὸς

610 5790 956 5859 τιμωρεῖται.
997 5785 1263 5841 Ἐνταῦθα
1293 5786 1427 5856 πρὸς
1452 5786 1578 5848 τοὺς
1608 5786 1923 5857 αἱρετικοὺς
1954 5787 2187 5841 ἀποδύε-

612 5888 724 5927 ται.
784 5870 898 5926 Ούκ
950 5864 1070 5923 εἷπε
1124 5868 1317 5937 πάλιν,
1380 5868 1585 5939 Μηδεὶς
1618 5868 1759 5922 ἔστω
1799 5869 2025 5941 πόρνος’
2070 5872 2186 5925 ἀλλ’

2278 827 2426 895 ἅπαξ
2453 829 2633 915 εἰπὼν
2654 870 2669 895 ,
2715 830 2836 884 τότε
2885 832 3168 905 ἐπήγαγεν
3201 837 3279 901 ὡς
3307 839 3486 911 κοινὴν
3511 844 3801 915 παραίνεσιν,

2278 918 2372 967 καὶ
2411 914 2511 984 οὐχ
2554 916 2631 978 ὡς
2671 915 2808 985 πρὸς
2848 916 3047 981 αὐτοὺς
3081 920 3488 991 ἀποτεινόμενος
3511 940 3524 953 ·
3576 914 3803 999 Ἀφιλάρᾲ

2277 1014 2460 1066 γυρος
2493 1001 2526 1051 ό
2560 999 2810 1066 τρόπος’
2855 998 3216 1071 ἀρκούμενοι
3247 1003 3370 1070 τοῖς
3397 1007 3687 1074 παροῦσιν.
3714 998 3806 1067 Ούκ

2280 1075 2454 1163 εἶπεν,
2507 1081 2604 1163 ὅτι,
2648 1081 2832 1150 Μηδὲν
2890 1084 3185 1155 κτήσησθε,
3249 1086 3388 1153 ἀλλ’,
3434 1090 3807 1163 Ἀφιλάργυρος

2281 1163 2314 1214 ό
2339 1161 2561 1229 τρόπος
2596 1162 2749 1235 [505]
2782 1164 2940 1218 ἔστω
2964 1183 2978 1197 ·
3034 1166 3336 1234 τουτέστιν,
3381 1168 3641 1243 ἐλεύθερος
3666 1176 3691 1227 6
3711 1161 3807 1239 νοῦς

2281 1244 2424 1298 έστω
2446 1285 2461 1310 ,
2520 1246 2786 1301 δεικνύτω
2819 1249 2881 1302 τὸ
2912 1250 3201 1321 φιλόσοφον
3232 1253 3266 1322 ὴ
3296 1252 3486 1325 γνώμη
3509 1270 3523 1285 ο
3578 1255 3721 1323 δείξει
3746 1259 3806 1325 δὲ,

2289 1328 2383 1382 ἐὰν
2416 1329 2492 1399 μὴ
2519 1330 2775 1403 ζητῶμεν
2810 1332 2879 1386 τὰ
2907 1336 3140 1405 περιττὰ
3165 1374 3180 1396 ,
3237 1336 3334 1388 ἐὰν
3364 1336 3461 1406 τῆς
3484 1338 3657 1409 χρείας
3682 1342 3808 1410 μόνον

2284 1412 2571 1483 γενώμεθα
2594 1427 2641 1469 α.
2692 1415 2802 1467 Καὶ
2830 1415 2940 1488 γάρ
2971 1418 3228 1488 ἀνωτέρω
3253 1419 3435 1487 ἐλεγε,
3486 1423 3586 1475 Καὶ
3612 1422 3710 1490 τὴν
3728 1425 3809 1493 dp-

2284 1495 2487 1564 παγὴν
2526 1495 2646 1551 τῶν
2678 1500 3074 1569 ὑπαρχόντων
3098 1502 3268 1571 ὑμῶν
3290 1502 3438 1571 μετὰ
3461 1504 3636 1573 χαρᾶς
3656 1521 3809 1575 προσ-

2284 1578 2591 1643 εδέξασθε.
2647 1581 2835 1637 Ταῦτα
2881 1582 3021 1638 ὥστε
3057 1584 3133 1656 μὴ
3165 1581 3304 1640 εἶναι
3333 1586 3676 1659 φιλαργύρους
3699 1607 3811 1660 παρ-

2285 1666 2442 1715 αινεῖ.
2511 1664 2924 1735 Ἀρκούμενοι,
2980 1667 3149 1738 φησὶ,
3213 1668 3338 1735 τοῖς
3383 1666 3681 1739 παροῦσινξ
3710 1673 3813 1727 Είτα

2286 1746 2381 1798 καὶ
2428 1746 2666 1801 ἐνταῦθα
2713 1751 2745 1819 ή
2790 1750 3135 1819 παραμυθία,
3186 1751 3328 1806 ὥστε
3363 1755 3435 1825 μὴ
3465 1755 3810 1825 ἀνταγορεύειν⁸

2287 1828 2480 1896 Αὐτὸς
2510 1832 2641 1901 γὰρ,
2672 1832 2858 1902 φησὶν,
2908 1833 3153 1901 εἴρηκεν
3173 1876 3188 1902 ,
3247 1840 3329 1891 Οὐ
3353 1838 3437 1907 μή
3464 1856 3536 1893 σε
3556 1839 3684 1901 ἀνῶ,
3712 1841 3811 1895 οὐδ’

2288 1915 2360 1966 οὐ
2405 1914 2491 1983 μή
2535 1931 2609 1969 σε
2660 1916 3062 1985 ἐγκαταλίπω.
3093 1920 3273 1974 Ὥστε
3316 1921 3665 1990 θαρροῦντας
3689 1922 3812 1993 ἡμᾶς

2287 1996 2510 2066 λέγειν,
2546 1999 2766 2068 Κύριος
2799 2000 2931 2069 ἐμοί
2949 2002 3203 2070 βοηθὸς,
3237 2004 3338 2057 καί
3366 2007 3435 2058 οὐ
3458 2005 3814 2075 φοϐηθήσομαι

2292 2082 2349 2134 τί
2387 2082 2629 2148 ποιήσει.
2666 2101 2770 2153 μοι
2810 2085 3147 2153 ἄνθρωπος.
3180 2087 3313 2142 Ἰδοὺ
3340 2087 3499 2141 πάλιν
3526 2088 3582 2140 ἐν
3604 2090 3699 2153 τοῖς
3723 2105 3815 2143 1m—

2292 2166 2524 2233 ρασμοίς
2570 2168 2984 2239 ήπαραμυθία.
3038 2171 3456 2239 Μνημονεύετε
3481 2168 3591 2225 τῶν
3612 2172 3817 2239 ἡγουμέο

2287 2263 2410 2299 νων
2439 2248 2628 2318 ὑμῶν.
2675 2250 2847 2305 Τοῦτο
2875 2252 3082 2307 ἄνωθεν
3114 2252 3306 2308 ὤδινεν
3336 2256 3507 2308 εἰπεῖν
3528 2270 3542 2285 ⁸
3595 2255 3672 2308 διὰ
3694 2255 3816 2309 τοῦτο

2289 2328 2500 2398 ἔλεγεν,
2535 2332 2807 2402 Εἰρήνην
2833 2333 3075 2388 διώκετε
3097 2337 3252 2404 μετὰ
3283 2336 3539 2391 πάντων.
3572 2338 3721 2390 Τοῦτο
3744 2339 3816 2391 καὶ

2290 2412 2753 2471 Θεσσαλονικεῦσι
2786 2418 3046 2488 παρῄνει,
3081 2417 3225 2472 ὥστε
3258 2419 3404 2490 ἔχειν
3435 2420 3618 2484 αὐτοὺς
3642 2423 3691 2473 ἐν
3709 2423 3814 2491 τιμῇ

2292 2497 2433 2565 ὑπὲρ
2459 2499 2811 2569 ἐκπερισσοῦ.
2844 2503 3283 2570 Μνημονεύετε,
3309 2507 3460 2574 φησὶ,
3487 2501 3596 2557 τῶν
3617 2504 3818 2573 ἡγουμέ-

2289 2598 2413 2633 νων
2442 2581 2610 2652 ὐμῶν
2625 2625 2639 2649 ,
2667 2585 2885 2651 οἵτινες
2906 2585 3230 2653 ἐλάλησαν
3255 2587 3398 2656 ὑμῖν
3423 2587 3526 2642 τὸν
3547 2589 3711 2656 λόγον
3734 2587 3817 2641 τοῦ

2294 2666 2443 2719 Θεοῦ
2469 2682 2484 2696 ’
2537 2662 2625 2721 ὧν
2658 2669 3147 2736 ἀναθεωροῦντες
3179 2670 3296 2739 τὴν
3321 2672 3563 2727 ἔκϐασιν
3589 2671 3683 2740 τῆς
3703 2673 3817 2727 ἀγα·

2290 2748 2563 2818 στροφῆς
2589 2789 2605 2813 ,
2652 2752 2931 2821 μιμεῖσθε
2974 2751 3093 2821 τὴν
3130 2756 3360 2810 πίστιν.
3421 2756 3552 2811 Ποία
3578 2755 3818 2811 ἀκολουθία

2290 2831 2465 2901 αῦτης
2522 2833 2748 2907 Ἀρίστη
2797 2837 2896 2907 μὲν
2945 2836 3075 2889 οῦν·
3138 2837 3293 2906 λέγει
3344 2840 3474 2910 γάρ,
3530 2839 3818 2911 Θεωροῦντες

2290 2916 2473 2968 αὐτῶν
2506 2916 2606 2989 τὴν
2644 2920 2996 2991 ἀναστροφὴν
3016 2960 3033 2983 ,
3088 2923 3364 2989 τουτέστι,
3396 2924 3482 2977 τὸν
3512 2922 3637 2994 βίον,
3667 2924 3818 2993 μιμεί-

2292 2997 2385 3050 σθε
2418 2998 2519 3069 τὴν
2548 2999 2729 3055 πίστιν
2751 3017 2764 3030 ·
2822 3003 2931 3057 ἀπὸ
2956 3002 3064 3074 γὰρ
3098 3005 3219 3075 βίου
3245 3005 3484 3079 καθαροῦ
3518 3008 3549 3076 ἠ
3576 3005 3747 3069 πίστις.
3765 3005 3819 3057 Ἣ

2290 3081 2391 3150 τὴν
2437 3082 2624 3136 πίστιν
2669 3084 2732 3138 τὸ
2779 3084 2997 3157 βέϐαιον
3044 3088 3217 3158 λέγει.
3270 3090 3423 3156 Ιιῶς;
3476 3089 3703 3144 Δείκνυσι
3733 3089 3818 3159 γὰρ

2291 3164 2373 3218 ὅτι
2404 3165 2799 3233 πιστεύσαντες
2830 3168 3063 3238 βεϐαίως
3090 3174 3205 3236 τοῖς
3238 3173 3618 3244 μέλλουσι,τὴν
3638 3172 3821 3242 ἀρίστην

2294 3249 2572 3305 πολιτείαν
2604 3251 2998 3324 κατώρθωσαν.
3051 3257 3126 3309 Ού
3160 3258 3275 3329 γὰρ
3304 3257 3368 3312 ἃν
3398 3257 3714 3322 ἐπεδείξαντο
3736 3255 3823 3326 βίον

2295 3331 2538 3405 καθαρὸν
2564 3377 2579 3400 ,
2642 3335 2698 3388 εῐ
2737 3351 2800 3403 γε
2836 3337 3223 3409 ἠμφισϐήτουν
3262 3342 3389 3411 περὶ
3418 3339 3521 3392 τῶν
3549 3340 3821 3410 μελλόντων,

2294 3416 2346 3469 εῐ
2396 3434 2460 3485 γε
2522 3417 3087 3488 ἀμφέϐαλλον.Ὥστε
3167 3425 3269 3478 καὶ
3336 3422 3560 3478 ἐνταῦθα
3622 3423 3677 3475 τὸ
3722 3420 3825 3474 αὐτὸ
3912 3486 3913 3489 η

2294 3499 2607 3571 θεραπεύει.
2673 3503 2910 3571 Ἰησοῦς
2973 3507 3235 3574 Χριστὸς
3288 3506 3431 3577 χθὲς
3473 3509 3566 3564 καί
3606 3506 3824 3575 σήμερον

2295 3584 2329 3635 ό
2356 3584 2561 3648 αὐτὸς,
2596 3586 2694 3638 καί
2720 3591 2810 3651 είς
2833 3587 2975 3653 τοὺς
2997 3586 3244 3654 αἰῶνας.
3279 3589 3551 3658 Διδαχαῖς
3573 3588 3824 3649 ποικίλαις

2293 3665 2391 3717 καὶ
2418 3666 2623 3732 ξέναις
2642 3667 2729 3737 μὴ
2752 3670 3187 3740 παραφέρεσθε’
3214 3676 3412 3729 καλὸν
3431 3675 3534 3743 γὰρ
3556 3673 3727 3742 χάριτι
3741 3671 3824 3735 βε-

2265 3748 2608 3810 ,ϐαιοῦσθαι
2663 3751 2779 3820 τὴν
2828 3755 3111 3823 καρδίαν,
3165 3759 3244 3812 οὺ
3288 3758 3619 3827 βρώμασιν,
3666 3756 3727 3809 ἐν
3757 3748 3824 3817 οἷς

2293 3831 2405 3884 οὐκ
2427 3832 2832 3901 ὠφελήθησαν
2855 3840 2910 3892 οί
2936 3841 3480 3909 περιπατήσαντες.

2367 3912 2433 3983 β’.
2451 3915 2717 3971 Ἐνταῦθα
2733 3918 2815 3983 τὸ,
2846 3920 3020 3987 Χθὲς,
3036 3922 3128 3974 τὸν
3149 3924 3489 3995 παρελθόντα
3523 3924 3684 3977 πάντα
3706 3922 3823 3990 λέγει

2294 3997 2486 4066 χρόνον
2511 4015 2526 4030 ο
2586 3999 2669 4065 τὸ,
2718 4002 3008 4072 Σήμερον,
3058 4005 3149 4058 τὸν
3188 4006 3465 4062 ἐνεστῶτα
3487 4024 3500 4039 ’
3551 4008 3578 4060 ό
3621 4004 3753 4067 αίὼν,
3776 4004 3823 4055 τὸ

2293 4079 2521 4152 ἄπειρον
2581 4083 2677 4137 καὶ
2724 4084 2878 4154 λῆξιν
2926 4088 3027 4141 οὐκ
3078 4087 3403 4158 ἔχονμὋδέ
3430 4092 3600 4161 λέγει,
3627 4088 3824 4144 τοιοῦτόν

2294 4164 2462 4217 ἐστιν’
2481 4164 2662 4237 Ἀρχιε
2672 4168 2768 4236 ρέα
2783 4169 3076 4239 ἠκούσατε,
3096 4172 3212 4225 ἀλλ’
3230 4175 3335 4229 οὐκ
3349 4176 3597 4247 ἀρχιερέα
3612 4174 3819 4243 λήγοντα·

2295 4247 2383 4299 ἀεὶ
2407 4247 2517 4320 γὰρ
2547 4251 2576 4303 6
2605 4250 2766 4314 αὐτός
2795 4253 2931 4307 ἐστι.
2986 4255 3141 4326 Τάχα
3175 4256 3235 4310 δὲ
3281 4258 3356 4322 ὡς
3385 4258 3548 4311 όντων
3574 4255 3716 4310 τινῶν
3738 4253 3822 4307 τῶν

2293 4330 2585 4399 λεγόντων,
2619 4333 2700 4386 ὅτι
2729 4334 2830 4390 οὐκ
2859 4335 3007 4391 ἐστιν
3036 4340 3065 4391 6
3092 4341 3435 4411 σταυρωθεὶς
3462 4336 3610 4403 οὗτος
3637 4342 3662 4393 ό
3688 4350 3822 4406 προσ-

2292 4412 2602 4485 δοκώμενος
2633 4418 2887 4489 Χριστὸς,
2936 4421 3052 4474 ἀλλ’
3079 4423 3267 4493 ἔτερος
3294 4424 3414 4496 ἥξει
3438 4456 3461 4490 ,ι
3488 4425 3565 4489 τδ,
3589 4422 3719 4487 Χθὲς
3743 4417 3820 4473 και

2294 4496 2583 4567 σήμερον,
2615 4500 2765 4568 λέγει
2787 4543 2802 4566 ,
2822 4549 2838 4565 ,
2860 4505 2978 4566 καὶ,
3019 4504 3082 4559 '0
3111 4509 3298 4574 αὐτὸς
3343 4512 3430 4575 είς
3455 4508 3588 4574 τοὺς
3612 4504 3818 4567 αἰῶνας·

2294 4579 2471 4662 δηλῶν
2503 4582 2592 4636 διά
2618 4584 2834 4650 τούτου,
2866 4588 2947 4641 ὃτι
2975 4589 3004 4640 6
3028 4588 3199 4643 ἐλθὼν
3232 4592 3399 4645 πάλιν
3426 4593 3561 4662 ἥξει,
3588 4591 3671 4643 καὶ
3692 4584 3821 4647 αὐτὸς

2295 4658 2452 4729 οὗτος
2502 4665 2600 4718 καὶ
2642 4668 2840 4737 προῆν,
2879 4672 2975 4724 καὶ
3005 4671 3144 4737 ἐστι,
3178 4674 3277 4728 καὶ
3301 4658 3458 4729 ἔσται
3485 4676 3563 4737 εἰς
3587 4674 3698 4735 τοὺς
3718 4668 3821 4723 αἰῶ-

2296 4764 2417 4811 νας.
2443 4746 2598 4801 Ἐπεὶ
2630 4750 2724 4804 καὶ
2752 4751 2848 4806 νῦν
2861 4753 3106 4808 Ἰουδαῖοι
3132 4756 3497 4825 λέγουσιν,ὄτι
3525 4758 3691 4830 ἕτερος
3707 4752 3818 4817 ἧξεν

2295 4830 2346 4884 οἳ
2380 4830 2475 4885 καὶ
2507 4831 2601 4885 τοῦ
2628 4832 2782 4897 ὄντος
2813 4837 3290 4908 ἀποστερήσαντες
3316 4842 3563 4905 ἑαυτοὺς,
3586 4838 3657 4910 τῷ
3685 4838 3822 4891 Ἀντιο

2295 4912 2501 4984 χρίστῳ
2550 4917 3021 4985 περιπεσοῦνται.·
3051 4921 3331 4993 Διδαχαῖς
3362 4924 3667 4989 ποικίλαις.
3694 4916 3818 4988 (φησὶ.

2298 4993 2446 5068 [τοι]
2494 4996 2593 5049 και
2628 4998 2832 5066 ξέναις
2874 5000 2962 5069 μὴ
3006 5004 3437 5072 παραφέρεσθε.
3492 5005 3562 5059 Οὐ
3593 5004 3733 5075 μόνον
3756 4998 3821 5065 ξέ-

2294 5097 2436 5142 ναις,
2491 5079 2605 5133 ἀλλ’
2627 5081 2748 5134 ούδέ
2793 5084 3066 5149 ποικίλαις
3109 5087 3351 5157 διδαχαῖς
3392 5088 3627 5157 βούλεται
3662 5082 3820 5141 αὐτοὺς

2295 5163 2736 5233 παραφέρεσθαιο
2768 5160 2876 5219 οἶδε
2906 5166 3014 5237 γὰρ
3047 5168 3105 5233 ἐξ
3131 5171 3452 5242 ἀμφοτέρων
3476 5174 3585 5235 τοῖς
3608 5181 3816 5240 παραφε-

2297 5244 2548 5315 ρομένοις
2584 5246 2806 5317 ὄλεθρον
2836 5249 3135 5309 τίκτεσθαι.
3186 5254 3387 5308 Καλὸν
3408 5255 3517 5324 γὰρ
3546 5248 3818 5323 χάριηβν

2295 5328 2608 5384 ϐαιοῦσθαι
2638 5329 2754 5398 τὴν
2780 5332 3049 5400 καρδίαν,
3090 5338 3164 5390 οὐ
3185 5335 3519 5407 βρώμασιν,
3542 5337 3607 5389 ἐν
3628 5329 3707 5399 οῖς
3728 5332 3815 5384 οὐκ

2292 5412 2699 5481 ὠφελήθησαν
2729 5417 2784 5468 οί
2810 5416 3345 5487 περιπατήσαντες.
3385 5418 3636 5474 Ἐνταῦθα
3666 5414 3817 5487 ἠρέμα

2293 5497 2587 5551 αίνίττεται
2617 5497 2742 5561 τοὺς
2769 5497 2866 5567 τὴν
2892 5502 3272 5573 παρατήρησιν
3297 5502 3407 5557 τῶν
3430 5501 3710 5574 βρωμάτων
3728 5498 3817 5549 είσ·

2294 5581 2565 5648 ἀγοντας·
2620 5582 2688 5650 τῇ
2728 5582 2835 5652 γὰρ
2872 5583 3055 5637 πίστει
3109 5587 3283 5640 πάντα
3329 5586 3569 5659 καθᾳράο
3618 5584 3816 5639 πίστεως

2292 5662 2385 5717 οῦν
2413 5662 2511 5724 δεῖ,
2546 5662 2606 5715 ού
2641 5663 2960 5734 βρωμάτων.
2991 5668 3250 5736 Ἔχομεν
3278 5669 3385 5738 γὰρ
3413 5658 3815 5733 θυσιαστήριον.

2290 5747 2360 5814 ἐξ
2389 5741 2461 5803 οὗ
2487 5746 2701 5817 φαγεῖν
2730 5747 3020 5811 ἐξουσίαν
3063 5753 3175 5805 οὐκ
3205 5752 3455 5821 ἔχουσιν
3483 5754 3536 5806 οί
3560 5749 3626 5818 τῇ
3647 5738 3815 5813 σκηνῆ

2356 5880 2371 5903 ⁸
2395 5877 2480 5931 Sic
2502 5892 2530 5930 ε
2556 5878 2712 5931 Ξετίι.
2741 5884 3350 5950 corrcclum.Legcbalur
3372 5887 3579 5950 ἐχώμεθα
