3926 6406
182 245 300 297 2'25

916 243 981 300 IN
1021 244 1232 299 EPIST.
1278 245 1368 299 AD
1412 239 1765 297 IIEBRI’EOS.
1807 238 1956 292 CAP.
2001 237 2140 293 XIII.
2201 241 2430 300 IIOMIL.
2471 246 2712 304 XXXIII.

3355 269 3460 325 226

1499 430 1837 492 HOMILIA
1883 433 2182 496 XXXIII.

188 545 329 600 CAP.
367 545 449 600 12.
485 563 534 600 ν.
569 545 658 601 23.
690 546 872 618 Itaque
897 563 1104 615 regnum
1134 548 1387 603 inamabile
1415 552 1741 621 suscipientes
1764 592 1780 617 ,

267 638 543 692 habeamus
561 638 796 708 gratiam,
822 655 910 705 per
933 655 1083 707 quam
1105 641 1378 693 serviamus
1399 640 1650 711 placentes
1674 641 1782 696 Deo

266 745 383 782 cum
407 740 540 781 metu
570 738 616 781 et
640 729 933 783 reverentia.
955 729 1048 783 29.
1072 728 1270 784 Etenim
1296 729 1434 785 Deus
1459 741 1628 786 noster
1649 733 1782 804 ignis

263 835 565 873 consumas
589 829 678 873 εει.

267 911 320 964 1.
348 909 503 976 Quod
533 911 656 965 alibi
688 910 836 976 dicit,
864 911 992 978 Quae
1008 913 1142 966 enim
1168 911 1418 981 videntur,
1443 925 1562 970 sunt
1586 925 1781 988 tempo-

188 1005 369 1069 ralia;
392 1019 507 1074 qua
531 1014 695 1058 autem
716 1022 815 1058 non
841 1006 1088 1074 videntur,
1111 1017 1296 1062 (eterna
1324 1009 1398 1080 (2.
1423 1009 1539 1064 Cor.
1564 1011 1618 1066 4.
1649 1012 1774 1082 18);

185 1105 245 1151 et
273 1110 342 1151 ex
373 1110 440 1150 eo
464 1094 681 1150 adhibet
709 1097 1129 1153 consolationem
1156 1099 1207 1154 in
1236 1100 1386 1154 malis
1411 1117 1529 1171 qua:
1556 1101 1776 1158 ferimus

184 1187 242 1242 in
273 1189 380 1242 vita
414 1188 697 1257 praesenti;
731 1188 834 1243 hoc
860 1189 946 1245 hic
974 1205 1187 1260 quoque
1217 1190 1341 1248 facit
1366 1205 1418 1248 et
1448 1194 1574 1248 dicit
1606 1212 1619 1248 :
1654 1193 1771 1248 lla—

181 1280 397 1336 beamus
439 1283 696 1352 gratiam;
727 1281 827 1337 hoc
859 1291 963 1343 est,
989 1283 1097 1338 Deo
1134 1299 1353 1356 agamus
1387 1287 1584 1355 gratias
1606 1329 1621 1352 ,
1653 1304 1770 1342 ma-

180 1390 412 1431 neamus
441 1375 602 1436 ﬁrmi.
634 1375 750 1430 Non
786 1377 958 1431 solum
1001 1377 1143 1432 enim
1184 1393 1290 1433 non
1330 1379 1588 1436 debemus
1629 1398 1771 1452 aegre

176 1464 329 1520 ferre
371 1465 690 1536 presentia,
722 1466 814 1519 sed
842 1466 1000 1520 etiam
1032 1476 1248 1536 propter
1279 1467 1452 1523 futura
1483 1472 1768 1528 maximam

177 1553 387 1611 habere
427 1557 671 1626 gratiam.
717 1555 821 1610 Per
857 1574 1007 1626 quam
1049 1559 1323 1614 serviamus
1357 1561 1479 1616 bene
1520 1564 1768 1633 placentes

173 1646 332 1712 Deo;
363 1649 413 1704 id
442 1657 557 1714 est,
585 1649 662 1702 sic
688 1650 832 1704 enim
862 1651 984 1704 licet
1011 1653 1214 1708 servire
1244 1653 1353 1709 Deo
1386 1655 1519 1711 bene
1549 1658 1763 1726 placen-

173 1747 313 1806 tem,
343 1740 387 1794 si
417 1741 470 1794 in
497 1739 748 1796 omnibus
775 1742 883 1810 agit
909 1743 1126 1811 gratias.
1158 1741 1364 1812 Omnia,
1395 1746 1586 1817 inquit,
1616 1753 1767 1819 facite

169 1830 368 1898 absque
410 1833 892 1886 murmurationibus
931 1844 979 1886 et
1017 1835 1766 1908 disceptationibus(Philip.2.

169 1925 287 1994 14).
319 1924 470 1993 Quod
502 1926 644 1980 enim
675 1925 862 1981 fecerit
888 1926 1149 1997 quispiam
1180 1945 1540 1996 murmurans,
1571 1933 1622 1988 Id
1649 1949 1763 1989 am—

167 2025 326 2085 putat
350 2026 403 2071 et
425 2017 598 2086 perdit
625 2016 949 2083 mercedem,
973 2017 1110 2073 sicut
1138 2019 1424 2076 lsraelitm:
1450 2024 1597 2079 scitis
1617 2027 1760 2082 enim

163 2123 308 2178 quas
351 2124 537 2177 pcenas
565 2108 830 2164 dederunt
859 2109 929 2163 ob
970 2113 1436 2167 murmurationes.
1471 2114 1757 2184 Propterea

161 2200 333 2254 dicit:
364 2199 543 2272 Neque
571 2203 912 2255 murmuretis.
934 2200 1048 2255 Non
1077 2212 1251 2272 potest
1270 2219 1397 2274 ergo
1421 2205 1534 2262 ﬁeri
1567 2218 1623 2263 ut
1648 2209 1757 2263 Deo

162 2291 242 2344 ita
268 2293 479 2346 servias
506 2301 561 2347 ut
587 2292 636 2347 ei
669 2293 881 2362 placeas
905 2335 919 2357 ,
947 2294 990 2346 si
1019 2308 1124 2346 non
1164 2294 1211 2348 ei
1245 2295 1442 2351 habeas
1466 2299 1663 2368 gratias
1689 2299 1757 2356 de

160 2384 421 2438 omnibus
440 2392 492 2439 et
521 2383 587 2438 de
616 2384 992 2438 teutationibus
1012 2394 1065 2439 et
1091 2384 1160 2439 de
1185 2386 1380 2455 quiete.
1401 2388 1527 2442 Cum
1549 2401 1682 2444 metu
1707 2402 1756 2446 et

158 2476 478 2540 reverentia;
501 2475 602 2530 hoc
628 2486 730 2540 est,
754 2475 884 2528 nihil
909 2475 1188 2545 loquamur
1217 2477 1497 2547 impudens
1523 2490 1576 2535 et
1602 2498 1756 2538 arro-

157 2566 438 2636 gans,sed
469 2581 566 2622 nos
592 2581 996 2637 componamus,
1014 2578 1070 2622 ut
1095 2570 1262 2624 simus
1286 2573 1571 2628 reverendi
1606 2593 1618 2629 :
1650 2575 1754 2633 hoc

156 2659 310 2711 enim
334 2667 416 2711 est
440 2657 578 2727 quod
606 2657 735 2711 dicit
755 2657 908 2712 :Cum
935 2668 1066 2712 metu
1093 2670 1141 2714 et
1169 2664 1462 2748 reverentia.
1487 2663 1750 2737 (Cap.l5)

157 2753 182 2805 Ι
201 2792 214 2803 .
230 2751 436 2805 Caritas
463 2754 794 2822 fraternitatis
821 2767 1023 2811 maneat
1047 2757 1102 2812 in
1122 2763 1279 2816 vobis.
1305 2761 1363 2813 2.
1389 2759 1458 2814 Et
1484 2762 1748 2834 hospitali-

155 2853 313 2897 tatem
332 2845 484 2899 nolite
495 2847 748 2901 oblivisci:
763 2864 852 2918 per
865 2851 996 2903 hanc
1007 2851 1139 2904 enim
1151 2853 1404 2906 latuerunt
1421 2854 1646 2924 quidam,
1665 2871 1758 2908 an.

155 2935 287 3004 gelis
315 2936 532 3005 hospitio
554 2937 931 3008 exceptisNide
952 2943 1220 3010 quomodo
1239 2943 1393 3012 jubet
1415 2959 1509 2998 eos
1531 2960 1746 3000 servare

155 3027 448 3096 przesentia
481 3045 495 3082 :
525 3043 621 3082 nec
659 3029 808 3084 addit
851 3029 992 3097 alia;
1034 3047 1138 3086 non
1179 3035 1320 3089 enim
1350 3034 1518 3089 dixit:
1561 3037 1746 3094 Estote

155 3127 433 3173 amatores
471 3118 724 3188 fratrum,
761 3120 887 3177 sed:
925 3120 1133 3176 Maneat
1167 3125 1353 3178 caritas
1392 3126 1743 3195 fraternitatis.

157 3209 229 3263 Et
249 3226 437 3265 rursus
465 3226 570 3266 non
597 3212 747 3279 dicit,
779 3213 965 3269 Estote
989 3213 1300 3286 hospitales,
1329 3233 1391 3273 ac
1412 3219 1457 3273 si
1485 3220 1618 3275 tales
1639 3236 1744 3275 non

153 3300 304 3365 sint;
333 3300 426 3355 sed
447 3341 463 3366 ,
496 3300 874 3373 Hospitalitatis
913 3305 1068 3359 nolite
1105 3306 1330 3361 oblivisci
1357 3323 1377 3362 :
1403 3318 1578 3379 potest
1603 3311 1744 3366 enim

155 3394 265 3448 hoc
311 3394 554 3450 accidere
596 3412 662 3452 ex
705 3396 1102 3454 afﬂictionibus.
1155 3399 1359 3457 Deinde
1408 3401 1460 3457 id
1508 3402 1731 3467 addidit,

154 3486 305 3555 quod
344 3488 514 3558 magis
543 3497 746 3556 poterat
775 3490 1040 3553 excitare,
1069 3490 1256 3547 dicens
1285 3510 1299 3547 :
1325 3491 1603 3548 Inscientes
1629 3497 1742 3564 qui-

152 3579 279 3632 dam
300 3579 507 3649 angelos
528 3579 748 3650 hospitio
771 3591 1097 3648 exceperunt.
1121 3581 1285 3639 Vides
1301 3595 1531 3654 quantus
1551 3585 1740 3649 honor,

152 3683 415 3742 quantum
456 3672 658 3727 lucrum
703 3672 899 3729 fuerit?
938 3673 1076 3742 Quid
1114 3685 1229 3744 est,
1261 3675 1588 3733 lnscientes?
1629 3677 1743 3733 Non

151 3772 546 3834 cognoscentes
595 3762 827 3833 hospitio
874 3774 1222 3835 exceperunt.
1264 3766 1390 3822 ldeo
1433 3783 1624 3838 magna
1662 3779 1745 3824 est

151 3852 467 3909 Abrahamo
494 3869 701 3910 merces
722 3896 738 3921 ,
766 3855 908 3924 quod
942 3857 1186 3912 nesciens
1211 3872 1306 3912 eos
1333 3872 1454 3913 esse
1479 3859 1697 3929 angelos
1722 3902 1738 3924 ,

153 3947 395 4017 hospitio
421 3948 694 4016 exceperit
724 3965 737 4001 :
770 3963 890 4002 nam
918 3949 962 4002 si
994 3948 1258 4010 scivissct,
1291 3963 1398 4004 non
1430 3950 1617 4005 fuisset
1642 3952 1744 4006 mi-

150 4039 409 4093 randum.
441 4038 666 4106 Quidam
696 4038 881 4092 dicunt
921 4054 1043 4094 eum
1084 4038 1170 4094 hic
1203 4041 1364 4094 etiam
1403 4041 1743 4097 subindicare

151 4132 373 4187 Lotum.
403 4133 456 4186 5.
491 4130 796 4203 Mementote
816 4131 1094 4184 vinctorum
1116 4141 1370 4202 tamquam
1389 4133 1538 4187 simul
1565 4133 1738 4199 vincti,

150 4234 199 4278 et
230 4224 573 4278 laborantium
594 4234 849 4295 tamquam
878 4234 923 4277 et
947 4225 1046 4295 ipsi
1072 4225 1124 4278 in
1147 4239 1358 4292 corpore
1384 4235 1656 4280 morantes.
1685 4226 1738 4281 4.

153 4316 475 4371 Honorabile
500 4315 800 4370 connubium
834 4316 887 4368 in
915 4316 1174 4383 omnibus,
1198 4324 1243 4370 et
1273 4326 1412 4370 torus
1440 4317 1741 4371 immacula-

151 4420 235 4462 tus
269 4424 290 4461 :
317 4407 645 4477 fornicatores
673 4415 839 4459 autem
865 4416 910 4459 et
935 4405 1192 4461 adulteros
1215 4407 1466 4478 judicabit
1493 4406 1652 4462 Deus.
1684 4410 1738 4464 ὅ.

153 4501 278 4556 Sint
322 4516 485 4555 mores
523 4501 631 4554 sine
673 4499 928 4564 avaritia;
961 4499 1178 4553 contenti
1221 4500 1567 4569 praesentibus.
1610 4500 1741 4557 Vide

153 4608 316 4663 quam
344 4593 506 4647 multa
533 4591 691 4646 verba
724 4591 882 4645 faciat
907 4591 974 4645 de
1014 4592 1382 4660 temperantia.
1419 4591 1626 4657 Pacem,
1657 4593 1740 4648 in-

151 4685 294 4758 quit,
324 4684 579 4739 sectemini
602 4693 646 4737 et
675 4683 1159 4751 sanctiﬁcationem;
1193 4693 1268 4747 et,
1299 4683 1462 4738 Nemo
1489 4687 1552 4739 sit
1582 4688 1742 4755 forni-

152 4788 300 4830 cator
342 4786 430 4829 aut
474 4778 762 4846 profanus;
796 4783 848 4828 et
888 4789 1028 4829 nunc
1066 4790 1283 4839 rursus,
1316 4773 1671 4830 Fornicatores
1696 4785 1741 4830 et

149 4870 417 4923 adulteros
432 4867 683 4940 judicabit
707 4865 868 4921 Deus.
892 4865 1097 4938 Ubique
1115 4880 1235 4919 cum
1268 4882 1425 4934 paena
1455 4877 1536 4921 est
1557 4868 1739 4936 prohi-

149 4962 309 5016 bitio.
334 4959 402 5016 Et
424 4962 710 5032 quomodo,
731 4962 854 5016 hinc
883 4962 1151 5032 perpende
1183 4979 1194 5013 :
1223 4974 1344 5013 cum
1375 4958 1617 5022 dixisset,
1636 4957 1745 5011 Pa-

149 5068 262 5104 cem
386 5050 654 5104 sectemiui
736 5068 850 5105 cum
945 5051 1174 5105 omnibus
1195 5059 1242 5104 et
1269 5049 1739 5119 sanctiﬁcationent,

146 5141 463 5212 subiunxit:
490 5141 616 5197 Sine
640 5159 738 5212 qua
758 5158 904 5196 nemo
929 5142 1110 5196 videbit
1137 5141 1410 5195 Dominum
1437 5140 1623 5210 (Hebr.
1650 5142 1739 5198 Η.

147 5233 246 5302 14)
272 5250 287 5288 :
319 5232 406 5288 hic
426 5248 578 5301 vero,
607 5232 965 5288 Fornicatores
991 5243 1155 5287 autem
1186 5243 1231 5286 et
1257 5232 1514 5286 adulteros
1537 5231 1739 5300 iudica-

146 5327 221 5378 bit
253 5324 394 5379 Deus
415 5343 435 5390 ;
458 5335 513 5380 et
538 5340 662 5381 cum
688 5327 836 5396 prius
866 5327 1130 5396 posuisset
1153 5348 1165 5383 :
1199 5325 1513 5380 IIonorabile
1539 5342 1737 5380 connuv

146 5420 289 5471 bium
314 5421 368 5472 in
398 5420 661 5484 omnibus,
693 5428 740 5474 et
766 5429 906 5473 torus
942 5420 1296 5473 immuculatus
1327 5435 1346 5471 :
1377 5433 1532 5489 paula
1561 5418 1736 5474 addita

147 5511 387 5564 ostendit
412 5523 472 5562 se
493 5510 611 5578 jure
633 5509 976 5578 subjuuxisse
996 5525 1056 5564 ea
1081 5524 1200 5579 qua:
1228 5506 1480 5578 deinceps
1507 5524 1739 5578 sequun-

147 5608 260 5652 tur.
307 5599 364 5653 Si
413 5599 557 5652 enim
598 5614 914 5654 concessum
953 5609 1036 5654 est
1076 5600 1505 5662 matrimonium,
1544 5600 1736 5655 merito

145 5690 372 5758 punitur
403 5700 696 5761 scortator,
724 5692 918 5748 merito
957 5691 1218 5762 supplicio
1247 5691 1479 5748 afﬁcitur
1503 5691 1731 5749 adulter.

1892 549 1987 602 Hic
2010 564 2068 604 se
2097 559 2246 619 parat
2270 556 2335 606 ad
2369 560 2708 622 pugnandum
2735 562 2992 615 adversus
3021 561 3328 619 haereticos.
3357 562 3472 620 Non

1886 640 2022 694 dixit
2063 657 2278 697 rursus:
2321 645 2506 700 Nullus
2546 647 2617 701 sit
2656 648 2986 718 fornicator;
3018 652 3112 708 sed
3143 669 3265 709 cum
3305 657 3471 712 st-mel

1884 730 2127 800 dixisset,
2157 742 2282 789 tunc
2308 743 2573 805 tamquam
2597 752 2936 795 communem
2967 743 3194 812 subjecit
3222 745 3469 801 admoui-

1885 821 2105 885 tionem,
2136 837 2242 878 non
2271 833 2540 895 tamquam
2583 827 2648 881 ad
2693 830 2836 897 ipsos
2877 832 3036 885 verba
3066 834 3323 904 dirigens.
3354 837 3470 891 Sint

1882 927 2047 966 mares
2087 914 2198 969 sine
2237 917 2493 982 avaritia;
2522 922 2740 973 contenti
2779 925 3126 983 prementibus.
3153 926 3268 981 Non
3295 928 3467 996 dixit,

1882 1002 2023 1058 Nihil
2050 1006 2386 1075 possideatis,
2411 1010 2525 1072 sed,
2554 1010 2672 1064 Sint
2691 1029 2854 1066 mores
2879 1014 2988 1068 sine
3012 1019 3264 1084 avaritia;
3290 1021 3340 1075 id
3363 1031 3465 1089 est,

1880 1094 1948 1148 sit
1985 1111 2137 1151 mens
2191 1097 2378 1166 libera,
2423 1101 2671 1156 ostendat
2715 1112 2948 1159 mentem
3003 1106 3464 1179 philosophicam;

1877 1187 2125 1242 ostendet
2153 1198 2357 1255 autem,
2388 1191 2432 1245 si
2458 1192 2675 1248 minime
2697 1210 3000 1261 qmeramus
3025 1213 3146 1267 qua:
3194 1201 3465 1270 superﬂua

1877 1286 2021 1344 sunt,
2038 1279 2082 1332 si
2099 1279 2260 1336 rebus
2275 1283 2490 1337 utilibus
2508 1293 2712 1339 tantum
2730 1295 2784 1341 et
2797 1289 3112 1344 necessariis
3133 1291 3466 1349 adhmresca-

1877 1383 2015 1424 mus.
2038 1369 2170 1424 Nam
2197 1373 2440 1442 superius
2468 1376 2628 1430 etiam
2655 1377 2788 1431 dixit
2811 1395 2825 1431 :
2852 1378 2917 1432 Et
2943 1383 3179 1450 rapinam
3213 1384 3458 1441 bonorum

1875 1472 2151 1516 vestrorum
2188 1481 2304 1518 cum
2328 1467 2516 1536 gaudio
2535 1469 2866 1544 suscepistis(
2892 1470 3050 1528 Hebr.
3082 1475 3170 1530 10.
3193 1477 3306 1548 '54).
3334 1465 3461 1532 Hinc

1874 1552 2183 1620 admonent,
2199 1571 2268 1610 ne
2295 1557 2400 1610 sint
2423 1559 2590 1613 avari.
2612 1558 2864 1625 Contenti,
2890 1563 3080 1632 inquit,
3111 1567 3457 1634 prementibus.

1875 1645 2076 1700 Deinde
2095 1656 2178 1701 est
2197 1648 2354 1702 etiam
2389 1649 2475 1704 hic
2502 1651 2822 1716 consolatio,
2844 1661 2903 1706 ut
2929 1670 2996 1709 ne
3017 1655 3323 1726 desperent.
3341 1657 3367 1712 1
3375 1677 3460 1726 pse

1871 1737 2004 1790 enim
2021 1738 2148 1791 dixit
2163 1754 2182 1792 :
2195 1737 2316 1793 Non
2340 1748 2387 1793 te
2407 1741 2652 1807 deseram,
2668 1758 2825 1812 neque
2844 1744 3208 1816 derelinquant.
3223 1747 3275 1802 6.
3293 1747 3379 1802 Ita
3404 1759 3458 1803 ut

1869 1829 2181 1896 conﬁdenter
2202 1831 2452 1895 dicamus,
2481 1831 2728 1888 Dominus
2754 1837 2878 1890 mihi
2897 1839 3105 1908 adjutor
3131 1849 3204 1894 est
3228 1856 3247 1894 :
3266 1858 3364 1895 non
3388 1843 3455 1896 ti-

1869 1919 2008 1974 mebo
2029 1921 2149 1990 quid
2176 1922 2331 1983 faciat
2348 1924 2469 1975 milti
2495 1923 2666 1978 homo.
2685 1925 2822 1982 Ecce
2845 1942 3034 1982 rursus
3050 1937 3132 1983 est
3159 1931 3456 1986 consolatio

1870 2009 1922 2063 in
1940 2011 2400 2067 tentatiouibus.7.
2421 2012 2724 2068 Mementote
2743 2019 3131 2086 praepositorum
3152 2031 3452 2077 vestrorum.

1872 2099 1982 2154 lloc
2006 2102 2119 2168 jam
2146 2105 2395 2172 superius
2417 2104 2595 2159 dicere
2621 2107 2834 2161 volebat
2865 2126 2878 2162 :
2909 2119 3190 2179 propterea
3221 2113 3450 2181 dicebat,

1867 2191 2056 2246 Pacem
2082 2196 2342 2248 sectemini
2370 2212 2487 2248 cum
2513 2197 2765 2253 omnibus.
2797 2199 2967 2269 IIujus
2996 2202 3156 2256 etiam
3198 2203 3456 2260 admoue-

1865 2282 1954 2339 bat
1983 2284 2490 2344 Tbcssalouicenses
2511 2328 2528 2353 ,
2557 2297 2614 2344 ut
2638 2305 2732 2344 eos
2758 2290 3020 2348 haberent
3047 2293 3098 2349 in
3129 2311 3340 2351 summo
3364 2298 3453 2352 lto-

1866 2390 2018 2431 nore.
2047 2376 2368 2444 Mementote,
2401 2381 2590 2450 inquit,
2615 2385 3004 2452 praepositorum
3030 2397 3328 2456 vestrorum,
3361 2393 3450 2459 qui

1861 2467 1999 2521 vobis
2025 2467 2219 2537 loquuti
2255 2480 2373 2523 sunt
2399 2471 2600 2524 verbum
2639 2471 2736 2525 Dei
2762 2489 2782 2526 :
2817 2491 3031 2543 quorum
3073 2477 3313 2534 intuente:
3349 2483 3448 2534 exi-

1855 2570 1961 2614 tum
1989 2563 2383 2619 couversationis
2402 2605 2418 2630 ,
2441 2565 2714 2621 imitamini
2740 2568 2894 2637 fidem
2921 2573 2938 2639 (
2948 2571 3000 2626 1.
3029 2570 3205 2628 Thess.
3234 2575 3289 2630 5.
3325 2575 3437 2644 l5).

1852 2651 2110 2719 Quaenam
2162 2663 2244 2708 est
2289 2655 2405 2710 hinc
2444 2659 2870 2727 consequentia?
2912 2660 3123 2730 Optima
3171 2665 3434 2734 quidem:

1851 2742 2270 2801 Considerantes
2297 2747 2465 2813 enim,
2498 2749 2688 2818 inquit,
2719 2765 2907 2806 eorum
2932 2757 3397 2811 conversationem
3415 2798 3436 2826 ,

1851 2847 2046 2904 nempe
2087 2836 2250 2890 vitam
2272 2877 2288 2902 ,
2320 2838 2600 2895 imitamini
2640 2843 2799 2897 ﬁdem
2831 2859 2844 2896 :
2875 2859 2905 2897 a
2937 2846 3132 2900 munda
3164 2848 3306 2904 enim
3328 2851 3438 2905 vita

1849 2933 1934 2978 est
1965 2923 2117 2979 ﬁdes.
2148 2927 2253 2980 Aut
2281 2926 2439 2983 ﬁdem
2470 2930 2601 2985 dicit
2640 2933 2990 2990 stabilitatem
3019 2946 3077 2992 et
3103 2937 3434 2996 ﬁrmitatem.

1849 3016 2176 3083 Quomodo?
2202 3019 2453 3076 Ostendit
2479 3024 2621 3078 enim
2645 3025 2785 3094 quod
2811 3028 3036 3083 lirmiter
3056 3032 3216 3086 rebus
3244 3032 3435 3090 futuris

1848 3107 2160 3175 credentes,
2207 3121 2412 3167 rectum
2454 3115 2576 3168 vita:
2621 3116 2919 3173 institutum
2964 3130 3268 3178 tenuerunt.
3319 3125 3434 3183 Non

1848 3199 1990 3252 enim
2023 3201 2180 3255 vitam
2204 3204 2560 3260 ostendissent
2587 3208 2837 3263 mundam
2866 3225 2928 3265 ac
2949 3227 3156 3282 puram,
3190 3217 3233 3268 si
3264 3216 3332 3271 de
3355 3217 3439 3271 fu-

1849 3290 1982 3344 turis
2033 3291 2398 3361 dubitassent,
2429 3295 2474 3350 si
2523 3298 2900 3367 amhegissent.
2937 3301 3292 3369 Quamobrem
3335 3305 3437 3363 hoc

1849 3377 2022 3447 ipsum
2054 3379 2140 3436 hic
2160 3397 2371 3453 quoque
2386 3396 2556 3441 curat.
2577 3389 2630 3442 8.
2656 3388 2806 3444 Jesus
2834 3389 3063 3447 Christus
3091 3395 3202 3449 heri
3224 3407 3267 3450 et
3286 3397 3437 3452 hodie

1846 3469 1978 3523 ident
2007 3472 2134 3540 ipse,
2163 3483 2211 3526 et
2236 3474 2289 3528 in
2315 3477 2517 3532 sarcula.
2545 3478 2594 3533 9.
2625 3479 2880 3535 Doctrinis
2904 3486 3055 3540 variis
3079 3497 3126 3539 ct
3160 3491 3436 3560 peregrinis

1845 3565 2000 3617 nolite
2014 3565 2236 3622 abduci:
2257 3569 2503 3637 optimum
2523 3582 2592 3626 est
2614 3575 2746 3627 enim
2771 3577 2937 3645 gratia
2960 3579 3175 3634 stabiliri
3197 3597 3304 3650 cor,
3332 3599 3434 3638 nou

1845 3656 1990 3723 escis,
2014 3673 2128 3726 qua:
2151 3675 2253 3712 non
2280 3665 2580 3732 profuerunt
2606 3665 2980 3723 ambulantibus
3007 3671 3059 3723 in
3085 3672 3178 3727 eis.

1914 3747 1968 3801 2.
2006 3747 2100 3802 llic
2130 3749 2281 3814 illud,
2315 3750 2464 3816 Heri,
2494 3752 2623 3808 dicit
2650 3770 2808 3811 omne
2838 3766 3050 3827 tempus
3079 3763 3431 3832 praeteritum,

1845 3849 1918 3904 et,
1956 3839 2140 3906 Hodie,
2157 3857 2396 3912 praesens
2422 3855 2631 3914 tempus
2657 3863 2670 3910 ;
2696 3848 2955 3915 saxulum,
2977 3852 3207 3908 futurum
3236 3865 3289 3909 et
3318 3856 3436 3910 inli-

1845 3930 2036 3984 uitum.
2055 3930 2166 3986 Hoc
2195 3942 2300 3998 est,
2336 3935 2633 3990 Audivistis
2661 3939 2985 4008 pontiﬁcem,
3009 3943 3102 3998 sed
3129 3959 3231 3998 non
3260 3949 3435 4015 ponti-

1847 4023 1999 4077 ﬁcem
2024 4024 2113 4093 qui
2135 4024 2345 4079 desinat
2368 4044 2382 4082 :
2404 4043 2614 4098 semper
2634 4031 2776 4085 enim
2804 4031 2942 4087 idem
2966 4045 3068 4090 est.
3096 4036 3327 4093 Perinde
3352 4048 3432 4094 at-

1843 4127 1948 4182 que
1977 4115 2018 4168 si
2043 4127 2224 4170 essent
2248 4118 2340 4188 qui
2366 4117 2607 4174 dicerent
2648 4136 2769 4176 eum
2820 4139 2925 4178 non
2973 4140 3094 4181 esse
3119 4129 3429 4185 cruciﬁxum

1843 4209 1931 4278 qui
1955 4219 2317 4280 exspectatur,
2348 4213 2443 4268 sed
2471 4225 2750 4270 venturum
2782 4233 2903 4274 esse
2931 4221 3126 4277 alium:
3153 4223 3255 4278 hoc
3278 4226 3426 4293 dicit,

1842 4302 1983 4370 quod
2015 4303 2105 4372 qui
2133 4314 2215 4358 est
2245 4304 2376 4359 Heri
2387 4317 2431 4361 et
2463 4307 2635 4372 hodie,
2656 4309 2801 4364 Idem
2829 4323 2898 4366 est
2918 4315 2969 4366 in
2986 4317 3191 4370 seecula.
3209 4315 3310 4372 Per
3329 4317 3431 4374 hoc

1842 4392 2035 4464 quippe
2061 4395 2343 4453 manifeste
2367 4399 2442 4452 ait
2466 4401 2607 4470 quod
2637 4403 2726 4472 qui
2754 4405 2921 4471 venit,
2962 4421 3147 4461 rursus
3171 4421 3428 4466 venturus

1841 4486 1942 4553 sit,
1975 4487 2224 4558 idemque
2252 4491 2367 4559 ipse
2396 4500 2453 4545 et
2478 4502 2601 4547 ante
2627 4502 2740 4548 erat
2761 4536 2775 4559 ,
2805 4505 2858 4549 et
2886 4505 3000 4563 est,
3033 4507 3086 4552 et
3115 4499 3215 4554 erit
3243 4501 3294 4554 in
3321 4519 3428 4556 sa:-

1839 4576 1980 4630 cula.
2021 4578 2152 4632 Nam
2191 4595 2332 4636 nunc
2374 4597 2587 4652 quoque
2626 4583 2809 4640 dicunt
2847 4585 3016 4641 Judzci
3044 4590 3203 4643 alium
3237 4601 3426 4646 ventu-

1841 4683 1993 4734 rum;
2023 4677 2079 4723 et
2102 4686 2221 4725 cum
2248 4686 2313 4726 eo
2341 4673 2427 4742 qui
2467 4683 2550 4728 est
2582 4675 2791 4744 seipsos
2820 4679 3161 4745 privaverint.
3194 4683 3428 4739 incident

1841 4763 1894 4817 iu
1940 4763 2350 4818 Anticltristum.
2391 4765 2647 4822 Doctrinis
2678 4770 2829 4822 variis
2871 4780 2919 4823 et
2959 4775 3231 4843 peregrinis
3274 4778 3428 4830 nolite

1839 4855 2039 4909 abduci.
2070 4856 2185 4911 Non
2217 4858 2389 4912 solum
2434 4861 2729 4929 peregrinis
2752 4902 2767 4928 ,
2800 4863 2892 4917 sed
2939 4864 3098 4918 etiam
3127 4868 3286 4921 variis
3315 4871 3426 4924 vult

1839 4959 1934 4998 eos
1961 4945 2150 5000 abduci
2181 4963 2193 4998 :
2227 4957 2445 5001 noverat
2476 4948 2618 5002 enim
2645 4965 2710 5003 ex
2737 4960 2960 5022 utraque
2998 4965 3145 5023 parte
3186 4959 3424 5013 nascitu-

1840 5051 1951 5090 ratn
1979 5038 2266 5108 perniciem
2298 5039 2553 5094 seductis.
2588 5040 2845 5112 Optimum
2875 5055 2945 5099 est
2973 5048 3102 5100 enim
3132 5052 3296 5118 gratia
3321 5064 3424 5105 sta-

1839 5129 1976 5184 biliri
2002 5148 2106 5195 cor,
2139 5149 2238 5185 non
2267 5133 2391 5186 escis
2412 5174 2425 5196 ,
2453 5148 2568 5204 qua!
2594 5151 2694 5189 non
2729 5139 3028 5210 profuerunt
3055 5143 3423 5200 ambulantibus

1839 5222 1892 5275 in
1921 5223 2010 5276 eis.
2043 5221 2138 5278 llic
2170 5224 2420 5292 paulatim
2449 5225 2751 5283 subindicat
2779 5243 2873 5284 eos
2902 5232 2986 5300 qui
3017 5231 3421 5292 introducebant

1838 5313 2268 5371 observatimiem
2294 5317 2536 5372 ciborum
2574 5337 2586 5372 :
2628 5319 2731 5376 lidc
2759 5322 2900 5378 enim
2928 5325 3124 5380 munda
3151 5338 3274 5382 sunt
3301 5345 3420 5382 om-

1839 5414 1921 5468 nia
1951 5431 1963 5467 :
1994 5415 2093 5470 ﬁde
2122 5432 2248 5487 ergo
2273 5433 2405 5487 opus
2429 5429 2530 5483 est,
2561 5437 2663 5476 non
2692 5424 2843 5477 cibis.
2872 5425 2962 5479 l0.
2995 5426 3248 5483 Habemus
3277 5431 3408 5487 enim

1833 5505 2017 5573 altare,
2042 5507 2104 5560 de
2123 5524 2220 5576 quo
2247 5510 2392 5564 edere
2414 5527 2512 5564 non
2538 5511 2716 5567 habent
2745 5525 3032 5581 potestatem
3060 5519 3148 5586 qui
3171 5523 3404 5574 taberna~

1834 5595 1952 5647 culo
1975 5596 2278 5654 deserviunt.
2308 5600 2434 5665 Qua:
2459 5610 2583 5656 sunt
2607 5603 2747 5672 apud
2777 5619 2894 5669 nos,
2929 5606 3117 5678 inquit,
3146 5625 3250 5665 non
3280 5621 3402 5666 sunt

1833 5686 2002 5753 qualia
2037 5686 2251 5749 Judaica
2274 5729 2291 5757 ,
2333 5690 2466 5747 adeo
2500 5701 2556 5747 ut
2596 5708 2694 5749 nec
2736 5696 2969 5766 pontiﬁci
3004 5700 3213 5769 quidem
3243 5701 3400 5758 liceat
