3926 6406
599 222 703 280 ΞΞἹ

601 333 791 374 eorum
820 333 941 375 esse
965 318 1294 391 participem.
1322 320 1702 389 Quamobrem,
1733 327 1981 392 quoniam
2005 326 2173 381 dixit:

602 409 680 465 Ne
705 411 1019 477 observetis,
1044 410 1325 466 videbatur
1344 422 1522 468 autem
1556 414 1658 469 hoc
1682 430 1801 470 esse
1824 416 1941 487 ejus
1964 418 2054 488 qui
2078 434 2173 474 sua

599 501 827 558 destruit
849 544 865 568 ,
904 503 1005 559 hoc
1048 518 1233 558 rursus
1270 505 1503 560 invertit.
1533 506 1669 562 Num
1695 523 1793 563 nos
1821 525 2033 580 quoque
2065 527 2171 566 non

597 595 960 660 observamus,
987 596 1191 665 inquit?
1217 590 1577 653 Observanius
1596 600 1757 654 etiam
1781 601 2168 669 vehementius,

595 699 663 738 ne
702 686 829 754 ipsis
865 687 1079 757 quidem
1114 688 1483 743 sacerdotibus
1512 689 1626 745 haec
1662 691 2048 759 impertientes.
2080 695 2169 751 H.

597 776 822 841 Quorum
849 779 981 832 enim
1008 778 1306 832 animalium
1333 780 1554 847 infertur
1585 783 1793 852 sanguis
1834 799 1927 851 pro
1964 796 2169 855 peccato

590 867 644 920 in
667 876 841 921 sancta
869 885 959 938 per
985 869 1291 937 pontiﬁcem,
1318 870 1499 924 horum
1528 887 1743 939 corpora
1764 885 2052 928 cremantur
2080 893 2167 930 ea:-

591 965 669 1009 tra
697 966 883 1011 castra.
920 958 1003 1012 12.
1035 957 1255 1027 Propter
1287 961 1422 1028 quod
1459 970 1509 1014 et
1548 960 1699 1017 Jesus
1737 973 1791 1016 ut
1830 967 2167 1035 sancti/icore!

590 1061 677 1114 per
701 1063 846 1102 suum
870 1050 1167 1119 sanguinem
1188 1052 1453 1119 populum,
1478 1062 1619 1105 extra
1640 1063 1838 1122 portam
1870 1073 2046 1125 passus
2069 1069 2161 1113 est.

589 1135 779 1191 Vidisti
808 1137 1028 1207 ﬁguram
1063 1140 1531 1208 resplendentem?
1557 1140 1719 1196 Extra
1748 1155 1936 1212 castra,
1974 1148 2159 1217 inquit,

586 1235 661 1292 ct,
688 1225 852 1281 Extra
872 1237 1091 1298 portam.
1117 1230 1376 1297 Quoniam
1398 1246 1526 1301 ergo
1546 1248 1663 1302 qua:
1688 1234 2046 1292 offerebantur
2064 1255 2162 1309 pro

586 1328 804 1387 peccato
844 1329 1001 1389 typus
1039 1320 1252 1389 quidam
1295 1331 1482 1387 erant,
1514 1333 1567 1378 et
1599 1334 1747 1380 extra
1782 1336 1952 1383 castra
1981 1330 2031 1398 in
2059 1330 2159 1384 ho-

583 1411 878 1467 locaustum
910 1414 1363 1480 incendebantur,
1387 1416 1508 1485 jure
1544 1420 1734 1474 merito
1762 1431 1911 1476 extra
1950 1434 2157 1492 portam

584 1519 769 1572 passus
795 1515 875 1559 est
900 1504 1057 1560 Jesus
1084 1507 1171 1576 qui
1201 1523 1296 1576 pro
1319 1510 1553 1577 peccatis
1590 1514 1786 1568 nostris
1813 1514 2019 1570 oblatus
2052 1526 2153 1572 est.

581 1594 840 1659 Quocirca
866 1596 1027 1650 etiam
1057 1612 1156 1651 nos
1182 1606 1394 1664 oportet
1420 1614 1542 1653 eum
1568 1601 1658 1671 qui
1690 1618 1786 1671 pro
1816 1604 1970 1660 nobis
2007 1623 2157 1663 mor-

582 1694 688 1738 tem
716 1686 835 1739 tulit
877 1686 1101 1753 imitari,
1129 1688 1394 1758 longeque
1424 1705 1453 1743 a
1484 1692 1627 1745 curis
1654 1692 1812 1765 hujus
1845 1699 2029 1752 mundi
2064 1715 2157 1754 re-

579 1774 792 1840 cedere,
821 1775 923 1830 hoc
953 1788 1068 1842 est,
1102 1788 1250 1832 extra
1298 1781 1550 1836 mundum
1582 1783 1771 1852 simus,
1803 1796 1858 1842 et
1908 1805 2154 1850 seorsum

575 1878 605 1915 a
650 1864 809 1919 rebus
849 1868 1095 1921 terrenis.
1139 1867 1291 1924 Unde
1340 1869 1443 1925 hoc
1492 1872 1885 1942 significaturus
1931 1882 2153 1951 subjun-

482 2018 490 2027 1
574 1956 651 2008 xit
683 1974 695 2009 :
727 1958 812 2011 15.
849 1957 1104 2013 Exeamus
1133 1977 1250 2031 ergo
1278 1963 1347 2015 ad
1374 1979 1486 2017 eum
1512 1975 1657 2019 extra
1684 1980 1870 2034 castra,
1898 1972 2153 2045 imprope-

572 2047 705 2099 rium
746 2048 854 2118 ejus
895 2059 1150 2117 portantes
1174 2092 1189 2116 ,
1224 2051 1327 2107 hoc
1366 2064 1477 2118 est,
1512 2056 1697 2111 eadem
1740 2062 2032 2130 patientes,
2059 2081 2151 2121 so-

573 2137 817 2193 cietatem
841 2154 961 2194 cum
991 2156 1056 2195 eo
1086 2140 1346 2198 habentes
1380 2145 1431 2199 in
1468 2147 1823 2216 passionibus.
1856 2154 2148 2226 Tamquam

571 2229 960 2286 condemnatus
979 2272 993 2294 ,
1024 2232 1169 2286 foras
1205 2244 1358 2289 actus
1385 2245 1467 2290 est
1493 2238 1545 2292 in
1570 2255 1780 2295 crucem
1812 2261 1825 2296 :
1856 2261 2027 2316 neque
2054 2265 2152 2307 nos

571 2335 700 2388 ergo
724 2321 919 2389 pudeat
942 2322 1082 2379 foras
1102 2333 1156 2379 et
1177 2334 1323 2379 extra
1343 2328 1597 2383 mundum
1620 2332 1786 2387 exire.
1804 2334 1936 2390 Illud
1955 2340 2149 2409 quippe

572 2411 742 2466 innuit
766 2429 859 2481 per
891 2413 942 2468 id
968 2415 1108 2485 quod
1135 2415 1294 2470 dicit:
1325 2416 1488 2472 Extra
1519 2431 1704 2484 castra,
1737 2433 1809 2490 et,
1844 2425 2004 2481 Extra
2034 2448 2150 2498 por-

570 2510 691 2556 tam.
725 2503 814 2558 M.
851 2502 971 2558 Non
1012 2507 1146 2560 enim
1187 2507 1427 2562 habemus
1464 2510 1580 2576 hic,
1619 2512 1821 2581 inquit,
1868 2534 2148 2579 manentem

570 2608 837 2672 civitatem,
868 2607 957 2661 sed
984 2611 1207 2677 futuram
1234 2608 1550 2677 inquirimus.
1582 2611 1666 2666 15.
1704 2611 1804 2666 Per
1832 2614 1996 2683 ipsum
2025 2631 2144 2685 ergo

570 2694 841 2762 eieramus
867 2697 1079 2750 hostiam
1114 2698 1279 2752 laudis
1308 2715 1504 2768 semper
1525 2698 1635 2755 Deo
1657 2742 1672 2766 ,
1704 2702 1758 2754 id
1782 2713 1854 2755 est
1877 2740 1896 2769 ,
1923 2706 2144 2772 fructum

569 2787 914 2853 conﬁtentium
940 2788 1131 2841 nomini
1151 2788 1276 2855 ejus.
1308 2788 1408 2842 Per
1425 2790 1612 2859 ipsum,
1641 2792 1734 2857 ait,
1760 2802 2028 2863 tamquam
2051 2809 2145 2864 per

570 2878 874 2946 pontiﬁcem
900 2920 915 2946 ,
956 2880 1097 2949 quod
1138 2880 1205 2934 ad
1245 2895 1459 2936 carnem
1497 2884 1707 2939 attinet.
1749 2885 2142 2954 Conﬁtentium,

570 2971 759 3041 inquit,
784 2974 984 3027 nomint
1002 2975 1129 3043 ejus.
1165 2974 1276 3029 Hoc
1299 2984 1402 3041 est,
1429 2974 1571 3031 Nihil
1612 2977 1891 3048 loquamur
1920 2980 2143 3034 maledi-

567 3076 719 3128 cum,
746 3062 876 3117 nihil
902 3072 1211 3134 protervum
1232 3104 1248 3127 ,
1279 3064 1406 3119 nihil
1438 3065 1641 3133 audax,
1668 3068 1800 3123 nihil
1826 3069 2106 3140 impudens
2126 3114 2140 3136 ,

568 3153 697 3206 nihil
729 3169 984 3224 arrogans
1008 3171 1023 3219 ;
1052 3155 1147 3211 sed
1174 3170 1294 3210 cum
1323 3157 1523 3225 pudore
1549 3167 1602 3213 et
1637 3162 1938 3215 reverentia
1967 3163 2142 3216 omnia

567 3242 823 3299 faciamus
846 3254 898 3300 et
928 3246 1186 3301 dicamus.
1217 3246 1368 3314 Quod
1396 3248 1608 3318 quidem
1631 3265 1737 3306 non
1773 3260 1973 3307 temere
1993 3252 2142 3321 dicit,

567 3335 661 3390 sed
692 3346 746 3391 ut
769 3338 857 3405 qui
882 3347 1065 3393 nosset
1087 3354 1180 3392 eos
1200 3340 1391 3393 essein
1421 3339 1709 3396 afﬂictione
1733 3359 1748 3397 :
1777 3344 1949 3397 anima
1968 3354 2142 3399 autem

567 3439 715 3494 spem
735 3427 914 3497 abjicit
935 3428 983 3482 in
1006 3428 1399 3495 afﬂictionibus,
1420 3438 1473 3484 et
1496 3431 1753 3502 pudorem
1776 3436 1939 3499 exuit.
1955 3435 2059 3491 Sed
2080 3453 2145 3493 ne

569 3532 688 3579 nos,
719 3518 906 3587 inquit.
935 3518 1073 3573 Ecce
1103 3535 1284 3574 rursus
1308 3522 1408 3575 hoc
1431 3522 1606 3591 ipsum
1625 3522 1911 3595 dicitquod
1937 3527 2146 3583 dicebat

568 3610 811 3677 superius
837 3627 851 3663 :
881 3608 1001 3664 Non
1027 3611 1307 3666 deserentes
1327 3655 1341 3678 ,
1370 3613 1569 3684 inquit,
1595 3616 2029 3686 congregationem
2055 3634 2145 3672 no.

567 3708 725 3753 stram
750 3699 932 3770 (Hebr.
950 3702 1038 3757 10.
1054 3702 1168 3772 25).
1189 3703 1278 3758 Sic
1296 3705 1438 3757 enim
1462 3707 1752 3774 poterimus
1769 3709 1944 3762 omnia
1973 3709 2146 3765 facere

567 3806 689 3846 cum
715 3792 914 3861 pudore
927 3802 981 3848 et
998 3803 1333 3849 reverenter:
1353 3809 1497 3863 smpe
1515 3796 1657 3850 enim
1681 3796 1912 3867 ipsorum
1935 3815 2147 3869 quoque

570 3884 843 3939 hominum
892 3886 1094 3954 pudore
1145 3886 1341 3952 allecti,
1371 3888 1535 3941 multa
1563 3905 1681 3958 qua:
1725 3898 1850 3944 sunt
1905 3892 2142 3961 improba

570 3992 675 4031 non
710 3976 951 4031 facimus.
986 3977 1072 4031 i6.
1098 3975 1451 4047 Beneﬁcentiw
1483 3990 1650 4034 autem
1696 3991 1743 4035 et
1779 3985 2144 4038 communionis

570 4068 724 4119 nolite
748 4067 993 4121 oblivisci.

643 4161 696 4213 3.
742 4158 1075 4225 Hospitalitas
1094 4160 1487 4215 commendatur.
1517 4192 1587 4202 —
1619 4162 1742 4219 "'J‘C
1773 4171 1899 4220 tunc
1928 4164 2144 4235 quidem

572 4249 767 4304 Paulus
788 4250 1019 4316 dicebat,
1048 4265 1187 4305 nunc
1214 4267 1341 4305 vero
1366 4268 1463 4322 ego
1484 4252 1603 4308 dico
1628 4272 1642 4307 :
1677 4270 1781 4309 non
1810 4265 1984 4310 autem
2012 4272 2146 4327 pra:-

571 4340 811 4394 semibus
840 4350 1041 4394 tantum
1067 4340 1188 4397 dico
1214 4340 1486 4408 fratribus,
1501 4343 1594 4399 sed
1624 4345 1781 4398 etiam
1814 4345 2141 4401 absentibus.

572 4433 738 4489 Nemo
764 4442 940 4489 vestra
972 4433 1148 4503 rapuit
1179 4451 1192 4487 :
1223 4434 1268 4489 si
1300 4445 1478 4489 autem
1510 4436 1596 4490 alii
1630 4446 1837 4492 vestras
1867 4438 2146 4493 facultates

568 4534 880 4595 rapuerunt,
913 4524 1051 4581 unde
1070 4525 1191 4581 licet
1211 4526 1476 4583 ostendite
1498 4528 1927 4597 hOSpitalitatem.
1946 4528 2142 4596 Quam-

568 4632 690 4672 nam
730 4632 857 4688 ergo
902 4632 1043 4672 nunc
1088 4617 1402 4674 habebimus
1435 4620 1854 4697 excusationem,
1899 4634 2019 4674 cum
2061 4620 2145 4674 isti

568 4709 727 4765 etiam
760 4718 880 4780 post
905 4725 1123 4783 suorum
1154 4710 1413 4765 bonorum
1462 4713 1700 4781 rapinam
1750 4712 1863 4767 haec
1889 4712 2147 4767 audiant?

570 4804 631 4858 Et
662 4803 804 4868 vide,
838 4803 922 4858 hic
949 4804 1100 4868 dicit,
1144 4803 1495 4874 Beneﬁcentia:
1538 4806 1693 4859 nolite
1735 4806 1977 4870 oblivisci,
2025 4823 2143 4863 cum

572 4893 719 4963 prius
742 4893 983 4959 dixisset,
1016 4892 1397 4964 Hospitalitatis
1416 4934 1432 4960 ,
1463 4911 1569 4948 non
1597 4896 1739 4950 aliud
1767 4905 1821 4951 et
1848 4897 1989 4950 aliud
2018 4897 2146 4951 sub-

574 4985 698 5039 inde
724 4986 1030 5049 ostcndens,
1053 4986 1147 5041 sed
1178 4997 1422 5042 urmm‘et
1448 4988 1588 5042 idem
1615 5003 1708 5057 per
1737 4990 1932 5043 variam
1958 4990 2145 5045 dictio~

574 5089 721 5130 nem.
748 5073 814 5128 Et
840 5090 944 5128 non
967 5074 1501 5147 dixit,Susceptionls
1523 5078 1790 5147 hospitum
1820 5079 1983 5133 nolite
2010 5080 2145 5134 obli-

576 5166 730 5235 visci,
759 5166 875 5228 sed,
900 5164 1291 5238 llospitalitatis,
1321 5169 1422 5225 hoc
1448 5178 1549 5233 est,
1578 5168 1693 5224 Non
1721 5170 1891 5224 solum
1923 5172 2147 5239 excipite

570 5274 828 5340 hospites,
859 5272 955 5327 sed
984 5274 1145 5327 etiam
1173 5272 1413 5344 h05pltes
1440 5275 1665 5347 diligite.
1709 5276 1818 5334 Nec
1842 5277 1977 5333 dixit
2003 5278 2146 5333 futu-
2186 5348 2203 5357 -

552 5377 677 5415 ram
721 5370 776 5416 et
816 5364 1104 5432 repositam
1151 5368 1659 5434 remunerationem,
1713 5384 1781 5423 ne
1826 5383 1919 5424 eos
1962 5383 2146 5424 rursus

564 5453 751 5507 reddat
792 5454 1117 5524 supiniores,
1158 5457 1250 5512 sed
1278 5473 1393 5512 eam
1435 5474 1553 5529 qua:
1576 5460 1685 5529 jam
1718 5459 1815 5515 fuit
1842 5461 1965 5516 data
1994 5479 2009 5517 :
2040 5459 2147 5516 Per

560 5542 693 5596 hanc
718 5544 872 5610 enim,
905 5545 1102 5608 intulit,
1130 5547 1337 5617 quidam
1382 5550 1645 5605 inscientes
1683 5552 1900 5621 hospitio
1933 5568 2142 5623 excepe-

558 5645 678 5690 runt
716 5638 945 5707 angelos.
997 5637 1103 5694 Sed
1147 5641 1422 5711 superiora
1466 5642 1757 5715 videamus,
1800 5643 2134 5717 Honorabile,

1365 222 1419 273 ς.
1460 216 1738 275 JOANNIS
1772 215 2243 273 CllRYSOSTOMI
2283 218 2599 276 ARClllEP.
2639 214 3173 273 CONSTANTINOP.

3690 232 3765 289 ηδ

2260 326 2448 398 inquit.
2472 324 2778 379 connubtum
2815 322 2868 374 in
2897 320 3149 382 omnibus,
3183 326 3232 372 et
3259 325 3391 372 torus
3428 316 3750 375 immaculata!

2253 416 2534 487 Quomodo
2564 414 2587 469 i
2616 413 2879 482 Quoniam
2922 414 2973 465 in
3025 412 3290 470 castitate,
3340 409 3516 477 inquit,
3556 418 3604 463 et
3643 413 3749 479 pulli.

2252 511 2375 564 citia
2427 515 2709 563 conservat
2762 505 2993 559 lidelctn.
3023 501 3120 556 llic
3162 503 3323 556 etiam
3354 501 3500 555 tacite
3527 502 3751 571 langitlu-

2252 580 2419 665 datos,
2473 598 2616 669 quod
2670 594 3087 652 abominandum
3151 591 3507 647 existimarent
3554 595 3752 649 concuhi-
3818 590 3821 593 ’

2252 703 2363 759 tum
2396 710 2409 744 :
2444 690 2508 746 Et
2537 691 2621 762 qui
2650 706 2712 745 ex
2755 690 2891 742 coitu
2916 688 3154 757 resurgit,
3187 685 3375 755 inquit,
3408 701 3502 737 non
3536 695 3597 738 est
3620 704 3753 755 purus.

2253 788 2365 842 Non
2398 795 2523 841 sunt
2551 781 2909 839 abominanda
2936 796 3056 851 quze
3083 790 3209 834 sunt
3236 794 3300 832 ex
3323 785 3523 840 natura,
3550 792 3579 831 ο
3602 777 3756 847 ingrate

2250 891 2303 936 et
2331 880 2476 935 nullo
2504 892 2667 933 sensu
2705 873 2927 946 praedite
2971 870 3157 927 Judaae
3182 912 3196 934 ,
3227 868 3320 924 sed
3349 883 3463 939 qua:
3490 879 3600 922 sunt
3619 884 3671 923 ex
3692 887 3755 921 ro.

2251 976 2454 1029 luntate
2481 980 2536 1025 et
2574 969 2743 1024 libero
2786 965 2946 1020 animi
2978 962 3198 1017 arbitrio
3223 978 3237 1015 :
3262 975 3381 1014 nam
3427 960 3469 1013 si
3514 958 3757 1018 honorabile

2249 1068 2303 1114 et
2329 1056 2583 1111 mundum
2610 1063 2695 1109 est
2720 1049 3140 1111 matrimonium,
3170 1062 3265 1100 cur
3291 1045 3450 1099 etiam
3478 1060 3540 1099 ex
3562 1059 3618 1099 eo
3638 1047 3757 1114 pollui

2247 1149 2559 1205 existimas?
2588 1144 2705 1200 Sint
2735 1158 2919 1204 mores,
2949 1138 3142 1208 inquit,
3172 1138 3284 1190 sine
3306 1137 3532 1189 avaritia.
3556 1135 3758 1202 Quoniam

2248 1243 2422 1305 multi,
2448 1248 2728 1311 postquam
2750 1250 2843 1289 sua
2873 1233 3011 1287 bona
3036 1228 3345 1292 eil‘udcrint,
3369 1228 3545 1281 volunt
3560 1239 3758 1296 praetextu

2226 1328 2604 1404 Veleemosynae
2654 1345 2717 1384 ea
2762 1342 2945 1382 rursus
2994 1324 3293 1393 acquirere,
3350 1328 3611 1390 propterea
3647 1321 3758 1387 dicit,

2248 1426 2364 1481 Sint
2395 1440 2554 1483 mores
2582 1423 2690 1475 sine
2723 1418 2972 1472 avaritia:
3003 1414 3104 1469 hoc
3134 1423 3236 1476 est.
3271 1411 3348 1466 Ea
3388 1420 3577 1464 tantum
3600 1427 3759 1479 (μιτρη-

2246 1533 2364 1573 mus
2394 1516 2585 1586 quibus
2621 1521 2701 1568 est
2736 1526 2891 1581 opus,
2936 1517 2993 1563 et
3022 1522 3140 1578 qua:
3175 1514 3300 1559 sunt
3336 1504 3635 1558 necessaria.
3661 1504 3758 1571 Quid

2248 1626 2413 1675 vero,
2460 1607 2503 1661 si
2552 1621 2619 1659 ne
2658 1619 2719 1658 ea
2769 1601 2982 1671 quidem
3034 1597 3191 1653 nobis
3234 1594 3552 1665 suppetant?
3589 1594 3683 1648 Non
3710 1596 3757 1648 it-t

2244 1711 2348 1765 est,
2388 1714 2493 1752 non
2540 1697 2611 1749 ita
2650 1702 2732 1750 est
2763 1712 2776 1747 :
2811 1693 2925 1761 ipse
2952 1689 3094 1745 enim
3126 1688 3280 1751 dixit,
3314 1696 3368 1740 et
3397 1700 3501 1738 non
3530 1686 3756 1740 mentitur:

2246 1792 2367 1846 Non
2415 1798 2461 1842 te
2494 1789 2743 1849 deseram,
2776 1800 2933 1853 neque
2976 1792 3024 1835 te
3067 1780 3438 1848 derelinquam.
3467 1776 3539 1833 Ita
3563 1785 3613 1830 ut
3646 1779 3760 1831 conﬁ-

2242 1885 2432 1939 denter
2467 1881 2739 1934 dicamus:
2771 1875 3018 1929 Dominus
3063 1871 3189 1925 mihi
3216 1870 3425 1934 adiutor
3452 1884 3473 1923 :
3500 1884 3593 1922 non
3628 1868 3760 1922 ιὲηιὸο

2242 1976 2363 2046 quid
2396 1974 2548 2045 faciat
2579 1969 2700 2023 mihi
2730 1968 2878 2021 homo
2912 1963 3082 2036 (Psal.
3114 1962 3237 2017 H7.
3268 1960 3352 2028 6).
3382 1962 3459 2014 Ac
3502 1960 3543 2016 si
3571 1959 3759 2014 diceret:

2242 2068 2419 2123 Habes
2459 2063 2527 2117 ab
2570 2063 2689 2131 ipso
2722 2058 3069 2129 promissum,
3120 2068 3188 2108 ne
3217 2052 3431 2107 dubites
3471 2050 3535 2105 de
3575 2062 3756 2106 caetero:

2242 2160 2354 2226 ipse
2383 2164 2467 2211 est
2493 2153 2774 2223 pollicitus,
2831 2163 2898 2202 ne
2941 2146 3201 2216 ambigas.
3235 2143 3367 2197 illud
3399 2152 3586 2206 autem,
3615 2141 3710 2196 Non
3731 2154 3762 2195 te

2242 2250 2489 2310 deserant,
2523 2259 2627 2298 non
2670 2242 2796 2296 dicit
2826 2239 3000 2295 solum
3027 2236 3096 2293 de
3134 2236 3400 2307 pecuniis,
3438 2234 3530 2289 sed
3566 2236 3696 2289 etiam
3716 2235 3761 2289 de

2240 2326 2654 2392 aliis‘omnihus.
2678 2331 2932 2386 Dominus
2959 2329 3080 2382 milii
3098 2328 3305 2398 adjutor
3332 2343 3352 2379 :
3383 2341 3482 2379 non
3505 2324 3762 2393 timeboqitid

2242 2430 2396 2501 faciat
2424 2428 2550 2481 mihi
2573 2428 2741 2479 homo.
2768 2414 3050 2478 Etmerito
3072 2420 3353 2489 Propheta:
3380 2418 3573 2472 dictum
3592 2416 3757 2477 addidit,

2241 2524 2314 2575 sic
2342 2521 2629 2589 obsignans
2657 2528 2981 2579 sermonem,
3016 2519 3071 2566 et
3096 2510 3391 2564 alacriores
3433 2524 3528 2562 nos
3566 2507 3759 2569 reddens,

2242 2624 2295 2665 ut
2326 2628 2390 2666 ne
2418 2610 2785 2680 desperemus.
2819 2604 2929 2659 Hoc
2965 2617 3093 2672 ergo
3126 2617 3222 2656 nos
3253 2614 3470 2671 quoque
3497 2599 3703 2652 dicamus
3724 2598 3759 2648 in

2249 2708 2501 2763 omnibus
2531 2704 2938 2767 tentationibus,
2988 2700 3217 2754 humana
3263 2695 3766 2752 irrideamuszdonec

2250 2801 2416 2857 Deum
2458 2799 2716 2855 habemus
2749 2796 3059 2867 propitium,
3102 2806 3260 2847 nemo
3298 2805 3402 2844 nos
3441 2789 3697 2860 superabit.
3722 2785 3767 2840 l't

2248 2892 2412 2955 enim,
2449 2891 2492 2945 si
2525 2890 2611 2943 ille
2641 2890 2710 2942 sit
2738 2889 3008 2951 inimlcus,
3036 2884 3245 2939 etiamsi
3287 2896 3482 2936 omnes
3509 2880 3606 2934 sint
3638 2883 3767 2935 amici,

2248 2984 2379 3039 nihil
2408 2981 2627 3055 prodest
2660 2999 2672 3034 :
2709 2981 2778 3033 ita
2808 2979 2852 3034 si
2894 2980 3010 3047 ipse
3038 2977 3107 3031 sit
3143 2974 3371 3037 amicus,
3407 2971 3603 3026 etiamsi
3633 2983 3769 3021 omnes

2246 3078 2642 3147 hclligerentur,
2694 3073 2829 3127 nihil
2880 3085 2979 3124 nos
3018 3069 3183 3125 ltedit.
3224 3068 3347 3122 Ideo
3390 3066 3522 3121 dixit
3552 3082 3564 3117 :
3592 3061 3691 3116 Non
3724 3063 3768 3113 ti-

2246 3172 2386 3222 mebo
2420 3169 2543 3240 quid
2566 3168 2721 3239 faciat
2760 3165 2883 3219 mihi
2906 3164 3077 3218 homo.
3113 3162 3420 3217 Mementote
3451 3158 3770 3229 prapositomt

2245 3272 2542 3325 vestrorum,
2573 3260 2658 3330 qui
2684 3258 2819 3311 vobis
2845 3257 3041 3327 loquuti
3066 3264 3182 3309 sunt
3209 3253 3415 3308 verbum
3441 3252 3548 3305 Dei.
3579 3251 3659 3305 Hic
3677 3264 3765 3319 quo

2244 3367 2348 3418 que
2377 3332 2624 3406 existimo
2656 3366 2776 3404 eum
2811 3349 2988 3403 dicere
3015 3346 3082 3401 de
3124 3346 3323 3401 auxilio
3352 3362 3369 3397 :
3404 3345 3505 3398 hoc
3545 3342 3666 3397 enim
3696 3350 3768 3403 est.

2248 3444 2346 3511 Qui
2370 3443 2506 3498 vobis
2547 3443 2740 3514 loquuti
2779 3449 2895 3496 sunt
2930 3440 3132 3493 verbum
3170 3436 3286 3492 Dei.
3323 3436 3553 3502 Quorum
3581 3436 3770 3488 intuente:

2243 3538 2432 3590 exitum
2475 3535 2888 3599 conversationis,
2933 3532 3201 3586 imitamini
3232 3531 3411 3598 ﬁdem.
3443 3527 3573 3598 Quid
3600 3536 3683 3590 est,
3706 3524 3769 3577 lno

2243 3628 2476 3682 tuentes?
2505 3627 2733 3681 Assidue
2776 3634 3072 3691 versantes,
3116 3621 3255 3693 apud
3296 3638 3399 3675 vos
3441 3621 3768 3680 examinantes,

2244 3721 2624 3775 ratiocinantes
2650 3760 2663 3784 ,
2696 3725 2943 3772 accurate
2973 3724 3027 3771 et
3064 3724 3250 3770 exacte
3274 3723 3595 3783 qumreutes,
3624 3720 3669 3763 ut
3691 3708 3770 3761 vul—

2244 3811 2310 3866 tis
2336 3819 2651 3865 scrutantes.
2683 3809 2846 3863 Recte
2871 3807 3017 3871 dicit,
3051 3805 3255 3859 Exitum
3278 3805 3682 3865 conversationis;
3700 3804 3770 3853 hoc

2242 3911 2344 3965 est,
2368 3902 2457 3971 qui
2478 3900 2731 3970 pertingit
2754 3913 2922 3968 usque
2949 3896 3014 3965 ad
3045 3896 3229 3960 ﬁnem,
3249 3897 3503 3966 quoniam
3535 3895 3701 3948 bonum
3725 3891 3770 3942 ti-

2243 4008 2364 4047 nem
2389 3991 2574 4045 habuit
2601 4006 2786 4046 eorum
2810 3989 3166 4043 conversatio.
3199 3985 3351 4041 Iesus
3376 3985 3604 4042 Christus
3630 3984 3715 4036 heri
3737 3993 3768 4035 et

2242 4085 2410 4149 hodie,
2441 4084 2574 4138 idem
2603 4096 2651 4138 et
2690 4085 2744 4136 in
2772 4083 2977 4135 stecula.
3000 4080 3057 4135 ld
3086 4089 3168 4135 est
3191 4098 3204 4134 :
3231 4079 3309 4135 Ne
3334 4080 3643 4135 existimetis
3664 4074 3765 4145 quod

2241 4188 2367 4233 tunc
2394 4177 2580 4233 fecerit
2614 4175 2888 4240 miracula,
2920 4189 3062 4229 nunc
3101 4182 3277 4228 autem
3313 4188 3422 4227 non
3453 4172 3634 4227 faciat:
3663 4170 3763 4222 idem

2241 4271 2353 4339 ipse
2372 4278 2472 4332 est,
2499 4278 2552 4323 et
2576 4268 2824 4338 quoniam
2854 4265 2993 4320 idem
3016 4275 3119 4330 est,
3151 4280 3253 4318 non
3277 4274 3358 4319 est
3384 4274 3590 4333 tempus
3608 4260 3765 4331 quando

2241 4378 2347 4416 non
2370 4362 2536 4432 possit
2554 4362 2653 4415 ista
2672 4358 2882 4431 operari
2904 4376 2915 4416 :
2937 4358 3003 4413 ad
3026 4357 3165 4428 quod
3190 4355 3413 4411 forsitan
3436 4356 3697 4426 respiciens
3713 4352 3766 4405 die

2240 4454 2316 4509 xit
2332 4472 2345 4509 :
2368 4453 2668 4508 Mementote
2682 4451 3069 4521 prapositorum
3088 4462 3383 4504 vestrorum.
3398 4449 3644 4502 Doctrinis
3658 4446 3766 4499 rariis

2240 4555 2285 4599 et
2309 4544 2587 4615 peregrinis
2615 4542 2769 4597 nolite
2789 4542 2990 4594 abduci.
3009 4540 3318 4611 Peregrinis,
3344 4538 3451 4595 hoc
3480 4548 3576 4603 est,
3594 4536 3765 4592 diversis

2239 4639 2307 4693 ab
2327 4638 2392 4693 iis
2417 4652 2547 4708 quas
2566 4653 2597 4691 a
2626 4636 2779 4690 nobis
2804 4635 3083 4689 audivistis
3115 4652 3128 4687 :
3170 4633 3353 4699 Variis,
3391 4634 3492 4686 hoc
3517 4642 3594 4687 est
3612 4673 3625 4695 ,
3650 4642 3765 4683 omne

2238 4743 2408 4799 genus
2428 4727 2705 4782 doctrinis.
2726 4724 2884 4779 Tales
2904 4724 3045 4778 enim
3073 4723 3201 4777 nihil
3227 4723 3422 4778 habent
3453 4724 3603 4777 tixum
3630 4729 3674 4775 et
3690 4728 3765 4771 sla-

2242 4821 2371 4886 bile,
2389 4819 2484 4874 sed
2505 4817 2822 4881 suntvariae,
2837 4815 3069 4870 maxime
3086 4814 3135 4868 id
3150 4814 3293 4885 quod
3316 4814 3382 4868 ad
3406 4816 3553 4870 cibos
3569 4812 3760 4882 tertinet.

2240 4911 2443 4967 Idcirco
2465 4908 2529 4963 ad
2560 4908 2662 4963 hoc
2690 4906 2988 4976 respiciens
3017 4906 3293 4982 subjungit
3320 4922 3335 4959 :
3367 4904 3565 4959 Bonum
3592 4903 3699 4957 enim
3715 4910 3763 4951 ut

2238 5004 2404 5075 gratia
2430 5000 2649 5055 stabiliri
2675 5015 2781 5063 cor,
2812 5015 2913 5052 non
2942 4999 3089 5052 escis.
3120 4997 3211 5051 Ea:
3235 5005 3360 5052 sunt
3387 4997 3565 5057 varice.
3588 5010 3654 5049 ea:
3675 4999 3763 5045 sunt

2241 5095 2555 5168 peregrinae.
2580 5091 2678 5147 ηερ
2704 5091 2756 5144 in
2782 5089 3205 5159 superstitiosam
3232 5089 3473 5143 ciborum
3496 5084 3762 5141 observatio-

2240 5202 2363 5243 nem
2393 5184 2662 5239 invehitur
2692 5200 2705 5236 :
2738 5181 2972 5236 ostendit
3000 5181 3143 5234 enim
3170 5179 3441 5249 quomodo
3470 5194 3531 5232 ex
3558 5174 3761 5245 supersti-

2240 5282 2376 5335 tiosa
2393 5278 2634 5334 ciborum
2665 5274 3037 5330 obSt-rvatione
3057 5272 3107 5327 in
3129 5273 3355 5327 alienam
3373 5287 3401 5325 a
3427 5281 3562 5325 recta
3588 5268 3675 5321 fide
3692 5266 3759 5318 do-

2238 5371 2464 5427 ctrinam
2486 5366 2789 5433 inciderint,
2820 5364 3048 5433 indeque
3079 5364 3129 5417 in
3158 5363 3332 5417 varias
3352 5372 3404 5417 et
3422 5376 3579 5415 novas
3604 5358 3759 5412 doctrio

2240 5478 2338 5520 nas
2358 5460 2556 5518 sensim
2579 5472 2637 5514 se
2662 5455 2995 5513 demiserint.
3024 5454 3090 5510 Et
3111 5454 3231 5508 vide
3256 5468 3377 5509 eum
3406 5468 3508 5507 non
3526 5450 3757 5505 audentem

2254 5567 2357 5622 hoc
2382 5574 2567 5635 aperte
2592 5563 2790 5629 dicere,
2813 5560 2908 5617 sed
2933 5559 3082 5631 quasi
3113 5559 3164 5613 in
3191 5557 3489 5627 mnigmate.
3512 5554 3630 5609 Dum
3652 5548 3755 5635 enim

2257 5658 2400 5719 dicit,
2423 5633 2913 5723 Nolitecircumferri
2938 5651 3087 5705 variis
3106 5659 3152 5704 et
3181 5648 3319 5703 novis
3349 5644 3596 5708 doctrinis,
3612 5633 3756 5704 et,30-
