3968 6542
225 314 337 369 £27

226 430 641 499 λατρεύοντες.
700 426 813 495 Οὐχ
838 418 925 479 οἷα
952 424 1022 478 τά
1053 423 1343 490 Ἰουδαϊκὰ,
1379 426 1549 496 φησὶ,
1590 424 1815 479 τοιαῦτα

224 516 294 567 τά
328 515 459 585 παρ’
484 514 642 581 ἡμῖν,
666 510 741 573 ὡς
781 510 916 581 μηδὲ
944 510 1191 580 ἀρχιερεῖ
1215 508 1371 579 θέμις
1397 504 1535 562 εἶναι
1568 510 1816 579 μετέχειν

226 596 428 651 αὐτῶν.
447 596 611 646 Ὥστε
642 592 830 663 ἐπειδὴ
848 587 991 657 εἷπε,
1020 592 1111 662 Μὴ
1131 593 1525 661 παρατηρεῖτε,
1556 591 1733 643 ἐδόκει
1755 591 1814 644 δὲ

228 678 385 731 τοῦτο
414 676 853 737 καταϐάλλοντος
881 671 1020 727 εἶναι
1048 675 1119 726 τὰ
1150 675 1280 735 ῖδια,
1304 674 1466 736 πάλιν
1497 674 1628 727 αὐτὸ
1653 691 1812 744 περι-

227 762 469 831 στρέφει.
504 761 597 829 Μὴ
625 758 734 827 γάρ
767 758 863 810 καὶ
894 759 1059 827 ἡμεῖς
1083 758 1144 809 οὑ
1171 755 1621 827 παρατηροῦμεν,
1646 755 1779 825 φησί
1796 772 1810 820 ;

228 846 336 898 Καὶ
383 841 812 912 παρατηροῦμεν
840 878 854 900 ,
918 839 1011 892 καὶ
1061 838 1417 909 σφοδρότερον
1464 838 1584 891 οὐδὲ
1629 838 1814 899 αὐτοῖς

214 928 333 990 ,τοῖς
370 927 575 997 ἱερεῦσι
605 924 972 993 μεταδιδόντες
1003 916 1320 991 αὐτῶν.Ὦν
1340 923 1449 991 γὰρ
1476 921 1813 990 εἰσφέρεται

228 1011 381 1070 ζῶων
394 1010 459 1062 t6
473 1005 619 1077 αἷμα
642 1006 773 1074 περὶ
795 1008 1082 1074 ἁμαρτίας
1096 1007 1183 1071 εἰς
1200 1006 1269 1058 τὰ
1282 1005 1417 1073 ἅγια
1433 1004 1529 1058 διὰ
1551 1005 1657 1058 τοῦ
1674 1006 1813 1073 ἀρχα

228 1096 443 1159 ιειλως,
476 1095 707 1145 τούτων
752 1089 825 1142 τὰ
855 1088 1102 1156 σώματα
1145 1090 1526 1142 κατακαίεται
1556 1088 1672 1151 ἔξω
1700 1086 1810 1155 τῆς

227 1173 626 1243 παρεμϐολῆς.
661 1173 757 1224 Διῦ
780 1172 878 1224 καί
917 1169 1179 1236 Ἰησοῦς,
1203 1171 1302 1222 ἵνα
1328 1169 1551 1239 ἁγιάσῃ
1575 1170 1674 1224 διὰ
1702 1168 1808 1223 τοῦ

230 1258 376 1312 ἰδίου
408 1258 657 1325 αἵματος
695 1257 802 1307 τὸν
824 1253 1000 1317 λαὸν,
1036 1253 1193 1317 Ἐξω
1224 1251 1333 1320 τῆς
1361 1254 1580 1319 πύλης,
1617 1254 1803 1322 φησὶν,

228 1341 465 1393 ἔπαθεν.
504 1335 660 1400 Εἶδες
702 1338 791 1390 τὸν
820 1337 989 1389 τύπον
1015 1336 1334 1405 λάμποντα;
1386 1336 1543 1400 Ἕξω
1562 1377 1576 1403 ,
1603 1336 1767 1405 φησὶν
1787 1376 1802 1401 ,

228 1421 331 1488 τῆς
374 1419 797 1490 παρεμϐολῆς,
835 1420 966 1481 καὶ,
1019 1420 1177 1482 Ἐξω
1215 1417 1328 1486 τῆς
1369 1420 1591 1485 πύλης.
1652 1419 1804 1472 Ἐπεὶ

228 1503 313 1559 οῦν
339 1509 409 1558 τά
435 1504 860 1576 προσφερόμενα
890 1502 1020 1572 περὶ
1040 1502 1317 1572 ἁμαρτίας
1344 1502 1512 1564 τύπος
1534 1518 1617 1563 τις
1638 1497 1800 1571 ἦσαν,

229 1590 318 1642 καὶ
354 1589 462 1653 ἔξω
491 1589 592 1657 τῆς
628 1586 986 1657 παρεμϐολῆς
1017 1583 1443 1650 ὼλοκαυτοῦντο,
1478 1585 1572 1636 καὶ
1606 1586 1635 1637 6
1664 1584 1803 1655 ὑπὲρ

230 1671 511 1741 ἁμαρτιῶν
554 1669 717 1739 ἡμῶν
770 1668 1104 1740 προσαχθεὶς
1159 1666 1367 1735 Ἰησοῦς
1418 1668 1645 1730 εἰκότως
1698 1666 1804 1733 ἔξω

228 1756 318 1825 τῆς
344 1754 521 1823 πύλης
554 1753 779 1822 πάσχει.
808 1751 1017 1805 Οὐκοῦν
1054 1750 1147 1804 καὶ
1170 1753 1320 1820 ἡμᾶς
1352 1750 1443 1803 τὸν
1474 1750 1615 1818 ὑπὲρ
1646 1750 1801 1820 ἡμῶν

231 1837 461 1890 παθόντα
510 1834 798 1905 μιμεῖσθαι
827 1834 967 1904 χρὴ,
996 1834 1091 1886 καὶ
1129 1832 1234 1897 ἔξω
1268 1832 1364 1886 τοῦ
1411 1832 1618 1902 κόσμου
1652 1833 1800 1900 γίνε-

233 1923 381 1983 σθαι,
424 1919 627 1990 μᾶλλον
670 1918 727 1971 δέ
772 1918 882 1971 τῶν
929 1917 1023 1970 τοῦ
1057 1917 1266 1988 κόσμου
1307 1917 1668 1987 πραγμάτων.
1711 1917 1800 1970 Διὸ

236 2006 318 2056 καὶ
373 2004 530 2056 τοῦτο
572 2000 750 2071 δηλῶν
813 2000 1094 2070 ἐπήγαγε⁸
1163 2001 1376 2053 Τοίνυν
1424 1999 1799 2068 ἐξερχώμεθα

237 2087 369 2153 πρὸς
405 2085 596 2138 αὐτὸν
621 2084 739 2148 ἔξω
766 2082 876 2151 τῆς
907 2081 1287 2151 παρεμϐολῆς
1312 2123 1327 2146 ,
1375 2082 1660 2150 φέροντες
1694 2080 1800 2134 τὸν

238 2167 566 2236 ὀνειδισμὸν
600 2166 821 2220 αὐτοῦ·
854 2166 1136 2226 τουτέστι,
1178 2164 1247 2216 τὰ
1282 2165 1422 2217 αὐτὰ
1458 2167 1757 2235 πάσχοντες
1779 2206 1794 2229 ,

240 2251 602 2312 κοινωνοῦντες
632 2248 785 2318 αὐτῷ
824 2250 882 2301 ἐν
914 2251 1026 2311 τοῖς
1062 2246 1401 2317 παθήμασιν.
1456 2247 1543 2312 Ὠς
1574 2246 1798 2300 κατάδι-

240 2353 320 2399 κος
348 2333 663 2403 ἐσταυρώθη
692 2331 797 2397 ἔξω
818 2349 831 2361 ⁸
867 2332 943 2401 μὴ
966 2330 1145 2383 τοίνυν
1171 2330 1309 2399 μηδὲ
1339 2331 1499 2399 ἡμεῖς
1524 2330 1795 2401 αἰσχυνώ-

241 2420 359 2489 μεθα
386 2420 590 2483 ἐξιέναι
619 2417 724 2480 ἔξω
754 2414 849 2468 τοῦ
876 2408 1081 2483 κόσμου
1103 2429 1117 2442 ⁸
1147 2414 1305 2467 τοῦτο
1330 2414 1439 2482 γὰρ
1471 2413 1689 2484 ᾐνίξατο
1718 2413 1795 2484 τῷ

239 2505 411 2567 εἰπεῖν,
443 2500 603 2564 Ἔξω
632 2498 742 2566 τῆς
768 2497 1172 2566 παρεμϐολῆς,
1204 2500 1319 2563 καὶ,
1352 2497 1509 2561 Ἔξω
1543 2495 1652 2565 τῆς
1684 2500 1795 2552 πύ·

238 2591 355 2652 λης.
384 2586 465 2639 οὐ
494 2584 605 2653 γὰρ
632 2584 853 2652 ἔχομεν
881 2575 997 2634 ὦδε
1018 2581 1352 2649 μένουσαν,
1390 2580 1545 2651 φησὶ,
1590 2582 1792 2648 πόλιν,

236 2670 377 2723 ἀλλὰ
404 2667 517 2735 thr
535 2666 900 2736 μέλλουσαν
925 2663 1332 2732 ἐπιζητοῦμεν.
1362 2664 1443 2717 Δι’
1466 2663 1654 2718 αὑτοῦ
1680 2660 1795 2719 οὖν

234 2751 601 2820 ἀναφέρωμεν
626 2749 850 2804 θυσίαν
873 2748 1158 2815 αἰνέσεως
1184 2747 1510 2813 διαπαντὸς
1534 2746 1613 2813 τῷ
1635 2748 1756 2814 Θεῷ
1774 2765 1787 2779 ·

234 2839 506 2898 τουτέστι,
537 2836 773 2905 καρπὸν
794 2832 1045 2903 χειλέων
1070 2834 1529 2902 ὁμολογούντων
1557 2832 1635 2898 τῷ
1660 2835 1793 2888 ὀνό-

228 2938 350 2991 ματι
387 2918 593 2974 αὐτοῦ.
635 2917 717 2971 Δι’
751 2916 969 2982 αὐτοῦ,
1015 2912 1201 2981 εἶπεν,
1242 2917 1317 2979 ὠς
1344 2916 1410 2969 δι’
1449 2916 1787 2989 ἀρχιερέως,

230 3007 285 3057 τὸ
309 3005 442 3058 κατὰ
473 3002 671 3073 σάρκα.
720 3000 1217 3070 Ὀμολογούντων,
1254 3000 1408 3069 φησὶ,
1444 2998 1522 3063 τῷ
1547 3000 1791 3068 ὀνόματι

231 3088 421 3142 αὑτοῦ.
464 3085 682 3140 Ὠσανεὶ
708 3083 915 3153 ἔλεγεν,
950 3084 1012 3136 Εἰ
1044 3082 1327 3152 ὁμολογεῖν
1353 3082 1502 3153 αὐτῷ
1530 3083 1647 3147 δεῖ,
1681 3101 1784 3153 μη-

230 3171 308 3224 δὲν
332 3170 651 3241 βλάσφημον
671 3206 686 3231 ,
722 3167 888 3238 μηδὲν
924 3165 1117 3236 ἰταμὸν
1136 3207 1149 3227 ,
1193 3165 1359 3235 μηδὲν
1384 3166 1556 3234 θρασὺ
1574 3207 1588 3230 ,
1623 3166 1789 3236 μηδὲν

230 3254 479 3325 τολμηρὸν
498 3294 513 3316 ,
546 3252 713 3323 μηδὲν
742 3250 1173 3320 ἀπονενοημένον
1213 3248 1580 3319 φθεγγώμεθα
1600 3290 1614 3310 ,
1653 3250 1790 3303 ἀλλὰ
1822 3263 1829 3272 ’

232 3338 355 3409 μετά
397 3336 579 3401 αἰδοῦς
610 3336 705 3390 καὶ
741 3334 1027 3395 εὐλαϐείας
1065 3333 1245 3386 πάντα
1279 3334 1522 3403 ποιῶμεν
1572 3337 1664 3387 καὶ
1699 3334 1787 3387 λέ-

228 3439 415 3490 γωμεν.
453 3419 645 3474 Ταῦτα
677 3418 826 3487 λέγει
857 3418 953 3486 οὐχ
985 3415 1205 3479 ἁπλῶς,
1255 3416 1371 3468 ἀλλ’
1415 3414 1569 3487 [505]
1601 3417 1787 3488 ἐπειδὴ

229 3501 353 3558 οἶδεν
379 3504 581 3567 αὐτοὺς
621 3502 974 3572 θλιϐομένους
997 3518 1013 3531 ·
1044 3499 1190 3570 ψυχὴ
1214 3500 1273 3554 δέ
1310 3503 1368 3553 ἐν
1397 3502 1516 3564 ταῖς
1546 3500 1789 3570 θλίψεσιν

228 3587 580 3657 ἀπογινώσκει
627 3586 724 3639 καὶ
768 3586 1217 3654 ἀπαναισχυντεῖ.
1275 3582 1434 3636 Ἀλλὰ
1468 3584 1544 3653 μὴ
1590 3585 1785 3654 ἡμεῖς,

228 3672 396 3740 φησίν.
448 3669 581 3724 Ἰδοὺ
630 3668 794 3721 πάλιν
834 3668 895 3720 τὸ
937 3667 1071 3719 αὐτὸ
1107 3662 1296 3729 εἶπεν,
1348 3667 1486 3737 ὅπερ
1532 3665 1789 3735 ἀνωτέρω

227 3756 395 3823 ἔλεγε·
442 3755 541 3820 Mh
588 3752 1124 3823 ἐγκαταλείποντες
1162 3750 1277 3817 τὴν
1325 3750 1789 3819 ἐπισυναγωγὴν

225 3837 455 3891 ἑαυτῶν.
484 3838 643 3891 οὕτω
662 3835 1009 3905 δυνησόμεθα
1028 3833 1167 3903 μετὰ
1183 3832 1363 3896 αἰδοῦς
1385 3834 1559 3886 πάντα
1578 3836 1752 3886 ποιεῖν
1771 3850 1785 3865 ⁸

225 3922 473 3984 πολλάκις
516 3922 629 3991 γὰρ
657 3919 755 3973 καὶ⁵
797 3917 1122 3987 ἀνθρώπους
1162 3916 1581 3985 αἰσχυνόμενοι,
1619 3915 1789 3969 πολλὰ

223 4005 277 4057 οὐ
306 4006 615 4075 πράττομεν
657 4002 765 4056 τῶν
795 3999 1068 4070 πονηρῶν.
1112 3998 1226 4065 Τῆς
1264 3997 1333 4052 δὲ
1373 3998 1645 4063 εὐποιίας
1690 3998 1788 4053 καὶ

220 4090 523 4153 κοινωνίας
546 4086 632 4156 μὴ
657 4084 1151 4139 ἐπιλανθάνεσθε.

282 4171 554 4239 γ¹.Ταῦτα
573 4171 691 4223 τότε
713 4170 849 4238 μὲνό
874 4167 1083 4230 Παῦλος
1099 4166 1275 4233 ἔλεγε,
1295 4166 1390 4219 νῦν
1405 4166 1461 4220 δὲ
1485 4163 1597 4235 ἐγὼ
1622 4165 1786 4234 λέγω·

218 4259 328 4324 οὐχὶ
360 4255 497 4326 πρὸς
519 4254 649 4315 τοὺς
679 4252 951 4323 παρόντας
985 4250 1147 4320 μόνον
1179 4249 1441 4317 ἀδελφοὺς
1462 4249 1519 4302 δὲ
1552 4249 1619 4300 τὰ
1649 4249 1789 4302 αὐτὰ

218 4338 372 4407 λέγω,
403 4338 541 4392 ἀλλὰ
567 4336 659 4389 καὶ
680 4336 820 4405 πρὸς
842 4336 968 4396 τοὺς
1001 4332 1261 4396 ἀπόντας.
1298 4332 1486 4396 Οὐδεὶς
1509 4331 1579 4385 τὰ
1609 4333 1788 4403 ὑπάρ-

217 4440 370 4491 χοντα
400 4422 556 4492 ὑμῶν
587 4421 838 4490 ἥρπασεν
860 4432 873 4446 ⁸
909 4417 956 4468 εἰ
978 4416 1034 4468 δέ
1060 4433 1206 4477 τινες
1233 4415 1326 4467 καὶ
1359 4416 1692 4485 ήρπάκασιν,
1725 4419 1787 4469 ἐκ

213 4506 315 4556 τῶν
353 4506 583 4556 ἐνόντων
615 4502 715 4573 τὴν
753 4499 1058 4570 φιλοξενίαν
1086 4498 1479 4571 ἐπιδείκνυσθε.
1515 4498 1645 4550 Τίνα
1678 4498 1787 4569 γὰρ

214 4586 399 4656 ἱξομεν
425 4588 592 4657 ἡμεῖς
617 4583 914 4650 ἀπολογίαν
937 4582 1143 4643 λοιπὸν,
1174 4580 1380 4633 τούτοιν
1397 4580 1492 4632 καὶ
1521 4580 1659 4651 μετά
1687 4582 1785 4649 τὴν

213 4670 463 4741 ἁρπαγὴν
507 4669 613 4720 τῶν
655 4667 1009 4738 ὑπαρχόντων
1061 4664 1233 4717 ταῦτα
1283 4664 1625 4729 ἁκουόντων;
1677 4663 1786 4715 Καὶ

209 4752 305 4822 ὅρα
326 4793 343 4817 ,
386 4750 626 4806 ἐνταῦθα
656 4751 807 4817 λέγει
832 4790 846 4814 ,
892 4748 1003 4817 Ίῆς
1041 4748 1311 4812 εὐποιίας
1338 4749 1425 4815 μὴ
1461 4746 1785 4799 ἐπιλανθά-

209 4842 384 4893 νεσθε
403 4880 417 4904 ,
462 4834 633 4890 εἰπὼν
660 4834 949 4905 ἀνωτέρω.
985 4832 1099 4900 Τῆς
1123 4832 1473 4901 φιλοξενίας
1494 4846 1508 4860 ⁸
1536 4831 1635 4883 οὐκ
1658 4829 1785 4884 ἄλλο

211 4922 301 4975 καὶ
321 4922 453 4974 ἄλλο
477 4919 655 4988 δηλῶν
672 4956 688 4981 ,
716 4918 852 4971 ἀλλὰ
875 4917 935 4969 τὸ
962 4916 1096 4969 αὐτὸ
1116 4915 1183 4967 δι’
1207 4913 1399 4983 ἐτέρας
1424 4913 1641 4979 λέξεως.
1674 4914 1785 4967 Καὶ

208 5006 302 5058 οὐκ
336 5001 482 5069 εἷπε,
528 5003 642 5072 Τῆς
674 5000 980 5069 ξενοδοχίσς
1009 4996 1083 5069 μὴ
1112 4995 1538 5049 ἐπιλανθάνεσθε
1561 5038 1575 5059 ,
1608 4996 1742 5049 ἀλλὰ
1766 5037 1781 5062 ,

215 5088 323 5156 Τῆς
358 5085 746 5157 φιλοξενίας⁸
781 5084 1062 5145 τουτέστι,
1096 5081 1188 5149 Μὴ
1224 5079 1408 5142 ἁπλῶς
1436 5079 1781 5149 ξενοδοχεῖτε,

209 5173 337 5225 ἀλλὰ
367 5171 511 5243 μετά
541 5170 637 5223 τοῦ
670 5169 847 5238 φιλεῖν
874 5169 999 5228 τοὺς
1030 5165 1235 5232 ξένους.
1266 5164 1375 5217 Καὶ
1404 5165 1504 5218 οὐκ
1531 5159 1653 5217 εἷπε
1685 5164 1784 5234 τὴν

213 5255 505 5324 μέλλουσαν
546 5253 642 5307 καὶ
687 5249 1058 5320 ἀποκειμένην
1092 5246 1359 5317 ἀμοιϐὴν,
1390 5245 1478 5298 ἵνα
1511 5246 1587 5316 μὴ
1624 5245 1783 5299 πάλιν

208 5340 401 5401 αὐτοῦς
438 5336 814 5403 ὑπτιωτέρους
850 5336 1154 5402 ἐργάσηται
1179 5370 1193 5392 ,
1227 5330 1364 5383 ἀλλά
1416 5329 1515 5399 τὴν
1562 5330 1662 5401 ἤδη
1698 5331 1785 5384 δο-

211 5422 388 5475 θεῖσαν
408 5438 423 5452 ο
452 5422 708 5489 ἐπήγαγε
742 5417 882 5487 γὰρ,
924 5416 1003 5468 Δι’
1031 5411 1222 5481 αὐτῆς
1248 5414 1468 5466 ἔλαθόν
1492 5429 1652 5479 τινες
1686 5414 1782 5479 ξε-

208 5506 486 5571 νίσαντες
521 5504 845 5572 ἀγγέλους.
884 5498 1024 5579 Ἀλλ’
1055 5497 1255 5566 ἴδωμεν
1290 5495 1495 5551 ἄνωθεν
1524 5495 1595 5549 τὰ
1627 5497 1780 5567 εἰρη-

218 5591 359 5657 μένα.
398 5590 595 5658 Τίμιος
624 5587 657 5639 ὀ
684 5584 892 5655 νόμος,
924 5578 1108 5652 φησὶν,
1131 5582 1200 5634 ὲν
1220 5579 1391 5643 πᾶσι,
1418 5578 1518 5633 καὶ
1540 5579 1577 5647 τι
1611 5580 1780 5649 κοίτη

214 5672 507 5739 ἀμίαντος.
568 5668 697 5731 Πῶς
745 5668 925 5735 τίμιος
973 5668 1002 5719 6
1044 5664 1256 5734 γάμοςς
1291 5664 1417 5718 Ὅτι
1462 5664 1521 5716 ἐν
1570 5680 1781 5733 σωφροο

220 5754 373 5829 τύνη,
423 5753 598 5825 φησὶ,
651 5751 901 5811 διατηρεῖ
942 5749 1030 5814 τὸν
1092 5748 1299 5802 πιστόν.
1368 5744 1629 5800 Ἐνταῦθα
1681 5747 1776 5800 καὶ

1001 308 1065 364 IN
1100 308 1313 364 EPIST.
1354 309 1448 363 AD
1486 308 1843 366 HEBRA'SOS.
1887 311 2038 367 CAP.
2078 308 2468 367 XlllJlOMlL.
2511 308 2751 366 XXXIII.

3390 315 3499 372 228

1934 426 2219 490 Ἰουδαίους
2270 427 2603 492 αἰνίττεται,
2657 427 2743 480 ὅτι
2795 424 3057 497 βδελυρὰν
3111 425 3345 499 ἡγοῦντο
3396 430 3497 502 τὴν

1922 511 2111 580 κοίτην
2132 526 2144 540 ⁸
2176 508 2287 564 Kal
2314 509 2382 575 ὃς
2410 512 2487 562 ἀν
2516 504 2577 579 ᾖ,
2607 510 2791 578 φησὶν,
2815 510 2933 564 ἀπὸ
2964 511 3192 578 κοίτης,
3223 514 3333 567 οὐκ
3362 515 3496 568 ἐστι

1919 594 2200 661 καθαρός.
2258 593 2371 646 Οὐκ
2422 592 2537 645 ἔστι
2584 592 2818 663 βδελυρά
2868 594 2937 647 τὰ
2988 596 3096 647 ἀπὸ
3143 596 3395 664 φύσεως,
3450 592 3496 651 ὦ

1917 673 2172 743 ἄγνωμον
2195 673 2290 727 καὶ
2317 673 2612 744 ἁναίσθητε
2648 674 2888 742 Ἰουδαῖε,
2911 676 3046 731 ἀλλὰ
3069 677 3139 731 τὰ
3167 678 3276 731 ἀπὸ
3302 696 3495 749 προαι-

1919 759 2120 830 ρέσεως
2143 776 2154 788 ⁸
2196 760 2245 811 εἰ
2286 758 2396 827 γὰρ
2430 758 2606 827 τίμιος
2637 759 2664 809 6
2696 759 2873 830 γάμος
2901 763 2993 814 καὶ
3020 762 3283 832 καθαρὸς,
3314 763 3367 816 τί
3402 765 3496 834 δή·

1916 857 2049 892 ποτε
2083 842 2173 894 καὶ
2200 841 2258 907 ἐξ
2295 841 2464 894 αὑτοῦ
2504 840 2814 909 μιαίνεσθαι
2839 842 3107 912 νομίζειςς
3151 845 3494 915 Ἀφιλάργυ-

1905 940 2052 990 ρος.
2104 925 2302 994 φησὶν,
2348 927 2381 977 ό
2432 925 2664 990 τρόπος.
2735 925 2956 990 Ἐπειδὴ
3012 928 3199 981 πολλοὶ
3241 932 3377 1001 μετά
3429 932 3492 983 τὸ

1913 1004 2148 1057 κενῶσαι
2177 1006 2243 1057 τὰ
2286 1005 2601 1076 ὑπάρχοντα
2624 1045 2638 1069 ,
2670 1005 2897 1077 ὕστερον
2932 1006 3209 1076 βούλονται
3251 1015 3491 1083 προσχή-

1914 1104 2045 1157 ματι
2074 1088 2445 1159 ἐλεημοσύνης
2476 1090 2810 1143 ἀνακτᾶσθαι
2842 1091 3001 1145 πάλιν
3032 1093 3189 1159 αὐτὰ,
3223 1094 3311 1148 διὰ
3331 1097 3489 1150 τοῦτό

1912 1186 2108 1239 φησιν,
2146 1172 2578 1249 Ἀφιλάργυρος
2603 1176 2636 1226 ό
2660 1174 2903 1241 τρόπος⁸
2934 1176 3210 1228 τουτέστιν
3229 1217 3243 1240 ,
3278 1178 3362 1231 τνα
3390 1182 3489 1249 τῆς

1909 1254 2100 1325 χρείας
2143 1248 2295 1325 ὦμεν
2325 1257 2419 1308 καὶ
2457 1256 2566 1309 τῶν
2609 1257 2943 1323 ἀναγκαίων.
2994 1258 3059 1310 Τί
3092 1259 3207 1323 οὖν,
3238 1260 3303 1313 ἂν
3353 1248 3488 1332 μηδέ

1906 1337 2143 1401 τούτων,
2190 1339 2390 1408 φησὶν.
2436 1339 2799 1410 εὐπορῶμεν;
2846 1341 2957 1393 Οὐκ
3006 1340 3122 1394 ἐστι
3151 1341 3348 1407 τοῦτο,
3388 1345 3487 1397 οὐκ

1872 1470 1883 1479 ,
1910 1417 2060 1490 [506]
2091 1420 2239 1473 ἐστιν
2263 1438 2276 1450 ⁸
2327 1421 2491 1485 αὐτὸς
2524 1422 2633 1493 γάρ
2670 1417 2813 1486 εἷπε,
2858 1424 2953 1476 καὶ
2978 1424 3039 1476 οὐ
3074 1424 3351 1494 ψεύδεται,
3402 1427 3485 1479 ὅτι

1900 1504 1984 1556 Οὐ
2011 1504 2097 1571 μή
2138 1520 2211 1557 σε
2242 1504 2386 1569 ἀνῶ,
2418 1504 2547 1558 οὐδ’
2569 1507 2641 1559 οὑ
2674 1507 2753 1574 μή
2792 1522 2866 1559 σε
2890 1506 3286 1574 ἐγκαταλίπω.
3322 1509 3484 1561 Ὥστε

1905 1584 2243 1656 θαρροῦντας
2273 1588 2422 1657 ἡμᾶς
2450 1586 2629 1654 λέγειν
2650 1603 2663 1616 ⁸
2697 1588 2915 1654 Κύριος
2940 1588 3069 1656 ἐμοὶ
3100 1589 3347 1655 βοηθὸς,
3383 1590 3483 1643 καὶ

1902 1670 1975 1721 οὐ
2019 1669 2439 1747 φοϐηθήσομαι
2472 1670 2530 1723 τί
2560 1669 2799 1736 ποιήσει
2825 1689 2926 1739 μοι
2965 1672 3295 1739 ἄνθρωπος.
3340 1673 3484 1725 Ὠσεὶ

1903 1749 2077 1818 ἔλεγε,
2133 1751 2244 1821 Τὴν
2298 1753 2591 1822 ὑπόσχεσιν
2634 1753 2779 1822 ἔχεις
2809 1753 2941 1826 παρ’
2975 1754 3163 1816 αὑτοῦ,
3204 1757 3277 1827 μὴ
3306 1757 3482 1826 ἀμφί-

1903 1833 2064 1887 ϐάλλε
2089 1834 2272 1889 λοιπόν
2293 1849 2306 1862 ⁸
2331 1836 2495 1899 αὐτὸς
2520 1837 2904 1906 ἐπηγγείλατο,
2932 1838 3007 1910 μὴ
3024 1839 3382 1909 ἀμφισϐήτει.
3407 1841 3482 1894 Τὸ

1900 1916 1957 1969 δὲ
1981 1956 1997 1979 ,
2019 1919 2102 1972 Οὐ
2119 1914 2306 1989 μή’σε
2334 1917 2459 1971 ἀνῶ
2480 1957 2494 1982 ,
2526 1920 2585 1971 οὐ
2619 1921 2748 1990 περὶ⁵
2774 1921 3073 1991 χρημάτων
3104 1923 3263 1991 μόνον
3290 1924 3478 1992 φησὶν,

1900 2000 2037 2053 ἀλλὰ
2062 2001 2155 2053 καὶ
2194 2002 2321 2071 περὶ
2362 2002 2472 2056 τῶν
2508 2002 2682 2056 ἄλλων
2724 2005 2980 2058 ἁπάντων
3021 2003 3189 2072 λέγει.
3260 2008 3477 2073 Κύριος

1898 2084 2025 2152 ἐμοὶ
2050 2085 2300 2151 βοηθὸς,
2334 2086 2433 2139 καὶ
2460 2088 2532 2140 οὐ
2566 2087 2987 2156 φοϐηθήσομαι
3014 2092 3072 2141 τί
3110 2086 3350 2154 ποιήσει
3379 2106 3479 2155 μοι

1898 2167 2227 2236 ἅνθρωπος.
2252 2170 2492 2233 Εἰκότως
2515 2171 2574 2223 τὸ
2599 2171 2692 2223 τοῦ
2722 2174 3004 2243 προφήτου
3029 2174 3331 2243 ἐπήγαγεν,
3356 2175 3475 2227 ἐπι·
3500 2177 3513 2182 ’

1900 2254 2215 2325 σφραγίζων
2234 2255 2410 2325 τούτῳ
2432 2256 2523 2309 τὸν
2543 2255 2731 2329 λόγον,
2751 2258 2845 2309 καὶ
2872 2258 3313 2329 προθυμοτέρους
3342 2259 3476 2328 μᾶλ-

1896 2334 1985 2388 λον
2018 2338 2218 2402 ποιῶν,
2261 2337 2403 2392 ὥστε
2440 2338 2515 2408 μὴ
2555 2328 2942 2409 ἀπαγορεύειν.
2971 2339 3141 2392 Τοῦτο
3170 2328 3349 2393 τοίνυν
3382 2341 3474 2394 καὶ

1895 2420 2053 2488 ἡμεῖς
2082 2422 2139 2475 ἐν
2179 2424 2311 2475 πᾶσι
2356 2421 2607 2492 λέγωμεν
2641 2423 2756 2485 τοῖς
2791 2424 3142 2492 πειρασμοῖς,
3179 2424 3271 2476 και
3300 2439 3474 2478 κατα-

1894 2502 2146 2572 γελῶμεν
2166 2504 2274 2557 τῶν
2305 2503 2663 2574 ἀνθρωπίνων
2694 2504 3037 2575 πραγμάτων
3060 2520 3073 2533 ⁸
3108 2504 3212 2568 ἐως
3240 2505 3306 2557 ἂν
3337 2505 3475 2574 έχω-

1898 2602 1997 2653 μεν
2027 2586 2116 2639 τὸν
2151 2588 2285 2640 Θεὸν
2313 2589 2445 2657 ἡμῖν
2479 2586 2707 2656 εὐμενῆ,
2746 2586 2919 2648 οὐδεὶς
2954 2585 3113 2656 ήμῶν
3161 2587 3469 2657 περιέσται.

1894 2669 2108 2740 Ὥσπερ
2141 2672 2251 2740 γὰρ
2279 2671 2486 2723 ἐκείνου
2518 2669 2714 2741 ἐχθροῦ
2744 2670 2900 2732 ὄντος
2920 2710 2935 2734 ,
2970 2671 3075 2723 κᾶν
3109 2670 3313 2734 πάντες
3342 2672 3473 2742 ἡμῖν

1891 2744 1991 2806 ὦσι
2025 2753 2189 2822 φίλοι,
2239 2754 2426 2825 κέρδος
2458 2752 2614 2806 οὐδέν
2636 2770 2648 2782 ⁸
2682 2752 2856 2816 οὕτως
2887 2750 3053 2825 αὐτοῦ
3083 2751 3239 2820 φίλου
3284 2752 3470 2817 ὄντος,

1891 2835 1998 2889 κᾶν
2031 2837 2269 2900 ἅπαντες
2304 2822 2449 2907 ἡμᾶς
2492 2835 2801 2905 πολεμῶσιν
2823 2875 2837 2898 ,
2876 2822 3104 2905 οῦδεμία
3134 2835 3327 2907 βλάϐη.
3372 2835 3473 2889 Διά

1888 2919 2047 2973 τοῦτο
2092 2920 2313 2989 ἔλεγεν.
2374 2921 2455 2973 Οὺ
2495 2919 2913 2989 φοϐηθήσομαι
2966 2920 3025 2974 τί
3079 2921 3318 2987 ποιήσει
3366 2938 3471 2989 μοι

1888 3003 2220 3070 ἅνθρωπος.
2260 3003 2675 3071 Μνημονεύετε
2712 3001 2833 3057 τῶν
2880 3003 3235 3073 ἡγουμένων
3266 3002 3469 3073 ὑμῶν,

1888 3086 2108 3150 οἵτινες
2143 3084 2461 3151 ἐλάλησαν
2480 3083 2624 3154 ὑμῖν
2654 3085 2762 3138 τὸν
2787 3088 2977 3153 λόγον
3003 3086 3109 3140 τοῦ
3133 3086 3303 3141 Θεοῦ.
3350 3087 3468 3141 Ἐν-

1887 3166 2060 3220 ταῦθα
2084 3166 2178 3220 καὶ
2202 3168 2329 3237 περὶ
2348 3168 2669 3237 ἐπικουρίας
2693 3167 2855 3221 αὑτὸν
2876 3164 3030 3237 οἶμαι
3058 3167 3240 3237 λέγειν
3260 3185 3272 3198 ⁸
3304 3169 3468 3223 τοῦτο

1889 3248 1997 3319 γάρ
2027 3250 2145 3303 ἐστι
2176 3251 2271 3313 τὸ,
2314 3250 2539 3315 Οῖτινες
2581 3249 2896 3316 ἐλάλησαν
2946 3251 3089 3320 ὑμῖν
3134 3251 3239 3304 τὸν
3282 3253 3469 3321 λόγον

1888 3332 1995 3384 τοῦ
2045 3332 2214 3386 Θεοῦ.
2262 3325 2369 3388 Ὧν
2412 3332 2894 3401 ἀναθεωροῦντες
2925 3333 3042 3399 τὴν
3072 3333 3325 3391 ἔκϐασιν
3356 3333 3467 3403 τῆς

1886 3415 2295 3485 ἀναστροφῆς,
2316 3417 2591 3485 μιμεῖσθε
2611 3420 2727 3483 τὴν
2746 3418 2973 3471 πίστιν.
3002 3417 3067 3470 Τί
3090 3420 3258 3479 ἐστιν,
3300 3419 3468 3473 Ἀνα-

1887 3499 2287 3567 θεωροῦντες;
2340 3499 2587 3569 Συνεχῶς
2652 3500 3003 3570 στρέφοντες,
3061 3500 3196 3573 παρ’
3252 3502 3467 3569 ἑαυτοῖς

1888 3579 2265 3647 ἐξετάζοντες.
2312 3581 2690 3652 λογιζόμενοι,
2727 3582 3017 3652 ζητοῦντες
3062 3584 3345 3655 ἀκριϐῶς,
3389 3586 3466 3651 ὼς

1891 3663 2153 3733 βούλεσθε
2193 3664 2593 3733 βασανίζοντες.
2651 3666 2848 3729 Καλῶς
2882 3661 3034 3728 εἷπε.
3074 3666 3193 3733 Τὴν
3216 3668 3467 3723 ἔκϐασιν

1886 3747 1999 3815 τῆς
2034 3748 2454 3817 ἁναστροφῆς⁸
2497 3749 2781 3815 τουτέστι,
2819 3750 2917 3819 τὴν
2955 3750 3120 3821 μέχρι
3147 3751 3336 3814 τέλους
3371 3769 3466 3805 πο-

1885 3830 2088 3882 λιτείαν
2111 3844 2124 3860 ⁸
2155 3831 2235 3883 ὃτι
2264 3831 2417 3895 τέλος
2443 3831 2567 3902 ἔσχε
2592 3831 2828 3903 χρηστὸν
2853 3832 3031 3886 αὐτῶν
3058 3834 3090 3903 ὴ
3119 3834 3463 3905 ἀναστροφή.

1899 3914 2137 3981 Ἰησοῦς
2156 3953 2171 3979 ,
2198 3914 2359 3984 φησὶ,
2390 3914 2645 3981 Χριστὸς
2672 3915 2813 3982 χθὲς
2844 3914 2942 3967 καὶ
2972 3915 3270 3983 σήμερον,
3298 3920 3331 3971 ό
3359 3921 3465 3970 αὺ-

1885 3997 1989 4061 τὸς
2012 3996 2106 4049 καί
2140 3998 2225 4060 εἰς
2256 3996 2397 4062 τοὺς
2427 3995 2667 4062 αἰῶνας.
2709 3999 2773 4049 Ὃ
2806 3997 2985 4065 λέγει,
3010 3997 3167 4051 τοῦτό
3190 4000 3305 4051 ἐστι
3325 4016 3339 4031 ⁸
3372 4000 3464 4072 Μὴ

1886 4079 2145 4149 νομίσητε
2188 4079 2268 4132 ὅτι
2305 4080 2428 4132 τότε
2459 4079 2981 4149 ἐθαυματούργησε,
3019 4080 3111 4133 νῦν
3138 4081 3195 4135 δέ
3222 4082 3284 4135 οὐ
3331 4084 3463 4136 θαυ-

1891 4165 2222 4233 ματουργεῖ·
2264 4165 2292 4216 6
2331 4163 2495 4226 αὐτός
2536 4165 2682 4225 ἐστι,
2717 4164 2810 4216 καὶ
2840 4164 2962 4215 ἐπεὶ
3007 4164 3037 4215 6
3069 4164 3230 4226 αὐτός
3277 4168 3461 4229 ἐστιν,

1886 4246 1985 4297 οὐκ
2013 4245 2161 4298 ἐστιν
2194 4245 2283 4299 ὅτε
2330 4245 2405 4317 μὴ
2451 4246 2675 4299 δύναται
2712 4247 2779 4299 τά
2824 4246 2966 4299 αὒτά
3012 4248 3277 4317 ἐνεργεῖν.
3311 4249 3464 4318 Τάχα

1888 4331 2023 4399 πρὸς
2048 4330 2206 4382 τοῦτο
2233 4330 2453 4401 ἀφορῶν
2483 4325 2605 4383 εἷπε
2625 4372 2639 4393 ,
2673 4331 3088 4398 Μνημονεύετε
3127 4328 3245 4382 τῶν
3278 4330 3343 4399 ἡ]
3358 4350 3461 4384 ου-

1881 4414 2081 4481 μένων
2124 4411 2311 4480 ὑμῶν.
2353 4402 2633 4480 Διδαχῖιῖς
2666 4414 2968 4477 ποικίλαις
3006 4411 3102 4466 καὶ
3139 4412 3341 4477 ξέναις
3373 4412 3461 4481 μὴ

1886 4496 2631 4565 παραφέρεσθε.--Ξέναις,
2663 4497 2928 4560 τουτέστι,
2957 4495 3092 4567 Παρ⁹
3110 4496 3175 4558 ἃς
3194 4496 3463 4564 ἡκούσατε

1888 4584 2016 4650 παρ’
2049 4580 2203 4650 ἡμῶν
2231 4598 2243 4610 ⁸
2285 4582 2627 4645 Ποικίλαις,
2676 4580 3049 4641 παντοδαπαῖς
3070 4594 3086 4609 ⁸
3119 4579 3175 4630 αἱ
3214 4577 3461 4632 τοιαῦται

1886 4666 1995 4735 γὰρ
2033 4664 2182 4717 οὐδὲν
2227 4664 2442 4734 βέϐαιον
2478 4662 2692 4735 ἔχουσιν
2713 4703 2727 4726 ,
2765 4662 2879 4715 ἀλλ’
2911 4662 3017 4713 εἰσὶ
3048 4660 3326 4729 διάφοροι,
3359 4660 3461 4728 μά-

1885 4748 2044 4801 λιστα
2074 4747 2131 4801 δὲ
2158 4748 2218 4800 τὸ
2264 4748 2375 4801 τῶν
2426 4746 2729 4816 βρωμάτων
2763 4744 3019 4813 διάφορον
3044 4759 3058 4774 ⁸
3092 4742 3171 4796 διὸ
3201 4742 3293 4795 καὶ
3325 4741 3462 4811 πρὸς

1885 4832 2041 4885 τοῦτο
2098 4832 2386 4899 ἱστάμενος
2425 4830 2654 4896 ἐπάγει,
2714 4828 2919 4880 Καλὸν
2966 4826 3077 4894 γὰρ
3122 4826 3316 4895 χάριτι
3354 4827 3462 4890 ,Βε-

1885 4916 2193 4969 ϐαιοῦσθαι
2219 4914 2332 4980 τὴν
2358 4912 2632 4979 καρδίαν,
2661 4913 2732 4964 οὺ
2746 4909 3082 4977 βρώμασιν.
3124 4910 3189 4960 Αἰ
3216 4908 3460 4961 ποικίλαι

1844 5014 1849 5017 ·
1884 4991 2080 5061 αὗται,
2112 4998 2167 5049 αἰ
2203 4996 2351 5060 ξέναι
2393 4989 2576 5048 αὗται.
2639 4991 2905 5047 Ἐνταῦθα
2955 4992 3035 5054 εἰς
3075 4992 3461 5062 παρατήρησιν

1886 5080 2190 5151 βρωμάτων
2230 5078 2426 5140 αὐτοὺς
2462 5076 2749 5145 κωμῳδεῖ⁸
2797 5074 3039 5127 δείκνυσι
3081 5074 3190 5146 γάρ
3222 5075 3307 5128 ὅτι
3351 5073 3462 5127 ἀπὸ

1881 5164 1979 5234 τῆς
2008 5162 2115 5215 τῶν
2153 5160 2459 5232 βρωμάτων
2489 5158 2929 5230 παρατηρήσεως
2959 5158 3040 5221 εἰς
3065 5157 3125 5211 τὸ
3163 5157 3461 5229 ὲτεροδιδα·

1885 5246 2103 5301 σκαλεῖν
2146 5246 2403 5312 ἐξέπεσον
2424 5286 2438 5309 ,
2477 5245 2571 5298 καὶ
2601 5242 2708 5296 άπὸ
2740 5241 2947 5296 τούτων
2980 5241 3115 5313 πρὸς
3146 5241 3244 5306 τὰς
3281 5242 3460 5295 ποικί-

1883 5328 1979 5393 λας
2012 5330 2106 5382 καὶ
2147 5327 2298 5401 [507]
2340 5328 2492 5393 ξένας
2525 5326 2746 5396 διδαχὰς
2790 5323 3179 5396 ἐξηνέχθησαν.
3222 5325 3329 5378 Καὶ
3358 5324 3461 5395 ὅρα

1882 5413 2045 5467 αὑτὸν
2072 5413 2133 5466 οὐ
2163 5411 2449 5482 τολμῶντα
2474 5410 2727 5481 φανερῶς
2755 5410 2929 5463 εἰπεῖν
2959 5408 3138 5472 τοῦτο,
3165 5407 3279 5461 ἀλλ’
3302 5406 3376 5470 ὡς
3401 5408 3460 5459 ἐν

1882 5498 2201 5567 αἰνίγματιο
2254 5494 2332 5567 τῷ
2361 5496 2469 5566 γὰρ
2510 5497 2719 5558 εἰπεῖν,
2773 5494 3084 5556 Ποικίλαις
3118 5492 3213 5545 καί
3257 5490 3461 5556 ξέναις

1881 5579 2155 5649 διδαχαῖς
2177 5579 2263 5649 μὴ
2292 5578 2731 5648 παραφέρεσθε,
2764 5577 2879 5641 καὶ,
2911 5575 3112 5630 Καλὸν
3133 5572 3323 5644 χάριτι
3348 5572 3460 5636 ,ϐε-

1883 5664 2193 5719 ϐαιοῦσθαι
2223 5663 2338 5731 τὴν
2365 5660 2637 5731 καρδίαν,
2666 5664 2737 5715 οὐ
2761 5658 3059 5730 βρώμασι,
3092 5656 3372 5728 μονονουχὶ
3398 5653 3462 5708 τὸ

1887 5746 1981 5800 τοῦ
2027 5745 2262 5817 Χριστοῦ
2296 5746 2466 5815 λέγει,
2504 5747 2560 5801 ἐν
2598 5742 2679 5808 οἷς
2718 5744 2905 5813 ἔλεγεν
2928 5758 2941 5773 ⁸
2981 5742 3064 5795 οὐ
3091 5740 3159 5793 τὸ
3191 5739 3457 5806 εἰσερχό-
