3926 6406
831 352 894 406 lN
937 348 1147 406 EPIST.
1194 348 1281 401 AD
1346 339 1685 399 illiilli/EOS

154 469 253 503 num
265 453 382 505 cnim
395 462 465 507 cst
481 453 644 523 gratia
663 453 878 508 stabiliri
899 471 1003 518 cor,
1024 471 1125 509 non
1151 458 1273 509 escis
1291 472 1310 521 ;
1327 456 1552 525 idipsmn
1577 458 1684 512 fere

151 543 257 596 dicit
272 544 400 612 quod
414 542 674 609 Christus,
693 542 813 598 Non
832 545 965 612 quod
980 546 1130 599 intrat
1159 547 1385 612 inquinat
1410 546 1682 612 hominem,

150 638 357 698 sedquod
374 631 625 702 egreditur
649 631 863 703 (Matth.
888 634 975 689 15.
1005 635 1093 703 11)
1114 652 1128 696 ;
1156 635 1494 703 ostenditque
1516 644 1683 689 totum

148 736 249 776 ωδε
272 722 417 775 ﬁdem
441 737 456 775 :
482 723 527 775 si
558 722 667 790 ipsa
695 737 793 776 nos
819 723 1117 787 stabilierit,
1148 738 1243 777 cor
1271 733 1378 778 stat
1406 724 1457 776 in
1483 733 1616 777 tuto.

208 811 340 864 Fides
365 822 434 865 est
464 814 718 866 contraria
743 812 1028 867 ratiocinio.
1052 843 1127 853 —
1153 813 1309 867 Fides
1336 828 1464 883 ergo
1484 816 1681 867 contir-

147 912 239 956 mat
262 916 310 957 et
347 904 570 968 stabilit,
613 908 848 956 rationes
877 918 1004 957 vero
1033 904 1385 969 labefaciunt;
1415 908 1684 959 contraria

144 993 265 1046 enim
290 1000 367 1046 est
398 993 530 1047 ﬁdes
550 993 849 1047 ratiocinio.
876 993 1001 1059 Qua:
1020 1010 1120 1047 non
1145 999 1465 1064 profuerunt,
1495 997 1682 1065 inquit,

144 1084 485 1138 ambulantibus
526 1085 580 1137 in
606 1084 697 1137 eis.
727 1084 863 1151 Quid
891 1085 1031 1138 enim
1062 1086 1215 1150 lucri,
1242 1087 1329 1141 dic
1358 1103 1555 1156 quaeso,
1592 1103 1683 1142 ca-

143 1176 269 1242 pitur
303 1190 364 1229 ex
392 1175 804 1229 observatione?
833 1190 1009 1229 annon
1056 1177 1222 1244 magis
1252 1177 1466 1244 perdit?
1507 1192 1683 1231 annon

140 1282 245 1319 etim
269 1268 349 1335 qui
377 1276 459 1321 est
483 1266 783 1333 huiusmodi
810 1268 995 1318 statuit
1015 1269 1113 1319 sub
1137 1268 1386 1332 peccato?
1411 1268 1467 1321 Si
1496 1268 1681 1324 obser-

145 357 230 413 “239

138 1358 343 1410 vandutn
370 1366 469 1419 est,
513 1358 901 1412 obserVamlum
945 1367 1028 1412 est
1058 1360 1144 1412 ubi
1192 1360 1314 1414 hinc
1360 1361 1564 1416 lucrum
1592 1362 1688 1413 ob—

134 1451 447 1504 servantibus
492 1451 726 1503 obvenit.
776 1450 919 1503 Bona
969 1451 1276 1506 observatio
1319 1463 1403 1506 est
1447 1454 1684 1505 amolitio

136 1544 389 1610 nequitiae,
416 1558 510 1595 cor
550 1551 777 1606 rectum,
814 1544 981 1612 pietas
1025 1544 1076 1596 in
1119 1544 1302 1606 Deum,
1338 1555 1479 1598 reeta
1531 1545 1682 1597 ﬁdes.

132 1637 249 1699 Quis
273 1652 366 1688 non
390 1637 715 1703 profuerunt,
756 1634 947 1703 inquit,
976 1634 1344 1687 ambulantibus
1369 1635 1422 1687 in
1445 1636 1551 1697 eis;
1586 1635 1685 1686 hoc

130 1734 225 1787 est,
256 1724 314 1778 iis
337 1725 421 1791 qui
451 1739 510 1778 ea
543 1731 798 1792 perpetuo
823 1724 1147 1778 custodiunt.
1177 1723 1290 1779 Una
1318 1733 1400 1779 est
1427 1725 1685 1780 observa-

127 1817 197 1870 tio
220 1817 483 1870 abstincre
502 1831 531 1868 a
560 1824 799 1883 peccato.
823 1815 958 1882 Quid
986 1816 1127 1870 enim
1160 1815 1399 1884 prodest,
1432 1831 1551 1870 cum
1578 1821 1685 1870 sint

125 1908 349 1961 nonnulli
367 1907 501 1961 adeo
525 1907 769 1961 scelerati
788 1916 843 1961 et
864 1906 1199 1970 exsecrandi,
1220 1917 1277 1962 ut
1303 1907 1681 1962 sacriﬁciorum

128 1997 438 2065 nonpossint
458 2011 575 2051 esse
601 1996 1283 2066 participes?Quamobrem
1306 1996 1435 2051 nihil
1448 2012 1539 2051 eos
1558 1998 1681 2053 red-

126 2090 275 2144 debat
291 2090 483 2155 salvos,
499 2090 739 2158 quamvis
755 2090 984 2145 studium
1010 2101 1268 2160 ponerent
1290 2092 1342 2146 in
1357 2092 1684 2147 observatio-

126 2180 300 2243 nibus;
331 2179 446 2244 sed,
468 2180 715 2247 quoniam
749 2179 903 2235 ﬁdem
936 2196 1042 2235 non
1067 2180 1353 2249 habebant,
1378 2198 1443 2237 ne
1472 2183 1681 2253 sicqui-

123 2272 235 2323 dem
256 2271 331 2324 eis
350 2269 680 2339 profuerunt.
701 2270 899 2325 Deinde
914 2286 977 2325 ex
1001 2273 1163 2341 ﬁgura
1185 2274 1321 2327 tollit
1340 2274 1676 2339 sacriﬁcium,

122 2370 169 2411 rt
190 2360 250 2412 ad
274 2360 544 2428 exemplar
560 2361 882 2428 primitivum
900 2361 1115 2415 deducit
1134 2363 1448 2428 orationem,
1463 2363 1678 2420 dicens:

123 2453 339 2513 Quorum
370 2452 500 2504 cnim
528 2452 823 2504 animalium
860 2452 1076 2520 infertur
1102 2454 1308 2524 sanguis
1349 2471 1441 2520 pro
1482 2465 1682 2524 peccato

118 2545 168 2595 in
197 2554 368 2594 sancta
393 2560 481 2612 per
507 2545 814 2610 pontiﬁcem,
845 2544 1024 2597 horum
1048 2560 1261 2613 corpora
1287 2556 1571 2600 cremantur
1595 2565 1677 2603 ca:-

117 2645 191 2686 tru
219 2643 403 2685 castra.
440 2632 692 2699 ραις-εἰναι
715 2631 751 2685 Ι
756 2650 868 2687 esus
905 2645 1049 2687 extra
1075 2644 1274 2703 portam
1304 2653 1481 2706 passus
1506 2648 1598 2702 est,
1625 2650 1681 2692 ut

113 2726 444 2793 sancti/icaret
476 2724 721 2792 populum
755 2726 964 2792 proprio
1000 2728 1263 2795 sanguine.
1302 2727 1388 2781 Illa
1426 2744 1555 2798 ergo
1586 2732 1681 2783 ho-

109 2833 225 2870 rum
249 2824 405 2870 erant
427 2814 616 2884 ﬁgura,
636 2823 689 2869 et
708 2817 788 2872 sic
809 2817 993 2871 omnia
1017 2817 1261 2887 implevit
1280 2818 1534 2877 Christus
1557 2838 1685 2893 pas-

108 2929 202 2969 sus
227 2922 403 2967 extra.
438 2911 534 2965 llic
566 2914 727 2966 etiam
758 2912 1029 2982 signiﬁcat
1057 2929 1182 2969 eum
1214 2930 1312 2970 sua
1342 2927 1536 2987 sponte
1566 2934 1687 2974 esse

106 3020 454 3075 perpessum;
488 3004 786 3061 ostendens
814 3005 959 3076 quod
986 3021 1160 3076 neque
1192 3008 1280 3061 illa
1315 3015 1517 3064 temere
1544 3010 1682 3065 facta

102 3114 246 3166 sunt,
267 3106 358 3159 sed
382 3104 544 3176 ﬁgttra
568 3109 805 3175 qmedam
830 3119 978 3163 erant
1001 3120 1054 3165 et
1077 3112 1186 3181 ipsa
1216 3113 1539 3182 dispensatio
1567 3130 1668 3169 non

102 3194 233 3249 foris
250 3198 511 3266 passionis
532 3208 665 3265 erat,
681 3199 774 3254 sed
797 3203 1010 3271 sanguis
1032 3204 1083 3255 in
1102 3203 1290 3258 cmlum
1314 3214 1394 3259 est
1412 3207 1669 3262 sublatus.

170 3287 225 3340 4.
275 3287 433 3341 \‘ides
458 3304 584 3359 ergo
610 3290 748 3359 quod
771 3306 953 3347 sumus
979 3294 1261 3363 participes
1288 3298 1557 3367 sanguinis
1585 3300 1671 3368 qui

102 3376 436 3433 inferebatur
487 3380 539 3433 in
586 3392 765 3436 sancta
792 3423 807 3445 ,
853 3396 1032 3438 saneta
1072 3401 1234 3452 vera;
1284 3389 1527 3443 sacriﬁcii
1572 3405 1676 3459 quo

98 3470 215 3521 solo
247 3470 522 3525 fruebatur
548 3474 816 3528 sacerdos.
851 3474 957 3530 Nos
1003 3490 1133 3545 ergo
1187 3480 1426 3533 veritatis
1462 3481 1674 3548 partici-

99 3573 195 3628 pes
216 3561 487 3615 suinus.Si
509 3577 635 3631 ergo
657 3580 759 3617 non
787 3566 1114 3633 impmperii,
1133 3567 1225 3621 sed
1246 3570 1678 3626 sanctiﬁcationis

94 3664 288 3701 sumus
322 3650 605 3719 participes
633 3693 647 3714 ,
692 3653 1071 3723 improperium
1101 3667 1215 3710 erat
1243 3672 1401 3711 causa
1436 3661 1670 3713 Sanctiﬁ—

93 3739 331 3793 cationis
363 3756 376 3792 :
411 3756 530 3793 nam
563 3753 616 3794 ut
650 3744 762 3810 ipse
804 3744 899 3796 fuit
949 3747 1142 3812 probro
1184 3747 1407 3800 affectus
1433 3791 1445 3812 ,
1481 3750 1548 3802 ita
1582 3764 1677 3803 nos

90 3843 335 3896 quoque.
366 3827 420 3882 Si
446 3844 573 3900 ergo
599 3832 901 3895 exierimus,
922 3850 1039 3887 cum
1067 3851 1131 3889 eo
1151 3838 1348 3891 erimus
1370 3840 1671 3908 participes.

163 3918 388 3973 Crucem
416 3921 548 3990 ferre
573 3922 809 3977 debemus
842 3936 895 3978 ut
924 3924 1152 3981 Christus
1183 3931 1316 3983 tulit.
1343 3961 1413 3970 —
1435 3932 1567 3997 Quid
1595 3943 1675 3985 est

82 4023 280 4067 autem
309 4053 327 4076 ,
369 4011 625 4069 Exeamus
661 4018 730 4070 ad
766 4018 978 4083 ipsum?
1022 4018 1198 4074 Simus
1240 4020 1521 4092 participes
1562 4026 1678 4092 ejus

81 4103 533 4172 perpessionum,
563 4105 793 4163 feramus
820 4106 934 4177 ejus
964 4110 1341 4180 imprOperiu‘ui
1370 4132 1382 4167 :
1408 4130 1512 4168 non
1535 4117 1677 4170 enim

78 4194 210 4246 sine
233 4208 401 4247 causa
436 4210 621 4264 passus
650 4206 725 4251 est
759 4209 906 4252 extra
937 4209 1164 4268 portam,
1187 4202 1280 4257 sed
1312 4212 1368 4257 ut
1395 4219 1492 4258 nos
1518 4206 1677 4260 etiam

75 4298 319 4337 crucem
373 4285 490 4353 ejus
540 4285 801 4353 feramus,
857 4298 910 4342 et
967 4307 1273 4346 maneamus
1324 4303 1471 4348 extra
1523 4311 1678 4349 mun—

76 4374 217 4426 dum
246 4416 264 4439 ,
295 4384 354 4427 et
382 4375 451 4428 ibi
478 4391 790 4444 permanere
814 4379 1145 4434 Studeamus.
1176 4381 1324 4436 Sicut
1355 4382 1444 4439 ille
1470 4385 1681 4459 probris

75 4466 457 4534 appetebatur
487 4476 753 4536 tamquam
782 4458 1191 4535 emuleinnatus,
1222 4473 1291 4526 ita
1321 4488 1418 4529 nos
1444 4458 1675 4545 quoque.

78 4557 155 4610 Et
212 4576 313 4626 per
363 4560 529 4629 ipsum
575 4558 848 4623 offeramus
900 4561 1006 4615 Deo
1044 4564 1369 4631 sacriﬁcium.
1401 4565 1677 4631 Quodnam

77 4648 212 4702 dicit
243 4649 615 4703 Sacriﬁcium?
638 4649 755 4718 Ipse
779 4650 1158 4719 interpretatus
1178 4664 1261 4709 est
1283 4654 1488 4721 dicens,
1516 4656 1681 4712 Fruc-

81 4751 192 4795 tum
219 4741 482 4795 labiornm
508 4743 858 4809 conﬁtentium
888 4745 1081 4798 nomini
1108 4747 1219 4816 ejus
1244 4788 1259 4813 ,
1291 4749 1391 4804 hoc
1419 4759 1520 4815 est,
1554 4766 1677 4821 pre—

81 4846 177 4885 ces
204 4874 219 4892 ,
277 4832 511 4903 hymnos
536 4875 552 4899 ,
600 4833 889 4900 gratiarum
920 4834 1185 4890 actionem
1210 4854 1225 4902 ;
1277 4838 1363 4892 illa
1390 4840 1532 4894 enim
1558 4850 1683 4897 sunt

83 4920 307 4975 fructus
341 4921 630 4976 labiornm.
670 4921 747 4976 11Ιί
772 4922 1068 4979 offerebant
1093 4942 1242 4989 oves.
1278 4926 1441 4984 boves
1467 4938 1520 4983 et
1547 4930 1683 4984 vitu-

77 5010 201 5071 los.
250 5024 317 5065 et
354 5012 554 5065 dabant
580 5013 889 5067 sacerdoti:
938 5030 1037 5069 nos
1080 5026 1257 5071 autem
1301 5019 1434 5072 nihil
1485 5018 1675 5073 horum

77 5102 394 5157 offeramus
419 5145 433 5163 ,
465 5103 557 5157 sed
589 5104 878 5171 gratiarum
907 5108 1193 5172 actionem,
1226 5117 1279 5163 et
1308 5108 1360 5163 in
1392 5111 1638 5166 omnibus
1665 5155 1679 5177 ,

74 5196 273 5262 quoad
324 5195 439 5250 ﬁeri
466 5203 682 5265 potest,
710 5194 905 5250 Christi
937 5196 1281 5252 imitationem
1312 5218 1325 5253 :
1359 5201 1459 5256 hoc
1485 5205 1699 5273 germir

73 5295 217 5339 nent
255 5287 413 5340 labra
443 5294 647 5340 nostra.
695 5285 1049 5355 Beneﬁcentia:
1083 5300 1129 5341 et
1158 5292 1561 5359 participationis
1588 5311 1682 5348 no-

66 5378 168 5432 lite
229 5379 475 5432 obliuisci
524 5393 545 5432 :
590 5378 775 5432 talibus
828 5367 962 5432 enim
1014 5381 1191 5434 hostiis
1246 5385 1476 5450 placatur
1526 5385 1680 5440 Deus.

62 5470 298 5524 Demus
324 5469 372 5523 ei
391 5469 493 5524 hoc
518 5469 860 5534 sacriﬁcium,
889 5478 948 5523 ut
966 5470 1154 5526 oderat
1177 5473 1315 5527 Patri
1343 5492 1356 5529 :
1381 5475 1513 5529 alias
1541 5479 1680 5533 enim

60 5576 184 5615 non
219 5561 545 5616 oﬁ'eruntur
570 5601 586 5625 ,
621 5560 722 5615 nisi
748 5577 841 5630 per
870 5560 1063 5616 Filium
1088 5603 1106 5628 ,
1138 5564 1222 5617 vel
1256 5569 1432 5635 pot’us
1458 5583 1554 5636 per
1590 5583 1685 5623 cor

53 5655 420 5709 contritum.
472 5649 601 5707 llam
639 5654 820 5706 omnia
860 5653 937 5708 sic
979 5653 1121 5709 dixit
1148 5667 1364 5726 propter
1392 5660 1686 5715 imbecillos

52 5746 381 5800 auditores
404 5765 418 5796 :
441 5754 524 5799 est
544 5744 690 5798 enim
713 5745 1056 5815 perSpicuum
1078 5748 1219 5817 quod
1243 5748 1361 5804 Filii
1392 5752 1461 5807 sit
1484 5752 1680 5820 gratia:

50 5838 342 5910 alioquin
376 5836 521 5888 enim
548 5836 818 5903 quomodo
844 5847 921 5891 est
971 5837 1143 5893 honor
1171 5842 1432 5910 mqualis?
1479 5842 1546 5897 Ut
1574 5859 1685 5897 om-

187 5932 204 5955 "
390 5924 667 5987 Ps'raoL.
713 5919 826 5983 Ga.
877 5921 1101 5982 LXttt.

1696 383 1703 391 .
1746 337 1899 392 CAP.
1944 336 2081 392 Xlll.
2123 337 2356 396 llOMlL.
2399 337 2642 398 XXXIII.

3270 334 3375 392 930

1788 470 1899 518 nes,
1933 452 2146 522 inquit.
2180 453 2425 504 honorent
2456 450 2650 502 Filium
2677 491 2691 514 ,
2730 448 2856 502 sicut
2883 448 3136 502 honorant
3167 445 3373 498 Patrem

1790 548 1805 603 (
1831 524 1992 596 Joan.
2026 543 2078 597 5.
2112 543 2182 595 ‘25
2206 543 2243 609 ).
2296 541 2406 595 Nisi
2434 539 2732 610 gloriﬁcato
2778 538 2938 595 Patre
2966 538 3296 609 gloriﬁcetur
3319 546 3373 591 ct

1792 634 1977 695 Filius,
2010 632 2096 685 ubi
2142 642 2221 686 est
2279 632 2451 685 honor
2488 631 2709 698 tequalis
2735 631 2759 682 ’ἰ
2781 630 2915 697 Quia
2971 630 3172 685 fructus
3206 630 3371 682 labio-

1792 741 1907 778 rum
1954 724 2322 777 conﬁtentium
2357 722 2558 776 nomini
2619 722 2735 791 ejus
2781 734 2866 777 est
2913 724 3203 793 gratiarum
3230 721 3371 776 actio

1791 797 2010 886 prhpter
2025 816 2201 871 omnia
2221 826 2274 871 et
2302 830 2363 870 ea
2393 831 2513 885 qua:
2537 830 2633 884 pro
2654 815 2808 869 nobis
2827 830 3015 885 passus
3036 823 3119 871 est
3149 833 3162 869 :
3191 814 3369 869 omnia

1789 905 2018 961 feramus
2041 914 2195 977 grato
2222 905 2422 965 animo.
2468 904 2581 959 sive
2611 904 2680 958 sit
2712 915 2997 974 paupertas
3026 946 3041 971 ,
3089 907 3202 959 sive
3227 919 3371 960 mor-

1789 994 1888 1053 bus
1912 1038 1926 1061 ,
1963 997 2075 1051 sive
2116 996 2324 1066 quidvis
2371 995 2514 1049 aliud
2550 1013 2563 1048 :
2599 1010 2717 1047 nam
2756 1011 2874 1065 qum
2906 996 3057 1049 nobis
3086 994 3371 1050 conferunt

1785 1087 1903 1159 ipse
1926 1091 2024 1144 scit
2051 1090 2218 1141 solus.
2252 1088 2390 1154 Quid
2417 1089 2549 1141 enim
2578 1103 2801 1151 oremus,
2835 1087 3028 1156 inquit,
3060 1087 3187 1140 sicut
3210 1103 3366 1157 apor-

1784 1191 1852 1239 tet
1883 1226 1897 1249 ,
1927 1182 2175 1237 nescimus
2207 1182 2225 1251 (
2261 1181 2410 1235 Rom.
2462 1179 2517 1235 8.
2566 1177 2699 1250 26).
2729 1179 2828 1246 Qui
2882 1194 3011 1248 ergo
3057 1194 3125 1233 ne
3171 1179 3368 1233 scimus

1783 1275 1996 1345 quidem
2043 1282 2223 1344 petere
2268 1270 2408 1339 quod
2457 1279 2669 1341 oportet
2696 1312 2710 1333 ,
2759 1270 2859 1323 nisi
2892 1270 3136 1338 Spiritum
3179 1285 3369 1339 appre-

1783 1368 2081 1424 hendamus
2106 1408 2121 1432 ,
2172 1365 2448 1435 quomodo
2478 1380 2540 1419 ea
2566 1381 2683 1435 qua:
2712 1364 2866 1418 nobis
2895 1365 3179 1417 conferunt
3224 1363 3367 1418 scia-

1782 1457 1942 1511 mus?
1966 1456 2290 1511 Studeamus
2315 1470 2443 1525 ergo
2466 1469 2562 1524 pro
2578 1455 2827 1509 omnibus
2852 1454 3046 1509 otl‘erre
3071 1455 3363 1523 gratiarum

1780 1547 2403 1615 actionem,omniaque
2459 1546 2579 1601 forti
2629 1546 2808 1599 animo
2864 1544 3117 1599 feramus.
3170 1546 3365 1598 Sumus

1782 1638 1834 1691 in
1887 1644 2451 1707 paupertatc,sumus
2501 1637 2554 1690 in
2612 1636 2820 1700 morbo,
2874 1635 3074 1705 gratias
3112 1650 3360 1703 agamus:

1778 1745 1899 1785 cum
1945 1729 2227 1783 calumniis
2271 1726 2608 1797 appetimur,
2651 1724 2865 1795 quando
2909 1724 3051 1780 male
3092 1725 3360 1793 patimur,

1779 1836 2000 1891 agamus
2044 1821 2244 1890 gratias
2284 1836 2296 1871 :
2328 1817 2431 1875 hoc
2459 1817 2603 1872 enim
2646 1815 2772 1870 facit
2796 1824 2856 1869 ut
2900 1814 3067 1869 simus
3101 1816 3208 1869 Deo
3238 1830 3363 1884 pro-

1781 1914 1958 1983 pinqui
1993 1952 2011 1979 ,
2067 1921 2194 1967 tunc
2258 1911 2419 1965 etiam
2490 1909 2656 1964 Deum
2724 1906 2984 1961 habemus
3041 1905 3359 1961 debitorem.

1779 2004 2005 2072 Quando
2047 2013 2223 2058 autem
2250 2008 2376 2055 sunt
2418 1999 2571 2054 nobis
2614 2012 2700 2052 res
2731 1996 2984 2052 secunda:
3010 2004 3064 2050 et
3089 1994 3365 2050 beneﬁciis

1777 2098 2061 2161 afﬁcimur,
2091 2097 2203 2152 Deo
2227 2108 2413 2149 sumus
2440 2092 2716 2148 debitores
2748 2106 2763 2143 :
2792 2088 3031 2155 alioquin
3058 2088 3217 2143 etiam
3246 2086 3365 2141 lucc

1777 2203 1922 2258 saepe
1950 2199 2073 2243 sunt
2101 2188 2257 2241 nobis
2285 2188 2336 2239 in
2374 2183 2636 2253 judicium
2665 2222 2680 2243 .
2728 2181 2816 2237 illa
2853 2194 2983 2235 vero
3008 2180 3075 2234 ad
3104 2178 3362 2234 eluendas

1778 2295 1963 2350 pinnas
2004 2287 2367 2349 peccatorum.
2433 2274 2523 2328 ltla
2573 2271 2851 2328 attrahunt
2893 2269 3316 2326 misericordiam
3344 2310 3359 2333 ,

1780 2372 1866 2426 illa
1894 2362 2276 2440 benignitatem
2318 2377 2374 2422 et
2399 2364 2740 2421 clementiam
2782 2381 2797 2417 :
2841 2361 2958 2417 haec
2981 2369 3161 2415 autem
3186 2360 3363 2416 extol-

1778 2462 1891 2516 lunt
1915 2461 2076 2515 etiam
2106 2452 2560 2528 ad‘arrogantiam
2588 2497 2603 2519 ,
2635 2454 2912 2510 deducunt
2936 2453 3003 2507 ad
3029 2453 3360 2514 socordiam.

1779 2562 1834 2609 et
1877 2553 2116 2607 efﬁciunt
2145 2561 2202 2606 ut
2232 2566 2299 2605 ex
2329 2548 2608 2619 phantasia
2638 2546 2705 2601 de
2732 2544 2891 2601 nobis
2939 2559 3131 2614 magna
3169 2559 3362 2615 appre-

1780 2644 2076 2701 hendamus
2125 2660 2140 2695 ε
2192 2642 2307 2696 hrec
2344 2655 2444 2695 nos
2487 2644 2768 2693 enervant.
2816 2638 3103 2705 Propterea
3150 2634 3364 2690 dicebat

1779 2736 1941 2790 etiam
1974 2732 2238 2802 Propheta
2264 2750 2275 2785 :
2308 2729 2510 2785 Bonum
2540 2728 2665 2781 mihi
2694 2728 2816 2795 quia
2841 2726 3123 2780 humiliasti
3149 2741 3227 2779 me
3254 2766 3269 2789 ,
3302 2737 3358 2779 ut

1777 2829 1970 2882 discam
1981 2824 2375 2895 justiﬁcatioues
2404 2833 2515 2876 tuas
2532 2821 2703 2893 (Psal.
2730 2820 2853 2876 118.
2882 2821 2996 2889 7|).
3022 2819 3250 2889 Quando
3271 2821 3362 2875 bc-

1779 2919 1972 2973 neﬁcio
2000 2916 2222 2970 allectus
2244 2924 2298 2970 et
2317 2929 2346 2967 a
2386 2913 2542 2967 malis
2570 2913 2826 2966 liberatus
2855 2909 2953 2965 fuit
2978 2909 3233 2966 Ezechias
3257 2951 3273 2975 ,
3307 2911 3358 2964 in

1777 3009 1941 3063 altum
1971 3008 2169 3061 elatum
2221 3013 2303 3059 est
2345 3018 2439 3058 cor
2463 3002 2580 3071 ejus
2619 3018 2634 3055 :
2676 3000 2890 3070 quando
2930 3008 3109 3055 autem
3134 3008 3360 3071 aegrota—

1778 3103 1849 3155 vit
1876 3143 1891 3163 .
1923 3113 2048 3155 tunc
2085 3110 2165 3154 est
2188 3097 2498 3151 humiliatus
2524 3135 2537 3159 ,
2570 3103 2698 3150 tunc
2719 3092 2821 3148 fuit
2850 3076 2964 3149 lico
3002 3092 3355 3163 propinquus,

1779 3193 1996 3260 Quando
2022 3233 2036 3257 ,
2071 3192 2239 3261 inquit
2267 3231 2281 3256 ,
2309 3189 2563 3244 occidebat
2590 3203 2673 3243 eos
2696 3229 2712 3255 ,
2743 3197 2865 3241 tunc
2891 3188 3181 3257 quaerebant
3211 3200 3351 3247 eum,

1770 3293 1817 3338 et
1861 3280 2276 3336 convcrtebautur
2322 3292 2367 3333 et
2415 3296 2564 3333 mane
2606 3279 2871 3333 ueniebant
2911 3277 2981 3331 ad
3008 3292 3126 3331 eum
3172 3274 3351 3345 (Psut.

1771 3376 1858 3429 77.
1892 3375 1961 3429 54
1980 3375 2035 3441 );
2068 3381 2123 3427 et
2151 3387 2336 3426 rursus
2359 3411 2374 3436 ,
2408 3370 2627 3437 Quando
2658 3380 2734 3424 est
2752 3371 3061 3424 incrassatus
3081 3376 3128 3422 et
3152 3368 3346 3437 impin-

1769 3475 1970 3538 guatus,
2003 3464 2342 3518 recalcitravit
2372 3461 2587 3515 dilectus
2617 3461 2636 3531 (
2661 3459 2816 3513 Deut.
2849 3459 2941 3514 52.
2976 3460 3044 3514 15
3074 3458 3114 3528 ).
3145 3457 3351 3527 Cogno-

1770 3558 1927 3610 scitur
1956 3556 2087 3609 enim
2120 3554 2366 3623 Dominus
2386 3551 2587 3621 judicia
2619 3550 3113 3620 faciens.Magnum
3147 3549 3348 3603 bonum

1769 3662 1847 3705 est
1878 3650 2112 3703 alllictio.
2139 3649 2296 3701 Arcta
2325 3646 2467 3700 enim
2498 3653 2582 3700 est
2610 3645 2695 3698 via
2718 3660 2734 3700 :
2760 3644 3107 3714 quamobrem
3130 3641 3356 3697 afﬁictio

1771 3754 1869 3794 nos
1900 3739 2060 3794 tradit
2092 3739 2141 3791 in
2189 3743 2415 3791 arctam.
2447 3734 2548 3803 Qui
2578 3749 2685 3789 non
2731 3733 3004 3802 affligitur,
3040 3749 3145 3787 non
3176 3743 3355 3803 potest

1772 3831 1989 3885 intrare.
2008 3828 2106 3897 Qui
2125 3828 2268 3883 enim
2289 3828 2340 3880 iu
2363 3834 2511 3881 arcta
2537 3825 2772 3894 seipsum
2802 3824 3058 3894 afﬂigitet
3079 3826 3291 3895 premit,
3311 3825 3357 3881 is

1771 3932 1853 3976 est
1871 3921 2035 3974 etiam
2057 3919 2145 3988 qtti
2171 3918 2363 3972 fruitur
2387 3916 2573 3987 requie
2597 3932 2612 3969 :
2636 3915 2726 3985 qui
2750 3924 2928 3971 autem
2956 3917 3189 3983 seipsum
3217 3914 3355 3971 dila-

1774 4023 1868 4079 tat,
1889 4027 2062 4082 neque
2090 4010 2402 4081 ingreditur,
2418 4018 2473 4064 et
2490 4011 2752 4078 premitur
2770 4016 3039 4077 tamquam
3055 4023 3277 4071 cuneus,
3300 4019 3356 4062 ut

1773 4107 1847 4161 ita
1873 4106 2067 4169 dicam,
2096 4105 2301 4173 pulsus.
2335 4100 2475 4156 Audi
2505 4099 2779 4171 quomodo
2811 4099 2949 4156 hanc
2976 4110 3183 4154 arctam
3215 4102 3353 4156 viam

1774 4198 2047 4268 ingressus
2092 4202 2176 4249 est
2206 4192 2426 4247 Paulus.
2470 4191 2676 4261 Castigo
2705 4206 2894 4261 corpus
2923 4207 3087 4244 meum
3106 4231 3124 4255 ,
3148 4190 3357 4259 inquit,

1773 4298 1823 4342 et
1860 4289 1912 4341 in
1956 4286 2239 4341 servitutem
2288 4282 2464 4353 redigo
2490 4281 2585 4352 (1.
2620 4281 2737 4336 Cor.
2788 4280 2843 4337 9.
2885 4280 2955 4336 27
2976 4283 3021 4351 ).
3054 4281 3362 4353 Castigabat

1774 4395 2004 4450 corpus,
2058 4388 2114 4432 ut
2144 4386 2325 4447 posset
2368 4374 2571 4429 intrare
2623 4391 2637 4427 :
2689 4381 2971 4443 propterea
3012 4373 3064 4428 in
3110 4372 3361 4429 cronibus

1774 4471 2153 4528 afﬂictionibus
2184 4469 2294 4523 Deo
2323 4473 2587 4536 perpetuo
2625 4464 2818 4534 agebat
2844 4464 3063 4533 gratias.
3110 4463 3361 4519 Pecuniis

1775 4580 1834 4621 es
1882 4559 2177 4619 multatus?
2224 4558 2326 4613 hoc
2358 4555 2658 4611 latitudinis
2687 4554 2913 4608 multum
2946 4553 3039 4608 tibi
3077 4554 3274 4607 attulit.
3314 4564 3359 4609 A

1774 4656 1941 4729 gloria
1972 4651 2261 4709 excidisti?
2289 4649 2391 4704 alia
2420 4650 2535 4704 hinc
2584 4647 2831 4703 latitudo.
2854 4644 3150 4702 Calumniis
3178 4662 3238 4702 es
3263 4661 3362 4717 ap-

1779 4748 2008 4821 petitus?
2030 4746 2228 4803 credita
2248 4743 2398 4799 fuere
2414 4757 2532 4812 quae
2556 4740 2811 4795 adversus
2834 4748 2885 4794 te
2907 4747 3030 4794 sunt
3046 4739 3208 4805 dicta,
3225 4754 3363 4808 quo-

1778 4858 1897 4898 rum
1945 4854 2053 4895 non
2082 4851 2200 4892 eras
2239 4836 2332 4890 tibi
2362 4833 2636 4888 conscius?
2668 4832 2847 4886 laetare
2872 4839 2927 4885 et
2955 4830 3184 4891 exsulta.
3216 4830 3363 4884 Beati

1778 4936 1943 4996 enim,
1971 4932 2160 5001 inquit,
2192 4929 2329 4992 estis,
2362 4926 2566 4996 quando
2586 4941 2672 4979 vos
2704 4925 2900 4993 probris
2916 4921 3174 4990 affecerint
3199 4924 3365 4977 Itami-

1778 5041 1885 5089 nes,
1910 5033 1955 5077 et
1976 5020 2193 5075 dixerint
2214 5033 2361 5071 omne
2379 5017 2571 5069 malum
2591 5023 2768 5069 contra
2792 5030 2900 5080 vos,
2921 5014 3212 5069 mentientes
3239 5030 3366 5084 pro.-

1783 5128 1891 5186 pter
1923 5129 2020 5167 me.
2052 5111 2282 5166 Gaudete
2303 5118 2349 5162 et
2374 5108 2621 5162 exsultant
2643 5149 2658 5172 ,
2684 5106 2925 5175 quoniam
2967 5121 3158 5160 merces
3201 5114 3367 5161 vestra

1781 5210 1987 5280 capiosa
2011 5217 2082 5261 est
2110 5206 2163 5259 in
2185 5205 2324 5259 cadis
2349 5201 2560 5273 (Matth.
2579 5202 2632 5256 5.
2652 5201 2738 5255 11.
2769 5200 2883 5269 12).
2914 5194 3054 5265 Quid
3082 5198 3294 5256 miraris
3320 5200 3368 5253 si

1786 5302 1997 5357 tristitia
2047 5295 2281 5352 afficeris
2308 5336 2323 5361 ,
2372 5305 2429 5350 et
2468 5295 2551 5348 vis
2598 5292 2809 5347 liberari
2854 5306 2884 5347 a
2943 5292 3370 5351 mutationibus?

1787 5393 1977 5448 Paulus
2008 5390 2176 5443 voluit
2204 5386 2452 5451 liberari,
2501 5394 2557 5438 et
2584 5398 2730 5453 saepe
2760 5383 2931 5438 Deum
2972 5382 3219 5453 rogavit,
3265 5397 3368 5437 nec

1786 5482 2091 5553 impetravit
2122 5498 2135 5534 :
2170 5479 2299 5533 illud
2325 5477 2468 5532 enim
2488 5517 2502 5543 ,
2536 5484 2629 5538 ter,
2661 5489 2804 5541 saepe
2830 5472 3115 5543 signiﬁcat.
3153 5473 3375 5538 Propter

1785 5576 1921 5648 quod
1947 5585 2020 5628 tcr
2046 5572 2344 5637 Dominum,
2369 5569 2558 5639 inquit,
2590 5569 2763 5640 rogavi
2792 5583 2811 5621 :
2841 5577 2891 5621 et
2910 5567 3041 5622 dixit
3068 5567 3214 5631 mihi,
3242 5566 3369 5638 δαί·
3433 5615 3435 5617 ,

1789 5670 1895 5739 ﬁcit
1927 5667 2016 5721 tibi
2046 5665 2213 5738 gratia
2240 5678 2350 5717 mea
2398 5677 2417 5715 :
2460 5662 2618 5714 virtus
2660 5660 2793 5714 enim
2840 5675 2952 5715 mea
2987 5658 3039 5712 in
3075 5657 3374 5727 inﬁrmitate

1790 5767 2050 5839 perﬁcitur
2079 5764 2176 5837 (2.
2211 5762 2331 5816 Cor.
2365 5759 2450 5815 12.
2483 5758 2533 5813 8.
2567 5758 2663 5826 9).
2696 5755 3067 5811 inﬁrmitatem
3113 5753 3203 5808 hic
3246 5751 3380 5809 dicit

1791 5859 2128 5915 afﬁictioncs.
2156 5854 2290 5923 Quid
2325 5868 2388 5907 ve
2402 5852 2499 5904 ru?
2524 5849 2787 5917 Quoniam
2818 5848 2933 5904 lucc
2961 5844 3185 5911 audivit,
3214 5852 3374 5916 grato

2934 5940 3004 6002 15
