3926 6406
183 383 518 454 conspuitur.
550 380 625 436 Ne
654 378 896 435 conlidas
922 381 1062 449 quod
1096 391 1147 436 te
1176 397 1282 436 non
1313 382 1625 438 ulciscitur:
1649 397 1746 453 ge-

186 490 349 532 mnus
377 474 520 529 enim
547 483 631 529 est
655 472 844 542 quavis
875 472 1077 526 ultione
1101 472 1357 527 deterior.
1390 473 1524 528 Nam
1549 472 1763 544 quando

188 566 303 637 ipse
329 566 463 622 nihil
494 563 702 634 prolicit
728 576 970 633 gemens,
1000 573 1158 616 vocat
1188 564 1473 617 Dominum
1499 580 1513 617 :
1538 574 1594 619 et
1622 565 1763 618 sicut

181 659 399 727 quando
422 664 809 727 praeceptorem
832 668 967 723 puer
988 669 1094 706 non
1121 654 1406 719 audiverit,
1434 664 1653 710 vocatur
1671 653 1760 725 qui

182 751 233 801 in
259 764 384 803 eum
412 762 471 803 se
495 753 647 817 gerat
671 744 937 798 austerius
962 759 976 795 :
1000 742 1075 797 ita
1099 743 1186 798 hic
1213 757 1447 814 quoque.

252 838 358 905 Qui
385 848 561 907 regunt
590 833 890 899 Ecclesiam,
920 844 1106 903 quanto
1143 835 1198 889 in
1238 836 1460 906 periculo
1483 844 1759 891 versentur.

185 928 467 999 Dignitates
495 926 767 999 fugienda,
792 941 891 979 non
907 926 1206 995 quarendte.
1223 954 1293 966 -—
1310 925 1485 996 Papus,
1504 939 1759 998 quantum

182 1031 266 1078 est
292 1021 586 1092 periculum
605 1020 619 1072 ε
641 1018 766 1088 quid
800 1017 1007 1072 miseris
1032 1017 1136 1072 illis
1170 1017 1369 1073 dixeris
1394 1018 1485 1088 qui
1513 1034 1570 1074 se
1594 1020 1762 1089 conji-

182 1114 329 1168 ciunt
356 1113 408 1166 in
431 1120 628 1167 tantam
659 1109 909 1179 abyssum
926 1107 1341 1177 suppliciorum?
1364 1107 1609 1162 Omnium
1626 1124 1762 1179 quos

182 1203 348 1273 regis,
394 1200 677 1255 mulierum
722 1206 777 1254 et
820 1198 1059 1252 virorum
1089 1205 1145 1251 et
1172 1212 1479 1267 puerorum,
1501 1212 1532 1251 a
1559 1210 1609 1252 te
1636 1198 1759 1254 red-

180 1293 357 1349 denda
385 1302 469 1347 est
499 1290 667 1345 ratio:
690 1297 837 1342 tanto
860 1288 964 1357 igni
986 1295 1147 1355 caput
1167 1297 1313 1339 tttutn
1336 1286 1573 1354 subjicis.
1598 1280 1777 1341 Miror‘

181 1404 248 1441 an
267 1386 383 1442 ﬁeri
410 1385 575 1455 possit
602 1393 659 1437 ut
686 1382 879 1451 aliquis
898 1396 964 1435 ex
998 1379 1291 1434 rectoribus
1317 1380 1386 1433 sit
1412 1380 1613 1445 salvus,
1637 1396 1758 1434 cum

179 1478 392 1531 videam
435 1481 559 1546 post
583 1458 754 1527 minas
782 1479 837 1527 et
866 1481 1179 1540 praesentem
1221 1470 1519 1524 socordiam
1550 1472 1758 1541 aliquos

182 1568 361 1622 adhuc
386 1572 755 1630 accurrentes,
778 1570 835 1618 et
858 1577 917 1617 se
946 1560 1295 1631 conjicientes
1326 1562 1380 1615 in
1413 1571 1611 1616 tantam
1642 1577 1757 1617 ιιιο-

179 1660 288 1714 lem
312 1654 813 1713 administrationis.
844 1653 976 1707 Nam
996 1653 1042 1706 si
1067 1652 1128 1718 ii,
1160 1653 1247 1722 qui
1295 1652 1616 1707 necessitate
1643 1662 1757 1707 tra-

180 1753 402 1812 huntur.
432 1765 537 1804 non
565 1748 762 1803 habent
789 1746 1189 1801 excusationem
1214 1745 1553 1809 autveniam,
1579 1744 1624 1798 si
1641 1759 1754 1799 rem

183 1846 324 1898 male
348 1841 724 1896 administrent
751 1846 808 1894 et
825 1836 1318 1908 siutncgligentes;
1344 1850 1465 1890 nam
1494 1843 1549 1891 et
1576 1835 1755 1891 Aaron

181 1945 385 1989 tractus
413 1940 496 1987 est
521 1930 838 1986 necessitate
855 1938 907 1984 et
932 1928 1077 1982 venit
1103 1927 1157 1982 in
1180 1926 1476 1997 periculum
1497 1942 1512 1991 ;
1535 1935 1590 1981 et
1612 1926 1758 1999 Moy-

180 2040 273 2080 ses
296 2024 614 2087 etiam,cum
640 2034 784 2091 saepe
812 2027 1143 2082 recusasset;
1166 2016 1477 2089 etSat'tl,cui
1494 2017 1755 2073 creditum

175 2116 322 2171 aliud
361 2114 536 2170 fuerat
582 2112 887 2183 imperium,
917 2118 1196 2180 postquam
1224 2109 1510 2172 recusavit,
1538 2117 1757 2165 vocatus

176 2218 265 2264 est
287 2209 341 2262 in
366 2205 681 2277 periculum,
698 2203 950 2274 quoniam
974 2203 1145 2272 ipsum
1163 2202 1302 2256 male
1321 2201 1751 2258 administrarat:

180 2309 381 2371 quanto
402 2292 905 2365 magisiiquiinhoc
922 2294 1152 2349 studium
1181 2303 1416 2364 ponunt,
1458 2303 1511 2348 et
1540 2294 1591 2347 in
1621 2293 1671 2347 id
1698 2308 1756 2349 se

176 2388 559 2460 conjecerunt?
584 2386 673 2457 qui
699 2392 784 2440 est
804 2390 947 2441 enim
976 2384 1119 2452 talis,
1148 2385 1305 2455 longe
1334 2385 1503 2455 magis
1529 2401 1588 2439 se
1609 2387 1754 2441 omni

176 2481 409 2551 privabit
440 2478 616 2534 venia.
648 2477 863 2533 Timere
889 2476 1031 2532 enim
1062 2486 1276 2546 oportet
1295 2486 1349 2531 et
1374 2478 1755 2534 contremisce-

174 2591 259 2641 re,
287 2582 343 2629 et
371 2584 590 2644 propter
617 2572 1001 2628 conscientiam
1021 2579 1077 2626 et
1113 2579 1329 2641 prepter
1356 2570 1552 2625 molem
1580 2570 1750 2640 impe-

169 2667 269 2731 rii;
302 2674 356 2720 et
397 2680 571 2734 neque
598 2664 644 2719 si
673 2663 840 2718 semel
873 2662 1153 2717 trahantur
1191 2675 1462 2728 recusare,
1496 2675 1672 2730 neque
1705 2660 1753 2717 si

171 2771 279 2810 non
307 2754 589 2810 trahantur
614 2762 803 2823 sponte
826 2753 878 2806 in
906 2752 957 2806 id
981 2753 1289 2818 incurrere;
1313 2751 1421 2806 imo
1447 2765 1576 2806 vero
1591 2752 1751 2806 etiam

173 2846 383 2918 lugere,
412 2844 765 2916 pnevidentes
793 2843 1210 2915 magnitudinem
1239 2843 1529 2913 dignitatis.
1551 2843 1753 2900 Rursus

169 2950 355 2993 autem
380 2952 474 2992 eos
489 2938 577 3008 qui
601 2937 795 2991 fuerint
816 2936 1191 3007 comprehensi
1231 2943 1444 3004 Oportet
1465 2951 1585 2991 esse
1620 2951 1752 2991 cau-

172 3042 260 3086 tus
286 3041 341 3086 et
365 3032 504 3100 pios.
535 3030 677 3084 Nihil
708 3028 1118 3084 immoderatum
1144 3029 1235 3094 sit,
1257 3030 1434 3082 omnia
1471 3044 1537 3083 ex
1565 3027 1755 3084 ordine

170 3124 330 3177 ﬁant.
356 3120 413 3178 Si
460 3122 764 3191 priusquam
802 3120 1168 3191 promovearis
1206 3120 1256 3173 id
1302 3120 1637 3189 praesentias,
1664 3136 1753 3174 re-

170 3214 332 3281 cede,
380 3229 669 3285 persuasus
719 3222 772 3269 te
821 3228 882 3269 ea
914 3226 1130 3269 reesse
1158 3211 1538 3281 indignum:si
1569 3225 1757 3267 rursus

172 3305 347 3361 fueris
392 3304 833 3375 comprehensus,
873 3304 1121 3359 similiter
1154 3304 1453 3358 cautionem
1481 3301 1675 3358 adhibe
1703 3312 1759 3359 et

172 3400 559 3463 reverentiam,
576 3396 773 3466 ubique
792 3394 1081 3451 ostendens
1100 3394 1356 3448 animum.
1376 3394 1463 3448 l8.
1486 3393 1662 3459 Orate,
1679 3393 1760 3446 in-

170 3490 317 3559 quit,
337 3489 487 3542 etiam
509 3504 599 3558 pro
617 3488 757 3542 nobis
775 3504 791 3541 :
812 3486 1115 3555 conﬁdimus
1134 3486 1264 3539 enim
1278 3486 1415 3555 quod
1430 3486 1611 3539 bonam
1633 3500 1757 3539 con-

172 3580 438 3633 scientiam
453 3579 714 3643 habemus,
731 3578 783 3630 in
810 3576 1040 3631 omnibus
1065 3576 1188 3630 bene
1207 3570 1426 3630 volentes
1449 3576 1758 3631 conversari.

247 3670 310 3724 2.
350 3669 516 3724 Vides
543 3668 687 3739 quod
715 3670 767 3722 in
798 3668 882 3722 his
906 3684 965 3723 se
990 3676 1177 3738 purget
1218 3676 1274 3722 et
1322 3676 1565 3733 excuset,
1587 3675 1647 3720 ut.
1674 3666 1761 3736 qui

172 3762 382 3817 scribat
418 3759 485 3815 ad
523 3774 616 3814 eos
653 3769 921 3829 tamquam
962 3758 1028 3811 ad
1075 3758 1319 3812 molestia
1344 3756 1589 3821 allectos,
1626 3764 1764 3810 tam-

172 3868 343 3923 quam
385 3851 452 3905 ad
490 3860 822 3918 aversantes,
861 3859 1130 3920 tamquam
1175 3850 1243 3905 ad
1282 3864 1377 3905 eos
1418 3850 1509 3919 qui
1537 3851 1589 3903 in
1639 3863 1763 3903 eum

172 3952 338 3999 erant
355 3942 530 3997 all‘ecti
553 3952 609 3996 ut
634 3951 1106 4010 transgressorem,
1121 3940 1208 4011 qui
1230 3956 1298 3996 ne
1323 3956 1521 3996 nomen
1546 3940 1762 4011 quidem

174 4036 300 4104 ejus
327 4033 513 4088 audire
538 4032 803 4088 terebant.
821 4032 1083 4098 Quoniam
1104 4047 1232 4100 ergo
1254 4046 1316 4085 ea
1338 4032 1585 4101 exigebat
1611 4031 1679 4085 ab
1701 4030 1767 4086 iis

174 4127 271 4195 qui
304 4126 475 4194 ipsmu
504 4123 749 4189 oderant,
779 4137 901 4193 quas
929 4122 1109 4177 caeteri
1138 4135 1327 4176 omnes
1358 4121 1425 4175 ab
1452 4121 1516 4175 iis
1536 4120 1625 4190 qui
1649 4120 1770 4175 dili-

175 4227 341 4289 gunt,
372 4233 435 4271 ea
460 4217 528 4271 de
550 4231 712 4271 causa
742 4217 892 4285 ponit
916 4214 1022 4279 hic,
1054 4214 1274 4269 dicens:
1297 4209 1617 4283 Conﬁdimus
1633 4213 1769 4283 quod

178 4312 371 4365 bonam
399 4310 758 4365 conscientiam
786 4308 1047 4362 habemus.
1078 4306 1154 4362 Ne
1198 4306 1331 4362 mihi
1374 4306 1541 4374 enim,
1573 4305 1767 4377 inquit,

176 4403 390 4458 dixeris
433 4402 800 4456 accusationes
832 4416 845 4454 :
882 4407 1081 4464 nostra,
1114 4398 1306 4469 inquit,
1351 4397 1481 4452 nihil
1514 4412 1611 4452 nos
1665 4398 1769 4451 im-

178 4497 379 4568 probat
406 4493 752 4557 conscientia,
784 4508 954 4561 neque
984 4492 1138 4546 nobis
1176 4490 1375 4546 conscii
1403 4506 1591 4545 sumus
1629 4489 1769 4559 quod

178 4587 343 4642 vobis
372 4585 627 4641 fuerimus
648 4583 903 4639 insidiati.
925 4580 1238 4651 Con/idimus
1254 4583 1404 4646 enim,
1428 4581 1617 4651 inquit,
1636 4580 1771 4651 quod

178 4680 372 4734 bonam
393 4675 749 4729 conscientiam
779 4672 1039 4735 habemus.
1077 4671 1145 4726 In
1171 4672 1400 4726 omnibus
1428 4670 1769 4725 benevolentes

175 4766 494 4820 conversari.
522 4764 667 4837 Ergo
697 4780 804 4821 non
835 4765 1009 4820 solum
1040 4763 1182 4819 inter
1205 4764 1469 4829 ethnicos,
1488 4763 1582 4818 sed
1606 4762 1768 4818 etiam

178 4860 331 4912 inter
356 4873 475 4912 vos.
504 4856 647 4913 Nihil
675 4874 796 4914 cum
829 4857 1016 4912 fraude
1045 4856 1288 4921 fecimus,
1316 4871 1413 4912 nec
1436 4871 1558 4911 cum
1592 4856 1767 4927 hypo-

174 4949 312 5001 (ει-ἱδί
333 4966 348 5002 :
373 4956 456 5002 est
475 4951 618 5002 enim
650 4948 943 5003 verisimile
967 4948 1064 5002 has
1090 4947 1141 5001 in
1161 4963 1282 5003 eum
1300 4946 1595 5002 calumnias
1613 4946 1774 5001 luisse

178 5041 501 5095 iuteutatas.
525 5038 657 5094 Nam
686 5039 829 5111 quod
852 5039 988 5094 falso
1017 5050 1299 5093 accusatus
1330 5038 1509 5102 fuerit,
1537 5037 1660 5092 audi
1686 5036 1777 5093 Ja-

178 5130 382 5184 cobum
406 5128 673 5186 dicentem
696 5148 708 5185 :
737 5131 1024 5185 Audierant
1048 5129 1214 5197 enim,
1239 5130 1431 5200 inquit,
1457 5128 1520 5182 de
1544 5138 1609 5195 te,
1641 5128 1776 5198 quod

175 5226 547 5280 discessionem
570 5226 751 5281 doceas
779 5243 811 5279 a
847 5224 954 5298 lege
983 5224 1122 5294 (Act.
1163 5224 1254 5278 21.
1283 5224 1399 5295 21).
1442 5222 1557 5278 Νοιι
1589 5231 1645 5278 ut
1672 5223 1774 5277 iui-

176 5318 382 5381 micus,
408 5316 602 5387 inquit,
633 5332 734 5373 nec
762 5329 818 5372 ut
848 5317 1019 5373 hostis
1047 5317 1162 5373 haec
1201 5317 1400 5381 scribo,
1428 5316 1521 5371 sed
1553 5325 1609 5370 ut
1638 5316 1774 5368 ami-

173 5422 312 5461 cus.
343 5406 409 5461 Et
440 5407 543 5462 hoc
580 5408 818 5463 ostendit
861 5424 927 5463 ex
969 5423 1035 5464 eo
1060 5408 1203 5479 quod
1234 5408 1486 5476 deinceps
1513 5408 1771 5475 sequitur.

176 5499 277 5554 l9.
313 5497 548 5567 Amplius
572 5508 739 5553 autem
768 5498 1011 5571 deprecor
1038 5514 1125 5553 vos
1169 5499 1263 5552 hoc
1292 5501 1479 5570 facere,
1512 5513 1611 5567 quo
1644 5496 1774 5549 cele-

175 5588 294 5644 tius
321 5591 555 5643 restituat
581 5590 741 5645 vobis.
768 5589 881 5645 lloc
905 5598 1021 5646 erat
1048 5590 1165 5661 ejus
1190 5591 1281 5661 qui
1308 5590 1655 5644 vehementer
1683 5604 1775 5642 eos

175 5681 424 5745 amabat,
462 5682 533 5734 ita
564 5681 791 5751 precari.
828 5681 893 5736 Et
946 5696 1055 5737 non
1087 5682 1284 5747 solum,
1321 5682 1511 5752 inquit,
1548 5682 1773 5751 precari,

170 5773 279 5829 sed
334 5789 462 5829 cum
509 5772 655 5827 omni
697 5773 875 5829 smdio
913 5790 929 5830 :
964 5783 1019 5829 ut
1048 5789 1145 5845 ego
1176 5774 1283 5831 cito
1326 5774 1535 5832 veniam
1563 5772 1631 5828 ad
1662 5789 1773 5828 \os.
1814 5804 1819 5811 ι

928 281 993 340 IN
1029 279 1246 337 EPIST.
1288 278 1379 333 AD
1418 271 1775 331 nummos.
1815 270 1966 327 CAP.
2013 260 2144 328 xui.
2190 275 2423 331 nontL.
2467 274 2709 331 xxxw.

3338 281 3443 341 258

1864 377 1973 431 lloc
2000 387 2083 433 est
2110 377 2226 446 ejus
2254 380 2341 447 qui
2371 379 2468 433 sibi
2502 380 2631 433 nihil
2660 390 2741 434 est
2778 382 3047 443 conscius,
3079 382 3311 437 studimu
3343 401 3439 453 po-

1861 482 1991 524 nere
2018 476 2079 522 nt
2101 469 2167 523 ad
2191 484 2284 524 eos
2314 472 2610 539 perveniat,
2653 481 2707 526 et
2733 486 2921 543 rogare
2962 473 3105 543 ipsos
3132 483 3188 528 ut
3239 491 3334 543 pro
3381 492 3441 531 se

1860 570 2035 616 orent.
2085 560 2162 615 Ea
2190 560 2259 617 de
2285 576 2443 617 causa
2472 577 2593 617 cum
2622 563 2770 633 prius
2797 564 2865 618 ab
2893 564 3023 635 ipsis
3054 566 3296 636 petiisset
3322 584 3444 623 ora-

1863 652 2056 720 tiones,
2073 661 2199 707 tunc
2222 652 2302 707 eis
2324 667 2538 722 quoque
2560 664 2806 721 precatur
2821 656 2998 710 omnia
3022 655 3284 713 bona.20.
3305 656 3442 712 Deus

1859 751 2047 809 autem,
2079 741 2268 812 inquit,
2296 743 2453 811 pacis.
2480 742 2592 796 Hoc
2623 742 2754 798 dicit
2781 758 2848 798 eo
2872 746 3013 815 quod
3042 746 3182 802 inter
3205 762 3302 804 eos
3327 748 3440 803 dis-

1859 833 2139 887 sensiones
2166 831 2454 887 orirentur.
2482 832 2537 888 Si
2566 848 2713 905 ergo,
2741 835 2933 903 inquit,
2968 837 3108 892 Deus
3133 839 3275 907 pacis
3304 842 3442 894 Deus

1860 932 2047 989 cst,ne
2086 925 2157 979 sit
2186 924 2334 980 vobis
2377 924 2657 980 nobiscum
2698 924 2998 983 dissidium.
3026 930 3126 998 Qui
3164 933 3337 987 eduxit
3378 934 3441 987 de

1861 1022 1995 1067 terra
2024 1012 2292 1068 Pastorem
2321 1015 2511 1068 ovium.
2535 1015 2649 1070 Hoc
2672 1016 2873 1072 dictum
2896 1019 3065 1073 estde
3092 1025 3440 1080 resurrectio-

1862 1120 1950 1161 ne.
1986 1105 2252 1177 Magnum.
2280 1106 2437 1161 Aliud
2467 1107 2907 1163 additamentum.
2934 1109 3031 1165 Hic
3059 1128 3242 1167 rursus
3272 1130 3440 1184 usque

1860 1195 1927 1250 ad
1950 1194 2109 1250 linem
2132 1197 2210 1251 eis
2232 1196 2513 1251 conﬁrmat
2538 1198 2679 1268 quod
2707 1198 2901 1253 dicitur
2925 1199 2993 1256 de
3020 1209 3435 1261 resurrectione.

1862 1288 1929 1343 In
1943 1291 2188 1360 sanguine
2216 1291 2493 1344 testamenti
2514 1291 2712 1357 teterni,
2733 1289 3006 1347 Dominum
3021 1305 3247 1349 nostrum
3261 1296 3294 1349 J
3301 1314 3442 1351 esum

1863 1381 2138 1450 Christum,
2165 1382 2256 1436 21.
2279 1391 2415 1451 aptet
2444 1398 2531 1438 vos
2554 1384 2607 1436 in
2646 1386 2781 1437 omni
2810 1384 2938 1438 bono
2958 1402 3127 1455 opere,
3155 1398 3211 1440 ut
3240 1388 3441 1458 faciatis

1859 1476 1969 1544 ejus
1989 1475 2291 1527 voluntatem
2311 1494 2328 1528 .·
2356 1476 2547 1546 faciens
2569 1476 2621 1529 in
2640 1475 2777 1530 vobis
2798 1478 2933 1547 quod
2950 1478 3148 1547 placeat
3170 1496 3340 1536 coram
3365 1499 3437 1537 se.

1861 1564 2066 1621 Rursus
2109 1564 2189 1620 eis
2238 1580 2425 1635 magna
2452 1580 2553 1620 suo
2591 1564 2776 1621 tribuit
2804 1568 3142 1626 testimonio:
3172 1570 3443 1642 Integrum

1860 1656 2001 1710 enim
2046 1654 2197 1710 reddi
2228 1656 2422 1710 dicitur
2449 1657 2500 1710 id
2526 1656 2668 1727 quod
2718 1656 2881 1714 habet
2903 1660 3133 1727 initium,
3165 1671 3223 1717 et
3247 1662 3443 1718 deinde

1862 1745 2133 1816 impletur.
2166 1746 2233 1802 Et
2260 1748 2338 1803 eis
2368 1756 2653 1817 precatur:
2684 1749 2826 1818 quod
2858 1759 2941 1806 cst
2968 1750 3346 1810 desiderantis.
3376 1754 3445 1809 Et

1864 1838 2019 1894 vide:
2055 1839 2108 1893 in
2130 1838 2249 1895 aliis
2273 1838 2486 1908 quidem
2512 1839 2752 1909 epistolis
2784 1851 3032 1911 precatur
3061 1844 3115 1898 in
3146 1844 3321 1913 initio,
3360 1846 3445 1901 hic

1855 1937 2034 1983 autem
2063 1929 2113 1984 in
2143 1932 2268 1987 line.
2310 1930 2552 1998 Faciens,
2582 1933 2773 2004 inquit,
2806 1934 2859 1988 in
2888 1936 3026 1989 vobis
3069 1936 3207 2006 quod
3243 1938 3441 2005 placeat

1856 2033 2029 2073 coram
2054 2038 2108 2075 se
2134 2039 2222 2093 per
2239 2021 2420 2077 Jcsum
2444 2024 2701 2079 Christum
2719 2041 2738 2080 :
2766 2026 2849 2079 cui
2873 2035 2945 2081 est
2974 2026 3140 2097 gloria
3164 2027 3219 2080 in
3248 2028 3432 2081 saecula

1856 2112 2176 2165 saxulorum.
2197 2116 2371 2169 Amen.
2389 2115 2479 2169 22.
2510 2114 2651 2187 Rogo
2681 2127 2847 2171 autem
2876 2134 2983 2184 vos,
3012 2122 3215 2189 fratres,
3243 2129 3296 2172 ut
3323 2117 3434 2186 suf-

1858 2202 2034 2270 feratis
2079 2204 2278 2257 verbum
2305 2207 2474 2260 solutii
2493 2223 2510 2261 :
2536 2208 2719 2261 etenim
2749 2210 3018 2278 perpaucis
3058 2209 3241 2277 scripsi
3280 2210 3434 2264 vobis.

1861 2290 2020 2348 Vides
2047 2298 2298 2364 quoniam
2323 2299 2463 2369 quod
2489 2299 2555 2354 ad
2580 2300 2848 2355 neminem
2874 2300 3105 2370 scripsit,
3128 2299 3230 2355 hoc
3253 2300 3321 2355 ad
3344 2315 3438 2356 eos

1858 2385 2078 2440 scribit?
2106 2385 2313 2442 Etenim
2359 2392 2649 2461 perpaucis,
2682 2391 2875 2461 inquit,
2906 2391 3090 2463 scripsi
3118 2389 3292 2455 vobis;
3337 2391 3439 2445 hoc

1856 2484 1959 2539 cst,
1989 2475 2099 2531 Nec
2128 2492 2246 2531 sum
2278 2481 2535 2533 molestus
2578 2480 2730 2535 vobis
2772 2482 3063 2535 verborum
3113 2481 3438 2550 prolixitate.

1857 2564 2120 2622 Existimo
2137 2583 2230 2623 eos
2256 2585 2359 2624 non
2381 2569 2407 2623 f
2406 2571 2546 2625 uisse
2563 2570 2850 2625 admodum
2877 2570 3119 2627 infensos
3134 2571 3437 2627 Timetbeo:

1859 2657 2001 2712 unde
2025 2659 2187 2714 etiam
2215 2675 2338 2715 eum
2372 2661 2685 2731 pneposuit.
2715 2661 2806 2717 25.
2838 2660 3135 2734 Cognoscite
3164 2663 3330 2727 enim,
3359 2664 3441 2718 in-

1856 2749 1990 2817 quit,
2017 2754 2230 2820 fratrem
2258 2750 2576 2806 Timotheum
2596 2752 2863 2809 dimissum
2885 2770 2907 2809 :
2934 2770 3049 2807 cum
3075 2770 3195 2824 quo,
3222 2754 3267 2807 si
3291 2755 3441 2807 citius

1857 2842 2064 2905 venerit,
2094 2840 2268 2894 videbo
2290 2857 2393 2895 vos.
2424 2840 2722 2909 Dimissum,
2752 2841 2923 2912 inquit
2952 2858 2965 2894 :
2993 2844 3162 2897 inde?
3180 2843 3440 2898 ExiStimo

1857 2944 1981 2984 eum
2030 2931 2193 2987 fuisse
2231 2932 2534 3001 conjectum
2567 2933 2618 2986 in
2650 2948 2957 2987 carcerem:
2988 2942 3101 2999 aut,
3133 2934 3177 2989 si
3220 2949 3327 2990 non
3369 2934 3438 2988 ita

1859 3023 1949 3088 sit,
1978 3022 2256 3079 dimissum
2287 3023 2541 3091 Athenis;
2572 3039 2693 3078 nam
2724 3023 2827 3079 hoc
2853 3039 3067 3094 quoque
3096 3024 3256 3079 situm
3282 3028 3439 3080 estin

1860 3114 2103 3170 Actibus.
2134 3114 2227 3171 24.
2258 3114 2493 3172 Salutate
2527 3131 2698 3169 omnes
2726 3118 3023 3185 praepositos
3050 3126 3237 3170 vestros
3257 3127 3303 3171 et
3327 3134 3434 3171 om-

1861 3221 1949 3259 nes
1968 3214 2190 3261 sanctos.
2226 3205 2468 3261 Salutant
2505 3222 2592 3261 vos
2619 3206 2681 3260 de
2710 3206 2733 3258 l
2743 3208 2866 3260 talia
2893 3207 3095 3277 fratres.
3137 3208 3229 3263 25.
3262 3207 3444 3265 Gratia

1862 3313 1977 3350 cum
2020 3298 2249 3352 omnibus
2286 3299 2445 3353 vobis.
2478 3298 2655 3352 Amen.
2700 3298 2861 3353 Vides
2899 3299 3167 3369 quomodo
3198 3301 3447 3357 ostendat

1862 3391 2111 3446 virtutem
2134 3407 2305 3462 neque
2332 3408 2398 3447 ex
2425 3393 2533 3447 Deo
2549 3392 2788 3455 omnino,
2815 3408 2984 3463 neque
3001 3409 3067 3447 cx
3091 3394 3245 3449 nobis
3270 3394 3442 3450 solum

1862 3498 1985 3538 esse
2009 3482 2216 3537 ortam?
2236 3482 2466 3538 dicendo
2484 3484 2651 3549 enim,
2676 3482 2910 3554 lntegros
2940 3500 3024 3539 vos
3056 3486 3211 3557 faciat
3236 3488 3289 3540 in
3310 3489 3446 3542 omni

1862 3572 1993 3627 bona
2024 3588 2194 3643 opere,
2226 3581 2281 3628 et
2306 3581 2523 3639 caetera,
2554 3572 2657 3629 hoc
2694 3574 2977 3645 signiﬁcat,
3010 3591 3073 3631 ac
3116 3578 3161 3631 si
3207 3577 3446 3634 diceret:

1864 3663 2084 3719 llabetis
2114 3663 2330 3735 quidem
2374 3664 2657 3730 virtutem;
2690 3681 2825 3736 opus
2855 3676 3033 3722 autem
3065 3666 3272 3723 habetis
3297 3684 3445 3724 cotu-

1863 3756 2158 3828 plemento.
2184 3754 2317 3810 Cum
2348 3754 2480 3810 dicit
2520 3766 2698 3811 autem
2734 3774 2746 3810 :
2777 3758 2952 3826 Opere
2992 3767 3046 3812 et
3089 3759 3254 3814 verbo
3284 3760 3446 3823 bono,

1864 3848 2183 3919 significavit
2206 3857 2259 3903 et
2288 3849 2450 3903 vitam
2482 3858 2536 3904 et
2577 3849 2825 3919 dogmata
2870 3860 3014 3905 recta
3062 3866 3183 3907 esse
3226 3853 3445 3908 debere.

1866 3937 2035 3995 Recte
2059 3939 2220 3995 etiam
2252 3938 2350 3993 hoc
2367 3940 2571 3994 addidit
2592 3958 2605 3994 :
2627 3939 2845 3995 Faciem
2866 3943 2918 3995 in
2941 3942 3075 3997 vobis
3095 3945 3232 4015 quod
3252 3946 3451 4015 placeat

1867 4048 2038 4087 coram
2062 4047 2132 4085 se.
2163 4029 2348 4086 Coram
2374 4048 2428 4085 se
2450 4048 2467 4084 :
2488 4031 2605 4086 lucc
2631 4033 2776 4087 enim
2799 4042 2880 4088 est
2908 4036 3076 4089 virtus
3108 4038 3342 4091 maxima
3368 4039 3451 4092 l‘ao

1868 4138 1994 4179 cere
2019 4121 2160 4193 quod
2197 4123 2402 4191 placeat
2429 4137 2609 4176 coram
2637 4123 2780 4178 Deo:
2805 4125 2947 4180 sicut
2969 4125 3130 4181 etiam
3169 4128 3296 4182 dicit
3316 4129 3451 4184 Pro~

1869 4215 2029 4286 pheta
2055 4231 2069 4270 :
2101 4213 2393 4270 Secundum
2420 4216 2686 4283 puritatem
2730 4233 2971 4270 manuum
2998 4235 3223 4272 mearum
3246 4221 3297 4274 in
3326 4238 3451 4274 con-

1870 4318 2043 4380 speclu
2091 4306 2354 4366 oculorum
2398 4309 2506 4376 eius
2555 4307 2729 4377 (I’sal.
2780 4310 2868 4363 17.
2896 4308 2987 4364 21.
3032 4310 3150 4383 25).
3182 4312 3314 4367 Cum
3347 4324 3454 4370 tam

1873 4402 2037 4456 multa
2061 4409 2241 4455 autem
2273 4399 2599 4470 scripsisset,
2625 4417 2789 4471 pauca
2816 4418 2876 4457 ea
2902 4419 3025 4459 esse
3054 4405 3205 4469 dixit,
3238 4407 3282 4461 si
3311 4406 3456 4463 vide-

1877 4494 2001 4549 licet
2045 4491 2392 4547 conl‘erantur
2431 4508 2554 4547 cum
2587 4493 2652 4547 iis
2697 4510 2816 4562 qua:
2857 4506 2971 4549 erat
3017 4496 3289 4550 dicturus:
3324 4500 3460 4553 sicut

1878 4586 2041 4642 etiam
2071 4583 2196 4639 alibi
2224 4582 2386 4639 dicit:
2412 4583 2562 4639 Sicut
2583 4584 2764 4653 scripsi
2784 4585 2920 4640 vobis
2940 4587 2992 4640 in
3010 4587 3183 4641 brevi:
3198 4597 3347 4654 prout
3366 4605 3461 4656 po-

1879 4677 2017 4731 testis
2042 4676 2257 4747 legentes
2285 4674 2567 4746 intelligere
2590 4674 2915 4745 prudentiam
2943 4693 3106 4730 meam
3133 4677 3186 4729 in
3216 4680 3458 4747 mysterio

1879 4769 2067 4823 Christi
2094 4766 2308 4839 (Ep/tes.
2343 4768 2398 4823 '5.
2425 4768 2480 4823 5.
2503 4765 2582 4838 4).
2602 4764 2736 4822 Vide
2762 4776 2941 4821 autem
2969 4766 3084 4836 ejus
3115 4768 3456 4837 sapientiam.

1878 4860 1991 4916 Non
2020 4859 2173 4923 dixit,
2202 4858 2346 4924 Roqo
2370 4873 2456 4912 vos
2477 4865 2531 4910 ut
2547 4855 2803 4923 sufferatis
2827 4857 3031 4911 verbum
3054 4857 3456 4922 admonitionis,

1878 4949 1996 5018 sed,
2012 4949 2221 5014 Solatii,
2240 4948 2343 5004 hoc
2362 4956 2465 5013 est,
2488 4948 2892 5012 consolationis,
2914 4948 3326 5003 adhortationis.
3343 4950 3457 5004 Non

1882 5051 2077 5113 potest,
2103 5039 2293 5111 inquit,
2314 5040 2591 5111 quisquam
2608 5039 2885 5109 defatigari
2902 5040 2972 5094 ob
2992 5039 3349 5109 prolixitatem
3377 5059 3463 5097 eo-

1879 5148 1997 5188 rum
2017 5148 2135 5203 qua:
2156 5131 2295 5187 dicta
2317 5138 2464 5185 sunt.
2491 5129 2629 5197 Quid
2659 5130 2822 5201 ergo?
2851 5131 3073 5188 hoccine
3098 5141 3214 5187 erat
3235 5133 3376 5203 quod
3407 5146 3463 5188 ut

1879 5232 2256 5280 aversarentur
2302 5222 2566 5278 faciebat?
2590 5221 2847 5279 Minime:
2878 5237 2987 5279 non
3020 5233 3194 5281 tamen
3239 5230 3319 5281 eis
3348 5228 3463 5281 vult

1877 5316 2161 5372 ostendere
2178 5330 2277 5371 nec
2303 5315 2504 5381 dicere,
2519 5315 2720 5370 Pusillo
2739 5315 2870 5371 estis
2884 5317 3065 5371 animo
3087 5333 3100 5370 :
3124 5332 3246 5371 nam
3270 5333 3459 5374 eorum

1874 5408 1963 5479 qui
1982 5417 2107 5462 sunt
2127 5406 2390 5477 ejusmodi
2408 5417 2491 5461 est
2506 5407 2779 5478 pt-Oprium
2809 5422 2918 5463 non
2938 5409 3077 5464 ferre
3100 5408 3311 5481 longam
3337 5424 3461 5465 ora-

1875 5501 2099 5555 tionem.
2132 5496 2429 5569 Cognoscite
2453 5502 2664 5569 fratrem
2690 5498 3008 5554 Timotheum
3035 5500 3323 5566 dimissum,
3342 5518 3456 5554 cum

1870 5607 1991 5661 quo,
2018 5591 2062 5644 si
2086 5591 2297 5645 celerius
2326 5590 2531 5656 venerit,
2560 5589 2730 5645 videbo
2759 5606 2866 5646 vos.
2898 5592 3007 5645 Hoc
3028 5592 3159 5645 satis
3181 5592 3351 5646 estad
3378 5594 3456 5646 eis

1872 5682 2296 5752 persuadendum
2322 5694 2380 5738 ut
2407 5697 2466 5737 se
2497 5683 2797 5748 demittant,
2827 5683 2870 5737 si
2915 5692 3130 5751 paratus
3160 5692 3243 5738 est
3272 5698 3453 5738 ventre

1870 5790 1992 5832 cum
2038 5774 2319 5849 discipulo.
2358 5773 2595 5832 Salutate
2636 5790 2807 5830 omnes
2852 5776 3149 5845 prtepositos
3177 5784 3364 5831 vestros
3407 5787 3452 5831 ct
