3926 6406
561 330 668 387 235

575 438 747 475 omnes
765 427 979 472 sanctos.
994 416 1122 473 Vide
1140 418 1409 487 quomodo
1432 419 1574 486 ipsos
1600 416 1799 472 honora
1809 423 1940 473 verit
1953 460 1967 482 ,
1986 420 2148 488 siqui-

572 514 694 567 tlein
714 512 779 564 ad
803 510 919 562 illos
937 523 1033 577 pro
1050 508 1163 561 istis
1179 508 1411 577 scripsit.
1429 508 1669 562 Salutant
1690 524 1774 562 vos
1790 508 1853 563 de
1870 507 2028 562 Italia
2047 512 2149 578 fra-

572 616 692 657 tres.
725 601 901 657 Gratia
929 616 1043 652 cum
1063 597 1292 652 omnibus
1318 598 1474 653 vobis.
1494 598 1675 653 Amen.
1697 599 1849 668 Quod
1866 610 1981 656 erat
1995 616 2147 657 com-

569 709 730 747 mune
757 690 1015 755 omnium,
1046 688 1147 744 hoc
1176 688 1421 742 ultimum
1445 690 1641 758 posuit.
1667 688 1946 756 Quomodo
1967 700 2145 746 autem

569 792 653 838 est
680 783 845 852 gratia
877 779 1194 835 nobiscum?
1240 777 1296 833 Si
1326 770 1445 833 'non
1480 779 1679 848 probro
1724 789 1778 834 et
1819 782 2146 837 contumelia

567 874 864 928 afficiamus
895 871 1246 927 beneficium:
1279 869 1326 923 si
1355 884 1458 923 non
1488 869 1657 924 simus
1684 871 1939 926 socordes
1958 872 2148 927 adver-

565 980 659 1020 sus
686 964 908 1019 donum.
941 961 1077 1030 Quid
1109 971 1191 1015 est
1237 960 1441 1030 gratia?
1471 959 1741 1014 Remissio
1781 972 2142 1030 peccatorum,

566 1055 848 1127 purgatio:
883 1054 998 1108 lure
1023 1053 1168 1107 enim
1213 1052 1490 1105 nobiscum
1520 1061 1621 1105 est.
1664 1052 1793 1119 Quis
1836 1054 2002 1115 enim,
2052 1056 2141 1123 qui

568 1147 762 1215 probro
788 1144 966 1200 all‘ecit
993 1153 1046 1199 et
1075 1144 1421 1209 contumelia,
1480 1151 1653 1212 potest
1704 1145 1973 1200 custodire
2020 1161 2140 1215 gra-

566 1242 717 1304 tiam,
764 1246 817 1291 et
864 1251 981 1289 eam
1032 1250 1139 1288 non
1188 1233 1395 1304 perdit?
1445 1232 1638 1303 Utputa
1686 1235 2005 1290 condonavit
2048 1238 2143 1291 tibi

563 1338 817 1399 peccata:
847 1326 1112 1398 quomodo
1136 1327 1232 1381 erit
1266 1333 1436 1379 tecum
1463 1326 1652 1394 gratia,
1684 1336 1773 1380 aut
1802 1327 1938 1381 bona
1962 1327 2145 1382 existi-

565 1423 750 1487 matio,
782 1430 873 1475 aut
893 1419 1125 1491 Spiritus
1147 1418 1411 1487 operatio,
1446 1418 1547 1471 nisi
1578 1432 1674 1487 per
1708 1418 1873 1475 bonas
1902 1421 2143 1476 aetiones

565 1511 1024 1570 eamattraxeris?
1066 1511 1175 1565 lloc
1202 1510 1344 1564 enim
1384 1520 1467 1565 est
1508 1524 1668 1564 causa
1708 1511 1943 1565 omnium
1969 1511 2141 1567 bono-

566 1621 706 1670 rum,
740 1602 883 1673 quod
916 1603 969 1655 in
1001 1601 1153 1655 nobis
1194 1614 1409 1669 semper
1437 1609 1649 1654 maneat
1674 1601 1843 1670 gratia
1871 1602 2098 1673 Spiritus
2125 1622 2139 1659 :

566 1713 627 1752 ea
659 1697 803 1752 enim
831 1703 913 1750 est
943 1694 1096 1749 nobis
1124 1692 1229 1748 dux
1280 1692 1348 1747 ad
1396 1694 1573 1747 omnia
1596 1735 1610 1759 ,
1642 1693 1777 1748 sicut
1820 1696 2033 1765 quando
2078 1712 2141 1752 ea

565 1806 598 1845 τι
646 1791 798 1843 nobis
845 1788 1153 1853 avolaverit,
1186 1801 1285 1841 nos
1334 1787 1507 1857 perdit
1552 1795 1606 1842 et
1657 1786 1898 1841 desertos
1950 1783 2141 1838 reddit.

638 1881 691 1936 3.
737 1880 813 1935 Ne
855 1896 973 1935 eam
1005 1894 1133 1949 ergo
1175 1879 1536 1946 repellamus;
1566 1888 1649 1934 est
1688 1880 1831 1932 enim
1869 1878 1920 1930 in
1962 1885 2143 1931 nostra

569 1980 834 2039 potestate
863 1978 919 2023 ut
948 1984 1010 2024 ea
1035 1978 1089 2023 et
1120 1978 1353 2036 maneat,
1384 1978 1437 2023 et
1466 1968 1701 2023 recedat.
1728 1966 1860 2021 illud
1887 1967 2029 2022 enim
2060 1964 2142 2030 fit,

566 2060 779 2128 quando
805 2062 1102 2129 cogitamus
1126 2059 1361 2114 ctelestia
1378 2076 1392 2124 ;
1411 2060 1515 2114 hoc
1538 2074 1685 2123 vero,
1711 2058 1921 2128 quando
1947 2071 2008 2112 ea
2026 2069 2145 2125 qua

566 2149 633 2203 ad
668 2149 804 2204 hanc
834 2150 994 2203 vitam
1023 2150 1308 2218 pertinent.
1344 2149 1505 2216 Quem
1534 2150 1752 2203 mundus
1774 2189 1789 2213 ,
1824 2147 2014 2217 inquit,
2042 2162 2145 2201 non

569 2249 729 2309 potest
756 2242 1001 2308 accipere,
1020 2240 1137 2310 quia
1159 2256 1259 2293 non
1283 2240 1411 2292 videt
1442 2256 1576 2303 eum,
1598 2255 1685 2293 nec
1708 2240 1800 2293 scit
1827 2254 1940 2292 eum
1963 2236 2144 2308 (Joan.

571 2331 656 2384 14.
672 2330 782 2401 l7).
804 2330 1058 2385 Mundum
1076 2340 1227 2384 vocat
1243 2329 1403 2384 vitam
1427 2331 1722 2398 improbam
1742 2340 1793 2383 et
1816 2327 2145 2397 turpem.“-

568 2421 666 2476 des
684 2436 788 2474 non
807 2436 926 2474 esse
946 2419 1225 2474 mundanae
1244 2422 1435 2473 anima:
1454 2430 1509 2473 ut
1532 2421 1582 2474 id
1609 2420 1823 2475 habeat?
1842 2419 2006 2473 Multo
2018 2431 2149 2487 ergo

572 2511 730 2565 nobis
745 2511 919 2564 studio
939 2525 1074 2579 opus
1094 2521 1196 2576 est,
1216 2519 1273 2564 ut
1294 2510 1343 2564 id
1371 2526 1401 2565 a
1426 2511 1576 2565 nobis
1604 2504 1918 2575 retineatur,
1935 2518 2146 2563 nostra-

570 2618 674 2669 que
718 2603 895 2655 omnia
939 2601 1212 2671 dispenset
1255 2613 1309 2655 et
1356 2600 1691 2655 administret
1722 2615 1890 2670 eaque
1928 2600 1978 2654 in
2012 2610 2145 2663 tuto,

570 2694 625 2747 et
646 2694 809 2747 multa
842 2707 971 2761 pace
992 2692 1237 2747 collocet.
1265 2691 1415 2747 Sicut
1443 2694 1583 2747 enim
1614 2692 1732 2746 ﬁeri
1762 2708 1865 2746 non
1892 2700 2069 2762 potest
2093 2699 2151 2745 ut

571 2784 742 2849 navis,
776 2798 893 2851 quae
924 2791 1083 2836 vento
1113 2782 1350 2837 secundo
1378 2780 1568 2849 fertur,
1603 2783 1942 2852 impediatur,
1976 2795 2150 2852 neque

570 2885 631 2928 ut
660 2874 1020 2942 demergatur,
1044 2873 1215 2927 donec
1258 2886 1414 2927 vento
1445 2873 1637 2927 fruitur
1661 2888 1919 2943 prospero
1946 2882 2000 2927 et
2025 2887 2150 2943 per-

570 2978 764 3035 petuo;
788 2966 878 3018 sed
906 2974 959 3019 et
988 2974 1265 3034 postquam
1289 2965 1526 3028 redierit,
1563 2981 1805 3036 magnam
1832 2966 1914 3019 sui
1936 2979 2149 3019 succes-

571 3075 664 3113 sus
684 3059 881 3128 praebet
899 3058 1123 3127 gloriam
1138 3066 1191 3112 et
1208 3059 1383 3112 nautis
1404 3068 1458 3112 et
1473 3059 1795 3113 vectoribus:
1818 3059 1922 3113 illis
1938 3058 2151 3127 quidem

570 3150 704 3204 dans
730 3149 987 3217 quietem,
1008 3156 1063 3203 et
1088 3164 1195 3202 non
1219 3149 1400 3204 sinens
1430 3158 1484 3203 ut
1508 3150 1668 3203 remis
1688 3148 2033 3215 adlaborent;
2055 3149 2154 3203 hos

569 3252 745 3295 autem
773 3240 841 3295 ab
861 3240 1007 3293 onmi
1039 3248 1186 3294 metu
1218 3239 1475 3306 liberans,
1492 3240 2006 3310 etjucundissimum
2027 3255 2151 3310 spe.

568 3333 833 3386 etaculnm
863 3332 942 3386 eis
965 3348 1118 3385 suum
1150 3333 1393 3402 praebens
1414 3349 1628 3387 cursum
1656 3351 1669 3386 :
1700 3334 1770 3387 ita
1793 3334 1953 3388 etiam
1976 3333 2152 3387 anima

568 3426 752 3479 divino
783 3424 985 3479 munita
1016 3424 1217 3494 Spiritu
1248 3436 1331 3480 est
1359 3426 1606 3496 superior
1646 3426 1861 3496 quidem
1902 3426 2153 3480 omnibus

568 3517 817 3571 fluctibus
847 3516 1003 3586 hujus
1034 3516 1191 3582 vita);
1216 3516 1353 3570 viam
1380 3525 1581 3583 autem,
1602 3532 1720 3583 qua:
1744 3514 1920 3570 fertin
1939 3516 2152 3582 omium,

570 3620 717 3666 secat
745 3610 1115 3665 vehementius
1140 3625 1300 3679 quam
1328 3609 1416 3663 illa
1443 3610 1613 3671 navis,
1636 3617 1691 3661 ut
1718 3624 1837 3679 qum
1866 3626 1970 3663 non
2000 3610 2157 3678 pella-

571 3714 659 3758 tur
685 3721 713 3758 a
746 3712 906 3758 vento
929 3746 943 3767 ,
976 3702 1069 3757 sed
1113 3702 1227 3757 vela
1257 3701 1470 3768 habeat,
1503 3716 1673 3771 eaque
1703 3700 1901 3755 munda
1941 3700 2155 3771 impleta

568 3799 639 3851 ab
674 3795 791 3865 ipso
840 3794 1117 3849 Paracleto
1147 3812 1160 3850 :
1190 3802 1242 3848 et
1269 3807 1297 3845 a
1350 3802 1533 3847 nostra
1562 3792 1884 3861 cogitatione
1938 3791 2157 3862 expellit

570 3885 826 3956 quidquid
868 3894 951 3940 est
1002 3885 1185 3949 molle,
1236 3892 1546 3939 enervatum
1606 3893 1658 3939 et
1715 3883 2054 3937 dissolutum.
2091 3883 2159 3937 Ut

573 3980 719 4032 enim
750 3986 939 4031 ventus
969 3975 1208 4030 incidens
1239 3976 1290 4028 iu
1322 3974 1499 4029 velum
1530 3974 1706 4028 laxum
1734 3983 1786 4030 et
1813 3975 1991 4040 molle,
2024 3974 2153 4029 nihil

572 4068 774 4136 egerit:
802 4067 869 4119 ita
900 4066 1058 4120 etiam
1096 4073 1306 4119 sanctus
1336 4062 1564 4131 Spiritus
1590 4063 1641 4117 in
1670 4064 1901 4119 animam
1942 4065 2156 4120 mollem

575 4156 685 4225 pati
702 4172 805 4210 non
836 4165 1011 4224 potest
1038 4164 1093 4209 ut
1116 4164 1348 4222 maneat,
1370 4154 1464 4209 sed
1492 4169 1678 4223 magna
1700 4155 2001 4210 intensione
2022 4170 2157 4225 Opus

573 4261 657 4304 est
685 4260 732 4304 et
766 4250 1123 4303 vehementia.

652 4345 861 4396 Animus
886 4340 1161 4396 Christiani
1183 4340 1365 4396 ardens
1380 4342 1441 4396 sit
1460 4340 1930 4413 0p0t'tct.—ltaque
1947 4348 2157 4419 Oportet

594 4436 647 4478 ut
690 4425 842 4479 nobis
871 4425 939 4479 sit
969 4426 1164 4481 ardens
1196 4429 1407 4482 animus
1437 4469 1452 4495 ,
1492 4438 1546 4482 et
1588 4444 1799 4499 semper
1826 4431 1935 4484 sint
1971 4438 2153 4485 nostra

589 4532 750 4587 opera
777 4518 1004 4585 intensa,
1037 4517 1189 4573 fortia
1218 4529 1270 4574 et
1294 4521 1591 4575 constantia
1621 4537 1635 4576 :
1665 4533 1717 4575 ut
1743 4563 1757 4587 ,
1790 4521 2004 4592 quando
2034 4537 2161 4578 ora-

588 4624 729 4670 mus,
758 4608 861 4665 hoc
908 4626 938 4665 a
990 4611 1142 4667 nobis
1170 4627 1290 4666 cum
1316 4628 1502 4681 magna
1533 4612 1829 4668 faciendum
1871 4624 1953 4670 est
1984 4616 2161 4670 inten-

587 4702 762 4767 sione,
798 4701 1025 4756 animam
1052 4703 1101 4757 in
1131 4704 1321 4758 caelum
1352 4704 1768 4772 intendentibus,
1792 4721 1897 4761 non
1923 4706 2160 4773 funibus,

587 4793 680 4847 sed
711 4808 898 4863 magna
923 4794 1085 4848 animi
1120 4795 1414 4850 alacritate.
1455 4795 1682 4862 Quando
1720 4812 1903 4852 rursus
1945 4798 2167 4852 misere-

589 4900 727 4947 mur,
750 4886 902 4939 nobis
929 4902 1062 4955 opus
1091 4896 1174 4941 est
1195 4888 1517 4955 inteusione,
1536 4904 1601 4942 ne
1624 4903 1751 4943 cura
1775 4887 1965 4943 domus
1989 4897 2044 4944 et
2070 4890 2170 4943 sole

590 4975 809 5029 licitudo
829 4974 898 5029 de
930 4976 1112 5031 liberis
1139 4987 1193 5031 et
1232 4993 1420 5044 uxore,
1450 4988 1503 5032 et
1545 4988 1717 5033 metus
1748 4979 2074 5048 paupertatis
2100 4979 2171 5032 ir-

587 5079 775 5129 ruens,
792 5065 1184 5121 velumlaxetet
1203 5069 1455 5122 remittat.
1472 5068 1601 5122 Nam
1625 5071 1668 5123 si
1702 5070 1751 5123 id
1776 5070 2009 5140 undique
2027 5079 2171 5125 recte

590 5154 979 5211 intenderimus
1008 5172 1103 5226 spe
1128 5158 1445 5225 futurorum,
1469 5171 1613 5216 recte
1637 5163 1871 5233 suscepit
1895 5165 2168 5232 operatio-

590 5263 711 5301 nem
739 5246 967 5316 Spiritus
1000 5265 1010 5299 :
1041 5262 1106 5301 ex
1135 5248 1237 5303 illis
1266 5260 1443 5304 autem
1465 5252 1623 5305 rebus
1641 5252 1855 5307 caducis
1881 5264 1935 5309 et
1960 5256 2169 5310 miseris

590 5340 724 5393 nihil
754 5340 802 5393 in
834 5355 951 5393 eam
974 5332 1199 5406 incidet;
1224 5342 1316 5396 sed
1336 5344 1437 5398 etsi
1469 5345 1731 5413 inciderit,
1760 5347 1927 5417 ipsam
1952 5348 2167 5418 quidem

592 5431 723 5486 nihil
748 5432 911 5499 Ιευιζὶι,
933 5434 1024 5488 sed
1046 5433 1223 5489 statim
1247 5433 1496 5492 firmitate
1523 5454 1582 5493 ac
1600 5437 1789 5494 duritie
1818 5440 2096 5511 repellitur
2114 5452 2167 5497 et

1300 326 1355 383 s.
1392 325 1665 383 manans
1691 324 2158 381 CHRYSOSTOMI
2198 325 2509 380 AnClltEP.
2556 296 3081 381 censrau'nnor.
3671 328 3751 389 zu

2246 410 2447 465 excidit
2476 425 2778 464 excussum.
2810 411 3094 478 Propterea
3123 426 3249 480 ergo
3280 411 3424 464 nobis
3457 428 3621 485 magna
3643 435 3749 487 Opus

2245 512 2329 556 est
2354 501 2657 555 intensione
2688 519 2702 553 :
2738 501 2934 556 etenim
2972 516 3068 555 nos
3096 516 3307 571 quoque
3334 518 3562 573 maguum
3586 515 3632 559 et
3654 522 3749 577 spa-

2248 594 2442 648 tiosum
2483 607 2633 647 mare
2674 594 3017 663 navigamus,
3046 593 3262 663 plenum
3308 595 3482 649 multis
3520 596 3685 653 belluis
3714 612 3753 655 et

2247 684 2516 753 scopulis,
2542 693 2595 739 et
2617 685 2812 739 multas
2843 686 2998 739 nobis
3025 686 3238 755 pariens
3266 696 3615 755 tempestates,
3643 701 3687 744 et
3706 708 3752 746 ex

2249 790 2435 843 magna
2502 777 2789 829 serenitate
2852 777 3173 829 suavissimas
3238 779 3490 845 procellas
3542 784 3753 837 excitans.

2248 867 2473 937 Oportet
2501 883 2649 938 ergo,
2676 868 2720 922 si
2752 868 2980 922 velimus
3008 868 3165 923 facile
3192 870 3435 939 navigare
3461 880 3511 925 ct
3533 872 3634 926 sine
3654 880 3758 941 peri-

2248 960 2389 1023 culo,
2416 959 2531 1013 vela
2564 958 2808 1024 tendere,
2832 958 2937 1014 hoc
2964 969 3066 1024 est,
3094 960 3320 1015 liberum
3346 962 3500 1015 animi
3530 967 3671 1018 nostri
3697 984 3761 1021 ar.

2252 1052 2509 1105 hitrium:
2553 1050 2655 1107 hoc
2704 1052 2846 1108 enim
2903 1052 3057 1105 nobis
3100 1052 3316 1107 sufficit.
3368 1054 3493 1107 Nam
3547 1056 3761 1112 Abraham

2256 1157 2463 1211 quoque
2488 1154 2763 1212 postquam
2786 1158 2940 1197 suum
2964 1143 3027 1197 ad
3053 1144 3217 1199 Deum
3241 1144 3462 1199 intendit
3481 1144 3763 1213 desiderium,

2259 1233 2655 1304 perfectamque
2680 1246 2733 1289 et
2762 1235 3019 1305 integram
3053 1234 3297 1290 exhibuit
3322 1238 3644 1302 voluntatem,
3670 1258 3766 1311 qua-

2254 1340 2373 1377 nam
2402 1340 2459 1377 re
2486 1324 2587 1378 alia
2619 1340 2751 1394 opus
2780 1326 2964 1380 habuit
2988 1326 3012 1379 ἲ
3043 1327 3184 1380 nulla
3210 1368 3224 1393 ,
3253 1326 3346 1381 sed
3370 1327 3582 1381 Credidit
3612 1329 3711 1393 Deo,
3735 1344 3767 1385 et

2251 1423 2536 1483 reputatum
2563 1425 2636 1469 est
2663 1416 2707 1470 ei
2727 1416 2795 1468 ad
2810 1417 3061 1485 justitiam
3082 1416 3233 1485 (Gen.
3268 1416 3451 1487 l5.-6).
3472 1418 3612 1473 Fides
3635 1432 3767 1476 autem

2253 1515 2335 1559 est
2358 1520 2501 1574 pura:
2524 1514 2577 1560 et
2593 1506 2815 1561 sincera:
2834 1506 3138 1561 voluntatis.
3156 1506 3357 1561 Obtulit
3379 1508 3557 1570 filium,
3577 1522 3621 1564 et
3636 1529 3769 1581 quam-

2254 1595 2333 1648 vis
2366 1610 2468 1650 non
2497 1596 2773 1663 occiderit,
2794 1599 2994 1667 aceepit
3027 1608 3203 1655 tamen
3227 1600 3521 1655 mercedem
3545 1616 3600 1655 ac
3616 1604 3655 1655 si
3668 1605 3771 1657 occi-

2255 1687 2450 1753 disset;
2472 1700 2527 1744 et
2550 1691 2791 1760 quamvis
2815 1690 3006 1745 factum
3041 1707 3151 1747 non
3181 1701 3324 1748 esset
3344 1693 3605 1761 Opus,data
3625 1704 3691 1748 est
3713 1707 3769 1749 Is-

2252 1794 2372 1833 men
2391 1795 2617 1837 merces.
2638 1782 2757 1837 Sint
2775 1799 2904 1854 ergo
2924 1786 3080 1841 uobis
3105 1786 3222 1841 vela
3251 1786 3471 1853 munda,
3498 1804 3620 1842 nova
3639 1801 3680 1843 et
3696 1806 3771 1845 non

2252 1870 2545 1925 inveterata
2578 1889 2592 1924 ε
2637 1871 2776 1928 Nam
2799 1876 3041 1943 quidquid
3064 1877 3377 1931 inveterain
3407 1888 3453 1931 et
3493 1884 3771 1947 consenescit,

2253 1976 2409 2030 prope
2432 1961 2687 2018 interitum
2716 1976 2791 2019 est
2816 1969 2835 2036 (
2860 1966 3016 2022 Hebr.
3048 1968 3099 2022 8.
3132 1969 3198 2023 l3
3220 1970 3270 2040 ):
3306 1986 3412 2023 non
3441 1970 3678 2040 perforata
3703 1988 3773 2036 ,ut

2252 2051 2561 2108 contineant
2573 2056 2951 2125 operationem
2962 2060 3193 2127 Spiritus
3224 2075 3237 2115 :
3272 2061 3519 2115 Animalis
3538 2063 3663 2116 enim
3683 2103 3696 2128 ,
3719 2064 3775 2116 in-

2254 2144 2387 2209 quit,
2404 2144 2551 2199 Iiomo
2568 2162 2667 2200 non
2683 2150 2817 2214 capit
2843 2165 2901 2201 ea
2926 2165 3034 2218 qua
3053 2161 3169 2203 sunt
3196 2151 3422 2221 Spiritus
3439 2152 3484 2224 (l
3502 2152 3771 2207 .Cor.2.lli.

2254 2233 2401 2289 Sicut
2416 2237 2558 2292 enim
2581 2238 2699 2293 telas
2716 2254 3029 2295 aranearum
3051 2241 3152 2295 vim
3174 2243 3315 2296 venti
3342 2258 3450 2297 non
3466 2247 3771 2313 susceperint;

2257 2326 2326 2379 ita
2352 2340 2451 2381 nec
2480 2327 2657 2382 anima
2682 2328 2839 2399 hujus
2867 2331 2987 2385 vitm
3013 2331 3155 2385 curis
3183 2332 3384 2398 dedita,
3414 2348 3509 2388 nec
3537 2334 3673 2389 homo
3695 2340 3775 2389 aui.

2256 2417 2409 2471 malis
2437 2418 2631 2487 poterit
2656 2435 2905 2490 umquam
2932 2422 3203 2491 suscipere
3229 2424 3458 2492 gratiam
3486 2423 3701 2493 Spiritus.
3721 2426 3775 2479 Αιι

2258 2509 2364 2564 illis
2394 2510 2538 2565 enim
2570 2510 2699 2564 nihil
2726 2510 2927 2565 distant
2951 2522 3146 2567 nostra:
3175 2514 3555 2589 cogitationes,
3576 2516 3672 2569 visu
3695 2519 3773 2583 qui

2254 2600 2375 2654 dem
2415 2602 2586 2655 solum
2616 2614 2895 2658 servantes
2923 2606 3361 2674 consequentiam
3391 2646 3407 2670 ,
3438 2606 3641 2675 privata:
3671 2609 3776 2660 omni

2256 2692 2470 2747 virtute.
2499 2691 2603 2747 Sed
2630 2702 2812 2748 nostra
2843 2709 2947 2748 non
2972 2705 3093 2749 sunt
3116 2694 3448 2765 hujusmodi,
3475 2696 3517 2750 si
3538 2696 3775 2766 sapiamus;

2255 2781 2347 2835 sed
2371 2782 2625 2852 quidquid
2656 2782 2920 2847 inciderit,
2939 2794 3121 2838 tenent
3148 2786 3347 2853 omnia,
3376 2796 3433 2841 et
3452 2796 3573 2841 sunt
3590 2786 3779 2841 omnibus

2257 2874 2553 2944 superiora,
2580 2883 2635 2930 et
2659 2876 2848 2945 quovis
2880 2878 2925 2929 la
2950 2893 3069 2944 meo
3096 2877 3337 2933 fortiora.

2328 2967 2627 3038 Spiritualis
2650 2970 2820 3023 omnia
2844 2976 2939 3041 fert
2960 2971 3350 3026 libenter.—Sit
3377 2972 3521 3027 enim
3550 2974 3622 3027 vir
3636 2971 3781 3041 aliquis

2256 3059 2567 3128 spiritualis,
2597 3068 2651 3115 et
2672 3060 2721 3114 ei
2748 3062 3056 3131 contingant
3083 3062 3498 3119 innumerabilia
3525 3063 3647 3118 mala
3663 3073 3705 3118 et
3727 3064 3781 3115 in-

2257 3149 2558 3217 commoda,
2585 3166 2613 3204 a
2638 3151 2782 3205 nullo
2807 3166 2992 3206 eorum
3020 3153 3245 3222 capitur.
3273 3154 3339 3207 Et
3370 3154 3500 3225 quid
3526 3154 3663 3210 dico?
3682 3156 3778 3208 inic-

2258 3253 2405 3298 ratur
2432 3243 2508 3298 illi
2538 3254 2844 3314 paupertas,
2876 3242 3115 3310 morbus,
3143 3249 3506 3307 contumelia,
3539 3248 3781 3307 maledicta,

2259 3334 2510 3403 ludibria,
2534 3336 2721 3406 plagae,
2740 3352 2898 3391 omne
2914 3352 3080 3407 genus
3097 3340 3362 3408 supplicii,
3393 3356 3550 3394 omne
3574 3356 3714 3406 genus
3733 3341 3779 3390 ir-

2258 3427 2474 3483 risionis
2488 3435 2544 3482 et
2562 3428 2865 3498 opprobrii;
2888 3440 2941 3483 at
2972 3438 3237 3501 tamquam
3266 3433 3352 3501 qui
3385 3433 3457 3486 sit
3477 3444 3615 3487 extra
3641 3433 3779 3487 orbem

2262 3528 2417 3573 terra:
2443 3526 2499 3571 et
2522 3517 2660 3573 liber
2683 3519 2751 3573 ab
2792 3521 3040 3575 omnibus
3061 3524 3304 3592 corporis
3330 3523 3710 3586 affectionibus,
3735 3525 3782 3575 in

2259 3609 2434 3665 omnia
2450 3610 2873 3678 irridebit.Quod
2891 3623 3067 3667 autem
3095 3612 3210 3669 haec
3228 3615 3389 3669 verba
3415 3632 3519 3671 non
3546 3625 3715 3670 temere
3724 3615 3783 3683 ja-

2260 3709 2489 3767 ctentur,
2507 3700 2700 3754 multos
2717 3701 2965 3756 existimo
2980 3719 3121 3758 nunc
3142 3720 3353 3773 quoque
3368 3721 3492 3761 esse
3514 3705 3779 3774 hujusmodi,

2262 3800 2318 3844 ut
2339 3806 2401 3844 ex
2430 3790 2496 3844 iis
2514 3792 2601 3859 qui
2625 3805 2683 3845 se
2699 3800 3018 3860 receperunt
3042 3793 3093 3846 in
3115 3793 3460 3850 solitudines.
3482 3795 3581 3849 Sed
3603 3810 3690 3849 non
3707 3802 3780 3852 est.

2262 3882 2431 3950 inquit
2456 3923 2469 3945 ,
2503 3881 2717 3937 mirum.
2761 3882 2872 3952 Ego
2899 3893 3075 3938 autem
3104 3884 3225 3941 dico
3252 3886 3387 3941 tales
3413 3889 3579 3943 etiam
3616 3902 3715 3943 esse
3748 3887 3781 3939 in

2263 3974 2569 4029 civitatibus
2592 4015 2605 4037 ,
2652 3990 2787 4040 quos
2828 3973 3050 4031 minime
3079 3976 3377 4032 existimes.
3412 3978 3469 4034 Si
3500 3979 3577 4034 vis
3615 3987 3780 4039 autem,

2265 4079 2482 4145 possum
2506 4066 2791 4121 ostendere
2814 4067 3021 4137 aliquos
3047 4082 3111 4123 ex
3144 4069 3210 4123 iis
3238 4070 3327 4137 qui
3359 4069 3575 4125 fuerunt
3598 4071 3717 4124 olim.
3738 4069 3781 4121 Et

2263 4167 2319 4211 ut
2360 4158 2625 4226 intelligas
2651 4199 2664 4221 ,
2710 4160 2889 4212 veniat
2937 4160 3027 4213 tibi
3062 4162 3113 4215 in
3154 4170 3391 4218 mentem
3448 4162 3776 4231 Pauluszquid

2267 4268 2373 4308 non
2399 4267 2561 4322 grave
2580 4264 2661 4307 est
2686 4269 2873 4323 passus
2897 4256 2921 4309 ἳ
2949 4255 3074 4326 quid
3097 4271 3202 4310 non
3225 4257 3520 4311 sustinuit?
3541 4257 3626 4312 sed
3650 4253 3777 4307 omnia

2269 4342 2476 4398 ferebat
2501 4343 2729 4400 fortiter.
2764 4346 2917 4401 Hunc
2942 4348 3213 4402 imitemur
3245 4366 3259 4401 :
3292 4347 3365 4402 ita
3387 4349 3532 4403 enim
3555 4348 3780 4417 poterimus

2268 4434 2461 4489 deduci
2515 4436 2582 4490 ad
2622 4446 2809 4505 portus
2836 4439 3155 4511 tranquillos
3183 4454 3299 4495 cum
3347 4440 3531 4493 multis
3558 4434 3779 4491 mercibtﬁ.

2270 4523 2498 4580 Mentem
2520 4540 2648 4597 ergo
2675 4538 2911 4584 nostram
2940 4530 2992 4584 in
3020 4532 3208 4585 caelum
3234 4528 3615 4593 extendamus,
3644 4537 3779 4581 tenes.

2269 4630 2388 4669 mur
2413 4614 2503 4671 illo
2528 4616 2813 4683 desiderio,
2834 4634 2931 4674 nos
2947 4621 3292 4689 conjiciamus
3314 4622 3367 4674 in
3398 4622 3569 4691 ignem
3594 4617 3780 4688 spiritua-

2266 4706 2389 4770 lem,
2412 4705 2627 4764 ﬂamma
2647 4724 2746 4764 nos
2772 4725 3175 4766 conservemus.
3193 4712 3363 4767 Nemo
3383 4713 3636 4766 flammam
3650 4720 3778 4762 secum

2265 4796 2466 4865 terens,
2500 4799 2654 4854 timet
2700 4814 2795 4855 eos
2834 4802 2923 4872 qui
2953 4812 3277 4859 occurrunt:
3308 4804 3423 4859 sive
3462 4806 3532 4859 sit
3574 4797 3779 4865 len,sive

2259 4890 2436 4957 homo,
2463 4893 2574 4947 sive
2600 4894 2772 4963 laquei
2795 4894 3224 4963 innumerabiles,
3245 4898 3498 4967 quamdiu
3527 4899 3667 4953 fueris
3681 4896 3775 4965 igni-

2262 4991 2373 5048 tus,
2400 4984 2578 5036 omnia
2606 4984 2802 5038 cedunt
2824 5026 2837 5048 ,
2869 4987 3045 5039 omnia
3076 4986 3204 5041 dant
3242 4987 3440 5043 locum.
3466 4988 3677 5044 Flamma
3702 5001 3775 5040 non

2259 5082 2433 5142 potest
2464 5073 2613 5139 ferri,
2643 5088 2804 5144 rOgus
2832 5089 2937 5130 non
2966 5086 3143 5146 potest
3173 5078 3412 5145 tolerari,
3445 5082 3614 5134 omnia
3634 5091 3774 5132 consu-

2257 5163 2375 5217 mit.
2415 5161 2529 5218 Hoe
2553 5164 2675 5233 igne
2707 5180 2804 5220 nos
2834 5166 3137 5234 induamus,
3160 5168 3389 5238 gloriam
3418 5172 3685 5226 referamus
3699 5167 3773 5220 Do-

2256 5255 2405 5311 mino
2431 5265 2617 5311 nostro
2641 5256 2769 5312 .lcsu
2809 5257 3047 5325 Christo,
3080 5273 3202 5313 cum
3225 5277 3332 5331 quo
3364 5262 3506 5316 Patri
3534 5260 3669 5316 simul
3689 5272 3771 5313 cum

2256 5354 2442 5402 sancto
2484 5346 2684 5417 Spiritu
2722 5347 2886 5417 gloria
2918 5391 2931 5415 ,
2959 5352 3191 5419 potentia
3239 5361 3290 5406 et
3347 5352 3549 5421 honor,
3588 5364 3703 5407 nunc
3739 5354 3774 5402 et

2258 5454 2499 5510 semper,
2525 5450 2577 5495 et
2602 5440 2650 5495 in
2681 5441 2872 5497 saecula
2900 5442 3237 5500 saeculorum.
3272 5447 3462 5503 Amen.

2045 5676 2383 5693 ’HW"
