3968 6578
258 458 362 526 τὴν
393 454 628 525 δωρεάν.
698 455 810 509 Καὶ
846 455 897 508 τί
952 456 1105 507 ἐστιν
1133 455 1166 523 ἡ
1195 453 1375 524 χάρις,
1404 452 1602 521 φησίν;
1650 453 1715 505 Ἦ
1744 453 1847 521 ἀφο

260 556 380 599 εσις
413 538 520 591 τῶν
567 536 883 609 ἁμαρτιῶν,
934 538 969 606 ή
1024 537 1330 607 κάθαρσις·
1382 534 1522 606 αὕτη
1567 534 1677 607 γὰρ
1731 535 1849 606 μεθ’

262 620 426 689 ἡμῶν
457 623 595 673 ἐστι.
652 620 749 682 Τίς
799 619 929 689 γάρ,
960 620 1144 690 φησὶν,
1176 617 1417 689 ὕϐρικὼς
1439 616 1660 671 δύναται
1687 617 1854 687 φυλά-

262 705 353 769 50:
405 704 504 774 τὴν
553 704 737 774 χάριν,
781 704 879 756 καὶ
910 704 1009 757 οὐκ
1066 702 1356 758 ἀπόλλυσιν
1415 702 1627 771 αὕτήνς
1702 696 1849 766 Οἶον,

262 789 563 857 ἐχαρίσατό
598 805 681 840 σοι
714 787 783 841 τά
806 788 1185 857 ἁμαρτήματα
1216 804 1233 820 ο
1270 785 1385 849 πῶς
1405 781 1499 839 οὖν
1532 785 1684 839 ἔσται
1713 786 1853 856 μετά

264 870 360 923 σοῦ
395 872 431 939 ἡ
478 871 666 940 χάρις,
718 870 1019 935 τουτέστιν,
1076 868 1515 939 ήεῦδοκίμησις,
1579 868 1611 939 ἢ
1669 869 1701 938 ή
1759 866 1852 920 τοῦ

264 954 405 1006 [Iw-:5
414 969 585 1023 ματος
610 954 886 1021 ἐνέργεια.
922 952 988 1006 ἂν
1016 952 1092 1022 μὴ
1118 951 1205 1005 διὰ
1226 950 1571 1019 τῶνάγαθῶν
1600 951 1853 1020 πράξεων

263 1035 439 1105 αὐτὴν
482 1036 796 1105 ὲπισπάσῃ;
860 1034 1031 1088 Τοῦτο
1086 1034 1196 1104 γάρ
1231 1034 1449 1087 πάντων
1492 1035 1664 1088 αῐτιον
1718 1035 1856 1101 ἀγα-

266 1120 402 1184 θῶν,
436 1119 498 1171 τὸ
523 1120 863 1189 παραμένειν
892 1121 1023 1189 ἡμῖν
1052 1121 1140 1172 ἀεὶ
1164 1118 1265 1189 τὴν
1292 1117 1455 1187 χάριν
1475 1116 1568 1170 τοῦ
1603 1116 1854 1186 Πνεύμα-

262 1218 355 1263 τος
380 1218 396 1233 ο
434 1199 576 1269 αῦτη
636 1202 745 1269 γὰρ
793 1202 929 1268 πρὸς
980 1202 1194 1255 ἅπαντα
1223 1201 1369 1270 ἡμᾶς
1399 1202 1610 1271 ὁδηγεῖ,
1665 1197 1856 1270 ὥσπερ

264 1280 358 1339 οὖν
392 1286 524 1337 ὅταν
554 1284 771 1354 άποπτῇ
796 1283 975 1353 ήμῶν,
1009 1283 1305 1339 ἀπόλλυσιν
1333 1283 1480 1353 ἡμᾶς
1504 1283 1597 1335 καὶ
1618 1283 1856 1353 ἐρήμους

270 1384 444 1420 ποιει.

336 1458 408 1516 γ’.
433 1448 527 1519 Μὴ
545 1448 609 1519 δὴ
639 1446 810 1517 αὐτὴν
836 1446 1330 1518 ἀποκρουσώμεθα·
1361 1446 1419 1499 ἐν
1449 1448 1580 1516 ἡμῖν
1610 1446 1717 1516 γάρ
1739 1447 1856 1499 ἐστι

265 1535 363 1586 καὶ
406 1534 590 1601 μένειν
620 1532 811 1602 αὐτὴν,
857 1532 953 1583 καὶ
986 1529 1261 1583 ἀπελθεῖν.
1314 1529 1388 1582 Τδ
1422 1530 1521 1599 μὲν
1567 1531 1696 1599 γάρ,
1728 1531 1857 1582 ὅταν

262 1618 338 1670 τὰ
360 1617 591 1687 οὐράνια
615 1613 979 1684 λογιζώμεθα,
1006 1614 1213 1681 γίνεται
1236 1629 1249 1643 ·
1284 1613 1343 1665 τὸ
1370 1613 1445 1678 δὲ,
1477 1612 1605 1665 ὅταν
1632 1616 1702 1665 τὰ
1738 1612 1859 1680 βιωο

263 1700 419 1753 τικά.
455 1702 525 1752 Ὀ
545 1702 579 1752 ό
600 1700 847 1769 κόσμος,
894 1698 1079 1767 φησὶν,
1111 1699 1184 1750 οὐ
1228 1697 1476 1750 δύναται
1517 1695 1743 1759 λαϐεῖν,
1767 1695 1856 1749 ὅτι

262 1785 340 1837 οὐ
367 1782 575 1851 Θεωρεῖ
596 1783 766 1843 αὐτὸ,
799 1780 941 1835 οὐδὲ
966 1779 1249 1849 γινώσκει
1296 1779 1463 1836 ἁὺτό.
1492 1778 1711 1847 Κόσμον
1765 1777 1856 1830 τὸν

266 1870 507 1937 πονηρὸν
541 1869 634 1921 καί
673 1864 896 1935 αἰσχρὸν
932 1864 1045 1934 βίον
1069 1863 1247 1916 καλεῖ.
1295 1863 1458 1933 Ὁρᾷς
1484 1862 1567 1914 ὅτι
1590 1860 1690 1913 οὑκ
1739 1859 1856 1913 ἐστι

267 1944 545 2015 κοσμικῆς
572 1945 753 2015 ψυχῆς
776 1944 838 1997 τὸ
876 1943 1019 2012 ἐχειν
1040 1942 1207 2007 αὐτό;
1238 1941 1448 2009 Πολλῆς
1499 1939 1677 1991 τοίνυν
1725 1941 1857 2009 ἡμῖν

270 2024 353 2076 δεῖ
373 2025 470 2094 τῆς
503 2025 761 2093 σπουδῆς,
779 2021 920 2075 ὥστε
947 2021 1077 2073 αὐτὸ
1102 2017 1503 2088 κατασχεθῆναι
1525 2020 1656 2088 παρ’
1678 2017 1856 2088 ήμῶν,

274 2104 414 2158 ὥστε
439 2106 618 2159 πάντα
641 2104 709 2159 τὰ
734 2104 901 2175 ήμέτε
912 2119 982 2173 ρα
1011 2103 1336 2170 οἰκονομεῖν,
1370 2101 1466 2153 καὶ
1492 2100 1551 2151 ἐν
1583 2099 1859 2169 ἀσφαλείᾳ

273 2190 447 2241 ποιεῖν
474 2189 571 2243 καὶ
599 2191 657 2241 ἐν
704 2189 896 2259 εἰρήνῃ
931 2184 1119 2255 πολλῇ.
1152 2185 1365 2255 Ὠσπερ
1396 2182 1505 2253 γὰρ
1537 2182 1634 2254 τὴν
1664 2181 1722 2246 ἐξ
1771 2181 1862 2234 ού-

276 2272 407 2342 ρίων
423 2271 587 2324 πλέον
597 2289 693 2324 σαν
707 2270 838 2323 ναῦν
859 2270 958 2322 οὐκ
985 2268 1131 2321 ἔστιν
1154 2264 1275 2319 οὔτε
1305 2264 1719 2337 ἐμωδισθῆναι,
1735 2263 1860 2318 οῦτε

277 2355 663 2424 βαπτισθῆναι,
687 2353 793 2417 ἕως
825 2352 891 2405 ἂν
926 2350 1173 2424 ἀπολαύῃ
1204 2348 1380 2414 δεξιοῦ
1414 2348 1511 2401 τοῦ
1550 2346 1860 2417 πνεύματος

273 2440 372 2492 καὶ
402 2436 709 2508 διηνεκοῦς,
739 2435 877 2490 ἀλλά
926 2435 1022 2487 καὶ
1061 2432 1260 2503 πολλὴν
1293 2430 1433 2501 μετά
1479 2431 1579 2501 τὴν
1635 2429 1860 2484 κάθοδον

277 2522 567 2586 ἐπιδόσεως
594 2521 756 2587 δόξαν
810 2518 1109 2589 παρέχεται
1141 2518 1255 2577 τοῖς
1281 2531 1341 2567 τε
1385 2513 1627 2577 ναύταις,
1656 2515 1770 2577 τοῖς
1796 2530 1857 2566 τε

268 2605 582 2669 ἐπιϐάταις,
626 2604 755 2668 τοὺς
815 2604 912 2673 μὲν
965 2598 1395 2661 διαναπαύουσα,
1432 2598 1525 2652 καὶ
1579 2598 1680 2650 οὐκ
1712 2597 1859 2650 ἐῶσα

271 2692 393 2751 ταῖς
416 2687 630 2748 κώπαις
652 2686 1183 2757 προσταλαιπωρεῖν,
1206 2684 1333 2746 τοὺς
1358 2681 1413 2734 δὲ
1453 2680 1654 2753 παντὸς
1683 2682 1861 2735 ἀπαλ-

269 2770 539 2825 λάττουσα
568 2771 750 2834 δέους,
780 2769 877 2822 καὶ
910 2768 1089 2836 θέαμα
1121 2766 1343 2837 ἣδιστον
1369 2764 1462 2818 τὸν
1487 2765 1659 2835 αὐτῆς
1710 2782 1857 2836 παρ-

267 2854 505 2924 εχομένη
526 2854 731 2924 δρόμον
752 2870 766 2883 ·
796 2852 939 2906 οὕτω
960 2853 1053 2905 καὶ
1086 2848 1234 2919 ψυχὴ
1258 2846 1336 2918 τῷ
1364 2846 1493 2918 θείῳ
1509 2848 1856 2918 ὠχυρωμένη

268 2936 570 3007 Πνεύματι,
605 2937 825 2998 πάντως
853 2935 949 3005 μέν
976 2936 1125 2986 ἐστιν
1151 2930 1400 3000 ἀνωτέρα
1420 2930 1527 2984 τῶν
1548 2931 1855 3002 τρικυμιῶν

264 3020 378 3073 τῶν
407 3020 703 3090 βιωτικῶν,
730 3020 832 3089 τὴν
856 3019 911 3072 δὲ
936 3018 1030 3071 ἐπὶ
1057 3016 1148 3070 τδν
1171 3015 1403 3085 οὐρανὸν
1445 3014 1715 3083 φέρουσαν
1740 3015 1859 3068 ὁδὸν

266 3105 630 3176 σφοδρότερον
678 3104 895 3174 ἐκείνης
952 3101 1136 3171 τέμνει
1183 3098 1284 3168 τῆς
1313 3100 1467 3161 νεὼς,
1499 3097 1594 3151 ἅτε
1645 3098 1743 3168 οὐχ
1768 3098 1858 3151 ὑπ’

263 3187 470 3257 ἀνέμου
502 3186 1012 3259 παραπεμπομένη,
1043 3183 1159 3237 ἀλλ’
1188 3182 1280 3236 ὑπ’
1312 3182 1478 3235 αὑτοῦ
1527 3180 1621 3236 τοῦ
1669 3182 1859 3253 Παρα-

262 3273 466 3341 κλήτου
496 3270 914 3343 πεπληρωμένα
944 3267 1142 3337 ἔχουσα
1160 3264 1229 3319 τὰ
1260 3264 1403 3318 ἱστία
1432 3264 1609 3318 πάντα
1638 3264 1733 3317 καὶ¹
1762 3281 1861 3317 κα-

263 3355 433 3422 Θαρὶι,
447 3356 543 3409 καὶ
558 3350 668 3408 πᾶν
684 3352 876 3424 χαῦνον
897 3350 991 3405 καὶ
1008 3347 1387 3418 διαλελυμένον
1409 3345 1659 3399 ἐκϐάλλει
1685 3348 1748 3399 ἐκ
1761 3346 1859 3413 τῆς

263 3438 419 3511 [ειη
446 3438 688 3501 διανοίας
722 3436 821 3506 τῆς
844 3433 1143 3505 ἡμετέρας.
1174 3432 1384 3500 Ὠσπερ
1418 3429 1526 3500 γὰρ
1554 3430 1634 3492 είς
1665 3428 1862 3499 χαῦνον

264 3510 437 3574 ἱστίον
457 3522 755 3591 ἐμπίπτων
773 3519 802 3571 ὁ
822 3519 1040 3588 ἄνεμος,
1064 3516 1163 3569 οὐκ
1182 3515 1247 3569 ἂν
1274 3514 1623 3583 ἐνεργήσειεν
1650 3527 1664 3542 ·
1683 3510 1861 3575 οὕτως

265 3606 391 3659 οὐδὲ
431 3604 493 3658 τὸ
521 3602 750 3673 Πνεῦμα
773 3602 856 3664 είς
887 3599 1097 3671 χαύνην
1135 3597 1317 3667 ψυχὴν
1375 3595 1715 3667 παραμένειν
1766 3596 1859 3648 ἀν·-

259 3688 474 3756 ἐχεται,
523 3685 665 3741 άλλά
691 3686 773 3739 δεῖ
818 3684 1016 3754 πολλῆς
1046 3682 1143 3753 τῆς
1186 3682 1412 3747 τάσεως,
1436 3680 1533 3750 τῆς
1565 3678 1862 3749 σφοδρότη-

268 3787 383 3834 τος.

331 3853 503 3907 Ὥστε
534 3848 945 3920 πεπυρωμένην
976 3847 1110 3917 ἡμῖν
1136 3840 1277 3898 εἶναι
1312 3842 1418 3914 χρὴ
1472 3842 1571 3914 τὴν
1596 3842 1858 3909 διάνοιαν,

257 3936 356 3990 καὶ
419 3932 703 4003 πανταχοῦ
755 3929 1012 3986 τετάσθαι
1073 3927 1232 3998 ήμῶν
1264 3927 1332 3979 τά
1370 3926 1506 3997 ἔργα
1556 3928 1651 3979 καί¹
1710 3943 1863 3979 τετο-

256 4018 511 4072 νῶσθαι·
542 4012 826 4080 οἶον,ὃταν
881 4010 1190 4081 εὐχώμεθα,
1262 4007 1401 4078 μετά
1432 4006 1654 4078 ,πολλῆς
1703 4006 1862 4084 τοῦτο

254 4102 358 4170 τῆς
382 4101 601 4161 τάσεως
617 4098 698 4150 δεῖ
719 4098 913 4160 ποιεῖν,
939 4092 1326 4153 ἀποτείνοντας
1352 4090 1487 4160 πρὸς
1511 4089 1602 4142 τὸν
1631 4089 1860 4159 οὐρανὸν

256 4185 360 4254 τὴν
416 4181 619 4252 ψυχὴν,
680 4179 743 4233 οὐ
794 4178 1078 4247 σχοινίοις,
1126 4174 1264 4228 ἀλλά
1319 4172 1597 4243 προθυμίᾳ
1634 4172 1859 4242 σφοδρᾷ.

262 4268 438 4320 Ὅταν
497 4263 744 4329 ἐλεῶμεν
796 4260 983 4321 πάλιν,
1038 4258 1252 4320 τάσεως
1290 4259 1422 4327 ἡμῖν
1477 4256 1577 4319 δεῖ,
1642 4256 1854 4326 μήποτε

260 4352 490 4421 φροντὶς
521 4348 724 4409 οἰκίας,
752 4346 847 4399 καὶ
885 4340 1191 4413 προστασία
1219 4340 1448 4404 παίδων,
1480 4340 1575 4393 καὶ
1598 4339 1856 4407 γυναικὸς

262 4434 584 4501 ἐπιμέλεια,
620 4430 715 4483 καὶ
742 4427 861 4490 δέος
893 4424 1082 4487 πενίας
1126 4421 1459 4486 ἐπεισελθὸν,
1495 4422 1750 4495 χαυνώσῃ
1794 4422 1854 4475 τὸ

268 4516 457 4569 ἰστίον.
489 4515 591 4567 ’Δν
617 4512 726 4583 γάρ
753 4514 818 4581 τῇ
847 4509 955 4563 τῶν
1004 4507 1304 4575 μελλόντων
1358 4506 1537 4558 ἐλπίδι
1588 4506 1853 4577 τείνωμεν

268 4598 403 4651 αὐτὸ
430 4595 722 4659 πάντοθεν,
747 4593 928 4655 καλῶς
956 4592 1175 4660 δέχεται
1229 4589 1323 4643 τοῦ
1384 4588 1701 4658 Πνεύματος
1759 4590 1857 4660 τὴν

269 4682 555 4751 ἐνέργειαν
578 4695 593 4709 ·
626 4675 849 4731 ἐκείνων
872 4676 929 4729 δὲ
948 4674 1059 4727 τῶν
1079 4674 1359 4744 ἐπικήρων
1382 4675 1475 4726 κα)⁵
1496 4671 1857 4743 ταλαιπώρων

269 4764 419 4817 οὐδὲν
452 4764 536 4824 είς
566 4760 739 4831 αὐτὴν
766 4760 1111 4828 ἐμπεσεῖται,
1144 4756 1277 4809 ἀλλά
1298 4754 1400 4808 κᾶν
1427 4755 1664 4829 ἐμπέσῃ,
1684 4756 1857 4825 αὐτὴν

277 4848 371 4917 μὲν
392 4846 550 4900 οὐδὲν
603 4842 859 4911 ἔϐλαψεν,
918 4838 1267 4910 ἀπεκρούσθη
1296 4838 1352 4892 δὲ
1373 4839 1579 4909 ταχέως
1602 4837 1681 4909 τῷ
1736 4856 1858 4891 στε-

274 4929 421 5000 γανῷ
459 4929 558 4982 καὶ
607 4926 862 4992 ἐξέπεσεν
896 4921 1273 4992 άποτιναχθέν.
1333 4921 1432 4974 Διά
1481 4921 1640 4975 τοῦτο
1681 4921 1861 4975 τοίνυν

278 5014 475 5084 πολλῆς
506 5011 641 5081 ἡμῖν
661 5010 744 5062 δεῖ
774 5008 877 5077 τῆς
913 5006 1125 5069 τάσεως
1150 5022 1163 5035 ·
1197 5004 1292 5059 καὶ
1323 5004 1435 5076 γὰρ
1463 5006 1556 5057 καὶ
1578 5005 1739 5074 ἡμεῖς
1772 5004 1861 5059 θά-

275 5096 469 5150 λατταν
504 5093 743 5163 πλέομεν
774 5090 1016 5161 μεγάλην
1036 5089 1131 5143 καὶ
1158 5087 1492 5161 εὐρύχωρον,
1517 5087 1730 5142 πολλῶν
1760 5088 1862 5160 μὲν

280 5180 478 5251 θηρίων
505 5175 802 5247 γέμουσαν,
830 5173 1042 5228 πολλῶν
1069 5174 1127 5228 δὲ
1172 5172 1473 5236 σκοπέλων,
1524 5173 1752 5237 πολλοὺς
1801 5173 1859 5227 δὲ

279 5263 403 5333 ἡμῖν
432 5260 710 5333 χειμῶνας
742 5258 1050 5325 τίκτουσαν,
1079 5256 1175 5313 καὶ
1208 5256 1265 5323 ἐξ
1290 5256 1506 5327 αἰθρίας
1543 5256 1714 5329 μέσης
1764 5273 1861 5327 χα-

1011 338 1077 395 IN
1121 337 1339 395 EPIST.
1380 337 1472 393 AD
1513 335 1877 393 HEBREOS.
1914 338 2068 394 CAP.
2111 338 2254 395 XIII.
2297 340 2530 396 HUMIL.
2573 338 2813 396 XXXIV.

3424 336 3533 394 236

1952 455 2270 525 λεπωτάτην
2309 456 2476 527 ζάλην
2524 459 2939 531 ἐπεγείρουσαν.
3011 458 3099 510 Δεῖ
3130 456 3333 519 τοίνυν,
3386 457 3441 510 εί
3468 474 3533 526 γε

1956 538 2278 610 βουλοίμεθα
2325 539 2463 609 μετά
2513 540 2813 613 εὐμαρείας
2858 541 3011 595 πλεῖν
3061 541 3156 594 καὶ
3212 540 3533 605 ἀκινδύνως,

1951 621 2149 675 τείνειν
2172 621 2240 674 τὰ
2263 622 2428 685 ἱστία,
2458 624 2726 687 τουτέστι,
2752 625 2853 695 τὴν
2892 624 3214 695 προαίρεσιν
3244 623 3346 693 τὴν
3398 625 3538 692 ἠμε-

1952 705 2116 774 τέραν
2139 721 2153 736 ο
2179 706 2341 776 ἀρκεῖ
2364 706 2471 775 γὰρ
2502 708 2632 775 ήμῖν
2660 706 2816 760 τοῦτο
2843 723 2855 736 ·
2895 709 3017 759 ἐπεὶ
3066 706 3161 759 καὶ
3189 706 3218 757 ὁ
3262 706 3535 775 Ἀϐραάμ,

1954 788 2141 860 ἐπειδὴ
2164 788 2253 842 τὸν
2278 788 2439 841 πόθον
2466 791 2636 842 ἔτεινε
2660 789 2795 858 πρὸς
2814 789 2904 842 τὸν
2934 790 3085 853 Θεὸν,
3109 790 3204 842 καὶ
3228 788 3326 859 τὴν
3351 791 3537 861 προαί-

1959 886 2105 940 ρεσιν
2135 872 2479 941 παρέστησεν
2504 871 2942 942 ἀπηρτισμένην,
2975 872 3120 934 τίνος
3157 871 3344 943 ἐτέρου
3383 872 3535 942 ἐδεή-

1956 953 2062 1021 θη;
2113 953 2356 1018 οὐδενός,
2390 955 2507 1007 ἀλλ’
2553 955 2912 1008 Ἐπίστευσε
2962 952 3041 1018 τῷ
3063 954 3207 1019 Θεῷ,
3257 954 3355 1008 καὶ
3401 955 3539 1008 ἐλο-

1955 1037 2133 1105 γίσθη
2156 1035 2317 1101 αὺτῷ
2344 1038 2429 1102 εἰς
2454 1036 2874 1103 δικαιοσύνην.
2919 1037 2981 1088 Ἡ
3013 1036 3069 1088 δὲ
3096 1036 3281 1098 πίστις
3342 1054 3539 1100 προαι-

1959 1119 2162 1183 ρέσεως
2206 1118 2434 1188 γνησίας
2471 1118 2639 1172 ἐστίν.
2684 1118 2975 1187 Ἀνήνεγκε
3028 1116 3119 1169 τὸν
3152 1117 3285 1183 υἱὸν,
3312 1118 3405 1170 καὶ
3464 1116 3539 1187 μὴ

1959 1198 2188 1269 σφάξας,
2244 1201 2341 1271 τὴν
2387 1200 2480 1253 τοῦ
2531 1201 2834 1267 σφάξαντος
2880 1198 3117 1269 ἀμοιϐὴν
3142 1198 3378 1264 ἐδέξατο,
3443 1200 3540 1252 καὶ

1955 1284 2048 1335 τοῦ
2098 1283 2261 1353 ἔργου
2322 1283 2397 1353 μὴ
2447 1283 2740 1353 γενομένου
2798 1285 2826 1336 ὁ
2856 1282 3044 1351 μισθὸς
3099 1281 3320 1334 ἐδίδοτο.
3354 1282 3537 1334 Ἔστω

1955 1365 2134 1418 τοίνυν
2165 1367 2297 1435 ἡμῖν
2335 1366 2549 1435 καθαρά
2598 1366 2693 1419 καὶ
2717 1365 2880 1418 καινά
2911 1365 2980 1417 τά
3040 1362 3206 1427 ἱστία,
3236 1364 3311 1433 μὴ
3358 1380 3540 1415 πεπα-

1956 1448 2265 1518 λαιωμένα·
2305 1448 2434 1504 Πᾶν
2461 1448 2571 1517 γὰρ
2610 1448 2675 1500 τὸ
2708 1449 3159 1515 παλαιούμενον
3216 1443 3313 1499 καὶ
3358 1445 3539 1513 γγΠπί-

1958 1552 2114 1589 (mor
2132 1535 2305 1605 ἐγγὺς
2332 1534 2699 1604 ἀφανισμοῦ·
2722 1533 2798 1603 μὴ
2823 1533 3220 1604 ἐκτετρημένα,
3250 1532 3391 1585 ὥστε
3415 1533 3539 1585 στέ-

1958 1638 2074 1687 γειν
2093 1619 2186 1673 τοῦ
2232 1617 2545 1689 Πνεύματος
2600 1619 2698 1687 τὴν
2731 1617 3057 1687 ἐνέργειανο
3110 1615 3378 1685 Ψυχικὸς
3430 1615 3541 1685 γάρ

1962 1703 2290 1770 ἅνθρωπος,
2314 1704 2498 1771 φησὶν,
2524 1704 2597 1755 οὐ
2625 1700 2862 1769 δέχεται
2911 1700 2984 1752 τὰ
3006 1698 3112 1752 τοῦ
3170 1699 3538 1767 Πνεύματος.

1964 1789 2173 1858 Ὥσπερ
2206 1787 2315 1856 γάρ
2342 1786 2411 1840 τά
2437 1786 2544 1838 τῶν
2567 1783 2819 1854 ἀραχνῶν
2867 1782 3167 1852 ὑφάσματα
3222 1781 3541 1850 Πνεύματος

1964 1868 2144 1940 ῥύμην
2171 1869 2271 1921 οὐκ
2320 1867 2387 1921 ἂν
2426 1868 2671 1932 δέξαιτο’
2710 1865 2883 1929 οὓτως
2909 1866 3031 1920 οὐδὲ
3083 1864 3230 1935 ψυχὴ
3287 1862 3537 1932 βιωτικὴ,

1962 1953 2082 2006 ούδέ
2129 1951 2417 2019 ἄνθρωπος
2450 1950 2679 2019 ψυχικὸς
2719 1948 3039 2018 Πνεύματος
3080 1948 3243 2018 χάριν
3281 1944 3538 2011 δέξασθαι

1962 2035 2249 2106 δυνήσεταί
2303 2050 2454 2087 ποτε.
2504 2033 2760 2086 Ἐκείνων
2804 2032 2915 2101 γὰρ
2972 2032 3124 2085 οὐδὲν
3187 2031 3540 2099 διεστήκασιν

1964 2119 2120 2190 ἡμῶν
2148 2120 2198 2172 οἰ
2224 2117 2495 2186 λογισμοὶ,
2536 2116 2656 2183 ὄψει
2699 2115 2797 2186 μὲν
2837 2115 2996 2185 μόνον
3053 2111 3376 2168 ἀκολουθίαν
3437 2110 3539 2164 σώο

1964 2203 2171 2266 ζοντες,
2214 2200 2500 2270 δυνάμεως
2548 2199 2605 2253 δὲ
2656 2198 3094 2269 ἀπεστερημένοι
3157 2196 3362 2263 πάσης.
3396 2193 3540 2247 Ἀλλ’

1964 2286 2117 2360 [⁸518]
2162 2286 2221 2341 ού
2247 2284 2315 2339 τά
2358 2284 2605 2355 ἡμέτερα
2655 2282 2899 2349 τοιαῦτα,
2937 2282 3031 2335 ἐὰν
3072 2281 3332 2351 νήφωμεν
3357 2294 3370 2309 ·
3404 2276 3541 2360 ἀλλά

1963 2359 2104 2441 δπερ
2128 2368 2192 2423 ἂν
2226 2368 2460 2440 ἐμπέσῃ,
2496 2367 2674 2420 πάντα
2737 2365 2941 2433 στέγει,
2972 2362 3072 2418 καὶ
3123 2362 3341 2415 πάντων
3390 2359 3541 2412 ἐστὶν

1961 2452 2251 2523 ἀνώτερος,
2284 2450 2461 2521 πάσης
2489 2449 2695 2517 ἴλιγγος
2736 2448 3103 2519 ἰσχυρότερος.

2037 2535 2221 2590 Ἔστω
2245 2535 2352 2604 γάρ
2379 2550 2462 2595 τις
2511 2531 2881 2602 πνευματικὸς
2910 2530 3071 2600 ἀνὴρ,
3096 2528 3189 2581 καὶ
3226 2526 3397 2598 μυρία
3438 2524 3539 2578 αὐ-

1960 2619 2039 2689 τῷ
2066 2616 2423 2689 συμπιπτέτω
2446 2613 2597 2669 δεινά
2615 2631 2628 2646 ο
2656 2614 2771 2669 ἀλλ’
2793 2612 2969 2667 οὐδενὶ
3004 2612 3208 2665 τούτων
3238 2610 3539 2664 ἁλίσκεται.

1961 2704 2072 2759 Καὶ
2109 2702 2161 2756 τί
2183 2702 2365 2769 λέγω;
2394 2698 2684 2768 ἐπαγέσθω
2733 2697 2915 2759 πενία,
2946 2696 3121 2760 νόσος,
3187 2693 3396 2764 ὕϐρεις,
3429 2692 3542 2744 λοι-

1960 2787 2157 2858 δορίαι,
2194 2783 2529 2854 σκώμματα,
2580 2782 2805 2853 πληγαὶ,
2874 2781 2983 2833 πᾶν
3037 2779 3174 2843 εἶδος
3238 2777 3539 2836 κολάσεως,

1960 2874 2071 2927 πᾶν
2121 2870 2260 2934 είδος
2300 2867 2591 2939 χλευασίας
2642 2868 2733 2923 καὶ
2790 2864 3112 2933 ὀνειδισμῶν
3163 2862 3257 2915 καί
3294 2858 3536 2931 ὕϐρεωνο

1966 2954 2081 3009 ἀλλ’
2114 2952 2305 3022 ὥσπερ
2336 2952 2492 3014 ἐκτὸς
2537 2950 2612 3003 ὢν
2640 2950 2741 3020 τῆς
2772 2947 3100 3019 οἰκουμένης
3157 2945 3252 2999 καὶ
3299 2942 3407 2996 τῶν
3447 2939 3540 2993 τοῦ

1963 3036 2216 3107 σώματος
2244 3034 2668 3105 ἀπηλλαγμένος
2706 3030 2919 3095 παθῶν,
2954 3027 3129 3091 οὕτως
3161 3026 3419 3081 ἀπάντων
3443 3038 3542 3107 κα-

1960 3105 2339 3188 ταγελάσεται.
2390 3118 2501 3170 Καὶ
2541 3115 2712 3169 ὅτιού
2767 3112 3088 3188 κόμπος,τά
3124 3111 3369 3181 ῥήματα,
3416 3105 3544 3159 πολ-

1958 3186 2085 3266 λοίῗς
2123 3202 2222 3272 μὲν
2266 3195 2419 3268 οἶμαι
2475 3193 2615 3252 εἷναι
2659 3196 2755 3250 καὶ
2788 3195 2920 3249 νῦν·
2960 3186 3093 3258 οἷον,
3126 3191 3234 3245 τῶν
3261 3191 3359 3254 τάς
3410 3190 3542 3272 ἐρη-

1964 3286 2094 3354 μίας
2127 3270 2568 3352 κατειληφότων.
2610 3279 2751 3333 Ἀλλ’
2798 3278 2951 3331 οὐδὲν
2991 3273 3325 3349 θαυμαστὸν,
3356 3270 3542 3354 φησίν.

1973 3368 2115 3436 Ἐγὼ
2141 3367 2197 3421 δὲ
2240 3366 2403 3434 λέγω,
2433 3364 2663 3417 καὶτῶν
2695 3363 2753 3415 ἐν
2784 3364 2904 3424 ταῖς
2964 3360 3185 3413 πόλεσιν
3238 3353 3543 3436 ἀνυπονοή-

1959 3434 2087 3515 τους
2119 3450 2318 3521 ἄνδρας
2364 3443 2505 3502 εἶναι
2534 3446 2834 3509 τοιούτους.
2890 3444 2957 3499 Et
2979 3443 3037 3495 δὲ
3073 3440 3275 3511 βούλει,
3312 3434 3544 3521 καίᾼτῶν

1963 3536 2131 3591 πάλαι
2171 3519 2325 3597 τινάς
2376 3530 2642 3596 ἐπιδεῖξαι
2702 3529 3025 3600 δυνήσομαι.
3062 3524 3175 3579 Καὶ
3227 3524 3313 3575 ἵνα
3340 3519 3539 3600 μάθῃς,

1961 3620 2131 3672 ἐννόει
2184 3634 2274 3688 μοι
2311 3614 2403 3669 τδν
2436 3613 2649 3667 Παῦλον
2674 3628 2688 3642 ’
2711 3612 2764 3665 τί
2797 3598 2893 3682 μὲν
2914 3598 2917 3599 ν
2938 3610 3040 3663 οὐκ
3062 3606 3231 3661 ἔπαθε
3261 3602 3455 3688 δεινδν,
3488 3598 3543 3652 τί

1960 3704 2016 3756 δὲ
2042 3703 2140 3771 οὐχ
2167 3685 2410 3769 ῦπέστης
2438 3694 2576 3750 ἀλλά
2620 3695 2799 3749 πάντα
2826 3693 2987 3763 ἔφερε
3019 3690 3308 3760 γενναίως.
3340 3685 3543 3771 τοῦτον
3595 3712 3601 3719 -

1960 3785 2023 3855 δὴ
2047 3767 2417 3854 μιμησώμεθα
2437 3780 2531 3833 καὶ
2551 3781 2715 3851 ἡμεῖς
2732 3792 2749 3808 ⁸
2778 3775 2923 3830 οὕτω
2944 3775 3054 3847 γὰρ
3086 3767 3547 3855 δυνησόμεθαᾲκαὶ

1961 3850 2189 3921 ἐνώπιον
2207 3850 2301 3918 105
2332 3861 2467 3917 Θεοῦ
2492 3860 2879 3934 εὐαρεστῆσαι,
2896 3860 2992 3914 καὶ
3019 3858 3156 3929 πρὸς
3173 3857 3297 3918 τοὺς
3320 3850 3545 3923 λιμένας

1963 3948 2303 4021 καταχθῆναι
2356 3946 2485 4011 τοὺς
2510 3943 2804 4006 εὐδιεινοὺς
2860 3940 2998 4011 μετά
3048 3938 3252 4007 πολλῆς
3288 3936 3389 4021 τῆς
3447 3934 3555 4021 ἐμκ

1963 4013 2509 4104 πορίαςίτείνωμεν
2554 4025 2737 4080 τοίνυν
2790 4023 2891 4095 τὴν
2913 4023 3151 4104 διάνοιαν
3199 4018 3356 4104 ἡμῶν
3410 4013 3548 4104 πρὸς

1960 4094 2054 4171 105
2100 4094 2348 4185 ούρανὸν,
2397 4094 2474 4182 τῷ
2522 4109 2672 4180 πόθῳ
2719 4094 3151 4177 κατασχεθῶ’μεν
3199 4100 3413 4185 ἐκείνη),
3468 4094 3548 4185 τῶ

1963 4198 2096 4269 πυρὶ
2142 4180 2529 4269 περιϐάλωμεν
2610 4191 2839 4253 ἐαυτοῦς
2888 4188 2968 4259 τῷ
3031 4181 3409 4269 πνευματικίξῃ
3477 4180 3546 4249 τῇ

1964 4267 2120 4351 φλογὶ
2167 4267 2570 4349 διαζώσωμενι
2598 4273 2847 4338 ἑαυτούς.
2882 4272 3072 4335 Οὐδεὶς
3124 4270 3300 4340 φλόγα
3361 4267 3550 4351 ἐπιφε-

1964 4346 2189 4439 ρόμενος
2209 4364 2413 4417 δέδοικε
2426 4346 2557 4425 *τοὺς
2586 4358 2944 4421 ἀπαντῶντας
2969 4372 2984 4388 ⁸
3009 4355 3109 4410 κᾶν
3148 4353 3336 4424 θηρίον
3358 4346 3414 4423 ᾖ,
3444 4347 3550 4439 κᾶν

1961 4431 2264 4519 ἀνθρωπος,
2321 4446 2425 4500 κᾶν
2480 4442 2671 4515 μυρίαι
2723 4442 2971 4510 παγίδες,
3014 4440 3121 4503 ἓως
3155 4431 3551 4519 πεπυρωμένος

1960 4528 2019 4607 ᾗ,
2049 4517 2226 4585 πάντα
2260 4528 2635 4594 ὑπεξίσταται,
2697 4526 2875 4580 πάντα
2919 4524 3261 4595 παραχωρεῖ.
3305 4517 3552 4607 Ἀνύποιο

1965 4600 2088 4679 010;
2118 4618 2151 4685 ἡ
2204 4614 2354 4684 φλὸξ,
2406 4612 2679 4683 ἀφόρητος
2722 4612 2754 4680 ή
2790 4609 2958 4679 πυρὰ,
3020 4607 3198 4659 πάντα
3250 4600 3545 4657 καταναλί-

1965 4718 2109 4755 σκει.
2135 4698 2306 4754 T0510
2345 4697 2407 4750 τὸ
2435 4695 2548 4766 1159
2577 4693 2961 4764 περιϐάλωμεν
2998 4691 3249 4751 ἑαυτοὺς,
3274 4688 3368 4740 καὶ
3393 4685 3551 4749 δόξαν

1964 4782 2378 4853 ἀναπέμψωμεν
2409 4780 2489 4850 τῷ
2539 4778 2727 4849 Κυρίῳ
2748 4776 2907 4848 ἡμῶν
2958 4773 3132 4845 Ἰησοῦ
3161 4770 3403 4842 Χριστῷ,
3433 4768 3552 4839 μεθ’

1964 4864 2026 4922 05
2055 4865 2131 4936 τῷ
2163 4866 2358 4935 Πατρὶ,
2388 4865 2504 4935 ἃμα
2549 4862 2629 4932 τῷ
2656 4860 2797 4931 ἀγίῳ
2826 4859 3125 4928 Πνεύματι,
3150 4855 3299 4921 δόξα.
3332 4854 3550 4923 κράτος,

1964 4949 2119 5020 τιμὴ,
2142 4949 2237 5002 νῦν
2271 4948 2367 5003 καὶ
2395 4947 2503 5012 ἀεὶ,
2529 4944 2625 4999 καὶ
2656 4944 2737 5008 εἰς
2781 4942 2909 5005 τοὺς
2940 4940 3145 5003 αίῶνας
3172 4938 3281 4992 τῶν
3318 4937 3550 4992 αἰώνων.

1981 5035 2174 5103 Ἀμήν.

2029 5210 2052 5235 ⁸
2077 5206 2394 5267 Διαζώσωμεν
2416 5200 2650 5267 Βαγὶιὶιιβ.
2674 5198 2991 5267 [θεερεειιῑ-
3006 5198 3341 5267 διᾳὴσώζωμιῑν,
3363 5200 3417 5245 οι
3442 5206 3552 5243 mox

1966 5260 2263 5323 ἀπατῶντας.
2286 5260 2470 5317 Veram
2496 5260 2768 5315 lectionem
2792 5260 2933 5311 dedit
2960 5260 3119 5311 Savil.
