3926 6406
193 300 277 358 ης
822 290 1136 348 norum
1192 289 1435 347 scuoL.
1498 274 2058 347 lNTERPRETE.-—
2088 291 2239 347 CAP.
2270 292 2323 359 γι.
2354 291 2601 351 Home.
2643 292 2685 348 ι.
3262 298 3372 355 ςιο

234 395 283 451 2.
313 385 409 448 Ubi
438 384 583 442 sunt
611 380 727 455 qui
758 378 977 459 dicunt
1008 398 1022 459 ξ
1055 379 1209 459 Erat
1245 378 1506 459 quando
1536 397 1664 459 non
1710 382 1890 440 erat?
1918 383 2065 441 Post
2105 382 2236 441 haec
2273 382 2757 459 gradationibus
2788 380 3173 457 quibusdam
3215 387 3355 444 ele-

171 476 359 553 ganter
393 467 565 553 utens
588 503 620 553 ,Ι
636 457 924 553 pervenit
947 456 1027 553 ed
1073 457 1358 553 id‘quod'
1373 457 1675 553 omnibus
1706 459 1841 548 istis
1873 460 2074 553 multo
2110 456 2316 550 majus
2348 466 2480 553 est:
2517 466 2581 520 et
2617 460 2905 553 insonuit
2930 459 3149 522 dicens
3184 482 3199 519 :
3246 464 3373 537 Qui

167 534 241 612 is!
264 538 529 623 splendor
557 535 774 613 gloriae
810 543 871 623 et
916 534 1233 595 character
1260 534 1622 623 substentiee
1661 538 1837 623 ejus,
1876 539 2085 623 ferens
2106 534 2313 623 omiiie
2350 537 2532 599 verba
2580 538 2839 623 virtutis
2879 557 3041 623 sure,
3086 558 3206 619 per
3226 534 3377 623 eum

166 614 577 689 mundationem
602 622 1003 696 peccatorum
1028 622 1389 673 nostrorum
1416 614 1651 696 faciens
1682 614 1938 696 {sedere
1965 618 2111 696 fecit
2142 616 2222 675 ad
2259 617 2579 696 dexteram
2604 616 2943 695 majestatis
2972 618 3041 679 in
3070 614 3330 680 Excelsis
3353 640 3374 680 .-

170 712 314 768 tanto
340 697 540 758 melior
568 693 805 771 angelis
834 693 1069 771 factus,
1102 701 1338 770 quanto
1367 711 1499 770 prce
1527 693 1658 754 illis
1688 693 2083 832 dilferentius
2108 713 2326 754 nomen
2352 693 2746 755 hercditavit.
2779 696 2833 757 Ο
2874 699 3228 775 apostolica
3261 716 3379 760 sa-

170 778 407 832 nienlial
441 773 636 832 magis
669 777 882 832 autem
915 788 1042 830 non
1076 772 1252 832 Pauli
1286 772 1623 832 sapientia.
1657 791 1725 832 se
1797 774 2068 832 Spiritus
2100 774 2300 832 sancti
2331 774 2621 832 miranda
2652 779 2749 832 est
2777 776 3005 832 gratia.
3039 777 3176 832 Non
3206 778 3378 832 enim

167 778 409 866 pientiai
441 773 636 866 magis
669 777 882 833 autem
915 788 1052 866 non.
1076 772 1252 866 Pauli
1286 772 1629 866 sapientia.-
1657 772 2068 866 sed'Spiritus
2100 774 2300 866 sancti
2331 774 2621 866 miranda
2652 779 2749 834 est
2777 772 3005 866 gratia.
3039 777 3176 866 Non
3206 778 3378 866 enim

167 850 231 924 ex
256 850 718 935 intellectuhiee
748 850 1009 935 preprio
1036 851 1588 935 loquebatur,_nec
1614 852 2095 935 humanohanc
2119 853 2670 935 dispenseiiouem
2684 850 3059 935 reperiebat
3081 858 3376 935 ingenio:

167 938 307 1002 unde
349 932 505 993 enim
549 930 637 989 illi
690 930 808 989 hoc
830 931 859 987 ?
909 947 1067 1009 num
1097 948 1179 989 ex
1208 930 1525 1009 scalpellis
1552 974 1567 1000 ,
1611 936 1725 990 aut
1754 932 2027 1008 pellibus
2050 975 2068 1001 ,
2106 935 2218 991 aut
2248 931 2314 990 in
2344 931 2600 992 officina
2632 931 2743 993 illa
2773 930 2908 994 haec
2936 930 3185 1009 poterat
3215 934 3383 996 edo-

167 1016 313 1080 ceri?
339 1012 783 1091 Nequaquam;
818 1007 924 1068 sed
957 1008 1031 1065 de
1061 1026 1162 1067 me
1206 1007 1321 1067 fuit
1364 1008 1510 1091 haec
1528 1007 1819 1091 operatio
1850 1010 2224 1091 majestatis.
2256 1009 2397 1069 Non
2427 1010 2597 1091 enim
2630 1010 2747 1091 has
2779 1007 3233 1091 intelligentias
3264 1031 3383 1075 sua

164 1099 347 1156 mente
374 1089 766 1169 procreabat,
793 1105 936 1169 qua;
969 1093 1121 1146 tunc
1150 1092 1288 1169 erat
1319 1090 1449 1169 tam
1478 1087 1703 1169 debilis
1735 1096 1798 1169 et
1826 1087 2142 1160 extrema,
2176 1089 2263 1150 ita
2294 1088 2554 1169 utnihil
2584 1090 2862 1169 amplius
2892 1087 3157 1153 haberet
3183 1110 3219 1153 a
3247 1093 3383 1169 ple-

162 1172 295 1235 beiis
324 1164 391 1228 et
410 1166 845 1247 popularibus.
891 1164 1224 1247 Quomodo
1253 1166 1423 1247 enim
1455 1166 1696 1243 aliquid
1739 1168 2028 1228 divinum
2063 1173 2283 1245 posset
2324 1168 2431 1227 ille
2476 1164 2716 1228 sentire
2742 1212 2759 1239 ,
2807 1170 2917 1245 qui
2961 1171 3132 1231 circa
3174 1164 3381 1247 pretia

167 1243 467 1315 vendendi,
498 1250 559 1304 et
589 1245 758 1305 circa
788 1243 1247 1304 confectionem
1279 1244 1568 1320 pellium,
1602 1252 1799 1305 totam
1836 1264 2021 1306 suam
2055 1243 2250 1307 vitam
2282 1252 2617 1323 totumque
2647 1243 2929 1306 studium
2962 1243 3336 1309 conterebat
3359 1251 3387 1307 ?

160 1329 259 1390 Sed
283 1325 471 1404 gratia
507 1323 790 1404 Spiritus
811 1323 1016 1404 sancti
1045 1341 1157 1399 per
1185 1340 1349 1404 quos
1373 1324 1510 1383 vult
1537 1325 1832 1404 potentiae
1861 1342 1995 1386 sua:
2020 1325 2287 1385 virtutes
2320 1325 2620 1385 ostendit.
2641 1325 2822 1404 Sicut
2850 1327 3046 1396 enim,
3071 1328 3121 1387 si
3145 1328 3383 1404 aliquis

162 1401 904 1483 infantulumquempiam
935 1401 997 1461 in
1028 1402 1351 1483 excelsum
1381 1402 1720 1483 quemdam
1755 1405 1964 1463 locum
1987 1410 2055 1463 et
2079 1403 2653 1483 pertingentemad
2680 1404 2886 1481 ipsum
2919 1408 3221 1467 verticem
3247 1401 3381 1465 caeli

162 1487 352 1546 volens
382 1480 684 1561 paulatim
714 1481 1085 1561 sensimque
1130 1481 1505 1558 subrigere,
1554 1482 1869 1561 gradatim
1902 1483 2023 1542 hoc
2066 1482 2257 1542 faciat
2282 1480 2315 1553 ,⁷
2343 1483 2425 1541 ab
2468 1480 2881 1543 inferioribus
2922 1484 3000 1544 ad
3045 1484 3383 1561 superiora

157 1558 595 1629 conscendens;
629 1558 855 1619 deinde
882 1558 1029 1617 dum
1057 1576 1316 1618 sursum
1343 1558 1729 1635 pervenerit,
1756 1562 1975 1636 jubeat
2016 1562 2193 1621 illum
2234 1560 2621 1619 infantulum
2652 1561 2950 1621 deorsum
2978 1563 3043 1622 in
3074 1558 3383 1624 inferiora

157 1642 486 1718 despicere;
519 1637 745 1720 deinde
774 1636 1227 1720 despicientem
1262 1637 1471 1698 videat
1501 1639 1828 1708 hmsitare,
1861 1647 1922 1699 et
1952 1640 2456 1720 obscuritatibus
2487 1656 2564 1700 ae
2592 1640 3054 1701 defectionibus
3091 1642 3345 1720 fatigari
3366 1685 3382 1709 ,

159 1715 360 1780 iterum
390 1734 547 1798 eum
586 1716 664 1798 ad
696 1715 1389 1798 humilioradeponat,
1435 1734 1567 1795 quo
1611 1720 1951 1798 respirare.
1980 1719 2191 1779 valeat
2223 1723 2419 1794 atque
2459 1722 2748 1798 animum
2781 1737 3109 1791 recreare;
3156 1715 3385 1782 deinde

156 1817 279 1860 cum
308 1797 572 1858 refectus
606 1795 830 1867 fuerit,
865 1814 1011 1855 eum
1042 1795 1276 1855 iterum
1307 1795 1384 1855 ad
1420 1797 1758 1872 superiora
1786 1795 2116 1869 sustollat,
2144 1803 2207 1856 et
2238 1797 2471 1856 iterum
2506 1796 2582 1857 ad
2617 1797 2923 1859 inferiora
2950 1804 3210 1859 revocet
3242 1820 3258 1859 :
3294 1800 3385 1861 ita

157 1887 208 1937 et
230 1879 383 1937 circa
412 1875 713 1955 Hebrmos
753 1875 974 1935 beatus
1020 1872 1292 1955 faciebat
1327 1875 1656 1951 apostolus
1690 1896 1704 1934 :
1739 1877 1917 1955 etsic
1949 1894 2096 1937 eum
2126 1876 2368 1952 ubique
2398 1875 2680 1955 reperies
2710 1877 2998 1955 Magistri
3030 1879 3127 1938 sui
3160 1878 3222 1937 in
3252 1878 3385 1938 do-

155 1954 327 2018 cendo
356 1952 619 2029 vestigia
647 1958 1175 2027 consequentem.
1214 1952 1375 2013 Nam
1402 1959 1465 2013 et
1495 1955 1632 2029 ipse
1660 1955 1753 2016 sic
1791 1954 2065 2015 faciebat
2093 1974 2108 2012 :
2142 1952 2498 2029 aliquando
2527 1954 2786 2029 quidem
2817 1952 2883 2016 in
2923 1957 3155 2018 altiora
3183 1957 3383 2018 disci-

158 2036 317 2112 pulos
350 2048 497 2092 suos
522 2028 953 2102 ’sublevabat;
986 2029 1336 2112 aliquando
1378 2028 1594 2112 autem
1623 2046 1732 2112 eos
1762 2032 1841 2090 ad
1874 2029 2179 2088 inferiora
2211 2028 2661 2112 imbecillitatis
2696 2048 2919 2091 eorum
2958 2037 3165 2112 gratia
3193 2053 3379 2096 revo-

152 2108 334 2182 cabat,
360 2126 771 2191 nequaquam
795 2126 904 2191 ees
930 2109 1186 2191 prolixo
1210 2114 1493 2191 tempore
1516 2109 1580 2167 in
1602 2108 1804 2191 altera
1830 2123 2205 2191 permanere
2230 2112 2413 2191 parte
2433 2110 2827 2191 permittens.
2849 2112 2923 2170 Et
2942 2108 3376 2191 contemplare

153 2193 353 2250 “erum
397 2185 795 2269 sapientiam
830 2188 1007 2269 Pauli
1035 2205 1202 2269 {per
1229 2188 1455 2263 (ΙυᾶῙῶ
1485 2204 1594 2246 €08
1623 2187 1817 2269 etiam
1856 2185 2150 2269 sublevat
2190 2185 2427 2262 gradus
2451 2232 2476 2269 ,_
2509 2191 2570 2247 et
2600 2189 2878 2269 qualiter
2916 2207 3024 2251 eos
3054 2192 3132 2251 ad
3163 2185 3375 2269 ipsum

150 2270 366 2345 apicem
399 2267 650 2343 pietatis
680 2265 935 2346 adducit
968 2286 983 2324 :
1017 2266 1126 2326 ubi
1159 2266 1350 2346 item,
1385 2270 1735 2341 antequam
1774 2264 2123 2346 deﬁcere_nt_
2155 2269 2219 2323 et
2264 2281 2373 2326 eos
2417 2267 2777 2346 obscuritas
2817 2275 3161 2346 occuparet
3179 2264 3207 2341 ξ
3233 2272 3372 2333 vide

149 2343 441 2426 quomodo
471 2362 584 2426 eos
614 2345 695 2406 ad
721 2345 1028 2406 inferiora
1057 2344 1417 2426 revocavit,
1449 2361 1580 2426 quo
1614 2348 1878 2426 possent
1904 2343 2576 2426 pa_u_l_i_1lum_recreari.
2610 2345 2937 2424 Loquutus
2966 2343 3053 2408 est
3075 2394 3090 2415 ,
3125 2349 3369 2426 inquit,

149 2421 300 2484 nobis
330 2426 395 2484 in
426 2424 602 2484 Filio
642 2443 754 2483 suo
788 2445 808 2482 :
837 2441 1010 2502 quem
1050 2424 1265 2502 posuit
1306 2421 1583 2502 heredem
1625 2423 1922 2482 omnium.
1972 2421 2112 2502 Filii
2160 2422 2397 2502 quippe
2441 2439 2676 2483 nomen
2707 2421 3041 2486 commune
3089 2421 3369 2489 estCUbi

146 2504 291 2564 enim
320 2504 622 2583 proprius
652 2500 1029 2583 intelligitur
1055 2500 1253 2583 Filius
1274 2545 1291 2572 ,
1320 2501 1620 2583 superior
1647 2506 1745 2561 est
1773 2507 1836 2562 et
1867 2500 2285 2583 excellentior
2324 2502 2684 2583 universis;
2727 2503 2834 2583 sed
2867 2504 3120 2564 interim
3144 2550 3159 2575 ,
3190 2524 3371 2583 quo—

148 2578 459 2642 modolibet
485 2600 556 2642 se
590 2582 844 2661 habeat,
870 2578 1156 2661 adstruit
1174 2581 1482 2661 quoniam
1514 2580 1853 2661 desursum
1883 2585 1999 2661 est.
2030 2578 2280 2661 Etvide
2309 2580 2631 2661 quomodo
2660 2581 2783 2641 hoc
2802 2582 3007 2641 dicat:
3042 2578 3229 2657 Quem
3256 2603 3368 2661 po-

144 2662 255 2721 suit
282 2661 554 2721 heredem
588 2660 882 2719 omnium.
914 2659 1096 2733 Quod
1124 2659 1306 2729 dixit,
1342 2658 1647 2718 Heredem
1666 2660 1906 2735 posuit,
1941 2657 2315 2717 humilitatis
2345 2658 2737 2719 demonstrat
2774 2661 3098 2721 indicium.
3132 2657 3369 2723 Deinde

145 2740 209 2799 ad
236 2740 631 2816 superiorem
676 2739 944 2817 gradum
973 2738 1393 2814 altioremque
1440 2738 1831 2818 transcendit
1860 2758 1873 2796 :
1906 2737 2031 2818 Per
2054 2754 2259 2814 quem,
2293 2736 2539 2818 inquit,
2569 2746 2639 2818 et
2668 2739 2891 2799 saecula
2926 2742 3094 2818 fecit.
3125 2742 3367 2803 Deinde

143 2818 207 2905 ad
227 2814 641 2905 escelsiorem
664 2814 960 2905 omnibus
988 2818 1178 2905 venit,
1202 2822 1346 2892 post
1362 2834 1553 2905 quem
1578 2817 1871 2905 altiorem
1906 2816 2178 2905 aiterum
2202 2814 2468 2905 gradum
2493 2817 2656 2877 inire
2681 2835 2806 2905 non
2828 2814 3077 2905 poss_i_s_:_
3100 2820 3226 2905 Qui
3254 2831 3364 2887 est,

142 2898 347 2975 inquit,
370 2896 674 2975 splendor
694 2896 933 2973 glorier,
959 2905 1012 2953 et
1037 2896 1355 2975 character
1377 2894 1738 2954 substantia:
1763 2895 1915 2973 ejus.
1947 2895 2181 2975 Verum
2212 2894 2276 2975 in
2306 2894 2515 2975 ipsum
2543 2913 2651 2955 eos
2682 2894 3121 2965 maccessibile
3152 2900 3363 2960 lumen

144 2915 195 2956 In
242 2915 347 2963 un,
370 2915 674 2975 splendor
694 2915 933 2973 glorier,
959 2915 1012 2953 et
1037 2915 1355 2955 cnaracrer
1377 2915 1738 2954 suasionum
1763 2915 1915 2973 ejus.
1954 2915 2181 2954 verum
2212 2915 2276 2952 In
2307 2915 2515 2969 ipsum
2543 2915 2651 2955 eos
2682 2915 3121 2965 maccessmue
3152 2915 3363 2960 lumen

144 2915 393 3046 inﬂuxit,
425 2982 489 3036 et
528 2977 598 3035 in
632 2976 839 3052 ipsum
871 2975 1276 3051 splendorem
1309 2974 1636 3034 immensae
1666 2990 2059 3052 summaeque
2088 2972 2395 3052 claritatis
2424 2992 2441 3052 ς
2470 2978 2530 3031 et
2551 2980 2905 3052 antequam
2937 2994 3047 3036 eos
3077 2980 3365 3039 obscuri-

141 3060 221 3133 tas
250 3055 371 3115 ulla
404 3050 884 3133 comprimeret,
914 3050 1529 3133 attendoquomodo
1549 3070 1657 3111 eos
1682 3054 1917 3133 iterum
1949 3050 2329 3133 pedetentim
2362 3050 2442 3133 ad
2470 3050 2769 3133 inferiora
2800 3059 2863 3133 et
2891 3062 3197 3118 consueta
3226 3058 3366 3119 loca

138 3132 405 3208 deponit,
436 3128 663 3194 dicéns
697 3153 712 3190 :
753 3134 983 3191 Ferens
1016 3131 1225 3214 omnia
1254 3129 1435 3214 verba
1466 3130 1723 3214 virtutis
1764 3148 1912 3214 sure.
1950 3130 2073 3214 Per
2101 3128 2615 3214 ip_sum,_inq_uii,
2644 3131 3107 3214 mundatienem
3131 3137 3370 3214 faciens

136 3207 512 3287 peccatorum
536 3220 928 3281 nostrorum,
964 3210 1167 3268 sedere
1188 3208 1335 3288 fecit
1364 3208 1431 3288 in
1461 3209 1719 3288 dextera
1744 3207 2105 3288 majestalis.
2139 3207 2274 3288 Non
2300 3207 2682 3288 Asimpliciter
2709 3210 2892 3277 dixit,
2925 3207 3152 3272 Sedere
3183 3214 3363 3283 fecit;

136 3285 264 3361 sed,
293 3291 437 3351 Post
466 3290 957 3353 mundationem
978 3332 994 3359 ,
1024 3285 1268 3364 inquit,
1301 3286 1521 3347 sedere
1559 3286 1725 3346 fecit.
1758 3286 2051 3362 Suscepit
2093 3286 2265 3346 enim
2292 3285 2759 3364 incarnationis
2790 3289 3094 3349 officium.
3125 3292 3366 3354 Deinde

138 3366 382 3429 humilia
411 3370 714 3446 loquitur
751 3388 777 3447 :_
799 3376 861 3427 et
892 3372 1035 3447 post
1065 3362 1197 3427 hinc
1227 3365 1702 3447 interloquutus
1742 3364 2081 3447 paululum
2104 3408 2122 3438 ,
2152 3362 2542 3447 Iridexiera,
2573 3365 2896 3447 inquiens,
2926 3368 3265 3447 majestatis
3298 3372 3369 3430 in

64 3486 81 3507 ρ
133 3447 399 3515 excelsis,
432 3441 678 3507 iterum
706 3445 783 3507 ad
816 3441 1085 3506 humilia
1115 3443 1438 3505 narranda
1469 3444 1809 3503 revertitur
1841 3463 1855 3501 :
1888 3444 2079 3502 Tanto
2113 3441 2567 3580 meliorgactus
2595 3441 2833 3521 angelis
2855 3491 2870 3512 ,
2901 3441 3135 3525 quanto
3172 3448 3322 3528 di/fe
3344 3484 3368 3494 -

133 3526 350 3580 rentius
379 3544 510 3580 nrae
538 3526 632 3580 eis
661 3542 882 3580 nomen
907 3523 1299 3580 hereditavit.
1333 3522 1453 3580 Hic
1481 3522 1604 3580 iam
1630 3522 1705 3580 de
1734 3539 1811 3580 eo
1832 3566 1847 3580 .
1880 3522 1992 3580 aui
2024 3526 2117 3580 est
2149 3538 2344 3580 secun
2394 3539 2501 3580 um
2529 3538 2821 3580 carnem.
2849 3524 3150 3580 disputat.
3187 3528 3256 3580 In
3288 3547 3368 3580 eo

133 3526 350 3603 rentius
375 3544 510 3603 pra:
538 3526 632 3585 eis
661 3542 882 3584 nomen
907 3523 1299 3584 hereditavit.
1333 3522 1453 3582 Hic
1472 3522 1604 3601 jam
1630 3522 1705 3581 de
1734 3539 1811 3603 eo
1832 3566 1847 3592 ,
1880 3522 1992 3597 qui
2024 3526 2117 3581 est
2149 3522 2501 3603 secundum
2527 3538 2821 3603 carnem,
2849 3522 3150 3602 disputat.
3186 3522 3368 3589 Ilico

135 3602 283 3684 enim
313 3599 485 3681 quod
512 3604 703 3663 dixit.
730 3603 966 3684 Melior
994 3604 1202 3684 [actus
1226 3610 1335 3667 est,
1368 3599 1497 3660 non
1518 3600 1815 3684 essentia:
1843 3606 2124 3684 paternae
2147 3599 2495 3684 declaravit
2522 3600 2824 3684 iedicium
2849 3622 2864 3661 :
2894 3599 3003 3665 illa
3029 3605 3197 3666 enim
3222 3624 3369 3684 qua)

132 3677 650 3744 Patris-essentia;
678 3677 1240 3743 consubstantialis
1270 3681 1664 3757 agnoscitur,
1699 3696 1827 3738 non
1857 3677 2167 3757 estfacta,
2196 3677 2507 3757 sednata.
2542 3679 2859 3757 Loquitur
2878 3687 3091 3743 autem
3121 3685 3197 3745 de
3229 3677 3366 3746 car-

135 3759 249 3818 nali
277 3762 648 3823 substantia
676 3780 691 3819 :
723 3760 864 3837 ipsa
891 3760 1059 3820 enim
1093 3758 1256 3820 facta
1282 3756 1397 3819 est.
1430 3757 1549 3819 Sed
1584 3775 1759 3837 nunc
1786 3756 2017 3837 nonde
2048 3756 2369 3818 exstantia
2396 3757 2558 3835 ejus,
2590 3756 2711 3819 hoc
2742 3764 2839 3819 est
2866 3762 3145 3837 qualiter
3172 3765 3367 3823 exsti-

133 3838 297 3919 terit‘,
344 3857 565 3900 sermo
602 3834 962 3919 peragitur;
995 3837 1108 3919 sed
1143 3838 1308 3919 sicut
1334 3838 1615 3919 Joannes
1635 3836 1805 3919 _dicit_
1830 3855 1850 3919 :_
1879 3834 2005 3919 Qui
2024 3843 2171 3912 post
2203 3853 2292 3894 me
2320 3834 2513 3919 uenit2
2545 3844 2692 3919 ante
2729 3856 2818 3919 me
2855 3834 3056 3919 [actus
3084 3849 3172 3900 est
3195 3862 3214 3900 :
3248 3842 3367 3903 hoc

132 3918 236 3997 est,
264 3913 725 3997 honorabilior
752 3913 946 3993 atque
974 3916 1368 3997 probabilior
1395 3936 1410 3974 :
1448 3916 1541 3975 sic
1566 3915 1758 3975 etiam
1788 3914 1894 3997 hic
1922 3914 2196 3997 fontum
2223 3913 2465 3997 melior,
2495 3915 2735 3997 inquit,
2757 3913 2961 3995 [actus
2986 3926 3074 3978 est
3104 3920 3366 3997 angelis,

133 3992 239 4053 hoc
260 3999 353 4054 est
380 3996 793 4073 probabilior
820 3991 1014 4071 atque
1036 3994 1424 4070 praeclarior,
1447 4000 1681 4075 quiagto
1712 3991 1927 4075 melius
1953 3992 2323 4075 hereditavit
2347 4010 2604 4075 nomen:
2621 3991 2811 4056 Vides
2841 3997 2994 4073 quia
3024 3998 3099 4058 de
3125 3991 3225 4068 eo,
3254 4001 3365 4075 qui

129 4076 213 4130 est
240 4071 599 4134 secundum
630 4091 930 4153 carnem,
963 4089 1175 4133 sermo
1208 4074 1545 4134 versatur?
1573 4072 1731 4153 Hoc
1752 4072 1922 4131 enim
1953 4088 2192 4153 nomen
2205 4114 2226 4153 _,
2258 4071 2427 4131 Deus
2458 4071 2740 4131 Verbum
2764 4071 3076 4153 ,Asemper
3104 4071 3365 4147 habuit,

132 4165 248 4208 non
277 4157 502 4231 postea
546 4151 931 4231 hereditavit
954 4194 971 4219 ,
1004 4168 1217 4226 neque
1247 4158 1467 4227 postea
1497 4168 1642 4210 eum
1672 4151 1755 4231 ab
1784 4149 2030 4225 angelis
2072 4148 2402 4231 meliorem
2441 4155 2688 4210 constat
2724 4148 3015 4231 effectum
3045 4199 3061 4226 ,
3107 4155 3367 4231 quando

127 4230 536 4303 mundatione
568 4247 695 4292 sua
723 4230 982 4292 abstulit
1013 4234 1231 4290 nostra
1262 4232 1556 4305 peccata;
1597 4228 1707 4289 sed
1738 4245 1991 4304 semper
2018 4227 2245 4287 melior
2274 4227 2421 4296 fuit,
2458 4234 2520 4286 et
2556 4246 2683 4287 non
2720 4230 2929 4290 solum
2973 4227 3224 4306 melior,
3257 4234 3367 4293 sed

127 4305 303 4387 etiam
332 4308 934 4387 incomparabiliter
961 4308 1188 4387 melior
1216 4307 1557 4367 universis.
1580 4305 2142 4387 Verumtamendc
2162 4322 2261 4376 eo,
2293 4306 2528 4387 quiest
2554 4307 2907 4387 secundum
2938 4327 3222 4383 carnem,
3246 4313 3365 4372 ista

126 4382 434 4467 dicuntur.
470 4382 581 4467 Sic
617 4382 789 4447 enim
814 4392 888 4445 et
926 4386 1109 4467 nobis
1140 4401 1293 4467 usus
1333 4390 1468 4467 est,
1500 4402 1646 4467 cum
1684 4384 2023 4467 denatura
2049 4383 2333 4467 humana
2360 4383 2759 4467 disserimus,
2796 4391 2858 4447 et
2886 4386 3206 4467 fastigium
3238 4391 3369 4449 ha-

126 4461 325 4525 bentia
359 4466 732 4542 loquimur,
762 4470 827 4523 et
846 4465 1187 4523 submissa.
1217 4462 1485 4535 Quando
1514 4463 1686 4523 enim
1714 4462 2018 4542 dicimus,
2049 4462 2217 4521 Nihil
2248 4469 2341 4542 est
2371 4463 2594 4533 homo,
2630 4462 2797 4525 terra
2829 4472 2924 4525 est
2953 4461 3144 4525 hoino
3165 4513 3181 4538 ,
3210 4469 3367 4531 cinis

126 4546 213 4597 est
242 4539 471 4614 homo;
507 4548 722 4603 totum
753 4560 792 4603 a
825 4542 1244 4602 deterioribus
1281 4541 1679 4618 appellamus
1712 4561 1727 4598 :
1756 4539 2014 4617 quando
2062 4557 2215 4601 vero
2245 4541 2511 4600 dicimus
2533 4586 2549 4612 ,
2585 4542 2853 4603 Mortale
2886 4545 3126 4605 animal
3171 4546 3366 4605 homo

124 4623 179 4675 et
205 4621 523 4683 rationale
555 4628 623 4682 et
652 4620 946 4698 supernis
976 4625 1319 4698 cognatum
1340 4662 1356 4690 ,
1400 4635 1439 4680 a
1466 4619 1837 4698 melioribus
1870 4635 2172 4680 vocamus
2204 4620 2601 4680 universum.
2648 4622 2748 4681 Sic
2778 4628 2841 4681 et
2870 4623 2935 4681 in
2962 4622 3214 4683 Christo
3241 4625 3369 4683 ali—

125 4699 371 4778 quando
397 4700 674 4778 quidem
701 4702 783 4760 ab
810 4697 1216 4778 inferioribus
1241 4742 1256 4770 ,
1287 4697 1639 4776 aliquando
1667 4702 1880 4758 autem
1910 4714 1948 4758 a
1981 4698 2355 4778 melioribus
2386 4699 2674 4774 loquitur
2698 4700 2934 4761 Paulus
2960 4721 2973 4758 :
3008 4707 3070 4761 et
3098 4701 3369 4778 dispen~

122 4776 435 4856 sationem
455 4779 734 4856 cupiens
765 4777 1165 4847 confirmare,
1201 4783 1266 4838 et
1296 4778 1648 4854 simplicem
1673 4776 2118 4856 commendare
2156 4781 2478 4837 naturam.

192 4852 248 4932 {3.
282 4852 621 4928 Quoniam
648 4856 866 4931 itaque
892 4856 1373 4918 mundationem
1403 4852 1810 4932 peccatorum
1841 4853 2022 4923 fecit,
2045 4871 2527 4930 perseveremus
2550 4855 2767 4914 mundi
2801 4875 2821 4914 :
2855 4857 3014 4916 nihil
3035 4857 3363 4920 sordidum

129 4929 221 4990 vel
245 4935 577 5010 pollutum
605 4929 822 4994 anima
850 4939 1069 4994 nostra
1100 4929 1441 5008 suscipiat}
1476 4932 1583 4992 sed
1618 4929 2155 5014 pulchritudinem
2187 4950 2382 5005 quam
2413 4935 2594 4993 nobis
2639 4934 2863 4993 indidit
2884 4978 2900 5001 ,
2946 4935 3371 5014 decoremque

115 5036 466 5080 servemus.
516 5017 766 5078 Munda
798 5034 978 5077 mens
1018 5018 1080 5075 et
1115 5014 1425 5076 inviolata
1476 5018 1881 5090 permaneat,
1916 5030 2044 5073 non
2096 5013 2331 5073 habeat
2358 5015 2699 5087 maculam,
2729 5032 2939 5091 neque
2970 5032 3222 5093 rugam,
3262 5013 3373 5081 vel

118 5096 347 5183 aliquid
368 5095 757 5183 huiusmodi
789 5115 803 5153 :
835 5094 1091 5183 macula
1118 5093 1380 5183 quippe,
1409 5094 1506 5152 vel
1531 5110 1716 5183 ruga,
1747 5094 1999 5183 minora
2028 5096 2286 5183 peccata
2316 5099 2469 5183 sunt
2500 5094 2726 5183 :_verbi
2760 5094 3337 5183 gratiardetractio
3359 5140 3375 5165 ,

119 5171 370 5251 injuria,
400 5171 820 5236 mendacium
851 5194 865 5230 :
900 5171 1104 5249 magis
1146 5177 1360 5231 autem
1390 5189 1600 5251 neque
1647 5172 1781 5231 haec
1814 5172 2067 5233 minora
2094 5175 2281 5251 sunt,
2315 5172 2423 5231 sed
2452 5172 2629 5233 valde
2653 5171 2925 5250 majora,
2963 5177 3082 5233 eta
3106 5174 3380 5234 caalesti~

120 5249 228 5312 bus
257 5271 376 5314 nos
422 5256 729 5315 alienare
756 5252 1058 5312 valentia.
1091 5250 1382 5323 Qualiter
1410 5249 1531 5310 hoc
1558 5253 1619 5309 et
1649 5267 1779 5326 quo
1809 5253 2039 5326 pacto?
2074 5250 2195 5323 Qui
2226 5251 2396 5310 enim
2432 5251 2715 5327 appellat
2750 5249 3008 5313 fratrem
3056 5269 3242 5312 suum
3278 5251 3381 5311 fa-

120 5334 325 5406 tuum,
354 5351 515 5394 reus
551 5332 679 5391 erit
709 5332 1015 5408 gehennaa
1038 5329 1225 5408 ignis.
1249 5328 1316 5408 Si
1347 5329 1614 5408 ergosic
1644 5328 1910 5405 punitur
1939 5330 2048 5406 qui
2087 5330 2332 5390 fatuum
2367 5336 2582 5399 vocat,
2626 5330 2798 5407 quod
2837 5331 3086 5391 videtur
3115 5331 3376 5391 levioris

119 5426 278 5481 esse,
309 5412 414 5472 vel
444 5411 677 5488 potius
708 5407 1019 5488 infantilis
1064 5407 1362 5488 injuria}:
1401 5407 1526 5488 qui
1561 5408 1878 5488 malorum
1926 5425 2175 5488 morum
2213 5409 2513 5488 cuiquam
2549 5409 2787 5488 crimen
2824 5410 3126 5485 imponit,
3158 5415 3217 5468 et
3253 5409 3382 5467 ini-

119 5505 311 5562 quum
342 5485 551 5567 atq—ue
587 5489 871 5547 invidum
899 5486 1085 5557 dicit,
1115 5497 1177 5545 et
1206 5485 1378 5567 mille
1402 5486 1565 5567 aliis
1598 5503 1727 5567 nen
1754 5486 2002 5547 dubitat
2038 5487 2296 5567 fratrem
2320 5486 2609 5567 jaculare
2638 5487 3038 5567 criminibus,
3069 5488 3377 5563 qualiane

119 5572 297 5642 putas
325 5564 627 5646 patietur
656 5565 1456 5646 tornientorumsupplicia
1473 5564 1664 5646 ‘Iquid
1694 5566 1814 5646 hoc
1837 5567 2228 5646 terribilius?
2260 5565 2376 5625 Sed
2404 5584 2559 5646 rogo
2575 5571 2645 5646 ut
2673 5566 2988 5641 patienter
3010 5584 3374 5646 sermonem

120 5644 344 5723 meum
362 5646 719 5723 paululum
752 5644 1060 5706 toleretis.
1109 5644 1170 5703 Si
1204 5645 1371 5723 enim
1396 5662 1538 5720 quae
1596 5644 1743 5723 facit
1770 5645 1879 5723 uni
1935 5662 2017 5704 ex
2045 5644 2357 5716 minimis,
2403 5645 2524 5722 ipsi
2565 5645 2714 5705 facit
2745 5665 2759 5702 :
2793 5644 3115 5722 quomodo
3144 5662 3273 5702 non
3306 5650 3369 5703 et

121 5721 182 5784 in
213 5721 809 5800 benedictionibus,
855 5730 916 5784 et
952 5723 1018 5785 in
1061 5722 1616 5786 malcdictionibus
1648 5722 1870 5786 similis
1900 5725 2214 5788 sententia
2243 5721 2649 5802 perseveret?
2678 5724 2800 5798 Qui
2820 5721 3189 5784 convicium
3217 5740 3371 5800 ergo
