3926 6406
592 262 692 318 2H
1316 261 1373 319 S.
1412 263 1462 320 ,1.
1498 261 1991 321 CHRYSOSTOMI
2050 263 2359 320 ιιυδηιιιΕ
2404 266 2470 322 ΙΝ
2525 267 2741 326 EPIST.
2786 270 2875 326 AD
2916 269 3124 329 llEBR.
3674 286 3755 342 m

584 375 733 436 facit
764 373 981 445 fratri,
1014 373 1143 431 Deo
1168 370 1523 431 convicium
1553 369 1741 441 facit;
1767 376 1829 430 et
1856 371 1964 445 qui
1998 371 2269 431 honorat
2293 372 2574 440 fratrem,
2604 373 2800 433 Deum
2833 373 3155 436 honorare
3182 374 3547 439 declaratur.

661 453 722 511 [ι.
757 456 1215 511 Assuescamus
1247 448 1751 530 igiturlinguam
1784 454 2067 530 nostram
2096 450 2175 508 ad
2216 450 2377 530 bene
2409 451 2745 530 dicendum
2790 469 2931 512 esse
2979 454 3326 530 proclivem
3366 476 3379 513 :
3410 457 3651 527 Abstine.
3674 464 3756 522 in-

582 533 745 607 quit,
780 530 1055 609 linguam
1085 537 1252 609 tuam
1281 547 1317 609 a_
1344 526 1529 585 malo.
1564 526 1701 586 Non
1748 527 1921 609 enim
1967 533 2230 609 propter
2272 528 2391 588 hoc
2421 529 2593 589 illam
2626 532 2795 589 Deus
2839 526 3084 602 tribuit,
3113 536 3185 592 ut
3211 534 3653 609 maledicamus,
3681 546 3759 602 vel

585 605 964 688 convicia’in
1000 605 1635 688 invicemjactemus,
1670 606 1768 665 vel
1798 607 2142 688 accusandi
2173 612 2396 688 mutuo
2423 610 3062 688 geramus_studium;
3095 611 3201 671 sed
3228 617 3296 671 ut
3322 630 3429 688 per
3452 631 3580 674 eam
3600 605 3759 679 Deum

582 687 943 766 laudemus,
992 690 1065 746 ut
1117 685 1245 766 illa
1276 685 1638 766 loquamur
1664 702 1806 761 quze
1859 687 2130 766 gratiam
2162 685 2569 766 audientibus
2601 686 2956 766 conferant,
2985 706 3128 765 qua:
3172 690 3248 749 ad
3282 685 3606 766 profectum
3627 702 3678 754 et
3700 698 3761 757 ad

583 765 1063 849 (editicationem
1094 762 1434 849 proficiunt
1453 762 1921 849 proximorum.
1959 764 2129 849 Ifone
2157 764 2310 849 quia
2333 764 2717 849 maledixisti
2750 767 2921 849 hunc
2942 762 3103 849 ,aut
3132 762 3310 827 illum
3325 790 3345 849 ξς
3369 770 3513 849 quid
3540 791 3610 831 ex
3641 774 3760 849 hoc,

586 861 765 921 rogo,
795 844 1080 903 lucratus
1110 843 1245 902 est?
1278 859 1489 921 nonne
1521 842 1629 901 tibi
1656 841 1773 921 ipsi
1808 841 2095 921 maxime
2117 843 2436 921 nocuisti?
2461 843 2771 918 siquidem
2804 845 3172 921 opinionem
3213 841 3641 909 maledicorum
3666 841 3765 912 ho;

585 919 828 981 minum
857 921 1182 982 incurristi
1212 937 1330 997 pro
1358 919 1537 1000 nullo
1567 920 2085 1000 estaNullumest
2112 920 2285 1000 enim
2317 922 2609 996 protinus
2640 919 2881 981 malum
2902 967 2916 993 ,
2946 924 3114 1000 quod
3148 942 3353 999 usque
3392 926 3467 986 ad
3490 945 3618 987 eum
3641 948 3765 991 con-

584 1001 895 1077 sistatqui
924 1000 1183 1076 patitur.
1208 1003 1273 1059 et
1298 1015 1425 1057 non
1458 998 1649 1077 etiam
1671 998 1852 1077 illum
1875 998 1984 1074 qui
2010 997 2159 1077 facit
2185 1015 2314 1077 una
2336 1000 2832 1076 comprehendat
2861 1021 2874 1059 :
2909 997 3094 1073 sicut,
3122 997 3293 1063 verbi
3325 1021 3535 1075 causa,
3557 1007 3765 1069 invidia.

586 1075 846 1140 Invidus
874 1075 1045 1138 enim
1077 1082 1340 1155 putatur
1372 1075 1626 1153 quidem
1660 1075 1946 1155 insidiari
1981 1076 2146 1147 aliis,
2179 1076 2287 1136 sed
2314 1078 2449 1153 ipse
2483 1075 2727 1155 primus
2759 1080 2869 1138 illo
2892 1080 3061 1140 malo
3076 1083 3494 1151 consumitur,
3526 1090 3581 1143 et
3600 1088 3769 1145 tabido

586 1158 776 1240 corde
809 1154 1172 1240 maceratur
1202 1176 1216 1215 :
1251 1155 1326 1216 ad
1351 1155 1483 1215 hinc
1510 1155 1698 1240 etiam
1734 1154 1883 1240 odio
1910 1156 2152 1240 cunctis
2178 1154 2539 1240 habebitur.
2572 1157 2732 1240 item
2761 1158 3028 1240 cupidus
3056 1160 3151 1240 vel
3174 1176 3408 1220 avarus
3432 1161 3623 1240 aufert
3647 1169 3768 1240 qui-

587 1237 727 1296 dem
754 1236 1058 1313 pecunias
1091 1236 1388 1313 aliorum,
1422 1232 1527 1292 sed
1560 1234 1746 1313 etiam
1766 1232 1885 1292 sibi
1917 1232 2124 1313 aufert
2154 1234 2448 1311 gratiam,
2478 1234 2687 1294 aufert
2711 1232 3064 1309 caritatem,
3093 1238 3240 1297 facit
3268 1245 3335 1297 ut
3363 1240 3443 1297 ab
3463 1232 3769 1303 hominibus

585 1311 946 1376 accusetur.
964 1314 1236 1373 Multum
1261 1312 1497 1389 quippe
1518 1312 1742 1371 melior
1762 1316 1858 1371 est
1879 1311 2096 1386 opinio
2120 1313 2289 1373 bona
2308 1313 2595 1389 pecuniis
2622 1314 2763 1374 :illa
2786 1316 2953 1374 enim
2982 1316 3041 1381 si
3064 1317 3230 1378 mala
3253 1316 3463 1387 fuerit.
3491 1335 3607 1377 non
3632 1320 3771 1382 facile

587 1394 917 1469 abluitur;
954 1393 1258 1471 pecunias
1280 1396 1494 1449 autem
1522 1406 1648 1471 non
1673 1393 1768 1449 est
1792 1390 2032 1471 laboris
2064 1391 2424 1471 acquirere.
2460 1392 2666 1469 Magis
2710 1400 2921 1454 autem
2951 1395 3238 1471 pecunia:
3282 1401 3342 1454 et
3386 1414 3523 1455 cum
3564 1399 3770 1469 adsunt,

590 1489 719 1531 non
748 1467 909 1552 satis
924 1467 1248 1552 adjuvant,
1282 1474 1344 1528 et
1371 1486 1513 1552 cum
1545 1468 1793 1552 desunt,
1823 1467 1985 1552 nihil
2012 1469 2304 1543 protinus
2333 1467 2599 1552 obsunt}
2624 1472 2842 1552 opinio
2881 1467 3094 1552 autem
3125 1474 3293 1552 bona
3325 1475 3376 1533 si
3406 1474 3581 1542 adsit,
3614 1467 3769 1552 predé

586 1557 682 1610 est
728 1546 1114 1627 plurimum;
1148 1548 1221 1627 si
1255 1563 1405 1607 vero
1441 1546 1637 1617 absit,
1674 1546 1819 1627 facit
1848 1548 2231 1627 probrosum
2262 1552 2463 1627 totum
2496 1546 2843 1621 hominem,
2876 1551 3023 1612 facit
3047 1550 3369 1623 infamem,
3402 1557 3464 1612 et
3495 1546 3770 1615 ridiculum

587 1624 932 1708 constituet
983 1626 1284 1687 omnibus
1329 1628 1389 1684 et
1417 1641 1707 1708 exosum.
1742 1624 2044 1708 Similiter
2079 1625 2426 1708 iracundus
2471 1629 2753 1708 seipsum
2785 1630 3060 1705 primum
3103 1630 3421 1691 dilanians
3466 1633 3693 1708 puniet,
3731 1642 3773 1691 et

588 1714 743 1767 tunc
767 1707 945 1787 illum
983 1709 1207 1787 contra
1230 1721 1428 1787 quem
1469 1703 1906 1787 indignatione
1955 1708 2272 1787 raptatur.
2302 1705 2402 1765 Sic
2442 1710 2504 1787 et
2539 1703 2883 1787 maledicus
2910 1708 3135 1787 primo
3170 1703 3771 1785 seipsumconfundit,

585 1793 647 1844 et
671 1792 819 1866 tunc.
844 1785 1022 1844 illum
1053 1784 1154 1843 cui
1184 1783 1439 1866 videtur
1461 1781 1924 1866 maledictionis
1952 1781 2297 1866 importare
2321 1785 2687 1866 convicium
2710 1808 2723 1843 :
2754 1781 3220 1866 quod'fortasse
3248 1781 3505 1864 quidem
3542 1807 3647 1849 nec
3680 1808 3770 1866 po-

588 1864 765 1935 terit,
794 1863 913 1922 hoc
938 1865 1061 1933 est,
1090 1866 1159 1941 ut
1194 1861 1301 1921 ille
1328 1860 1594 1941 leedatur
1626 1879 1647 1941 :_
1662 1860 1730 1941 usi
1774 1859 2057 1941 tolerans
2080 1862 2437 1941 patienter,
2461 1859 2792 1931 abscedati
2826 1865 2963 1941 ipse
2995 1883 3145 1925 vero
3192 1859 3431 1927 recedit
3465 1884 3600 1926 cum
3638 1859 3771 1928 stulti

585 1941 914 2017 cujusdam
939 1940 1219 2009 nomine,
1251 1944 1312 1999 et
1343 1938 1674 2018 dispuendi
1706 1939 1960 2018 penitus
1990 1944 2052 1998 et
2078 1939 2414 2011 horrendi,
2448 1942 2628 2001 illum
2651 1938 2907 2018 quidem
2930 1961 2963 2003 e
2983 1949 3205 2005 contra
3227 1945 3527 2005 ambilem
3561 1944 3769 2007 faciens.

582 2016 853 2102 Quando
877 2018 1045 2102 enim
1075 2018 1251 2078 audit
1281 2016 1638 2102 maledicta,
1657 2024 1731 2102 _et
1766 2017 2028 2102 minime
2049 2035 2117 2102 se
2137 2018 2451 2102 similibus
2479 2020 2652 2102 cupit
2672 2016 2905 2102 ulcisci
2931 2023 3240 2102 conviciis
3262 2066 3278 2092 ,
3310 2023 3423 2084 sed
3460 2024 3653 2084 laudat
3681 2044 3776 2102 po--

586 2098 711 2157 tius
740 2104 801 2177 et
824 2098 1116 2177 miratur,
1139 2114 1268 2177 non
1299 2096 1481 2177 illum
1520 2095 1802 2177 quidem,
1829 2095 1949 2177 sed
1979 2096 2262 2177 seipsum
2292 2097 2545 2177 laudat.
2588 2099 2762 2158 Sicut
2804 2100 2974 2159 enim
3008 2100 3141 2177 jam
3188 2102 3319 2160 dixi
3358 2095 3777 2164 maledictio'nos

582 2194 729 2252 quae
758 2176 1123 2253 diriguntur
1153 2176 1217 2257 i_n
1245 2175 1599 2257 proximos,
1641 2173 2413 2257 maledicentcs‘primitus
2457 2183 2695 2257 vexant
2724 2197 2738 2235 :
2785 2178 2875 2238 sic
2901 2183 2967 2257 et
2998 2173 3163 2240 bona
3203 2196 3348 2255 qua;
3392 2180 3559 2240 circa
3593 2199 3774 2257 proxu-

520 2321 525 2325 ,
586 2272 725 2314 mos
757 2252 1525 2333 geruntur,reisprimum
1558 2252 1668 2329 qui
1705 2258 2059 2333 operantur
2087 2252 2506 2331 jucunditatis
2547 2257 2779 2316 uberes
2819 2256 3157 2333 proferunt
3182 2252 3456 2318 fructus.
3496 2252 3775 2319 Enimvero

586 2274 725 2314 IDOS
799 2274 1093 2324 erunlur,
1126 2274 1217 2312 elS
1249 2274 1525 2330 primum
1558 2274 1668 2329 QUI
1706 2274 2059 2329 operantur
2087 2274 2506 2331 JllCllnﬂllallS
2547 2274 2779 2316 uberes
2819 2274 3157 2333 ριόιρῐυῐιι
3182 2274 3456 2318 ιτυςωε.
3496 2274 3775 2319 ΕΠΙΠΠΡΓΟ

586 2333 698 2408 qui
730 2274 1004 2410 aiicujus
1028 2375 1044 2403 ,
1070 2332 1204 2391 sive
1222 2332 1397 2402 boni,
1431 2331 1566 2411 sive
1599 2331 1773 2411 mali,
1804 2336 2177 2407 procreator
2206 2333 2486 2404 exsistit,
2517 2334 2652 2409 ipse
2683 2336 2925 2411 primus
2958 2343 3069 2395 aut
3092 2337 3199 2395 illo
3241 2337 3414 2396 bono
3439 2336 3673 2405 fruitur,
3697 2348 3776 2397 aut

588 2412 703 2469 illo
735 2409 910 2471 malo
939 2410 1204 2490 punitur
1238 2430 1253 2465 :
1282 2416 1344 2469 et
1380 2410 1628 2490 merito.
1661 2409 1834 2469 Sicut
1860 2411 2029 2468 enim
2070 2427 2265 2487 aqua,
2316 2411 2450 2472 sive
2494 2413 2665 2473 salsa
2686 2409 2795 2484 sit,
2825 2416 2957 2475 sive
2991 2415 3071 2474 sit
3097 2415 3206 2475 illa
3235 2415 3556 2490 potabilis,
3586 2426 3640 2477 et
3665 2434 3774 2475 vasa

578 2490 779 2561 replet
807 2486 1267 2558 haurientium,
1287 2494 1348 2548 et
1374 2505 1561 2547 suum
1595 2486 1829 2546 fontem
1860 2506 1942 2548 ex
1956 2506 2084 2564 quo
2118 2486 2336 2552 manat
2357 2507 2767 2567 nequaquam
2798 2509 3071 2553 vacuum
3099 2486 3437 2553 remanere
3467 2496 3734 2567 permittit
3766 2518 3774 2529 ·

569 2570 663 2629 sic
692 2574 755 2628 et
784 2569 1098 2645 nequitia,
1132 2570 1226 2629 sic
1254 2575 1317 2630 et
1345 2570 1575 2640 virtus,
1608 2568 1777 2630 unde
1806 2576 2195 2646 processerit
2225 2572 2408 2627 illum
2445 2572 2922 2646 procreatorem
2970 2570 3264 2644 primitus
3296 2570 3408 2631 illa
3450 2570 3714 2641 laetificat,
3743 2580 3787 2632 et

567 2648 680 2709 illa
704 2648 1048 2707 consumit.
1079 2648 1156 2706 Et
1186 2648 1321 2708 haec
1347 2648 1605 2725 quidem
1630 2648 1695 2707 in
1730 2645 1850 2709 hac
1879 2648 2051 2709 vita:
2080 2653 2381 2709 caeterum
2400 2646 2465 2705 in
2497 2645 2715 2706 futuro
2745 2647 2980 2725 saeculo
3006 2650 3152 2725 quis
3178 2665 3397 2708 sermo
3425 2649 3625 2709 valeat
3647 2667 3787 2711 enar-

569 2742 717 2787 rare
747 2744 891 2804 qua:
922 2727 1115 2798 bona,
1143 2727 1243 2788 vel
1272 2722 1417 2805 qua:
1443 2727 1614 2788 mala
1644 2729 2107 2789 reservantur?
2129 2728 2266 2787 Non
2292 2730 2389 2787 est
2417 2742 2632 2787 sermo
2664 2724 2778 2802 qui
2794 2724 2931 2805 hoc
2957 2722 3234 2803 explicet
3269 2747 3284 2785 :
3326 2728 3637 2804 siquidem
3664 2731 3786 2790 bona

569 2807 682 2867 illa
714 2803 842 2865 non
868 2810 1118 2867 tantum
1159 2803 1546 2874 sermonem,
1582 2806 1690 2865 sed
1728 2806 1921 2867 etiam
1968 2823 2226 2866 omnem
2257 2804 2561 2865 intuitum
2610 2803 2841 2864 mentis
2879 2805 3198 2865 excedunt
3232 2824 3247 2862 :
3278 2803 3604 2868 contraria
3649 2826 3785 2877 veru,

571 2885 695 2965 hoc
714 2889 812 2945 est
841 2884 1042 2953 mala,
1077 2885 1399 2962 appellata
1428 2884 1706 2965 quidem
1759 2891 1911 2946 sunt
1936 2886 2309 2965 nominibus
2358 2884 2657 2955 usitatis;
2690 2883 2868 2943 verbi
2890 2884 3142 2965 gratia;
3183 2886 3567 2965 quiaignis,
3594 2886 3785 2963 inquit,

572 2964 659 3024 ibi
697 2968 824 3036 est,
856 2967 918 3024 et
949 2958 1251 3034 tenebrae,
1286 2969 1349 3024 et
1379 2958 1661 3033 vincula,
1686 2968 1750 3023 et
1786 2965 2020 3024 vermis
2042 2964 2181 3025 sine
2212 2964 2338 3025 fine
2368 2979 2756 3023 consumens
2785 2982 2800 3021 :
2825 2958 2934 3022 sed
2963 2979 3091 3022 non
3127 2958 3257 3023 baéc
3279 2958 3433 3026 sola
3454 2965 3589 3025 istis
3620 2958 3787 3024 numi-

575 3044 787 3116 nibus,
824 3061 941 3103 nec
963 3043 1116 3104 talia
1154 3043 1704 3115 demonstrantur,
1749 3043 1857 3103 sed
1900 3043 2029 3104 alia
2061 3044 2265 3103 multo
2288 3041 2511 3121 pejora
2542 3045 2604 3121 et
2628 3042 2830 3101 multo
2852 3041 3131 3119 amplius
3168 3044 3526 3105 severiora.
3570 3044 3723 3117 Quod
3743 3051 3789 3103 ut

572 3138 913 3200 agnoscas,
949 3122 1072 3182 hoc
1101 3122 1379 3198 primum
1412 3121 1771 3182 considera.
1808 3122 1871 3182 Si
1894 3120 2635 3201 enim-ignis,quomodo
2663 3122 2941 3201 tenebrae
2965 3123 3159 3201 sunt?
3185 3122 3380 3183 Vides
3406 3124 3693 3200 quoniam
3716 3125 3789 3181 ille

575 3199 740 3279 ignis
764 3202 995 3261 saevior
1017 3201 1138 3261 isto
1170 3203 1307 3261 est?
1333 3219 1460 3262 non
1486 3201 1656 3262 enim
1681 3201 1875 3262 habet
1907 3199 2155 3270 lumen,
2186 3204 2300 3262 aut
2324 3201 2525 3280 ullam
2548 3199 2807 3280 luminis
2826 3200 3212 3280 claritatem.
3235 3202 3297 3261 Si
3327 3199 3499 3280 ignis
3530 3208 3638 3273 est,
3658 3219 3790 3279 quo—

574 3280 763 3339 modo
791 3298 1044 3356 semper
1073 3281 1222 3350 urit,
1260 3287 1322 3340 et
1363 3281 1798 3356 corruptionis
1848 3298 1981 3341 non
2018 3286 2330 3358 operatur
2357 3278 2697 3339 effectum?
2721 3278 2913 3339 Vides
2949 3281 3259 3355 quoniam
3286 3278 3442 3340 etin
3477 3282 3595 3342 hoc
3614 3278 3793 3341 saevior

575 3363 717 3419 est?
742 3377 870 3419 non
912 3359 1083 3419 enim
1114 3360 1573 3438 exstinguitur.
1608 3361 1876 3435 Propter
1914 3360 2037 3420 hoc
2071 3362 2263 3419 etiam
2309 3358 2855 3439 inexstinguibilis
2892 3359 3280 3435 appellatur.
3313 3360 3604 3439 lntellige
3642 3361 3792 3439 igitur

575 3444 892 3516 quantum
919 3442 1015 3498 est
1040 3439 1301 3507 malum,
1335 3457 1450 3515 per
1477 3439 1692 3498 omnia
1725 3440 1959 3501 saecula
1989 3440 2115 3510 uri,
2149 3444 2213 3499 et
2245 3440 2312 3497 in
2343 3438 2624 3498 tenebris
2657 3454 3038 3514 permanere
3068 3440 3426 3516 perpetuis,
3459 3445 3521 3500 et
3546 3438 3791 3499 infinitos
3821 3466 3839 3485 ι

578 3519 853 3596 gemitus
880 3517 1092 3587 edere,
1128 3523 1189 3577 et
1218 3518 1489 3579 stridere
1513 3517 1836 3589 dentibus,
1870 3523 1931 3578 et
1956 3535 2369 3595 nequaquam
2388 3517 2641 3595 penitus
2667 3516 2876 3575 exuri.
2911 3516 2971 3575 Si
3006 3517 3177 3576 enim
3203 3522 3266 3576 in
3288 3519 3413 3579 hac
3441 3520 3568 3579 vita
3601 3520 3789 3595 aliquis

578 3615 828 3668 eorum,
862 3597 971 3673 qui
1010 3597 1205 3655 nobili
1232 3615 1465 3675 genere
1497 3597 1628 3656 nati
1661 3602 1832 3666 sunt,
1862 3598 1926 3656 in
1963 3598 2316 3658 custodiam
2349 3596 2743 3675 retrudatur,
2784 3602 3075 3672 putorem
3111 3597 3320 3674 ipsum
3363 3604 3609 3658 tantum
3637 3604 3691 3658 et
3723 3604 3794 3655 te-

580 3678 928 3737 nebrarum
960 3674 1267 3754 caligines
1325 3695 1453 3736 non
1488 3676 1657 3736 valet
1688 3677 2026 3747 sustinere,
2064 3682 2128 3736 et
2174 3695 2318 3737 cum
2352 3674 2685 3755 homicidis
2723 3692 2853 3735 una
2886 3675 3095 3751 ligari,
3136 3683 3340 3736 morte
3380 3678 3563 3755 pejus
3609 3676 3792 3737 existi-

580 3761 751 3817 mat:
786 3755 1071 3832 intellige
1108 3756 1300 3831 quale
1326 3757 1429 3827 sit,
1464 3755 1725 3832 quando
1754 3774 1898 3815 cum
1940 3756 2241 3815 omnibus
2277 3755 2472 3815 totius
2501 3754 2719 3815 saeculi
2746 3755 3189 3814 comburimur
3234 3756 3592 3826 homicidis,
3629 3772 3791 3830 neque

584 3835 701 3911 ipsi
730 3835 891 3895 alios
920 3835 1227 3906 videntes,
1264 3853 1475 3911 neque
1502 3834 1781 3894 aliorum
1815 3835 2061 3894 visibus
2098 3839 2505 3912 apparentes,
2536 3833 2643 3893 sed
2697 3834 2759 3892 in
2808 3839 2987 3894 tanta
3051 3834 3466 3894 multitudine
3522 3834 3791 3895 solitarios

583 3932 697 3976 nos
725 3932 866 3975 esse
909 3919 1228 3990 putantes.
1279 3913 1603 3990 Siquidem
1662 3915 1940 3974 tenebras
1967 3920 2029 3974 ct
2057 3914 2351 3975 absentia
2390 3913 2650 3973 luminis
2682 3929 2811 3971 non
2853 3930 2971 3972 nos
3008 3913 3175 3972 sinet
3224 3914 3557 3989 proximos
3587 3918 3788 3972 nostros

586 4010 964 4069 agnoscere;
994 3992 1103 4053 sed
1136 3992 1330 4052 veluti
1359 3994 1411 4051 si
1443 3992 1771 4052 solitarius
1797 3992 2251 4069 unusquisque
2278 3997 2570 4053 nostrum
2596 3992 2899 4069 patiatur,
2934 3992 3025 4051 sic
3045 3990 3321 4052 afficitur
3341 4010 3679 4070 oppressus
3703 4006 3790 4049 ca—

582 4073 779 4147 ligine
802 4073 1165 4132 tenebrosa.
1196 4072 1505 4150 Siiautem
1534 4072 1814 4131 tenebrae
1835 4075 2086 4131 tantum
2113 4071 2404 4150 affligunt
2433 4075 2687 4131 nostras
2715 4071 2988 4141 animas,
3025 4074 3408 4150 tantumque
3441 4073 3787 4150 perturbant.

578 4150 734 4226 quid
764 4151 884 4210 erit
909 4150 1040 4229 jam
1072 4149 1331 4227 quando
1359 4154 1591 4210 etcum
1624 4151 1906 4229 tenebris
1940 4151 2194 4210 dolores
2236 4149 2299 4211 et
2332 4155 2653 4210 tormenta
2693 4150 3157 4229 combustionis
3202 4149 3573 4210 adfuerint?
3598 4149 3787 4210 Idcirco

579 4228 923 4305 deprecor,
946 4234 1018 4288 ut
1044 4230 1178 4290 haac
1198 4247 1450 4306 semper
1472 4228 1641 4306 apud
1664 4246 1776 4290 vos
1803 4230 2098 4300 versetis,
2131 4234 2193 4290 et
2215 4229 2534 4306 patienter
2555 4228 2875 4289 tristitiam
2901 4246 3044 4305 qua:
3070 4246 3151 4288 ex
3182 4229 3392 4290 verbis
3426 4230 3695 4290 nascitur
3715 4232 3788 4285 to-

579 4309 821 4378 leretis,
852 4327 931 4369 ne
961 4308 1116 4385 ipsis
1168 4309 1361 4367 rebus
1385 4308 1701 4385 supplicia
1730 4309 2041 4370 sentiatis.
2066 4308 2381 4369 Omnibus
2414 4307 2617 4367 modis
2633 4307 2805 4368 enim
2832 4310 3137 4369 universa
3159 4308 3283 4369 ista
3304 4307 3525 4370 futura
3556 4312 3717 4385 sunt;
3744 4308 3786 4363 et

581 4405 691 4446 eos
725 4389 835 4460 qui
868 4382 1200 4464 suppliciis
1230 4387 1419 4465 digna
1449 4382 1831 4465 gesserunt,
1856 4388 2075 4448 nullus
2105 4388 2340 4465 poterit
2379 4386 2681 4460 liberare,
2718 4402 2849 4445 non
2884 4390 3091 4465 pater,
3115 4403 3247 4446 non
3270 4396 3500 4459 mater,
3544 4403 3659 4446 non
3697 4382 3786 4465 fra-

581 4405 691 4446 eos
725 4406 835 4460 qui
868 4405 1200 4464 suppllcns
1230 4405 1419 4465 mgna
1449 4405 1790 4465 gesserunt
1816 4432 1831 4459 ,
1856 4405 2075 4448 nullus
2149 4405 2340 4448 orem
2381 4405 2681 4460 nnerare,
2718 4405 2849 4445 non
2884 4405 3091 4464 pater,
3115 4405 3247 4446 non
3270 4405 3500 4459 mater,
3544 4405 3659 4446 non
3697 4405 3786 4442 ira-

580 4472 717 4555 t_er:_
753 4468 988 4555 [frater
1015 4468 1176 4555 etaim
1204 4465 1603 4555 non_liberat,
1641 4467 1870 4555 inquit,
1909 4405 2197 4555 liberagit
2225 4465 2403 4555 homo
2480 4466 2635 4555 licet
2680 4465 2948 4555 multam
2982 4464 3280 4555 fiduciam
3323 4466 3603 4542 quisque
3622 4463 3786 4555 possit

576 4545 756 4619 deat,
790 4547 935 4607 licet
960 4546 1232 4606 multum
1260 4546 1469 4607 valeat
1504 4545 1673 4623 apud
1707 4547 1933 4605 Deum.
1982 4547 2126 4623 lpse
2156 4546 2327 4606 enim
2358 4544 2577 4606 reddet
2604 4544 2956 4621 unicuique
2987 4545 3338 4605 secundum
3369 4561 3569 4622 opera
3589 4544 3723 4621 ejus,
3744 4545 3785 4597 et

576 4643 657 4684 ex
682 4626 987 4703 operibus
1021 4633 1151 4686 tam
1182 4626 1383 4695 salus,
1410 4622 1604 4701 quam
1636 4641 1822 4701 ptena
1845 4622 2287 4703 consequitur.
2323 4622 2878 4703 Faciamusigitur
2916 4624 3104 4683 nobis
3130 4624 3369 4684 amicos
3418 4643 3497 4684 ex
3545 4634 3785 4682 mamona

576 4702 935 4783 iniquitatis
966 4724 981 4764 :
1016 4705 1139 4765 hoc
1179 4710 1299 4776 est,
1331 4722 1676 4781 operemur
1703 4702 2180 4784 eleemosynas,
2224 4720 2614 4784 evacuemus
2654 4702 2719 4784 in
2747 4702 2900 4763 istos
2931 4703 3238 4784 pecunias
3261 4706 3646 4784 nostras,_u_t_
3677 4713 3783 4784 eva-

574 4780 841 4845 cuemus
867 4785 1057 4846 etiam
1094 4785 1223 4844 illic
1254 4790 1325 4845 et
1352 4780 1843 4861 exstinguamus
1868 4780 2032 4861 ignis
2063 4783 2392 4856 ardorem,
2430 4787 2501 4841 ut
2537 4780 2833 4843 fiduciam
2869 4782 3099 4861 mentis
3138 4782 3515 4842 habeamus.
3559 4780 3681 4861 Illic
3714 4782 3785 4836 et-

578 4865 751 4922 enim
780 4881 909 4924 non
940 4864 1040 4924 vel
1072 4864 1193 4941 ipsi
1223 4868 1373 4923 sunt
1403 4863 1513 4939 qui
1544 4858 1662 4922 n'os
1684 4858 2045 4939 excipiunt,
2068 4862 2177 4922 sed
2230 4879 2393 4939 opus
2427 4865 2714 4941 nostrum
2745 4880 2762 4941 _:
2788 4860 3101 4941 quianon
3138 4878 3214 4920 eo
3252 4861 3427 4938 ipso,
3478 4859 3639 4941 quod
3671 4858 3784 4941 istos

578 4944 820 5004 amicos
853 4934 1255 5014 habebimus,
1289 4934 1525 5003 salvari
1565 4934 1977 5002 merebimur.
2006 4934 2300 5018 Denique
2331 4940 2585 5001 attende
2609 4939 2761 5017 quid
2788 4934 3072 5018 addidit:
3106 4956 3232 4998 non
3266 4934 3436 4998 enim
3468 4934 3658 5005 dixit,
3687 4934 3786 5018 Fa—

574 5024 698 5100 cito
730 5022 909 5083 vobis
953 5012 1328 5100 amicos,'ut
1374 5021 1732 5098 suscipiant
1771 5036 1886 5081 vos
1938 5019 2005 5100 in
2049 5012 2421 5100 habitacula
2465 5012 2910 5100 sua'aeterna;
2941 5017 3051 5078 sed
3098 5023 3346 5100 tantum
3374 5020 3441 5100 in
3470 5012 3783 5100 habitaculg

570 5099 736 5160 dixit
765 5106 1028 5171 aeterna,
1052 5105 1115 5160 et
1140 5090 1397 5161 modum
1430 5090 1642 5173 ipsum
1691 5099 2015 5175 exposuit.
2054 5098 2336 5159 Dicendo
2384 5097 2580 5163 enim,
2614 5098 2728 5156 Ea:
2774 5114 3062 5175 mamona
3114 5097 3509 5168 iniquitatis.
3563 5090 3785 5156 ostendit

570 5180 883 5255 quoniam
914 5179 991 5239 de
1019 5181 1312 5257 pecuniis
1344 5184 1598 5258 oportet
1618 5174 1789 5240 istos,
1813 5179 2054 5241 amicos
2089 5191 2477 5254 praeparare.
2508 5177 2802 5258 _Apparet
2835 5174 3034 5258 igitur
3063 5176 3373 5258 quoniam
3402 5194 3532 5238 non
3560 5178 3787 5258 ipsape-

570 5253 667 5318 bis
696 5258 982 5319 amicitia
1008 5253 1231 5318 eorum
1257 5253 1793 5336 patrocinabitur,
1823 5259 1877 5319 si
1910 5253 2307 5333 boua’opera
2347 5271 2478 5336 non
2508 5254 2900 5336 habeamus,
2925 5254 2976 5314 si
3016 5271 3144 5313 non
3178 5273 3325 5336 cum
3348 5253 3599 5336 justitia
3621 5253 3786 5336 refun-

569 5336 799 5397 damus
827 5337 1108 5408 divitias,
1142 5332 1307 5415 quas
1340 5339 1562 5416 inique
1592 5338 2058 5416 congessimus.
2093 5332 2219 5395 lste
2280 5334 2459 5416 vobis
2497 5348 2712 5416 sermo
2742 5332 2819 5416 de
2844 5333 3273 5416 eleemosynis
3320 5332 3448 5395 n'on
3506 5334 3579 5395 ad
3608 5332 3783 5416 divites

568 5417 805 5489 solum,
837 5416 946 5497 sed
975 5410 1275 5497 etiam—aid
1328 5410 1645 5497 pauperes
1697 5410 1886 5477 simul
1919 5419 2245 5497 aptatur;
2265 5412 2510 5497 scilicet
2538 5412 2645 5497 ille
2680 5412 2792 5497 qui
2816 5413 2935 5497 ab
2969 5410 3373 5497 aliis'petens
3419 5410 3784 5497 sustentatio—

569 5513 717 5556 nem
745 5496 1041 5574 accipiat,
1077 5500 1140 5555 et
1168 5496 1248 5556 ad
1272 5488 1484 5574 ipsum
1518 5496 1653 5557 haec
1686 5497 1896 5556 oratio
1933 5488 2297 5574 pertinebit.
2331 5492 2473 5553 Non
2499 5488 2672 5574 enim
2711 5490 2776 5551 in
2806 5494 3055 5574 tantum
3085 5488 3622 5574 quisquepauper
3639 5488 3778 5574 exsi-

566 5575 696 5647 stit,
726 5566 943 5635 utdtio
984 5566 1232 5636 minuta
1263 5566 1394 5636 n'on
1453 5576 1710 5637 habeat.
1741 5566 1956 5635 Potest
1980 5590 2135 5654 ergo
2164 5572 2341 5654 etde
2369 5571 2597 5654 paucis
2624 5586 2839 5654 pauca
2867 5566 3176 5654 tribuere,
3205 5566 3273 5654 et
3312 5566 3584 5654 plurima
3619 5566 3782 5654 posst:

566 5642 787 5716 dentes
812 5655 1292 5734 largientesque
1324 5656 1603 5734 plurima
1639 5672 1986 5732 superare,
2019 5642 2329 5734 sicutilla
2365 5642 2579 5734 vidua.
2623 5642 2762 5734 Non
2793 5650 2962 5734 enim
2994 5642 3353 5734 quantitate
3380 5642 3680 5734 datorum,
3699 5642 3778 5705 sed

570 5734 807 5797 virtute
839 5726 1204 5814 superavit,
1226 5726 1383 5815 quia
1428 5726 1804 5815 magnitudo
1841 5731 2296 5796 misericordia
2332 5727 2683 5794 voluntatis
2721 5727 3167 5808 magnitudine
3192 5728 3535 5808 judicatur.
3585 5726 3778 5804 Ubique
