3926 6406
162 289 250 345 2ίῦ
798 275 1108 335 MUTIANO
1163 275 1405 334 SCHOL.
1460 275 1918 333 INTERPRETE.
1948 307 2016 318 -
2049 275 2200 331 CAP.
2239 275 2277 329 l.
2323 275 2554 332 HOMIL.
2597 274 2661 333 ll.
3217 279 3345 357 ⁴244

152 373 436 446 voluntate
464 381 636 446 opus
653 376 774 446 est,
799 367 1248 446 ubiqueirecto
1282 363 1635 446 proposito,
1677 362 1923 446 ubique
1949 361 2241 435 caritate,
2271 381 2417 446 qua)
2441 366 2612 427 circa
2638 367 2838 428 Deum
2873 386 3033 446 pura
3067 371 3368 434 sincera-

147 471 254 532 que
268 445 575 532 consistai.
603 443 664 532 S_i
702 462 856 523 ergo
883 463 1029 532 cum
1052 445 1172 532 hac
1195 449 1417 504 sancta
1453 443 1722 532 caritate
1740 444 1972 532 cuncta
2000 458 2332 532 geramus,
2347 444 2493 532 licet
2514 461 2714 523 parva
2750 443 3374 532 possidente-spring:

149 519 488 594 tribuamus,
521 522 746 584 faciem
775 519 959 584 suam
985 522 1298 582 Dominus
1323 539 1452 581 non
1483 525 1754 592 avertet,
1803 519 1913 580 sed
1941 521 2254 602 suscipiet
2283 522 2449 582 sicut
2487 519 2722 602 magna
2750 519 2818 587 et
2845 519 3221 600 admiranda
3254 532 3376 591 do-

143 609 321 672 naria.
352 603 690 663 Enimvero
737 603 1136 664 voluntatem
1171 603 1340 662 Deus
1385 617 1660 678 semper,
1702 617 1833 660 non
1865 616 1943 660 ea
1969 616 2115 676 qua)
2145 599 2384 660 dantur
2421 599 2724 677 attendit;
2756 609 2820 666 et
2850 606 2903 668 si
2949 607 3128 669 illam
3165 610 3376 672 videat

145 701 428 766 magnam,
453 686 512 741 et
540 681 867 766 decretum
892 699 1027 743 suae
1054 680 1384 760 dignitatis
1403 677 1702 766 apponit,
1749 685 1825 766 et
1842 677 2504 766 prepter_hu_jusmodi
2529 683 2947 766 _voluntatem
2973 687 3198 766 dignos
3228 689 3376 752 facit

140 757 327 850 futura
352 764 512 850 bona
544 761 876 850 percipere
920 781 935 820 :
967 757 1279 850 quae'nﬁos‘
1303 757 1646 850 universos
1685 759 2017 850 centiiigzit
2055 757 2348 850 adipisci,
2379 761 2588 850 gratia
2626 767 2691 822 et
2724 757 3072 850 clementia
3115 769 3373 830 Domini

140 843 313 908 nostri
347 842 496 900 Jesu
543 837 803 920 Christi,
837 837 1144 920 cumiun
1176 839 1344 899 Patri
1376 856 1508 900 una
1531 856 1680 899 cum
1713 843 1937 899 sancto
1966 837 2207 914 Spiritu
2247 837 2478 916 gloria,
2513 841 2879 918 imperium,
2922 843 3156 920 honor,
3201 867 3375 911 nunc

137 934 187 987 et
211 938 467 996 semper,
498 924 559 979 et
588 919 654 978 in
685 919 921 980 saecula
947 919 1354 980 saeculorum.
1381 919 1612 979 Amen.

1513 1159 1859 1224 HOMILIA
1903 1164 1981 1225 ll.

203 1300 252 1359 1.
282 1295 399 1372 Qui
423 1292 840 1389 est‘splendo‘r
865 1292 1084 1385 gloria:
1103 1299 1158 1352 et
1187 1291 1507 1389 character
1535 1294 2080 1389 substantiw'ejus,
2112 1299 2764 1389 ferensomniaycrbo
2793 1302 3052 1367 virtutis
3080 1325 3245 1378 sum;
3263 1327 3384 1389 per

135 1398 263 1463 cuni
271 1373 737 1463 inundationem
773 1373 1012 1463 faciens
1045 1381 1442 1463 peccaturum
1473 1382 1856 1463 nosiroruin:
1890 1373 2140 1463 Ubique
2179 1377 2788 1463 quidemnreligioso
2845 1384 3028 1463 nobis
3072 1373 3236 1463 opus
3263 1373 3380 1450 ‘est

134 1456 453 1542 intellectu,
485 1450 1147 1542 m_axime;au.tem_ubi
1170 1452 1247 1510 de
1274 1451 1539 1542 Περί-νει
1561 1453 1802 1530 aliquid
1830 1450 2312 1542 loquimurfvel
2340 1450 2640 1542 audimus
2673 1479 2688 1519 :
2720 1462 3029 1542 quoniam
3063 1450 3274 1542 neque
3300 1469 3379 1529 ad

134 1479 453 1523 mteueuu,
487 1479 766 1512 [nanum
791 1479 1007 1512 autem
1041 1479 1147 1542 um
1170 1479 1247 1510 ut:
1275 1479 1407 1510 ueu
1445 1479 1539 1512 vel
1561 1479 1802 1530 aliqulu
1830 1479 2185 1531 lquIIIllH',
2216 1479 2312 1518 VCI
2343 1479 2640 1518 aummus
2673 1479 2688 1519 :
2767 1479 3029 1522 uomam
3063 1483 3274 1542 neque
3300 1479 3379 1529 ad

134 1532 495 1614 loquendus!
525 1531 715 1610 digne
749 1530 996 1614 dep.”
1024 1530 1249 1614 ἔξηςιιδ
1294 1528 1527 1590 ευπῖείῐ
1553 1575 1568 1603 .
1616 1550 1826 1614 neque
1866 1533 1944 1595 ad
1989 1535 2471 1612 percipiendum
2521 1479 2826 1614 praeva(let
2871 1540 3232 1606 intellectus
3266 1567 3281 1605 :
3320 1555 3383 1607 et

131 1608 262 1692 quid
285 1613 420 1672 dico
446 1608 738 1694 linguam
764 1609 867 1694 vel
896 1608 1314 1694 intellectum,
1348 1627 1492 1669 cum
1512 1608 1813 1694 _nec_ipsa
1843 1608 2008 1690 pars
2027 1608 2254 1694 mentis
2287 1608 2694 1694 eminentior,
2728 1636 2870 1694 qua:
2901 1620 2992 1680 eis
3021 1623 3224 1684 multo
3255 1644 3384 1687 su-

131 1688 321 1772 perior
347 1694 464 1760 est,
498 1688 742 1782 aliquid
774 1691 1020 1828 integre
1048 1688 1215 1750 valet
1247 1689 1813 1766 comprehendere,
1845 1688 2106 1769 quando
2137 1693 2378 1772 aliquid
2410 1695 2486 1755 de
2515 1688 2848 1758 divinitate
2878 1698 3232 1764 dixerimus
3255 1707 3284 1764 ‘I
3316 1705 3376 1764 Si

131 1774 276 1828 enim
301 1787 423 1828 nax
452 1768 568 1828 Del
597 1775 897 1828 transcen
944 1772 991 1827 1t
1015 1785 1268 1828 omnem
1298 1771 1600 1828 mentem.
1622 1773 1686 1828 et
1709 1787 1784 1828 ea
1807 1787 1952 1828 una:
1979 1779 2335 1828 nraanarata
2365 1779 2517 1828 sunt
2541 1775 2953 1828 diligentibus
2978 1798 3145 1828 pum.
3177 1783 3237 1828 in
3267 1802 3376 1828 ρον

127 1768 276 1854 enim
301 1787 423 1854 pax
452 1768 568 1829 Dei
597 1768 991 1854 transcendit
1015 1785 1268 1854 omnem
1298 1771 1600 1854 mentem,
1622 1773 1686 1830 et
1709 1787 1784 1830 ea
1804 1768 1952 1854 qua:
1978 1768 2337 1854 pruaparata
2365 1775 2953 1854 suntdiligentibus
2978 1798 3148 1848 eum,
3177 1783 3238 1841 in
3267 1802 3380 1845 cor

129 1847 373 1935 hominis
404 1865 535 1935 non
561 1847 918 1935 ascendunt
947 1867 960 1907 :
989 1847 1201 1935 multo
1233 1847 1507 1935 ampiius
1540 1847 1676 1924 ipse
1709 1847 2226 1935 qui’pacis‘Deus
2259 1857 2392 1926 est,
2425 1853 2536 1932 qui
2569 1847 2857 1935 om'nium
2889 1862 2984 1917 est
3012 1859 3229 1935 opifex
3262 1881 3380 1922 re-

124 1948 266 2018 rum,
297 1927 829 2018 intestimabiliter
857 1932 1112 2018 nostras
1144 1926 1562 2018 cogitaiiones
1600 1926 1986 2018 exsuperat:
2003 1929 2268 2018 Oportet
2296 1926 2624 2018 ergo‘cum
2668 1933 2877 2018 fideet
2907 1926 3206 2018 religiosa
3245 1942 3377 2018 pie-

125 2013 489 2096 tatecuncta
543 2009 912 2096 suscipere;
955 2011 1016 2065 et
1054 2005 1315 2096 quando
1355 2005 1517 2096 forte
1561 2023 1772 2066 sermo
1809 2005 2152 2096 deﬁcit,‘__et_
2181 2028 2310 2071 non
2351 2005 2560 2096 potest
2606 2031 2750 2096 cum
2793 2005 3157 2096 integritate
3201 2005 3374 2096 quod

123 2089 354 2172 molitur
382 2085 782 2172 exprimere,
817 2090 970 2145 tunc
1000 2083 1748 2172 magisglorifiearenns
1782 2083 2543 2172 convenii_Deun1,'quod
2578 2092 2767 2172 talem
2799 2083 3000 2154 Deuvm
3039 2083 3376 2172 habemus,

121 2168 211 2242 qui
236 2165 711 2254 et_intel_lectu_m
746 2165 1137 2254 transcendit
1167 2171 1225 2223 et
1255 2163 1661 2254 cogitationis
1695 2165 2024 2254 intuitum.
2058 2169 2258 2229 Multa
2291 2163 2620 2254 enimvero
2651 2170 2726 2230 de
2767 2172 2898 2232 Deo
2933 2163 3374 2254 intelligimus,

120 2263 239 2322 quae
262 2245 470 2322 eloqui
502 2245 757 2322 penitus
790 2261 920 2304 non
950 2244 1237 2303 valemus
1274 2261 1288 2300 :
1323 2242 1525 2303 multa
1553 2243 1702 2304 item
1735 2245 2085 2322 loquimur,
2120 2253 2183 2307 et
2208 2265 2284 2309 ea
2315 2249 2675 2321 intelligere
2709 2267 2837 2310 non
2870 2269 3094 2316 sumus
3126 2242 3374 2320 idonei;

127 2331 272 2391 verbi
309 2329 522 2406 gratia
543 2370 559 2399 ,
602 2326 911 2406 quoniam
937 2326 1178 2406 ubique
1209 2326 1379 2387 Deus
1410 2331 1528 2400 est,
1563 2329 1799 2391 scimus
1825 2350 1842 2402 ;
1873 2326 2197 2404 quomodo
2229 2332 2444 2387 autem
2472 2329 2713 2406 ubique
2743 2331 2846 2399 sit,
2880 2330 3204 2391 intellectu
3239 2349 3366 2391 non

128 2405 409 2486 capimus.
443 2405 608 2465 Item
649 2405 959 2486 quoniam
996 2405 1501 2486 est_incorporea
1533 2407 1826 2485 quaedam
1874 2407 2099 2475 virtus,
2135 2423 2276 2482 quae
2319 2405 2622 2468 omnibus
2647 2412 2740 2470 est
2772 2426 2966 2470 causa
3001 2411 3316 2470 honorum
3349 2454 3366 2482 ,

124 2483 370 2568 scimus;
402 2484 976 2568 quomodoautem
1010 2483 1108 2544 vel
1141 2484 1434 2568 quaaista
1464 2483 1569 2555 sit,
1598 2487 1851 2568 penitus
1882 2486 2276 2568 ignoramus.
2307 2486 2463 2568 Ecce
2492 2487 2784 2568 dicimus,
2813 2493 2875 2548 et
2896 2504 2976 2568 mea
3010 2489 3371 2568 intelligere

124 2585 234 2627 non
262 2561 757 2644 valemus._Dixi
788 2563 1025 2644 quippe
1062 2561 1216 2644 quia
1245 2564 1486 2644 uirique
1513 2561 1646 2636 est,
1679 2567 1787 2626 sed
1819 2561 1950 2626 non
1980 2564 2318 2644 intelligo;
2363 2565 2504 2624 dico
2545 2565 2697 2642 quia
2730 2571 2825 2626 est
2854 2567 2992 2626 sine
3023 2561 3366 2644 principio,

124 2645 213 2707 sed
241 2661 359 2704 non
395 2642 692 2724 intelligo
722 2661 741 2724 εΔ
770 2641 911 2702 dico
941 2641 1515 2724 quoniamiFilium
1551 2646 1769 2724 genuit
1804 2663 1885 2704 ex
1913 2644 2125 2719 seipse
2147 2686 2162 2712 ,
2195 2641 2304 2702 Sed
2337 2641 2862 2724 nescio’qualiter
2891 2641 3217 2705 intellectu
3235 2641 3374 2706 'hoc

124 2723 463 2812 percipiam.
500 2720 851 2812 Suntergo
877 2722 1068 2781 etiam
1091 2720 1406 2812 quaedam,
1430 2720 1580 2812 qua;
1598 2724 1718 2812 dici
1744 2742 1871 2784 non
1898 2723 2505 2812 possunthquamvis
2531 2720 2738 2812 mente
2759 2724 3374 2812 capiantur._Exem-

123 2798 192 2880 ᾖ)ιί
232 2798 427 2881 gratia
460 2821 491 2881 :_
531 2798 828 2881 intelligit
862 2818 1076 2881 mens,
1113 2798 1220 2859 sed
1263 2817 1389 2860 non
1422 2798 1591 2863 valet
1619 2803 1866 2864 dicere:
1899 2798 1989 2861 ita
2018 2805 2087 2860 ut
2125 2801 2313 2862 etiam
2347 2802 2555 2881 ipsum
2586 2798 2856 2862 Paulum
2886 2803 3098 2864 videas
3130 2804 3192 2862 in
3224 2805 3376 2881 qui-

124 2879 359 2943 busdam
389 2879 500 2939 inti
518 2879 714 2939 rmari
740 2923 756 2947 ,
794 2883 856 2940 et
898 2897 1026 2938 non
1062 2879 1310 2957 integra
1357 2883 1651 2958 exempla
1687 2885 2177 2958 proponentem.
2210 2879 2390 2953 Quod
2422 2880 2528 2940 ille
2572 2881 2663 2941 sic
2693 2882 2944 2942 laborat
2984 2883 3045 2942 in
3095 2879 3328 2944 talibus
3354 2928 3372 2956 ,

121 2960 518 3020 contremisce
549 3003 564 3029 ,
609 2963 672 3019 et
719 2976 813 3038 ne,
840 2958 1194 3038 praatendas
1225 2959 1457 3038 altiora
1486 2963 1883 3037 perquirere.
1919 2959 2193 3038 Adverte
2219 2976 2371 3037 ergo
2401 2977 2573 3038 nunc
2602 2981 2618 3019 :
2651 2966 2992 3038 postquam
3023 2962 3372 3038 appellavit

121 3041 346 3108 Filium,
383 3042 446 3098 et
482 3056 643 3097 eum
673 3037 962 3114 Opificem
985 3037 1360 3110 nominavit,
1401 3036 1616 3098 intulit
1649 3059 1663 3097 :
1703 3039 1827 3113 Qui
1862 3046 1948 3098 est
1978 3036 2271 3116 splendor
2298 3036 2535 3116 gloriae,
2568 3046 2621 3098 et
2655 3036 2978 3100 character
3017 3036 3376 3101 substantia:

121 3121 249 3197 ejus.
279 3118 408 3177 Hoc
427 3122 658 3197 autem
686 3134 829 3197 cum
867 3116 1280 3197 religiositaie
1301 3116 1604 3197 debemus
1631 3116 2107 3197 accipere,iet_si
2129 3116 2290 3197 quid
2314 3117 2664 3197 absurdum
2688 3117 2973 3197 fortassis
2998 3119 3372 3188 occurrerit,

120 3194 188 3260 ab
221 3198 349 3259 acie
386 3196 634 3256 mentis
680 3195 959 3274 abigere.
1001 3194 1333 3274 Splendor,
1376 3195 1623 3272 inquit,
1663 3196 1902 3274 gloriae.
1935 3195 2052 3256 Sed
2084 3194 2224 3254 vide
2255 3195 2603 3255 secundum
2645 3196 2798 3272 quid
2841 3197 2959 3256 hoc
2998 3197 3256 3273 accipit,
3311 3201 3379 3257 ut

118 3279 284 3339 etiam
318 3282 385 3336 tu
415 3277 508 3335 sic
550 3273 847 3351 accipias.
880 3274 1017 3334 Hoc
1055 3273 1210 3351 ergo
1239 3273 1429 3335 dicit:
1459 3275 1613 3350 quia
1643 3273 1725 3334 ex
1757 3275 1932 3350 ipso,
1964 3273 2118 3351 quia
2148 3282 2240 3332 est
2281 3274 2783 3350 impassibililer,
2816 3275 3123 3351 quoniam
3168 3294 3378 3352 neque

121 3357 466 3424 diminutas,
502 3371 722 3431 neque
753 3353 817 3412 in
849 3353 1070 3430 aliquo
1099 3352 1456 3414 minoratus
1488 3358 1605 3416 est.
1639 3354 1908 3426 Quidam
1941 3353 2112 3413 enim
2141 3352 2419 3412 absurda
2450 3352 2739 3429 quaedam
2772 3353 3124 3431 proferunt,
3155 3373 3380 3414 exem-

125 3437 351 3514 plorum
380 3432 899 3514 consideratione
929 3431 1193 3514 decepti.
1226 3431 1538 3514 Splendor
1566 3433 1735 3514 enim
1762 3432 2142 3514 ,_inquiunt,
2174 3432 2646 3514 su_b_stant_i_vum
2677 3431 3080 3514 aliquidnon
3113 3432 3377 3514 est,_sgd

124 3509 355 3575 aliunde
387 3513 586 3573 habet
615 3515 684 3571 ut
713 3512 816 3570 sit.
845 3511 1009 3580 Noli,
1041 3527 1080 3569 ο
1111 3510 1324 3581 homo,
1357 3511 1447 3570 sic
1477 3511 1642 3571 istud
1672 3512 2209 3588 accipere,neque
2239 3509 2522 3571 Marcelli
2555 3516 2664 3570 aut
2694 3510 2940 3570 Photini
2972 3513 3192 3572 morbo
3221 3511 3382 3571 defi—

126 3594 258 3654 cias.
287 3593 442 3654 Nam
475 3597 539 3651 te
573 3591 652 3651 de
677 3590 975 3668 proximo
1004 3593 1185 3650 curat
1209 3633 1224 3655 ,
1258 3608 1338 3649 ne
1368 3590 1430 3648 in
1465 3608 1724 3650 sensum
1753 3591 1923 3649 illius
1955 3589 2197 3668 erroris
2223 3589 2515 3668 incurras
2551 3609 2564 3647 :
2600 3606 2724 3648 non
2759 3593 2817 3649 te
2850 3590 2998 3648 sinit
3028 3591 3090 3649 in
3124 3591 3379 3667 zegrilu-

124 3673 310 3733 dinem
340 3672 518 3732 illam
539 3667 1061 3748 peremptorium,
1085 3685 1293 3748 neque
1323 3671 1627 3745 permittit
1655 3669 1954 3729 incidere.
1987 3669 2058 3726 Et
2091 3667 2269 3748 quid,
2303 3669 2558 3748 inquit?
2588 3674 2834 3748 nuinet
2863 3669 3192 3730 character
3221 3671 3371 3729 sub-

126 3752 348 3812 stantia;
369 3751 483 3821 ita,
506 3746 679 3810 sicut
700 3748 835 3825 ipse
857 3748 1038 3826 cujus
1060 3747 1393 3807 character
1412 3752 1508 3808 est
1529 3749 1972 3811 substantivus
1999 3746 2271 3826 exsistit,
2297 3756 2358 3806 et
2380 3747 2617 3826 nullius
2641 3746 2926 3825 indigens
2949 3747 3383 3824 approbatur?

127 3848 257 3890 num
284 3835 343 3891 et
365 3830 573 3888 Filius
603 3828 689 3888 ita
712 3827 847 3886 est?
869 3826 1004 3885 Noli
1027 3842 1268 3886 errare.
1296 3826 1414 3886 Hic
1434 3827 1603 3886 enim
1635 3827 1878 3887 nullam
1909 3844 2049 3886 esse
2073 3825 2650 3884 dissimilitudinem
2686 3826 2901 3884 volens
2932 3826 3288 3892 ostendere,
3321 3831 3384 3886 et

125 3911 320 3986 primae
342 3909 566 3968 formae
589 3907 1026 3986 characterem
1050 3905 1402 3986 proprium,
1421 3907 1546 3966 tale
1565 3907 1865 3986 proponit
1886 3904 2276 3986 exemplum.
2291 3903 2893 3986 Quom0d0,_inquit_,
2916 3906 2978 3964 in
2994 3905 3214 3986 seipse
3234 3907 3383 3965 sub-

124 3982 316 4046 sistit?
345 3984 730 4064 Respondeo
759 4003 776 4043 :
809 3985 1151 4064 Postquam
1181 3984 1350 4064 enim
1382 3982 1584 4064 supra
1607 3982 1842 4045 dictum
1875 3990 1969 4044 est
1997 3984 2282 4064 quiapper
2311 3983 2521 4064 ipsum
2555 3982 2696 4064 fecit
2717 3983 2958 4064 omnia,
2991 3983 3092 4064 hic
3122 3983 3181 4064 ei
3213 4002 3384 4046 nunc

123 4084 415 4127 summam
444 4061 855 4126 auctoritalis
878 4063 1188 4123 attribuit.
1218 4063 1377 4124 Nam
1403 4063 1540 4124 vide
1561 4064 1711 4141 quid
1737 4064 2054 4124 subnectit
2079 4082 2093 4120 :
2131 4062 2388 4127 Fercns,
2422 4061 2651 4139 inquit,
2688 4062 2895 4121 omnia
2916 4061 3096 4122 verbo
3121 4063 3382 4123 virtutis

120 4164 262 4204 suae:
281 4152 498 4204 utnon
528 4141 745 4204 solum
771 4159 848 4201 ex
871 4142 990 4202 hoc
1006 4159 1152 4201 eum
1178 4142 1609 4204 characterem
1637 4161 1774 4204 esse
1806 4142 2192 4218 accipiamus
2217 4145 2498 4216 paterna:
2519 4141 2912 4209 substantiae,
2945 4141 3049 4201 sed
3081 4141 3272 4202 etiam
3302 4161 3384 4202 ex

121 4242 206 4293 eo,
228 4225 392 4302 quod
417 4241 568 4285 cum
592 4221 1226 4302 auctoritatecuucta
1257 4223 1572 4302 gubernat
1601 4226 1660 4281 et
1690 4222 1994 4302 continet.
2022 4218 2288 4302 Attende
2306 4219 2498 4298 igitur
2514 4219 2859 4302 quo_modo_,
2877 4219 3045 4302 quod
3063 4221 3266 4302 Patris
3291 4226 3383 4282 est

120 4297 457 4380 proprium,
493 4305 757 4376 coaptat
787 4305 847 4380 et
878 4300 1062 4359 Filio.
1095 4297 1500 4380 Propterhoc
1532 4317 1657 4359 non
1691 4300 1982 4361 absolute
2009 4298 2196 4380 dixit,
2223 4297 2458 4380 [ferens
2486 4299 2700 4380 omnia
2724 4299 2919 4380 verbo
2943 4298 3204 4380 virtutis
3225 4318 3382 4372 sum,
3497 4312 3502 4318 '

124 4376 309 4460 neque
334 4382 522 4452 dixit,
546 4379 1048 4460 Virtuteiipsius.
1083 4378 1450 4460 Sicutenim
1481 4380 1544 4438 in
1576 4380 2007 4460 anterioribus
2031 4376 2427 4460 paulatimet
2455 4377 2836 4437 ascendebat
2853 4382 2917 4460 _et
2937 4377 3383 4460 descendebat,

119 4455 280 4521 sic'et
311 4463 436 4533 hic,
471 4459 676 4519 veluti
709 4455 1092 4535 quibusdam
1125 4458 1450 4536 gradibus,
1482 4476 1651 4518 nunc
1680 4458 1756 4519 ad
1789 4458 1917 4518 alta
1947 4455 2196 4536 fastigia
2225 4455 2621 4536 sublevatur,
2649 4473 2821 4536 nunc
2850 4455 2996 4536 item
3028 4456 3387 4536 declinatur

121 4540 184 4596 ad
215 4532 451 4598 infima.
483 4539 608 4598 Per
651 4532 846 4614 quem,
871 4537 1103 4613 inquit,
1130 4532 1184 4595 Et
1215 4537 1439 4596 δίκαια
1470 4537 1638 4615 fecit.
1673 4536 1936 4615 Attende
1967 4532 2134 4615 quod
2167 4533 2357 4592 etiam
2400 4533 2500 4615 hic
2529 4532 2686 4615 duas
2721 4534 2856 4615 vias
2890 4533 3243 4615 ingreditur
3275 4554 3289 4591 :
3327 4540 3383 4593 et

122 4636 231 4679 una
261 4619 522 4695 quidem
559 4611 869 4676 revocans
899 4611 1018 4695 nos
1052 4631 1089 4675 a
1121 4615 1394 4695 nefando
1421 4611 1643 4675 errore
1676 4614 1932 4695 sabellii
1960 4633 1977 4684 ;
2003 4613 2130 4673 alia
2162 4629 2313 4695 vero
2362 4613 2442 4670 ab
2497 4614 2735 4695 ai'iana:
2772 4611 3110 4695 impietatis
3140 4628 3380 4681 errore,

123 4716 189 4755 ne
210 4691 466 4772 putetur
489 4697 593 4758 vel
618 4695 869 4754 initium
895 4694 1154 4762 habere,
1180 4694 1279 4756 vel
1303 4697 1650 4754 extraneus
1678 4711 1715 4755 a
1745 4694 1876 4753 Deo
1907 4695 2090 4752 Patre
2121 4691 2493 4750 subsistere.
2525 4691 2785 4772 Si_enim
2817 4692 3007 4750 etiam
3040 4696 3180 4758 post
3205 4697 3377 4751 tanta

124 4768 396 4854 tempora
427 4781 746 4852 tantaque
777 4774 1098 4854 magnalia
1126 4816 1141 4842 ,
1183 4778 1330 4832 sunt
1364 4773 1625 4854 quidam
1656 4773 1768 4854 qui
1801 4789 1948 4832 eum
1980 4775 2361 4854 extraneum
2391 4786 2532 4854 esse
2574 4768 2870 4854 delirant,
2901 4776 2962 4832 et
2992 4773 3262 4854 alterum
3296 4779 3386 4840 illi

125 4848 351 4930 patrem
401 4848 802 4934 subpin'gere
847 4848 1225 4934 moliuntur,
1269 4848 1567 4934 caeterum
1608 4848 1760 4934 huic
1797 4868 1944 4934 eum
1992 4848 2727 4934 rebellareicontendunt
2761 4869 2774 4907 :
2812 4849 2862 4934 si
2888 4868 3059 4934 ergo
3092 4853 3223 4914 lucc
3256 4876 3384 4919 non

124 4927 375 5008 diceret,
413 4927 972 5014 quanto'amplius
1008 4931 1359 5014 insanirent
1379 4931 1408 4987 ‘I
1430 4930 1701 5014 Quando
1727 4946 1881 5014 ergo
1908 4927 2034 4988 duo
2061 4927 2266 5014 pergit
2287 4927 2517 5014 itinera
2538 4929 2566 4986 ‘I
2595 4929 2773 5014 Tunc
2804 4927 3092 5014 videlicet
3127 4937 3386 5009 quando

123 5014 340 5076 talibus
362 5005 770 5090 vulneribus
808 5005 1093 5090 remedia
1142 5009 1392 5090 cogitur
1431 5009 1758 5090 adhibere.
1792 5009 1974 5090 Tunc
2001 5006 2174 5090 enim
2205 5005 2607 5090 compellitur
2634 5008 2822 5067 etiam
2854 5008 3119 5090 humilia
3146 5005 3386 5090 praedi-

123 5109 281 5161 care,
305 5095 473 5154 sicut
494 5099 595 5153 est
625 5089 777 5150 illud
808 5088 976 5166 quod
1009 5088 1177 5169 dicit,
1207 5085 1327 5160 Qui
1360 5089 1690 5169 constituit
1715 5105 1863 5149 eum
1897 5085 2193 5169 heredem
2212 5085 2696 5169 universorum,
2721 5090 2803 5158 et,
2836 5085 3386 5169 Quiaiper’ipsum

123 5174 339 5233 saecula
364 5172 537 5233 fecit.
562 5169 804 5231 Deinde
827 5164 907 5229 ne
924 5167 1032 5227 alii
1062 5171 1288 5249 noceat
1313 5166 1501 5243 parti,
1529 5165 1927 5249 summamei
1949 5164 2684 5249 auctoritatisattribuit,
2713 5169 2772 5249 ei
2803 5164 3076 5228 ostendit
3097 5164 3382 5249 ejusdem

124 5249 370 5311 honoris
401 5268 555 5312 cum
592 5251 773 5310 Patre
818 5254 1137 5315 constare,
1171 5256 1228 5306 et
1261 5246 1327 5305 in
1358 5250 1604 5306 tantum
1636 5264 1785 5326 eum
1813 5245 2108 5326 ejusdem
2143 5243 2408 5305 honoris
2439 5261 2594 5326 esse
2635 5244 2917 5326 deelal‘a,t
2946 5291 2960 5318 ,
3004 5253 3074 5307 ut
3119 5243 3382 5326 plurimi

123 5331 524 5406 suspicentur
555 5328 848 5390 eumdem
885 5343 1025 5387 esse
1069 5327 1340 5386 Patrem.
1372 5326 1449 5384 Et
1477 5321 1913 5406 contemplare
1942 5323 2286 5402 plurimam
2317 5321 2693 5406 sapientiam
2728 5325 2927 5406 Pauli.
2950 5321 3171 5406 iPrim'o
3203 5333 3374 5392 enim

122 5402 264 5468 illud
295 5411 520 5487 ponit,
558 5413 622 5468 et
651 5408 898 5487 integra
927 5410 1290 5487 commonet
1319 5406 1591 5477 ratione.
1624 5403 1804 5478 Quod
1837 5423 1980 5464 cum
2013 5406 2184 5487 certo
2213 5402 2608 5487 consiiterit,
2655 5403 2808 5480 quia
2849 5404 2962 5464 Dei
3007 5405 3204 5468 Filius
3249 5416 3380 5482 est,

123 5503 230 5546 nec
256 5481 336 5548 ab
363 5506 445 5550 eo
477 5487 650 5548 alius
683 5481 952 5557 existat,
985 5492 1138 5544 tunc
1175 5485 1309 5562 jam
1354 5501 1620 5545 securus
1665 5488 1858 5560 atque
1888 5483 2174 5542 munitus
2205 5481 2459 5541 excelsa
2510 5481 2710 5563 libere
2754 5500 3178 5563 quzecumque
3212 5481 3381 5548 volet

122 5566 461 5644 eloquitur,
495 5566 736 5643 quibus
769 5565 908 5644 ejus
939 5561 1206 5644 altitudo
1235 5564 1616 5625 declaratur.
1649 5563 1726 5622 Et
1755 5563 2065 5644 quoniam
2097 5577 2324 5640 magna
2354 5604 2369 5630 ,
2403 5578 2548 5644 qua:
2576 5561 2754 5644 deﬂeo
2783 5561 3154 5635 dixerat,'in
3187 5567 3380 5627 aliam

124 5640 605 5724 intelligentiam
638 5640 978 5724 plerosque
1007 5642 1438 5724 deduxerant,
1474 5648 1811 5724 prOpterea
1836 5641 2127 5724 primum
2172 5640 2724 5724 ponenshumilia
2762 5659 2905 5702 cum
2936 5659 3185 5724 summa
3215 5662 3383 5724 cau—

127 5725 260 5796 tela,
315 5719 466 5787 tunc
501 5724 581 5786 ad
621 5719 913 5784 sublimia
947 5727 1255 5798 quantum
1289 5723 1454 5783 volet
1479 5719 1790 5784 ascendit.
1833 5723 2177 5800 Postquam
2207 5719 2374 5801 enim
2406 5720 2603 5789 dixit,
2643 5721 2829 5797 Quem
2855 5721 3068 5798 posuit
3111 5721 3380 5785 heredem
