3926 6406
562 293 668 348 269
1284 295 1341 349 S.
1380 296 1432 350 .l.
1470 295 1952 353 CHRYSOSTOMI
1994 297 2300 353 llOMlLl/E
2348 298 2411 353 ΙΝ
2448 299 2668 356 EPIST.
2710 299 2801 355 AD
2841 299 3047 357 HEBR.
3669 300 3767 357 270

557 405 743 473 vocas
774 392 846 473 ei
865 388 1208 473 psallentes
1223 389 1253 447 ‘t
1282 404 1496 473 nonne
1517 394 1588 448 ut
1606 389 2120 473 consolationem
2131 390 2445 473 recipias?
2468 408 2681 473 nonne
2702 397 2778 473 ut
2804 393 3083 456 honores
3102 394 3528 459 discedentem
3543 398 3574 456 7
3595 398 3786 473 Quare

554 468 750 544 igitur
784 466 962 526 illum
996 467 1264 545 injurias
1287 468 1317 525 ?
1344 483 1548 543 quare
1574 485 1723 528 eum
1750 468 2077 544 exemplas
2097 471 2126 527 ?
2150 485 2352 545 quare
2383 469 2546 529 ludis
2576 470 2741 530 sicut
2765 471 2831 531 in
2872 489 3065 535 scena
3086 476 3115 533 Τ
3144 473 3268 536 Nos
3302 478 3471 537 enim
3518 466 3789 538 venimus

550 546 628 605 de
656 545 1700 632 resurrectione_phil050phantes,
1729 546 1943 632 omnia
1969 546 2289 632 docentes,
2320 552 2382 607 et
2413 564 2524 632 eos
2551 548 2969 632 qui_necdum
3014 554 3300 628 percussi
3333 561 3509 628 sunt,
3543 573 3657 632 per
3683 556 3791 617 ho-

553 638 772 683 norem
802 624 913 704 qui
944 624 1035 682 illi
1071 625 1408 704 tribuitur,
1442 624 1494 684 si
1534 624 1792 701 quando
1823 625 2061 702 aliquid
2106 626 2230 685 tale
2258 627 2629 704 contigerit,
2665 627 2831 688 ferre
2867 624 3116 691 fortiter
3144 652 3159 691 :
3190 624 3504 701 tuautem
3546 624 3792 695 adducis

549 719 683 782 eos,
712 702 1074 782 quinostra
1098 703 1573 782 condemnant,
1604 708 1916 779 quantum
1955 703 2206 763 interim
2237 703 2313 765 ad
2341 702 2512 781 ipsos
2543 707 2865 782 pertinet?

628 779 793 865 Quid
827 780 956 865 hac
998 780 1297 865 irrisione
1329 786 1390 841 et
1418 781 1787 865 inductione
1837 782 2064 859 pejus?
2102 782 2255 865 quid
2304 779 2423 843 hac
2466 779 2832 865 mqualitate
2883 789 3196 865 gravius?
3231 788 3706 851 Confundimini
3743 800 3793 850 et

548 859 907 938 erubescite
936 878 951 916 :
986 860 1036 919 si
1072 866 1287 938 autem
1310 877 1437 918 non
1468 860 1684 929 vultis,
1716 878 1831 920 nos
1869 879 1997 919 non
2026 862 2305 937 patimur
2333 859 2607 938 amplius
2637 864 2789 925 talia
2815 859 3146 928 mortifera
3176 869 3240 927 in
3259 869 3605 931 Ecclesium
3629 868 3798 927 indu-

549 936 663 1023 ci:-
690 936 1042 1023 Reccantes,
1078 937 1322 1023 inquit,
1448 948 1777 1014 conspectu
1804 936 2317 1023 omniumarguei
2353 936 2830 1023 iit—mulieribus
2868 944 2990 1003 illis
3030 945 3277 1009 miseris
3310 965 3423 1023 per
3451 965 3563 1005 vos
3597 948 3798 1023 probi-

552 1013 857 1074 bitionem
896 1016 1060 1076 hanc
1088 1013 1263 1101 dico,
1305 1022 1377 1101 ut
1415 1013 1768 1093 numquam
1801 1018 1866 1076 in
1897 1013 2205 1101 mortibus
2238 1019 2555 1101 ﬁdelium,
2586 1026 2698 1080 aut
2736 1013 3796 1101 exportationibus'ingrediantur,

548 1110 654 1175 nc_
677 1110 906 1175 revera
952 1095 1214 1175 pr0pria
1250 1096 1421 1175 mala
1451 1111 1561 1175 eas
1589 1112 1893 1175 cogamus
1926 1096 2183 1173 lugere,
2222 1103 2284 1157 et
2321 1097 2663 1159 doceamus
2706 1106 2773 1157 ut
2823 1095 2955 1160 non
3006 1102 3069 1161 in
3099 1103 3327 1163 alienis
3358 1095 3493 1163 hiec
3534 1095 3796 1175 faciant,

548 1171 655 1229 sed
680 1174 991 1257 proprias,
1011 1174 1636 1257 magisicalamitates
1668 1171 2119 1235 lamentent'ur.
2150 1176 2399 1257 Etenim
2430 1186 2612 1248 pater
2638 1178 3023 1252 misericors,
3055 1178 3313 1257 quando
3339 1182 3545 1240 ﬁlium
3576 1171 3787 1239 inordi¥

548 1258 767 1323 natum
802 1253 1023 1333 habet,
1060 1268 1185 1333 non
1224 1252 1402 1323 illum
1434 1253 1639 1311 solum
1668 1261 1918 1322 monet,
1960 1263 2028 1327 ut
2070 1274 2197 1316 nou
2229 1256 2662 1331 conjungatur
2687 1257 3010 1332 malignis,
3049 1252 3155 1318 sed
3190 1262 3379 1318 etiam
3419 1261 3565 1317 illos
3593 1268 3795 1319 terret.

534 1339 697 1401 Ecce
727 1340 1009 1419 igituret
1035 1340 1210 1401 vobis
1243 1345 1305 1399 et
1327 1339 1457 1419 illis
1482 1338 1862 1419 mulieribus
1882 1356 2009 1419 per
2032 1358 2142 1419 vos
2168 1339 2519 1401 admonens
2542 1340 2707 1409 dico,
2733 1344 2803 1407 ut
2834 1356 3041 1416 neque
3077 1355 3185 1419 vos
3216 1341 3586 1419 convocetis
3628 1343 3797 1413 tales,

535 1414 900 1507 neque'illze
928 1419 1297 1507 adveniant:
1428 1418 1754 1507 contingat
1784 1414 2040 1495 quidem
2082 1418 2201 1480 hoc
2229 1420 2494 1507 verbum
2530 1414 3092 1507 amplius_operari
3115 1461 3134 1487 ,
3166 1414 3373 1507 ct_h_as
3406 1419 3630 1507 minas
3656 1439 3798 1495 prte-

533 1495 748 1559 valere
785 1518 799 1555 :
837 1499 889 1558 si
924 1515 1098 1563 vero,
1130 1496 1301 1573 quod
1332 1497 1539 1567 absit,
1582 1495 2101 1573 contemnamur,
2150 1497 2596 1574 compellimur
2636 1495 2768 1573 jam
2812 1497 2877 1555 in
2922 1502 3135 1556 actum
3184 1495 3505 1557 adducere
3547 1499 3793 1559 minas:

530 1594 647 1667 vos
678 1578 933 1667 quidem
964 1576 1212 1667 legibus
1240 1574 2113 1667 ecclesiasticislcoerqente‘s,
2153 1574 2298 1667 illas
2328 1584 2543 1637 autem
2572 1576 2737 1667 sicut
2764 1575 3013 1667 legibus
3048 1575 3467 1667 competit..Si
3503 1594 3661 1636 vero
3687 1580 3797 1667 ali.

529 1656 677 1733 quis
701 1653 1013 1732 pervicax
1037 1653 1337 1733 inventus
1363 1653 2005 1733 cont’emnat,audiat
2028 1653 2353 1733 Christum
2387 1672 2561 1715 nunc
2590 1654 3123 1733 etiamidicentem
3149 1674 3162 1711 :
3188 1654 3259 1715 Si
3282 1655 3419 1732 quis
3444 1660 3795 1732 peccaverit

529 1731 598 1795 in
630 1731 922 1800 te.’vade.
956 1752 1147 1811 argue
1180 1732 1357 1811 illum
1384 1733 1548 1793 inter
1576 1740 1631 1791 te
1668 1740 1726 1792 et
1754 1732 1958 1810 ipsum
1984 1731 2185 1793 solum
2216 1754 2236 1792 :
2263 1732 2319 1793 si
2346 1742 2549 1793 autem
2574 1732 3057 1811 nonrobuudiat,
3092 1731 3328 1795 assume
3358 1731 3560 1792 tecum
3590 1753 3791 1803 unum,

526 1821 635 1872 aut
681 1812 837 1873 duos
877 1834 897 1871 :
936 1814 995 1872 si
1036 1810 1219 1872 etiam
1258 1810 1347 1872 sic
1384 1812 1719 1880 restiterit,
1766 1812 1868 1872 die
1908 1810 2207 1873 Ecclesia:
2233 1837 2253 1871 :
2288 1814 2344 1874 si
2373 1820 2573 1871 autem
2602 1821 2659 1871 et
2704 1810 3055 1871 Ecclesium
3080 1812 3549 1889 contempserit,
3576 1815 3661 1872 sit
3693 1816 3796 1876 tibi

524 1892 689 1951 sicut
718 1891 997 1951 ethnicus
1035 1898 1087 1950 et
1112 1889 1509 1969 publicanus.
1548 1890 1611 1949 Si
1657 1908 1811 1968 ergo
1842 1909 1989 1950 eum
2036 1891 2146 1966 qui
2187 1891 2250 1969 in
2298 1910 2396 1951 me
2429 1890 2824 1969 peccaverit,
2878 1908 3024 1950 cum
3078 1908 3207 1949 non
3258 1891 3660 1965 obaudierit,
3711 1898 3793 1955 sic

522 1971 810 2030 aversari
837 1970 1021 2048 jubet
1050 1990 1063 2027 :
1094 1968 1206 2046 qui
1238 1970 1303 2028 in
1335 1970 1619 2047 seipsum
1647 1970 2002 2046 peccaverit
2034 1970 2184 2029 etin
2213 1968 2441 2041 Deum,
2467 1968 2790 2046 quomodo
2816 1969 3056 2031 habere
3082 1970 3306 2039 debeo,
3339 1987 3452 2029 vos
3472 1969 3786 2047 judicate:

522 2066 634 2107 vos
666 2049 836 2109 enim
880 2065 995 2108 nos
1029 2050 1303 2126 culpatis
1348 2049 1439 2108 sic
1472 2066 1600 2107 non
1638 2048 1915 2127 molliter
1945 2052 2206 2127 agentes
2244 2049 2593 2109 vobiscum.
2627 2048 2689 2107 Si
2722 2052 2934 2108 autem
2968 2048 3203 2127 aliquis
3234 2050 3591 2108 contemnit
3631 2050 3791 2127 liga-

517 2128 727 2188 tiones
756 2145 898 2205 qua:
924 2144 962 2187 a
995 2128 1177 2187 nobis
1212 2126 1404 2199 ﬁunt,
1440 2126 1681 2188 iterum'
1711 2126 2014 2204 etipsum
2049 2126 2341 2187 Christus
2378 2128 2659 2196 docebit,
2703 2127 2918 2187 dicens
2951 2146 2965 2184 :
3002 2126 3411 2205 Qutrcumquc
3448 2126 3789 2204 ligareriti:

518 2207 589 2266 in
617 2214 805 2272 terra,
830 2214 1012 2266 erunt
1032 2206 1238 2284 ligula
1259 2215 1313 2266 et
1338 2206 1403 2266 in
1433 2205 1577 2265 caelo
1608 2226 1627 2264 :
1659 2214 1714 2264 et
1753 2222 2142 2285 quaecumque
2163 2206 2477 2285 solveritis
2498 2224 2684 2284 super
2713 2215 2962 2272 terram,
2992 2213 3171 2264 erunt
3202 2206 3409 2265 soluta
3439 2218 3496 2265 et
3532 2208 3599 2265 in
3629 2210 3783 2269 calo.

516 2285 651 2345 Etsi
677 2285 870 2346 etiam
900 2302 1017 2345 nos
1047 2287 1263 2346 miseri
1301 2290 1363 2344 et
1404 2284 1561 2344 nulli
1606 2284 1829 2364 sumius
1876 2289 1939 2345 et
1966 2285 2290 2364 contemni
2316 2284 2490 2364 digni
2516 2329 2531 2356 ,
2562 2286 2729 2346 sicut
2758 2290 2819 2344 et
2852 2285 3026 2362 digni
3074 2302 3335 2364 sumus,
3367 2285 3479 2344 sed
3514 2303 3645 2345 non
3682 2306 3783 2349 nos

518 2366 693 2441 ipsos
743 2364 1177 2438 vindicamus,
1218 2380 1428 2443 neque
1459 2364 1621 2443 iram
1652 2360 2011 2443 reddimus,
2038 2363 2149 2424 sed
2178 2364 2254 2425 de
2285 2360 2498 2425 vestra
2530 2364 2735 2423 salute
2766 2360 3138 2442 c0gitamus.
3178 2362 3418 2423 Pudeat
3451 2380 3565 2424 vos
3598 2383 3780 2443 rogo,

518 2450 581 2503 et
614 2443 1160 2504 vcrecundamini.
1196 2443 1256 2503 Si
1290 2441 1460 2502 enim
1484 2442 1762 2503 amicum
1792 2441 1939 2520 quis
1972 2447 2217 2519 portat,
2244 2443 2684 2504 vehementius
2719 2441 2915 2518 quam
2941 2447 3190 2519 oportet
3212 2460 3430 2502 secum
3470 2441 3779 2520 agentem,

516 2523 942 2583 intentionem
978 2521 1116 2599 ejus
1148 2521 1531 2592 discutiens,
1565 2525 1626 2580 et
1654 2523 1810 2598 quia
1836 2521 2112 2600 benigne
2138 2567 2155 2594 ,
2204 2538 2337 2581 non
2390 2539 2469 2582 ex
2516 2521 2828 2600 jactantia
2853 2520 2997 2600 hoc
3040 2520 3186 2600 facit
3220 2540 3241 2600 7:
3278 2522 3484 2580 multo
3517 2524 3781 2600 amplius

516 2602 877 2672 doctorem,
910 2606 971 2660 et
1006 2598 1213 2678 ipsum
1247 2617 1375 2659 non
1407 2618 1489 2659 ex
1519 2616 1638 2661 sua
1661 2598 2042 2661 auctoritate
2064 2600 2402 2668 dicentem,
2436 2598 2565 2658 non
2597 2600 2732 2660 vice
2756 2598 3014 2678 judicis,
3040 2598 3147 2659 sed
3173 2599 3306 2660 vice
3332 2603 3537 2676 patris
3570 2598 3779 2661 curam

516 2680 821 2757 gerentis.
855 2680 994 2738 Non
1027 2679 1197 2740 enim
1225 2682 1601 2756 potestatem
1630 2683 1918 2739 nostram
1940 2679 2382 2739 demonstrare
2405 2679 2717 2750 volentes,
2751 2679 2882 2739 haec
2909 2678 3176 2739 dicimus
3209 2679 3587 2757 :rquomodo
3617 2696 3782 2740 nam-

514 2756 644 2835 que
675 2759 787 2836 qui
820 2776 1030 2835 neque
1066 2757 1145 2819 ad
1175 2759 1687 2835 experimentum
1712 2776 1969 2830 eorum,
2005 2774 2149 2835 quae
2174 2757 2465 2829 dicimus,
2499 2766 2796 2835 optamus
2834 2757 3104 2818 venire?
3151 2756 3258 2817 sed
3289 2775 3408 2833 pro
3447 2760 3631 2818 vobis
3662 2761 3777 2817 do-

515 2837 720 2928 ientcs
770 2842 831 2928 et
874 2838 1190 2928 lugentes.
1242 2838 1558 2928 Ignoscite
1602 2840 1818 2927 autem
1844 2881 1859 2907 ,
1911 2842 2201 2928 etnemo
2245 2841 2611 2928 contemnat
2648 2836 2902 2928 vincula
2920 2836 3365 2928 .eqclesiastic.a
3403 2854 3590 2928 {non
3618 2839 3775 2928 enim

516 2916 709 2975 homo
738 2922 833 2977 est
861 2914 971 2993 qui
1000 2916 1187 2993 ligat,
1212 2914 1317 2976 sed
1346 2915 1636 2975 Christus
1658 2958 1673 2985 ,
1703 2916 1815 2992 qui
1844 2915 2027 2975 nobis
2052 2915 2217 2977 hanc
2238 2920 2617 2991 potestatem
2645 2914 2843 2984 dedit,
2878 2919 2939 2974 et
2970 2915 3279 2974 Dominus
3311 2915 3460 2975 fecit
3497 2917 3774 2976 homines

514 2997 677 3056 tanti
709 2995 996 3055 honoris.
1030 2996 1108 3053 Et
1144 3012 1258 3055 nos
1286 2994 1543 3071 quidem
1574 2993 1652 3054 ad
1683 2993 2059 3067 solvendum
2089 2994 2386 3054 volumus
2418 2995 2509 3053 uti
2538 2994 2659 3054 hac
2699 2998 3050 3071 potestate;
3087 2995 3291 3071 magis
3322 3000 3543 3055 autem
3578 3012 3775 3071 neque

511 3074 709 3153 hujus
738 3074 828 3134 rei
860 3074 1305 3135 necessitatem
1351 3072 1589 3133 habere
1630 3073 1939 3153 volumus
1973 3074 2354 3153 :_neminem
2396 3072 2635 3153 quippe
2664 3072 3099 3153 desideramus
3134 3073 3403 3153 iigatum
3443 3091 3589 3133 esse
3618 3075 3773 3153 apud

512 3150 631 3213 nos
666 3173 680 3211 :
714 3169 842 3212 non
868 3153 1038 3212 enim
1066 3158 1314 3213 tantum
1344 3169 1567 3212 sumus
1596 3152 1814 3212 miseri
1842 3157 1905 3212 et
1926 3151 2231 3221 infelices,
2265 3168 2341 3211 ac
2372 3152 2426 3211 si
2458 3152 2637 3212 valde
2667 3151 2825 3212 nulli
2851 3168 3095 3212 sumus.
3124 3150 3205 3210 Si
3226 3167 3378 3212 vero
3413 3153 3619 3221 coacti
3642 3152 3775 3290 {ue-

512 3231 755 3290 rimus.
788 3231 1099 3290 ignoscite
1136 3251 1149 3290 :
1185 3248 1314 3290 non
1352 3231 1523 3290 enim
1550 3230 1755 3290 ultro.
1790 3248 2001 3290 neque
2038 3230 2353 3290 volentes.
2397 3231 2502 3290 sed
2536 3231 2679 3290 plus
2722 3231 2900 3290 vobis
2948 3230 3060 3290 aui
3109 3230 3401 3290 liaamini
3450 3231 3638 3290 dolcn
3670 3250 3731 3290 es
3755 3275 3769 3290 .

510 3231 755 3310 rimus,
788 3231 1099 3310 ignoscite
1136 3251 1149 3291 :
1185 3248 1314 3310 non
1352 3231 1523 3290 enim
1550 3230 1755 3300 ultro,
1790 3248 2001 3307 neque
2038 3230 2353 3310 volentes,
2397 3231 2502 3290 sed
2536 3231 2679 3307 plus
2722 3231 2900 3290 vobis
2948 3230 3060 3307 qui
3109 3230 3401 3310 ligamini
3450 3230 3731 3310 dolentes
3755 3275 3769 3293 .

514 3308 850 3389 ligaﬁones
883 3309 1239 3389 inferimus.
1272 3308 1334 3389 Si
1366 3314 1582 3369 autem
1611 3310 1845 3389 aliquis
1877 3310 2223 3369 contemnit
2254 3308 2433 3382 istas,
2467 3310 2731 3370 instabit
2771 3314 3021 3389 tempus
3060 3309 3279 3389 judicii
3300 3355 3314 3378 ,
3349 3311 3463 3369 ubi
3496 3309 3769 3370 docetur.

510 3387 752 3451 Cinlera
796 3394 1010 3450 autem
1056 3388 1244 3448 modo
1283 3387 1493 3449 dicere
1540 3388 1722 3459 nolo,
1767 3405 1847 3448 ne
1892 3388 2245 3465 percutiam
2280 3393 2523 3449 mentes
2556 3394 2825 3450 vestras.
2858 3388 2983 3447 Nos
3016 3388 3186 3448 enim
3218 3389 3498 3465 primum
3525 3389 3771 3465 quidem

510 3484 796 3537 oramus,
826 3484 955 3527 non
983 3466 1061 3528 ad
1088 3468 1256 3527 hanc
1283 3467 1725 3528 necessitatem
1749 3468 1966 3527 venire
1997 3487 2011 3525 :
2042 3467 2095 3527 si
2127 3473 2342 3529 autem
2366 3468 2749 3539 venerimus,
2778 3466 2946 3544 quod
2974 3472 3263 3539 nostrum
3290 3474 3386 3526 est
3414 3467 3769 3544 implemus,

510 3546 1018 3608 circumferimus
1055 3546 1330 3607 vincula.
1369 3545 1431 3604 Si
1464 3552 1679 3605 autem
1709 3546 2029 3622 quispiam
2056 3546 2186 3607 haec
2217 3547 2485 3623 ruperit,
2511 3563 2629 3624 ego
2652 3545 2822 3623 quod
2844 3563 3055 3606 meum
3079 3552 3174 3605 est
3208 3545 3360 3613 feci,
3388 3552 3451 3606 et
3474 3546 3768 3605 innoxius

509 3644 652 3687 sum
682 3646 696 3683 :
731 3625 807 3685 de
839 3631 1068 3685 caetero
1097 3624 1218 3695 erit
1245 3627 1460 3703 autem
1494 3624 1604 3684 tibi
1628 3626 1792 3684 ratio
1822 3625 1988 3701 apud
2022 3626 2257 3697 Deum,
2292 3626 2404 3701 qui
2437 3626 2587 3684 mihi
2616 3624 2810 3703 jussit
2837 3624 3061 3702 ligare.
3095 3625 3315 3701 Neque
3351 3625 3529 3684 enim
3562 3625 3613 3684 si
3659 3626 3771 3684 im-

508 3710 806 3781 peratore
847 3704 1225 3780 praesidente
1273 3702 1743 3781 armigerorum
1785 3705 2107 3781 quiSpiam
2137 3703 2528 3763 adstantium
2557 3702 2862 3781 jubcatur
2890 3703 3172 3779 aliquem
3200 3722 3281 3763 ex
3323 3704 3555 3763 ordine
3591 3703 3766 3763 ofﬁcii

506 3779 733 3861 ligare,
767 3787 827 3844 et
852 3779 1111 3861 vincula
1142 3779 1573 3861 circumferre,
1606 3781 1713 3841 ille
1744 3779 1957 3861 autem
1989 3799 2115 3840 non
2148 3782 2357 3842 solum
2388 3779 2656 3858 repellat
2686 3783 2795 3843 illa
2816 3782 3097 3852 vincula,
3127 3782 3235 3841 sed
3267 3781 3461 3842 etiam
3494 3782 3768 3841 confrin-

506 3860 615 3940 gat
646 3882 660 3920 :
699 3860 1008 3938 numquid
1056 3861 1334 3940 armiger
1365 3860 1469 3940 ille
1501 3865 1639 3930 est,
1672 3860 2118 3940 quiinjurialu
2150 3877 2379 3940 passus
2411 3866 2538 3934 est,
2585 3878 2715 3920 non
2748 3865 2962 3940 autem
2994 3861 3346 3937 imperator
3396 3862 3602 3921 multo
3633 3878 3768 3921 am-

507 3937 677 4017 plius
707 3940 819 4020 qui
842 3937 1083 4017 jussit?
1117 3938 1269 4020 Siei
1293 3982 1307 4008 ,
1337 3937 1448 4014 qui
1479 3937 1745 4020 quaejt.
1772 3937 2049 4020 Si'i'enim
2079 3937 2261 4016 quas]
2305 3939 2475 4020 circa
2530 3940 2856 4020 credentes
2908 3939 3103 4020 ﬁunt,
3154 3940 3290 4020 ipse
3327 3957 3465 4020 sua
3522 3940 3767 4017 prepria

504 4016 679 4079 ducit
704 4016 997 4096 {quanto
1028 4016 1267 4096 magis,
1302 4017 1559 4092 quando
1598 4018 1736 4088 ille,
1770 4018 1881 4093 qui
1911 4018 2141 4079 docere
2171 4018 2555 4078 constitutus
2592 4022 2710 4087 est,
2740 4017 3111 4095 injuriatur,
3144 4018 3338 4077 veluti
3374 4020 3428 4079 si
3461 4016 3539 4078 in,
3567 4016 3767 4080 sein-

500 4095 788 4177 jurietur
806 4096 1126 4177 accipiat?
1155 4095 1271 4177 Sed
1305 4110 1431 4152 non
1462 4096 1789 4177 contingat
1810 4114 2206 4177 quemquam
2241 4113 2466 4156 eorum
2490 4141 2505 4166 ,
2536 4097 2649 4172 qui
2682 4098 2747 4155 in
2779 4097 2900 4156 hac
2931 4097 3200 4177 ecclesia
3232 4105 3419 4177 sunt,
3452 4098 3535 4157 ad
3563 4114 3765 4156 neres-

504 4173 757 4237 sitatcm
789 4177 1017 4233 horum
1047 4173 1451 4233 vinculorum
1481 4173 1738 4235 venire:
1773 4175 1937 4236 sicut
1964 4176 2136 4234 enim
2177 4192 2305 4234 non
2354 4192 2617 4251 peccare
2663 4176 2904 4234 bonum
2938 4179 3066 4243 est,
3100 4176 3191 4234 sic
3236 4176 3522 4235 tolerare
3563 4193 3765 4236 corre-

503 4255 790 4333 ptionem
822 4253 1000 4344 utile.
1032 4253 1407 4344 :l‘oleremus
1435 4254 1653 4344 itaque
1678 4254 2294 4344 increpationemaet
2320 4254 2691 4344 festinemus
2715 4254 2973 4344 quidem
2996 4270 3123 4343 non
3151 4271 3417 4344 peccare
3445 4274 3460 4311 :
3489 4256 3541 4314 si
3567 4262 3759 4344 autem

502 4330 1010 4412 peccaverimus,
1030 4331 1307 4392 feramus
1327 4333 1817 4412 correptionem.
1837 4330 2011 4392 Sicut
2028 4333 2197 4393 enim
2219 4334 2456 4392 bonum
2480 4337 2717 4412 estnon
2732 4332 3093 4412 vulnerari,
3113 4330 3164 4391 si
3188 4338 3405 4392 autem
3425 4335 3758 4411 contingat,

504 4410 1036 4473 medicamentum
1066 4412 1396 4488 imponere
1432 4411 1677 4470 vulneri
1711 4412 2148 4472 necessarium
2187 4418 2283 4472 est
2314 4431 2328 4469 :
2360 4412 2451 4471 sic
2481 4418 2541 4472 et
2569 4411 2693 4471 hic.
2720 4410 2838 4470 Sed
2863 4412 3354 4489 nonicontingat
3383 4410 3761 4489 quemquam

499 4491 744 4580 talibus
784 4508 972 4580 egere
1004 4489 1500 4580 medicamentis.
1544 4489 1930 4580 Conﬁdimus
1965 4489 2145 4580 enim_
2169 4490 2243 4549 de
2290 4489 2465 4580 vobis
2494 4489 2782 4557 meliora,
2830 4496 2888 4548 et
2936 4488 3313 4580 ad__salutem
3349 4488 3759 4580 ρςνιίγξᾴιςξσ.

498 4571 744 4630 tametsi
789 4566 881 4629 sic
926 4569 1254 4647 loquimur.
1326 4566 1764 4627 Vehementius
1814 4569 2080 4629 fortasse
2130 4568 2378 4647 loquuti
2427 4585 2651 4627 sumus
2699 4585 2817 4642 pro
2860 4568 3173 4642 ampliore
3223 4566 3505 4629 cautela.
3557 4568 3759 4628 Melius

494 4652 734 4729 quippe
766 4656 861 4711 est
889 4646 1191 4732 asperum
1227 4666 1620 4732 quemquam
1643 4692 1658 4721 ,
1694 4654 1754 4709 et
1793 4648 2026 4732 durum
2069 4652 2133 4708 et
2167 4646 2473 4732 audacem
2509 4648 2723 4732 putari
2758 4665 2804 4732 a_
2828 4651 3042 4732 vobis,
3069 4668 3274 4732 quam
3320 4672 3437 4714 vos
3470 4674 3617 4732 qua
3646 4657 3757 4715 Deo

495 4726 749 4811 placeant
781 4747 909 4788 non
948 4726 1185 4811 facere.
1219 4727 1549 4787 Credimus
1582 4732 1791 4811 autem
1825 4728 1957 4785 Deo
1980 4770 1994 4797 ,
2018 4726 2338 4811 quoniam
2372 4742 2501 4811 non
2547 4726 2669 4787 erit
2703 4728 2885 4788 vobis
2919 4726 3163 4811 inutilis
3195 4731 3332 4792 haec
3376 4726 3752 4811 increpatio,

495 4803 602 4868 sed
637 4809 725 4868 sic
762 4808 1192 4879 mutabimini,
1226 4812 1297 4865 ut
1333 4824 1662 4866 sermones
1697 4807 1851 4865 istos
1884 4810 2141 4884 nostros
2183 4804 2247 4862 in
2298 4803 2517 4884 laudes
2558 4810 2802 4866 vestras
2849 4808 3289 4884 expendamus
3326 4832 3340 4870 :
3379 4819 3447 4872 ut
3482 4803 3752 4873 obtinere

493 4889 703 4947 cuncti
738 4904 1101 4947 mereamur
1131 4887 1323 4955 bona,
1358 4902 1501 4962 quae
1532 4885 1825 4961 promisit
1853 4884 2022 4942 Deus
2047 4883 2456 4960 diligentibus
2479 4900 2649 4955 eum,
2676 4887 2740 4944 in
2764 4883 3017 4945 Christo
3043 4888 3197 4947 Jesu
3218 4889 3501 4949 Domino
3525 4900 3749 4957 nostro,

494 4982 640 5046 cum
675 4982 805 5041 quo
835 4966 1002 5046 Patri
1034 4982 1164 5025 una
1199 4982 1342 5024 cum
1376 4972 1597 5023 sancto
1629 4962 1866 5040 Spiritu
1898 4962 2104 5041 gloria
2126 5007 2141 5037 ,
2177 4961 2541 5039 imperium,
2578 4962 2809 5036 honor,
2845 4982 3018 5025 nunc
3042 4972 3105 5026 et
3139 4984 3424 5046 semper,
3454 4976 3519 5031 et
3562 4972 3623 5030 in
3646 4988 3749 5029 sae-

494 5043 641 5103 cula
671 5044 1075 5102 surculorum.
1108 5046 1333 5103 Amen.

516 5134 3713 5163 _______________________________._____________.______

1888 5243 2236 5304 HOMlLlA
2281 5243 2356 5304 ν.

571 5368 720 5451 Non
770 5366 931 5425 enim
967 5381 1327 5451 quemquam
1365 5358 1734 5451 angelorum
1763 5355 2197 5451 apprehendit,
2236 5353 2338 5444 secl
2376 5345 3385 5451 semeii
3416 5348 3765 5451 _L;m’1‘e

495 5426 628 5511 bii—it
650 5426 996 5506 secundani
1038 5426 1243 5503 omnia
1271 5426 1578 5520 fratribus
1608 5426 1969 5520 assimilari,
2004 5444 2073 5520 ut
2112 5433 2465 5520 misericors
2512 5433 2721 5520 ﬁeret,
2756 5436 2811 5487 et
2840 5426 3045 5520 ήᾴεζίέ
3080 5428 3376 5507 ponti/cx
3540 5429 3738 5489 Βωιπο

495 5537 617 5590 etc.
651 5526 917 5587 Multam
944 5524 1057 5584 Dei
1095 5512 1598 5582 misericordiam
1646 5518 1869 5578 volens
1900 5516 2135 5597 Paulus
2163 5514 2633 5597 demonstrare,
2665 5516 2726 5569 et
2756 5512 3330 5597 caritatemiquani
3362 5512 3532 5568 circa
3563 5524 3738 5597 genus

494 5610 852 5669 humanum
881 5603 1105 5664 habuit
1138 5621 1151 5655 :
1180 5605 1523 5678 postquam
1552 5597 1755 5678 dixit,”
1781 5596 2089 5671 Quoniam
2123 5611 2265 5678 ergo
2295 5590 3330 5678 puericommunicaverunicarni
3360 5590 3734 5678 «sanguini.

496 5665 713 5767 e'tfipse
731 5665 1030 5748 similiter
1049 5665 1481 5761 participatcis
1511 5685 1597 5736 est
1629 5665 2599 5767 eisdemLexseq-uitufamplius
2629 5667 2800 5727 hunc
2821 5665 3057 5757 locum.
3084 5665 3221 5724 Non
3253 5665 3620 5767 simplicitler
3639 5680 3735 5767 au-

496 5744 834 5846 ;t‘iasquod
863 5744 1101 5825 dictum
1133 5767 1264 5836 est,
1293 5744 1504 5835 hcque
1541 5756 1782 5817 nudum
1819 5754 2062 5833 aliquid
2099 5744 2227 5815 hoc
2257 5770 2396 5813 esse
2432 5744 2664 5827 'putes,
2707 5747 3016 5824 quoniam
3052 5761 3313 5807 carnem
3344 5763 3421 5805 ex
3459 5744 3625 5806 nobis
3646 5757 3707 5803 as
