3926 6406
533 279 641 334 Ξῖό
1255 287 1310 340 S.
1350 284 1401 341 J.
1443 282 1925 339 CllllYSOSTOMl
1968 284 2274 340 llOMllJA-l
2317 285 2379 339 IN
2422 282 2638 337 EPIST.
2682 285 2771 337 Al)
2813 281 3013 337 llEllll.
3645 289 3740 347 ετι

521 383 576 431 et
612 372 773 433 Filii
797 380 851 431 et
867 370 1161 451 Spiritus
1177 368 1412 451 sancti.
1436 366 1599 451 Cum
1627 371 1841 451 autem
1865 384 2123 451 carnem
2169 368 2663 451 apprehenderit
2689 371 2950 451 Paulus,
2979 373 3196 433 omnia
3217 373 3349 451 jam
3374 374 3637 437 humilia
3660 380 3757 437 lo-

518 453 761 527 quitur,
793 445 949 508 nihil
975 446 1339 527 formidans.
1379 446 1841 527 Attendeenim
1879 446 2029 522 quid
2047 446 2179 527 jam
2210 445 2359 505 dicit
2388 466 2403 504 :
2444 445 2671 527 Quare,
2703 448 2929 526 fratres
2954 451 3188 518 sancti.
3218 445 3573 514 'cocationis
3591 457 3760 515 cale—

515 524 631 613 s'tis
658 528 1019 606 participes,
1053 525 1387 613 intelligite
1415 524 1800 613 apostolum:
1823 532 1877 582 et
1907 524 2721 613 sacerdotemcon/essionis
2746 536 2977 613 nostrae
3002 530 3213 589 Jesum
3236 531 3577 613 Christum,
3612 536 3761 613 ﬁde-

516 607 630 665 lem
658 603 999 665 exstantem
1029 612 1085 662 et
1112 604 1220 681 qui
1248 623 1309 661 se
1334 604 1501 681 fecit,
1534 604 1695 661 sicut
1725 603 1935 682 Moses
1966 603 2031 662 in
2062 604 2229 663 omni
2258 603 2435 663 domo
2469 604 2624 681 ejus.
2654 606 3122 682 Praapositurus
3163 627 3308 668 eum
3337 611 3498 669 Mosi
3537 603 3763 672 secun—

512 688 664 769 dum
696 680 1239 769 coniiparationem
1258 680 1341 769 in
1365 682 1503 758 lege
1535 680 1959 769 sacerdotum,
1993 682 2164 769 hunc
2189 680 2551 769 sermonem
2586 680 2847 769 induxit
2875 705 2889 743 :
2924 702 3051 769 non
3082 688 3254 769 enim
3278 690 3597 769 minorem
3635 694 3759 769 opi-

512 764 773 822 nionem
805 762 1128 850 habebant
1152 762 1227 820 dc
1256 761 1433 850 Mose
1461 777 1717 850 omnes:
1844 760 2167 850 praemittit
2189 760 2322 850 jam
2356 762 2605 821 semina
2646 762 3044 850 excellentia;
3075 760 3702 850 :et_incipitquidem
3724 790 3758 832 a

511 859 748 913 carne,
817 840 1104 901 ascendit
1174 845 1390 900 autem
1445 838 1525 898 ad
1590 837 2206 919 divinitatemtiubi
2273 837 2408 919 jam
2457 857 2583 897 non
2642 844 3081 919 comparatio.
3162 837 3360 919 Carpit
3426 837 3679 904 interim
3726 866 3757 909 a

510 938 704 980 carne
724 965 741 988 ,
773 918 946 996 quod
977 919 1223 999 aequale
1249 923 1344 999 est
1371 936 1632 994 ponere,
1664 922 1732 999 et
1754 917 1914 975 dixit
1946 916 2171 999 {Sicut
2190 924 2245 975 et
2272 918 2481 999 Moses
2512 920 2579 979 in
2611 918 2791 999 domo
2810 916 2975 999 ejus.
2998 921 3075 980 Et
3100 940 3225 981 non
3249 916 3463 982 statim
3502 924 3565 982 in
3593 926 3763 986 initio

508 994 907 1059 demonstrat
931 994 1403 1066 excellentiam,
1440 1014 1518 1056 ne
1555 996 1810 1055 auditor
1843 994 2123 1065 exsiiiat,
2160 1001 2223 1054 et
2262 996 2519 1055 obturet
2556 994 2859 1058 auditus?
2893 1016 2969 1059 ac
3004 1000 3053 1059 si
3086 1002 3258 1060 enim
3313 1002 3534 1062 ﬁdeles
3564 1015 3757 1073 erant,

513 1086 951 1156 verumtamen
983 1076 1192 1136 adhuc
1225 1076 1509 1156 multam
1543 1073 2308 1156 devotionem_hab_ebant_
2328 1078 2497 1134 circa
2527 1076 2773 1156 Mosen.
2809 1078 3110 1146 Fidelem,
3165 1080 3400 1156 inquit,
3434 1090 3762 1141 exstantem

508 1160 567 1218 ei
593 1157 701 1235 qui
731 1176 791 1215 se
815 1155 962 1234 fecit
992 1155 1353 1235 apostolum
1386 1158 1447 1235 et
1478 1154 1895 1235 sacerdotem.
1946 1152 2115 1235 ljihil
2147 1152 2352 1235 hic_d_e
2382 1154 2664 1235 essentia
2694 1156 3008 1235 loquitur,
3042 1152 3273 1235 neque'
3294 1158 3372 1219 de
3412 1158 3757 1229 divinitate,

508 1176 564 1218 et
637 1176 697 1216 tu
731 1176 791 1215 se
815 1176 962 1234 [cett
992 1176 1353 1230 aposwtum
1386 1176 1447 1212 Ct
1478 1176 1895 1213 saceruowm.
1948 1176 2115 1209 num
2147 1176 2250 1212 nlc
2275 1176 2352 1211 ue
2382 1176 2664 1215 essentia
2694 1176 3008 1232 loquitur,
3042 1176 3254 1235 neque
3294 1176 3372 1219 ae
3412 1176 3757 1229 aivmitatc,

508 1176 631 1295 sed?
663 1236 919 1296 interim
953 1234 1029 1293 de
1047 1231 1536 1315 dignationibus
1577 1231 1902 1315 humanis.
1928 1230 2133 1315 _Sicu_t_
2157 1240 2213 1315 et
2241 1231 2454 1291 Moses
2483 1232 2553 1291 in
2583 1233 2751 1315 omni
2780 1234 3127 1315 domoiejus
3159 1257 3179 1295 :
3217 1236 3337 1297 hoc
3368 1244 3489 1308 est,
3538 1237 3604 1296 in
3659 1256 3759 1315 po-

507 1314 663 1394 pulo
693 1320 756 1374 et
779 1314 841 1373 in
860 1307 1300 1394 _t_emp_lo._'_Ha3_c
1336 1310 1527 1375 enim,
1561 1310 1642 1368 In
1672 1309 1850 1394 domo
1882 1307 2046 1394 ejus,
2075 1307 2258 1394 dixit,
2291 1316 2619 1394 tamquam
2666 1313 2719 1372 si
2739 1313 2896 1394 quis
2926 1307 3115 1394 dicat,
3140 1316 3299 1376 etde
3326 1316 3428 1376 his
3454 1307 3572 1394 qui
3620 1307 3753 1377 sunt

510 1387 575 1452 in
601 1392 811 1452 domo.
851 1387 1046 1450 Sicuti
1080 1389 1313 1466 aliquis
1344 1396 1624 1477 curator,
1658 1388 2065 1463 dispensator
2089 1387 2342 1460 domus,
2375 1389 2465 1448 sic
2482 1394 2621 1449 erat
2649 1396 2712 1449 et
2739 1387 2975 1451 Moses.
3003 1393 3170 1465 Quia
3198 1411 3351 1455 vero
3373 1387 3637 1454 domum
3664 1413 3759 1477 po-

488 1477 716 1555 pulum
744 1477 917 1548 dicit,
940 1478 1155 1537 intulit
1189 1498 1203 1537 :
1242 1477 1359 1537 Dei
1382 1476 1601 1556 domus
1639 1496 1847 1556 sumus
1876 1496 1991 1537 nos
2017 1498 2036 1536 :
2068 1477 2191 1537 hoc
2233 1483 2351 1545 est,
2379 1477 2441 1537 in
2474 1484 2774 1556 creatura
2808 1478 2946 1556 ejus
2998 1495 3243 1539 sumus.
3281 1478 3526 1538 Deinde
3572 1476 3751 1539 etiam

378 1632 379 1635 η
490 1556 940 1616 excellentiam
972 1555 1310 1635 signiﬁcat,
1342 1555 1591 1635 Majori
1619 1555 2038 1635 enimdignus
2062 1557 2268 1635 factus
2301 1564 2386 1614 est
2416 1555 2647 1635 gloria,
2679 1555 2863 1634 quam
2912 1556 3149 1635 Moses.
3182 1557 3424 1616 lterum
3477 1556 3645 1616 redit
3682 1559 3750 1622 ad

493 1648 755 1713 carnem
781 1654 795 1691 :
825 1632 1175 1713 Secundum
1201 1634 1366 1713 quod
1394 1632 1754 1712 ampliorem
1778 1632 2074 1713 honorem
2088 1632 2301 1713 liabet,
2338 1632 2522 1713 quam
2550 1632 2788 1700 domus,
2816 1634 2925 1713 qui
2957 1635 3321 1695 construxit
3342 1653 3497 1693 eam.

573 1712 652 1771 Et
681 1713 835 1789 ipse,
868 1712 1100 1791 inquit,
1132 1711 1421 1772 de'domo
1447 1711 1605 1772 erat.
1627 1713 1706 1771 Et
1729 1730 1854 1771 non
1883 1712 2065 1783 dixit,
2087 1711 2210 1772 Iste
2227 1712 2481 1788 quidem
2514 1711 2887 1791 servus,lille
2901 1719 3113 1773 autem
3130 1713 3467 1784 Dominus,
3502 1712 3615 1773 sed
3646 1713 3751 1775 hoc

488 1789 763 1869 latenter
795 1790 1197 1869 signiﬁcavit.
1246 1791 1307 1850 Si
1350 1791 1576 1850 domus
1616 1796 1755 1851 erat
1785 1792 2085 1867 populus,
2110 1795 2173 1851 et
2204 1791 2338 1867 ipse
2366 1795 2580 1851 autem
2622 1791 2699 1850 de
2730 1789 2967 1867 populo
2997 1797 3167 1863 erat,
3207 1796 3269 1851 et
3292 1791 3431 1868 ipse
3461 1791 3663 1869 igitur
3686 1793 3751 1852 de

488 1868 678 1926 domo
708 1868 893 1929 erati:
925 1870 1016 1930 sic
1032 1871 1201 1930 enim
1233 1875 1294 1929 et
1326 1870 1507 1929 nobis
1539 1887 1695 1929 usus
1723 1875 1821 1929 est
1848 1870 2059 1929 dicere
2093 1888 2107 1927 :
2137 1869 2251 1929 llle
2281 1887 2362 1928 ex
2388 1869 2575 1928 domo
2598 1869 2768 1929 illius
2802 1875 2918 1929 est.
2946 1871 3064 1930 Hic
3086 1870 3324 1947 quippe
3345 1868 3613 1929 domum
3636 1888 3749 1930 non

490 1947 701 2025 ipsum
729 1948 1033 2025 templum
1061 1948 1257 2008 dicit:
1299 1966 1427 2006 non
1477 1951 1647 2007 enim
1691 1947 1847 2007 illud
1890 1948 2061 2007 Deus
2112 1948 2508 2014 construxit,
2547 1947 2654 2007 sed
2690 1947 3006 2008 homines.
3040 1948 3160 2021 Qui
3202 1966 3355 2009 vero
3395 1948 3543 2008 fecit
3589 1966 3749 2011 eum.

489 2023 658 2084 Deus
684 2033 780 2084 est
808 2046 822 2083 :
854 2023 1074 2086 Mosen
1098 2027 1269 2086 dicit.
1300 2028 1377 2086 Et
1408 2027 1655 2086 intuere
1676 2026 1999 2103 quomodo
2025 2031 2088 2085 et
2116 2025 2391 2085 ostendit
2420 2025 2866 2086 excellentiam
2894 2027 3188 2087 latenter.
3225 2026 3491 2092 Fidelis,
3529 2028 3749 2102 inquit,

493 2103 746 2184 inomni
774 2104 952 2164 domo
986 2105 1138 2184 ejus.
1168 2106 1245 2164 Et
1268 2107 1403 2182 ipse
1435 2111 1631 2164 estex
1656 2105 1866 2174 domo,
1900 2105 2018 2163 hoc
2052 2109 2170 2173 est,
2202 2122 2279 2164 ex
2315 2104 2916 2184 populo._Majorem
2950 2106 3140 2165 habet
3171 2105 3484 2164 honorem
3520 2105 3631 2181 qui
3666 2105 3753 2164 fa-

493 2182 759 2260 bricavit
788 2199 955 2254 eam,
988 2182 1181 2260 quam
1209 2184 1457 2242 domus.
1491 2185 1562 2241 Et
1594 2202 1720 2242 non
1754 2184 1936 2253 dixit,
1965 2185 2220 2257 Quanto
2254 2183 2561 2259 majorem
2593 2182 2786 2243 habet
2820 2183 3131 2242 honorem
3161 2185 3242 2244 ab
3262 2184 3570 2259 operibus
3602 2185 3753 2243 arti-

489 2258 620 2328 fex,
653 2261 785 2331 sed,
819 2258 1022 2336 Quam
1069 2262 1309 2327 domus,
1358 2263 1468 2339 qui
1500 2262 1864 2321 construxit.
1906 2282 2055 2321 eam.
2107 2261 2231 2335 Qui
2270 2258 2471 2320 autem
2527 2261 2738 2320 omnia
2792 2262 3175 2332 construxit,
3227 2258 3393 2321 Deus
3418 2271 3532 2320 est.
3575 2261 3753 2322 Vides

489 2340 798 2415 quoniam
838 2358 966 2400 non
1010 2341 1085 2401 de
1133 2341 1367 2417 templo
1396 2340 1569 2406 dicit,
1622 2340 1731 2400 sed
1772 2341 1848 2400 de
1895 2340 2068 2399 omni
2104 2340 2379 2417 populo?
2420 2340 2482 2398 Ε
2491 2347 2515 2397 t
2555 2339 2763 2400 Moses
2791 2340 3036 2418 quidem
3070 2340 3267 2418 ﬁdelis
3288 2342 3357 2400 in
3384 2343 3555 2402 omni
3582 2340 3749 2400 domo

493 2418 646 2495 ejus,
692 2418 855 2477 sicut
903 2437 1115 2478 servus
1153 2419 1222 2479 in
1250 2420 1668 2478 testimonium
1706 2418 2174 2497 loquendorum.
2210 2419 2372 2479 Ecce
2414 2418 2542 2479 alia
2577 2418 2956 2479 excellentia
3008 2436 3151 2495 quae
3182 2426 3278 2478 est
3319 2434 3357 2479 a
3397 2419 3589 2488 Filio,
3636 2426 3753 2480 eta

491 2496 721 2555 servis.
760 2497 1046 2557 Attendis
1069 2498 1299 2557 iterum
1328 2498 1634 2574 quoniam
1664 2496 2117 2574 proprietatem
2147 2515 2260 2573 per
2291 2497 2435 2555 Filii
2457 2497 2953 2574 appellationem
2978 2497 3316 2575 signiﬁcat.
3347 2497 3634 2558 Christus
3655 2518 3753 2557 au-

492 2583 610 2633 tem
633 2576 1036 2655 sicutFilius
1062 2577 1129 2636 in
1150 2576 1326 2655 domo
1358 2577 1508 2655 ejus.
1540 2576 1729 2636 Vides
1754 2576 2076 2653 quomodo
2106 2575 2431 2655 facturam
2449 2582 2510 2634 et
2553 2575 2857 2655 factorem
2886 2575 3232 2655 discernit?
3253 2575 3583 2652 quomodo
3615 2595 3753 2635 ser-

491 2670 669 2723 vum,
706 2660 769 2714 et
798 2654 1073 2714 Filium?
1101 2660 1162 2714 et
1193 2654 1297 2714 ille
1324 2653 1578 2731 quidem
1628 2655 1692 2713 in
1724 2660 2023 2732 paternas
2065 2672 2167 2713 res
2199 2654 2365 2713 sicut
2410 2653 2719 2713 Dominus
2770 2654 3145 2732 ingreditur,
3195 2654 3312 2713 iste
3350 2660 3569 2715 autem
3603 2655 3755 2715 sicut

445 2792 465 2813 .
492 2748 720 2792 servus
748 2733 883 2813 Dei:
918 2734 1150 2813 Domus
1176 2751 1384 2791 sumus
1402 2734 1523 2813 Dei
1550 2751 1684 2799 nos,
1717 2733 1771 2791 si
1791 2732 2380 2813 quidemiﬁduciam,
2418 2740 2473 2791 et
2504 2732 2773 2813 gloriam
2805 2734 2938 2813 spei
2973 2752 3163 2811 usque
3202 2734 3271 2791 in
3304 2735 3487 2813 ﬁnem
3528 2736 3755 2813 ﬁrmam

494 2819 822 2870 teneamus.
856 2812 973 2871 llic
994 2813 1224 2889 iAterum
1255 2829 1363 2870 eos
1398 2812 1690 2873 hortatur
1706 2820 1876 2872 stare
1908 2811 2174 2882 fortiter,
2204 2816 2266 2871 et
2287 2827 2415 2869 non
2447 2812 2781 2889 subruere.
2815 2811 3057 2871 Domus
3082 2813 3320 2889 quippe
3349 2812 3463 2871 Dei
3497 2812 3751 2881 erimus,

493 2889 666 2969 quod
698 2895 836 2950 erat
856 2874 1087 2961 Moﬁ,
1122 2890 1174 2950 si
1199 2889 1492 2949 ﬁduciam
1523 2895 1586 2950 et
1614 2891 1883 2969 gloriam
1913 2891 2048 2966 spei
2074 2874 2281 2966 usque
2300 2888 2608 2969 iadiﬁdem
2638 2888 2886 2969 ﬁrmam
2910 2874 3266 2950 teneamus.
3289 2890 3414 2963 Qui
3441 2891 3615 2969 enim
3639 2874 3755 2948 do;

492 2965 604 3046 let,
640 2968 872 3044 inquit,
921 2971 983 3028 in
1026 2968 1510 3039 tentationibus,
1554 2965 1756 3046 et'qui
1788 2965 2064 3038 subruit,
2097 2965 2227 3028 non
2258 2968 2571 3045 gloriatur
2600 2968 2757 3046 :rqui
2799 2969 3139 3039 erubescit,
3180 2970 3292 3045 qui
3323 2968 3753 3037 absconditur,

494 3044 795 3137 fiduciam
831 3064 959 3137 non
992 3047 1183 3137 habet
1214 3068 1228 3105 :
1269 3048 1382 3137 qui
1414 3047 1603 3137 dolei,
1652 3044 1786 3137 non
1830 3048 2164 3137 gloriatur.
2208 3045 2732 3137 Deindeﬁla‘udat
2756 3046 3109 3136 etiampos,
3142 3044 3399 3107 dicens:
3432 3047 3757 3137 Siquidem

492 3123 787 3217 ﬁduciam
810 3134 865 3184 et
885 3124 1153 3217 gloriam
1179 3123 1308 3204 spei
1336 3144 1525 3217 usque
1553 3126 1627 3217 in_
1644 3130 1819 3217 ﬁnem
2096 3134 2422 3217 teneamus.
2454 3124 2738 3217 Ostendit
2756 3125 2919 3217 quia
2943 3125 3074 3203 jam
3122 3132 3473 3217 cmperuni.
3506 3123 3756 3217 onrtet

494 3202 712 3281 autem
743 3202 950 3280 usque
981 3205 1045 3264 in
1076 3202 1289 3274 ﬁnem,
1318 3210 1380 3264 et
1417 3202 1551 3264 non
1579 3202 1951 3281 simpliciter
1979 3210 2176 3275 stare,
2217 3202 2326 3263 sed
2372 3202 2624 3263 ﬁrmam
2668 3203 2903 3263 habere
2941 3202 3114 3281 Spem
3148 3202 3231 3263 in
3263 3202 3754 3265 satisfactionem

492 3279 637 3340 ﬁdei
672 3299 800 3341 non
823 3279 1171 3344 commotos
1215 3302 1253 3344 a
1292 3279 1774 3344 tentationibus.
1823 3284 1987 3343 Dicit
2014 3283 2184 3343 enim
2209 3281 2536 3359 Scriptura
2572 3281 2648 3341 de
2685 3284 2889 3351 Patre,
2923 3279 3033 3358 qui
3070 3300 3198 3342 non
3229 3290 3327 3344 est
3356 3284 3752 3359 incarnatus:

495 3360 587 3418 De
619 3360 763 3441 coelo
786 3363 1117 3439 prospexit
1150 3362 1476 3429 Dominus,
1510 3371 1565 3421 et
1590 3362 1750 3423 vidit
1783 3362 1990 3422 Filios
2009 3361 2325 3421 hominum
2349 3348 2372 3418 Ξ
2405 3360 2525 3441 hoc
2546 3364 2661 3429 est,
2692 3348 2911 3420 omnia
2938 3348 3183 3439 integre
3206 3348 3629 3441 cognoviitfet
3649 3362 3757 3421 ite-

495 3456 665 3508 rum,
714 3440 1095 3499 Descendens
1136 3441 1393 3507 videam,
1444 3442 1777 3500 secundum
1825 3441 2151 3501 clamorem
2184 3456 2395 3498 eorum
2440 3439 2496 3518 si
2532 3448 2970 3518 consumatur;
3007 3447 3069 3499 et
3097 3439 3349 3504 iterum.
3400 3440 3553 3501 Non
3570 3449 3755 3518 potest

496 3518 662 3598 Deus
684 3519 847 3595 ferre
874 3521 1186 3598 nequitias
1205 3520 1544 3580 hominum.
1578 3519 2053 3598 Abundantiam
2083 3519 2194 3578 ira:
2238 3517 2517 3598 ostendit
2562 3516 2901 3598 Scriptura
2928 3517 3168 3579 divina.
3216 3519 3419 3579 Multo
3460 3516 3660 3597 magis
3686 3519 3755 3577 de

482 3596 772 3665 Christo,
810 3598 919 3673 qui
959 3595 1157 3659 etiam
1190 3615 1415 3674 passus
1468 3605 1563 3658 est
1597 3599 1661 3656 in
1695 3615 1911 3666 carne,
1957 3597 2261 3656 dicuntur
2288 3597 2432 3656 ista.
2465 3595 2843 3675 Quia‘cnim
2886 3595 3219 3656 hominum
3258 3595 3754 3675 experimentum

497 3676 795 3733 omnibus
828 3678 1018 3735 rebus
1047 3673 1411 3737 credibilius
1445 3683 1644 3743 putat.
1678 3684 1740 3735 et
1784 3676 2250 3743 nrmscientiam
2284 3675 2417 3734 vult
2443 3673 2801 3741 ostendere,
2840 3675 3004 3748 Quia
3048 3677 3157 3751 qui
3202 3673 3432 3751 passus
3462 3680 3559 3736 est
3582 3719 3597 3745 ,
3624 3678 3750 3735 scit.

482 3756 717 3834 inquit,
751 3754 904 3833 quid
931 3755 1218 3834 patitur,
1246 3753 1369 3814 hoc
1395 3759 1515 3834 est,
1563 3754 1847 3816 humana
1898 3759 2154 3834 natura.
2189 3760 2395 3834 Quare
2421 3756 2662 3834 fratres
2695 3756 2920 3816 sancti.
2954 3756 3135 3829 Quod
3165 3756 3348 3823 dixit.
3381 3757 3610 3832 Quare.
3639 3775 3738 3834 pro

484 3833 879 3913 quapmpter
900 3834 1137 3913 posuit.
1175 3833 1537 3893 Vocationis
1563 3842 1791 3893 sancta:
1814 3833 2181 3913 participes.
2208 3833 2379 3913 Nihil
2418 3833 2521 3893 hic
2560 3834 2888 3910 quaeratis,
2922 3835 2972 3894 si
3003 3835 3155 3895 illuc
3185 3836 3394 3896 vocati
3424 3836 3581 3896 estis
3615 3833 3739 3894 :il-

484 3911 570 3975 lic
594 3911 691 3976 est
726 3929 993 3994 merces,
1025 3911 1280 3994 illie_es_t
1310 3913 1667 3994 retributio.
1699 3912 1862 3985 Quid
1893 3912 2092 3994 ergo?
2119 3912 2518 3994 Considerate
2542 3913 2895 3994 apostglum
2923 3924 2979 3994 et
3008 3913 3385 3994 sacerdotem
3415 3916 3745 3994 confessio-7

483 3995 587 4054 nis
615 4001 846 4071 nostra
871 3992 1084 4050 Iesum
1114 3989 1425 4071 Christum
1457 3990 1693 4069 ﬁdelem
1714 4010 1837 4071 esse
1860 3991 1935 4057 ei,
1966 3989 2077 4070 qui
2106 4010 2165 4071 se
2195 3990 2365 4071 fecit,
2398 3989 2645 4071 sicutet
2674 3992 2883 4071 Moses
2912 3993 2981 4053 in
3012 3993 3181 4052 omni
3211 3991 3390 4052 domo
3426 3989 3579 4071 ejus.
3600 3992 3740 4067 Quid

487 4076 605 4141 est,
633 4069 912 4130 Fidelem
942 4069 1372 4150 exstantemei
1390 4071 1499 4150 qui
1518 4088 1578 4129 se
1604 4070 1798 4149 fecit?
1829 4071 1964 4150 Hoc
1985 4076 2103 4139 est,
2131 4069 2455 4150 devotum,
2479 4069 2922 4150 defendentem
2954 4088 3031 4131 ea
3066 4089 3211 4148 quae
3236 4071 3374 4150 ejus
3403 4069 3557 4132 sunt
3577 4116 3592 4143 ,
3628 4088 3737 4131 non

490 4150 958 4228 pcrmittentem
989 4148 1336 4228 corrumpi.
1369 4146 1547 4228 Sicut
1576 4146 1632 4208 et
1664 4150 1869 4208 Moses
1896 4148 1964 4207 in
1994 4148 2161 4208 omni
2181 4147 2358 4228 domo
2381 4148 2534 4227 ejus.
2571 4146 2949 4228 Cognoscite
2979 4146 3130 4228 quid
3156 4156 3250 4211 est
3269 4146 3525 4228 primus
3552 4166 3738 4212 sacer-

487 4226 602 4289 dos
639 4232 700 4287 et
722 4227 958 4304 qualis,
989 4234 1050 4285 et
1076 4244 1205 4306 non
1239 4226 1552 4286 habebitis
1585 4244 1746 4305 Opus
1779 4228 2218 4288 consolatione
2245 4226 2800 4306 alia.’Apostolum
2831 4226 3045 4287 autem
3070 4229 3249 4288 illum
3278 4226 3471 4291 i'ocat
3504 4235 3739 4306 propter

488 4307 661 4386 quod
692 4307 924 4365 missus
954 4310 1071 4365 est.
1105 4305 1385 4386 Primum
1417 4310 1631 4365 autem
1661 4307 2056 4368 sacerdotem
2082 4351 2098 4378 ,
2144 4306 2376 4383 inquit,
2406 4305 2826 4386 confessionis
2869 4313 3101 4367 nostrae
3127 4352 3143 4380 ,
3176 4308 3296 4368 hoc
3332 4315 3431 4369 est
3474 4305 3661 4367 ﬁdei:
3690 4314 3739 4365 et

488 4385 592 4447 isti
625 4386 900 4463 pepulus
945 4385 1324 4445 commissus
1363 4390 1480 4465 est,
1514 4386 1677 4445 sicut
1702 4391 1765 4446 et
1796 4386 1887 4445 illi
1924 4386 2345 4465 commissum
2371 4390 2510 4445 erat
2551 4385 2838 4465 regimen
2887 4386 3144 4463 populi;
3183 4387 3288 4447 sed
3333 4388 3485 4448 huic
3521 4386 3737 4465 majora

486 4467 567 4528 ad
612 4462 908 4525 meliores
941 4480 1168 4524 causas
1193 4464 1533 4524 commissa
1559 4470 1730 4523 sunt.
1770 4466 1850 4524 In
1881 4464 2303 4524 testimonium
2324 4462 2794 4542 loquendorum.
2819 4462 3197 4538 Quiddicit?
3228 4466 3540 4542 numquid
3576 4462 3737 4525 testi-

488 4546 779 4606 monium
813 4542 1088 4603 hominis
1120 4543 1350 4620 accipit
1379 4544 1589 4603 Deus?
1609 4545 1686 4602 Et
1717 4544 1922 4604 valide
1955 4564 1969 4601 :
2000 4544 2050 4603 si
2085 4543 2256 4603 enim
2281 4543 2506 4603 caelum
2535 4548 2932 4603 contestatur
2961 4550 3023 4604 et
3053 4548 3290 4605 terram
3321 4551 3380 4604 et
3413 4546 3628 4612 colles,
3656 4543 3738 4601 di-

488 4642 639 4687 cens
666 4642 781 4702 per
811 4621 1186 4702 prophetam
1220 4642 1235 4680 :
1265 4621 1454 4702 Audi,
1491 4624 1720 4691 caelwn,
1753 4632 1816 4682 et.
1831 4622 2091 4683 auribus
2119 4624 2387 4702 percipe,
2419 4630 2622 4702 terra,
2641 4623 2938 4702 quoniam
2965 4623 3271 4683 Dominus
3298 4623 3596 4701 loquutus
3621 4632 3696 4681 est
3722 4640 3732 4676 :

489 4711 573 4774 et,
607 4699 855 4769 Audite,
878 4701 1089 4769 valles,
1117 4701 1521 4780 fundamenta
1543 4711 1742 4768 terrae,
1774 4702 2081 4779 quoniam
2102 4699 2411 4780 Dominus
2432 4699 2743 4778 judicium
2768 4700 2944 4779 ejus:
2970 4702 3170 4762 multo
3192 4699 3398 4780 magis
3423 4702 3734 4780 homines:

489 4784 613 4843 hoc
642 4788 760 4853 est,
794 4783 961 4842 sicut
982 4778 1196 4853 testes,
1229 4780 1489 4858 quando
1520 4778 1992 4841 confundentur
2030 4781 2130 4840 isti
2174 4800 2188 4838 :
2227 4779 2516 4840 Christus
2549 4784 2765 4842 autem
2796 4778 2963 4840 Sicut
2989 4781 3216 4841 Filius.
3250 4778 3364 4840 llle
3393 4781 3644 4857 quidem
3675 4778 3736 4836 de

490 4861 719 4921 alienis
750 4878 970 4921 curam
999 4860 1182 4937 gerit,
1213 4860 1315 4919 hic
1344 4866 1561 4920 autem
1596 4859 1672 4919 de
1698 4860 1997 4938 prOpriis.
2031 4858 2154 4919 Sed
2186 4859 2371 4918 etiam
2399 4858 2676 4938 gloriam,
2693 4859 2862 4938 spei,
2880 4859 3049 4919 Bene
3077 4860 3260 4929 dixit,
3288 4861 3735 4938 quoniamrom-

494 4941 602 4999 nia
633 4941 803 5000 bona
823 4939 890 4998 in
916 4936 1029 5017 spe
1057 4943 1263 5017 erant.
1299 4938 1671 4999 Glorientur
1701 4936 1993 5016 'quieam
2039 4938 2297 5007 habent,
2331 4936 2516 4998 sicuti
2542 4937 2619 4997 de
2657 4936 2789 5017 jam
2840 4937 3043 4998 factis.
3084 4941 3352 5017 Propter
3401 4938 3525 4999 hoc
3577 4936 3735 5005 dixit,

493 5017 812 5097 Gloriatio
842 5016 981 5097 spei
996 5036 1015 5083 ;
1043 5023 1105 5077 et
1133 5016 1346 5088 infert,
1379 5019 1582 5096 Usque
1608 5018 1678 5077 in
1703 5021 1883 5097 ﬁnem
1905 5020 2143 5097 ﬁrmam
2174 5025 2482 5076 teneamus
2508 5033 2668 5097 :ﬂspe
2690 5018 2859 5078 enim
2885 5017 3046 5097 salvi
3076 5017 3223 5079 facti
3251 5034 3497 5097 sumus.
3527 5016 3587 5076 Si
3609 5031 3736 5097 ergo

497 5114 610 5173 spe
640 5096 801 5156 salvi
831 5096 974 5175 facti
1007 5114 1253 5166 sumus,
1283 5102 1346 5156 et
1377 5095 1490 5173 per
1512 5095 1887 5175 patientiam
1906 5095 2388 5173 exspectamus,
2424 5096 2603 5156 nullo
2634 5113 2907 5156 maerore
2937 5095 3301 5175 aflligamur
3329 5095 3394 5155 in
3428 5095 3738 5175 praesenti-

498 5172 641 5245 bus,
674 5192 885 5252 neque
907 5173 1041 5252 jam
1073 5193 1243 5235 nunc
1269 5172 1634 5252 quaeramus
1668 5193 1813 5254 quae
1844 5172 2060 5236 futura
2092 5176 2276 5235 nobis
2308 5175 2627 5252 promissa
2652 5179 2824 5254 sunt.
2855 5176 3006 5251 Spes
3036 5172 3218 5244 enim,
3242 5172 3488 5252 inquit,
3517 5194 3641 5253 qua
3661 5172 3736 5232 vi-

496 5254 703 5320 detur,
733 5270 864 5313 non
893 5262 982 5333 est
1001 5272 1137 5330 spes
1171 5255 1381 5316 :bona
1412 5255 1584 5314 enim
1613 5253 1713 5316 hic
1751 5256 2077 5333 percipere
2106 5270 2235 5313 non
2261 5273 2604 5331 possumus
2642 5254 2706 5313 in
2742 5253 2866 5315 ista
2902 5254 3134 5331 poenali
3182 5254 3335 5314 vlta.
3365 5254 3578 5326 Quare
3607 5267 3735 5328 ergo

498 5333 683 5391 nobis
715 5348 790 5392 ea
818 5331 1145 5410 praedixit,
1196 5336 1247 5392 si
1298 5351 1425 5392 non
1457 5338 1595 5394 erat
1650 5331 2100 5395 hic—daturus?
2140 5333 2216 5394 Ut
2249 5334 2676 5410 promissione
2728 5333 2975 5394 animas
3020 5338 3274 5393 nostras
3314 5334 3735 5396 recrearet.ut

496 5410 845 5506 Sponsione
901 5410 1291 5472 confortaret
1335 5411 1744 5506 desidprium,
1790 5420 1862 5473 ut
1886 5414 2092 5492 erigat
2137 5420 2425 5476 nostram
2456 5416 2733 5473 mentem
2779 5431 2795 5470 :
2844 5412 3077 5473 idcirco
3122 5411 3296 5473 enim
3351 5413 3565 5472 omnia
3596 5410 3733 5471 facta

498 5496 671 5549 sunt.
1494 5496 1531 5506 '
2570 5520 2581 5527 .

576 5567 738 5652 Quid
776 5584 930 5652 ergo
961 5569 1566 5652 turbampriNemo
1596 5569 1818 5631 videns
1844 5571 2159 5652 malignos
2186 5572 2678 5652 prosperitatem
2704 5570 2942 5652 habere
2963 5615 2980 5641 ,
3001 5572 3305 5652 turbetur
3335 5588 3351 5627 :
3383 5587 3511 5652 non
3541 5575 3627 5628 est
3648 5565 3731 5652 hic

501 5645 836 5727 retributio
859 5645 1078 5727 neque
1110 5647 1559 5725 malignitatis,
1594 5668 1804 5726 neque
1836 5645 2086 5711 virtutis
2122 5670 2136 5709 :
2168 5645 2235 5711 at
2268 5651 2321 5711 si
2346 5645 2702 5727 aliquando
2733 5649 3074 5727 contingit,
3107 5656 3174 5709 ut
3202 5649 3433 5727 aliqua
3454 5649 3533 5707 sit
3561 5645 3726 5727 retri-

502 5728 678 5790 butio
706 5726 808 5794 vel
830 5719 1091 5791 malitiae
1120 5727 1221 5789 vel
1248 5719 1503 5790 v'irtutis
1528 5719 1551 5804 ,’
1579 5719 1715 5790 non
1741 5737 1955 5793 tamen
1985 5731 2337 5792 secundum
2384 5719 2555 5809 (μίοἀ
2590 5729 2855 5807 dignum
2882 5719 2997 5803 est,
3031 5728 3139 5789 sed
3170 5719 3567 5805 simpliciter,
3602 5719 3719 5782 ret-
