3926 6406
142 291 242 345 ess
763 287 1075 345 nummo
1116 289 1364 346 senos.
1408 289 1870 348 INTEItPRETE.
1912 322 1981 332 -
2019 292 2174 347 ων.
2216 290 2309 348 1v.
2352 290 2587 349 HOMIL.
2634 290 2769 361 vn,,.
3247 292 3354 347 εει

131 390 219 448 Ab
242 384 347 446 illa
370 379 565 441 multo
591 377 709 438 erit
729 378 955 438 melior
973 378 1092 437 ista
1113 379 1537 448 conversatio,
1569 382 1885 456 quantum
1912 382 2079 438 terra
2105 379 2332 441 melius
2353 386 2448 441 est
2476 332 3049 446 caelumfAttameu
3071 388 3132 447 et
3160 388 3352 450 aliam

129 460 587 527 similitudinem
620 457 1047 538 inquiramus.
1088 456 1150 515 Si
1188 456 1702 538 contingat_eum
1728 456 2056 538 qui__modo
2089 457 2381 538 imperat,
2411 476 2663 521 omnem
2700 462 3007 523 mundum
3037 466 3351 538 obtinere,

125 541 336 604 deinde
361 555 562 614 neque
595 535 928 607 bellorum,
959 552 1169 614 neque
1195 552 1497 614 curarum
1529 535 1764 614 habere
1793 536 1993 594 ullam
2023 537 2398 607 molestiam,
2431 538 2535 597 sed
2570 558 2631 597 m
2666 541 2907 602 honore
2937 563 3077 605 esse
3108 535 3352 604 tantum

126 629 183 681 et
224 612 499 679 deliciari
524 658 540 684 ,
573 620 632 674 et
677 614 875 675 multa
902 612 1156 690 quidem
1198 613 1435 673 habere
1468 613 1705 674 tributa
1750 613 2055 689 undique,
2088 619 2149 672 et
2188 631 2417 674 aurum
2452 615 2539 676 illi
2569 617 2829 679 afﬂuere
2863 627 2924 681 et
2958 623 3351 683 reconditum

128 718 254 759 esse
287 717 300 754 :
332 694 583 775 qualem
616 692 794 775 illum
816 692 1062 775 putatis
1096 691 1380 751 animum
1426 690 1685 764 habere,
1717 691 1767 775 s_i
1815 692 2030 775 omnia
2074 692 2236 775 bella
2274 694 2465 775 totius
2494 700 2677 755 terra:
2716 698 3045 775 quiescere
3092 702 3298 761 videat
3324 704 3352 760 ?

125 769 676 857 Talealiquid‘erit
708 770 955 857 majus:
990 786 1403 857 nequaquam
1416 774 1648 857 ‘autem
1686 769 1763 829 ad
1804 769 2283 857 similitudinem
2329 769 3014 857 illius_regni'perveni
3047 799 3060 836 :
3098 786 3357 857 prepter

126 854 282 931 quod
314 848 559 928 oportet
587 855 649 909 et
677 848 869 931 aliam
900 848 1223 931 inquirere
1256 848 1764 931 intelligentiam.
1804 848 2077 931 Da_mihi
2105 850 2385 931 aliquem
2416 850 2525 926 qui
2558 848 2638 910 sit
2663 848 2827 912 sicut
2855 848 3355 918 infantu'lus're-

126 926 211 1011 gis
243 951 256 989 :
289 926 622 1011 usquequo
652 927 907 1003 quidem
939 926 1002 1011 i_n
1032 927 1219 987 vulva
1249 932 1367 998 est,
1404 926 1561 1011 nihil
1592 927 1821 1011 sentit;
1858 926 1911 986 si
1936 933 2153 1011 _autem
2189 929 2508 1006 contingat
2545 948 2691 1011 eum
2722 932 2867 991 inde
2926 936 3164 1011 egredi,
3198 942 3259 997 et
3292 938 3353 995 in

127 1004 411 1070 thronum
444 1007 716 1084 regalem
746 1006 1115 1084 ascendere,
1150 1023 1275 1065 non
1304 1006 1632 1081 paulatim,
1666 1005 1773 1066 sed
1805 1004 2136 1084 confestim
2172 1011 2399 1066 cuncta
2418 1004 2716 1084 accipere
2742 1030 2756 1067 :
2785 1011 2875 1069 sic
2904 1004 2997 1070 est
3028 1004 3217 1074 etiam
3250 1014 3355 1073 ille

124 1095 336 1149 status.
375 1085 483 1145 Est
517 1089 577 1143 et
599 1083 724 1144 alia
752 1083 1133 1143 similitudo:
1161 1083 1212 1142 si
1244 1085 1388 1159 quis
1420 1084 1667 1144 vinctus
1694 1089 1754 1143 et
1780 1084 1979 1162 multa
2009 1083 2177 1144 mala
2206 1100 2458 1161 passus,
2489 1083 2749 1162 repente
2779 1089 2855 1147 ad
2887 1092 3098 1162 regale
3125 1092 3354 1152 solium

126 1167 399 1243 rapiatur
432 1183 445 1220 :
491 1162 597 1222 sed
633 1180 839 1248 neque
876 1163 964 1221 sic
997 1164 1238 1248 integre
1273 1162 1633 1248 pertingere
1678 1162 1857 1248 potui
1890 1161 2187 1248 ad_illius
2219 1164 2395 1248 regni
2426 1161 2933 1248 similitudinem.
2962 1161 3087 1248 Hic
3117 1170 3355 1248 quippe

123 1239 528 1327 quaecumque
556 1241 700 1327 quis
722 1242 1079 1327 perceperit
1102 1242 1263 1327 bona
1286 1284 1302 1311 ,
1339 1240 1404 1299 in
1432 1241 1647 1327 prima
1674 1239 2201 1327 quidemg_die,_ac
2241 1239 2314 1300 si
2341 1241 2547 1319 ipsum
2580 1261 2845 1327 regnum
2878 1239 3156 1319 dixeris,
3192 1239 3359 1327 viget

124 1318 180 1384 in
211 1338 282 1402 eo
322 1336 504 1402 amor
550 1324 611 1402 e_t
651 1319 985 1397 gaudium,
1027 1323 1088 1378 et
1118 1318 1179 1377 in
1213 1319 1493 1380 secunda
1520 1318 1618 1402 die
1648 1325 1709 1379 et
1739 1320 1801 1378 in
1835 1319 2061 1402 tertia;
2097 1318 2379 1395 tempore
2413 1338 2561 1380 vero
2605 1318 2983 1402 procedente
3027 1318 3358 1402 permanet

122 1400 365 1478 quidem
398 1398 461 1456 in
496 1396 839 1479 voluptate,
865 1415 993 1479 non
1022 1402 1231 1456 tamen
1264 1402 1437 1457 tanta
1465 1416 1478 1455 :
1506 1396 1832 1479 minuetur
1855 1398 2094 1479 quippe
2125 1416 2476 1479 semperex
2505 1396 2961 1479 consuetudine
2984 1396 3358 1479 qualecum-

122 1474 502 1561 quebonum
538 1474 705 1535 istud
748 1475 851 1533 sit.
886 1475 1019 1561 lllic
1059 1479 1276 1561 autem
1312 1492 1438 1534 non
1472 1475 1681 1561 solum
1723 1493 1851 1535 non
1898 1476 2237 1561 decrescit,
2268 1474 2389 1536 sed
2442 1478 2629 1561 etiam
2662 1474 3074 1561 augmentum
3103 1486 3352 1561 accipit.

125 1553 394 1632 l'ntellige
430 1570 704 1630 namque
734 1559 1044 1633 quantum
1074 1553 1454 1633 sitanimam
1486 1554 1639 1633 illuc
1669 1559 2061 1633 pergentem,
2087 1570 2495 1631 nequaquam
2529 1556 2717 1616 ﬁnem
2755 1553 3068 1619 bonorum
3100 1553 3356 1623 illorum

122 1631 718 1711 exspectareueque
750 1632 1201 1711 mutationem;
1235 1631 1390 1711 quin
1428 1632 1635 1709 potius
1664 1631 2128 1693 incrementum
2155 1677 2170 1703 ,
2200 1638 2261 1692 et
2290 1635 2483 1694 vitam
2516 1634 2705 1695 ﬁnem
2738 1654 2865 1696 non
2898 1638 3262 1711 habentem,
3296 1648 3359 1701 et

122 1709 298 1773 vitam
327 1709 819 1791 omni‘periculo
852 1710 1138 1779 liberam,
1170 1709 1343 1769 omni
1376 1728 1647 1771 mcerore
1680 1717 1741 1769 et
1768 1729 1925 1791 cura
1956 1712 2258 1780 alienam,
2289 1712 2545 1789 plenam
2578 1714 2825 1791 gaudiis
2852 1723 2914 1776 et
2944 1718 3112 1778 mille
3148 1709 3353 1779 bonis.

119 1793 172 1851 Si
202 1790 364 1852 enim
388 1789 490 1849 hic
516 1788 579 1868 in
605 1804 897 1868 campum
922 1794 1253 1856 exeuntes,
1278 1795 1338 1846 et
1360 1791 1772 1850 tabernacula
1801 1789 2069 1848 militum
2098 1788 2455 1867 spectantes
2483 1810 2563 1852 ex
2583 1788 3019 1855 'velaminibus
3046 1798 3356 1868 confecta,

120 1877 170 1929 et
194 1869 412 1953 _t_ela_et
459 1867 699 1953 galeas,
750 1866 847 1925 vel
878 1868 1265 1953 umbonibus
1283 1871 1367 1953 _ct
1396 1868 1714 1953 umbilicis
1755 1872 2081 1953 scutorum
2126 1866 2628 1953 resplendentes,
2661 1877 2731 1953 et
2760 1874 3062 1953 _rapimur
3105 1866 3360 1953 spei-ta;

120 1948 233 2009 culi
262 1946 609 2025 miraculo;
642 1944 694 2004 si
727 1960 876 2025 vero
905 1945 1251 2025 etiamjam
1282 1946 1733 2025 Imperatorem
1760 1948 1944 2006 nobis
1977 1944 2303 2025 contingat
2332 1949 2648 2009 modicum
2679 1944 2911 2020 videre,
2938 1954 3070 2013 sive
3097 1944 3363 2015 curren-

121 2033 252 2093 tem,
277 2026 414 2109 sive
437 2024 830 2109 equitantem
857 2023 919 2082 in
946 2024 1142 2109 armis
1174 2024 1387 2109 aureis
1414 2043 1428 2096 ;
1456 2025 2145 2109 universi_tatem_nobis
2179 2023 2753 2109 habereputamus.
2779 2030 2940 2103 Quid
2968 2050 3117 2109 ergo
3147 2040 3357 2109 putas,

120 2123 247 2186 cum
297 2100 531 2186 videris
580 2107 945 2162 sanctorum
995 2103 1406 2162 tabernacula
1455 2109 1693 2163 aeterna
1744 2103 1807 2162 in
1858 2104 2010 2162 cmlo
2059 2105 2310 2186 conﬁxa
2342 2100 3089 2186 ?AS‘uscipiant,vinquitv,
3137 2100 3246 2171 eos
3296 2100 3362 2171 in

122 2180 503 2265 tabernaculo
530 2190 757 2241 aeterna
785 2198 1537 2265 :_cum__l_mumq‘uemqu_e
1567 2200 1790 2265 eorum
1834 2199 2029 2257 super
2058 2183 2267 2243 radios
2299 2184 2451 2265 solis
2478 2180 2711 2245 videris
2742 2180 3159 2265 refulgentem
3181 2233 3196 2258 ,
3231 2209 3358 2250 non

121 2280 189 2319 ex
215 2278 335 2321 aere
363 2264 428 2320 et
473 2259 646 2319 ferro
669 2303 684 2329 ,
718 2258 825 2317 sed
857 2277 939 2319 ex
970 2259 1079 2320 illa
1110 2259 1349 2336 gloria,
1396 2260 1579 2337 cujus
1610 2259 1953 2320 candorem
1987 2266 2049 2321 et
2087 2263 2563 2331 colruscationes
2606 2265 2830 2325 oculus
2879 2258 3199 2327 humanus
3231 2288 3361 2327 non

122 2345 307 2429 potest
331 2338 672 2415 inspicere.
704 2338 779 2396 Et
809 2338 927 2397 hoc
957 2337 1211 2474 (Laidem
1244 2345 1556 2413 quantum
1583 2339 1658 2398 ad
1691 2338 1982 2429 homines
2008 2340 2269 2400 attinet:
2299 2341 2451 2418 quid
2482 2348 2693 2403 autem
2712 2344 2843 2421 jam
2867 2344 3069 2404 dicam
3097 2347 3361 2406 multam

123 2417 390 2474 militiam
421 2417 829 2474 angelorum.
861 2433 971 2474 arc
1021 2418 1419 2474 angelorum.
1450 2417 1819 2474 Cherublm.
1851 2417 2208 2474 Seranhim.
2239 2420 2528 2474 Sedium.
2568 2422 3086 2474 Dominatinnnm
3107 2468 3120 2474 -
3172 2426 3361 2474 Prin-

123 2417 390 2477 militiam
421 2417 829 2493 angelorum,
861 2416 1419 2493 archangeloruzn,
1450 2416 1819 2487 Cherubim,
1851 2417 2208 2493 Seraphim,
2239 2416 2528 2491 Sedium,
2567 2416 3121 2490 Doniinationum,
3172 2426 3365 2484 Prin-

122 2500 427 2572 eipatuum
456 2539 474 2561 ,
520 2496 949 2564 Potestatum,
999 2512 1276 2571 quorum
1321 2495 1725 2571 pulchritudo
1775 2495 2242 2572 inexplicabilis
2291 2515 2545 2558 omnem
2592 2506 2869 2560 mentem
2916 2502 3205 2561 excedit?
3247 2504 3363 2563 Sed

121 2574 405 2653 quamdiu
438 2592 575 2633 non
604 2574 927 2653 quiescam
959 2572 1023 2631 in
1051 2575 1274 2653 requie
1298 2574 1969 2653 incomprehensibili‘?
1991 2575 2140 2648 Quae
2167 2574 2403 2642 oculus,
2436 2577 2669 2653 inquit,
2696 2597 2823 2637 non
2848 2580 3028 2645 vidit,
3060 2598 3167 2641 nec
3193 2583 3367 2642 auris

122 2650 364 2733 dudivit,
405 2652 699 2733 nequem
730 2668 836 2733 cor
871 2650 1137 2733 hominis
1164 2651 1471 2733 ascendit,
1504 2670 1638 2733 qua
1663 2654 2040 2733 preparavit
2076 2654 2237 2712 Deus
2276 2650 2677 2733 diligentibus
2708 2676 2866 2716 eum.
2899 2659 3171 2718 Proinde
3205 2660 3367 2719 nihil

124 2732 535 2791 miserabilius
568 2730 658 2790 eis
679 2774 695 2799 ,
726 2730 836 2802 qui
867 2732 948 2790 ab
978 2730 1114 2789 istis
1145 2730 1520 2790 exciderint.
1554 2730 1671 2789 Sed
1704 2745 1819 2789 nos
1848 2731 2201 2791 efﬁciamur
2230 2750 2307 2792 ex
2347 2730 2521 2808 parte
2563 2737 2932 2802 beatorum,
2965 2744 3035 2796 ut
3079 2740 3367 2797 obtinere

125 2840 466 2882 mereamur
497 2824 671 2883 bona
700 2827 961 2892 aeterna,
994 2823 1060 2883 in
1087 2822 1339 2884 Christo
1366 2822 1517 2882 Jesn
1545 2821 1815 2881 Domino
1847 2820 2093 2881 nostro,
2126 2830 2271 2893 cum
2301 2830 2433 2889 quo
2464 2815 2629 2874 Patri
2660 2831 2792 2876 una
2823 2832 2968 2875 cum
2999 2822 3220 2876 sancto
3242 2816 3376 2893 Spi«

125 2905 231 2962 ritu
262 2902 490 2980 gloria,
528 2901 892 2979 imperium,
927 2902 1155 2974 honor,
1188 2920 1361 2962 nunc
1390 2906 1451 2961 et
1478 2917 1756 2977 semper,
1788 2901 1850 2958 et
1881 2897 1944 2954 in
1975 2892 2210 2952 saecula
2239 2892 2642 2952 saeculorum.
2676 2895 2875 2954 Amen

1467 3137 1813 3199 HOMILIA
1861 3136 2003 3199 VII.

173 3261 225 3321 F
230 3260 561 3341 estinemus
583 3259 785 3338 igitur
803 3257 1051 3341 intrare
1084 3258 1153 3320 in
1181 3258 1357 3341 illam
1382 3261 1682 3339 requiem,
1716 3270 1785 3321 ut
1815 3279 1889 3320 ne
1919 3260 1987 3319 in
2020 3258 2297 3341 idipsum
2323 3256 2649 3337 quisquam
2687 3258 2943 3341 incidat,
2970 3261 3358 3341 inﬁdelitatis

108 3336 677 3431 exemptumj’ivus
712 3339 872 3399 enim
903 3345 989 3397 est
1007 3338 1358 3431 ise'rm.o_l)ei
1395 3347 1450 3398 et
1463 3336 1740 3431 ’δῆθε-απ.-
1762 3348 1814 3399 et
1846 3336 2309 3431 penetrabilior.
2322 3354 2512 3428 super
2540 3354 2771 3397 omnem
2800 3336 3075 3431 gladium
3094 3346 3359 3431 ,φθείρε-

110 3429 227 3486 tem,
249 3416 310 3478 _et
322 3419 695 3497 pertingens
721 3436 913 3496 usque
942 3416 1022 3477 ad
1046 3416 1414 3478 divisionem
1437 3416 1658 3479 anima:
1688 3427 1743 3478 et
1771 3416 2038 3495 spiritus
2059 3461 2073 3481 .
2101 3416 2532 3497 compaginum
2554 3416 2878 3495 quoqueet
2905 3416 3311 3482 medullarum
3337 3470 3353 3491 ,

109 3506 157 3579 et
182 3495 477 3579 discretor
499 3495 957 3579 cogitationum
984 3504 1039 3555 et
1066 3497 1487 3579 intentionum
1513 3497 1719 3579 cordis
1742 3518 1762 3556 :
1784 3505 1840 3579 et
1865 3515 1995 3556 non
2016 3504 2101 3555 est
2132 3495 2341 3579 aliqua
2364 3505 2649 3579 creatura
2670 3497 2916 3556 occulta
2937 3498 3007 3579 in
3029 3512 3358 3579 conspectu

110 3576 258 3656 ejus:
289 3578 495 3638 omnia
524 3573 729 3656 autem
757 3574 929 3656 nuda
956 3584 1012 3635 et
1040 3576 1368 3654 manifesta
1393 3585 1539 3656 sunt
1568 3578 1635 3637 in
1662 3578 1859 3636 oculis
1890 3574 2356 3656 ejus,iad_quem
2378 3573 2557 3656 nobis
2584 3591 2779 3656 sermo
2813 3584 2926 3656 est.
2952 3573 3187 3656 Magna
3214 3584 3360 3656 qui-

145 3674 231 3715 em
259 3674 358 3717 res
390 3662 488 3717 est
515 3655 674 3715 ﬁdes
698 3661 761 3715 et
791 3655 1117 3725 salutaris,
1146 3652 1373 3715 et'sine
1400 3655 1518 3715 hac
1547 3673 1673 3714 non
1706 3661 1804 3715 est
1828 3652 2063 3715 saivari
2093 3652 2465 3730 aliquando.
2485 3652 2604 3713 Sed
2634 3670 2761 3712 non
2792 3655 3025 3715 sufﬁcit
3055 3652 3189 3718 sola
3223 3652 3358 3721 hinc

112 3736 365 3810 operari,
386 3752 558 3813 opus
582 3739 678 3794 est
702 3739 764 3794 et
790 3733 1281 3793 conversatione
1310 3740 1505 3793 recta.
1526 3735 1797 3795 Proinde
1826 3735 2017 3794 etiam
2050 3733 2282 3813 Paulus
2304 3731 2763 3813 admoneteos,
2783 3734 2893 3810 qui
2920 3734 3355 3812 dignationem

114 3810 547 3905 mysteriorum
578 3813 904 3905 suscipere
931 3818 1346 3905 meruerunt“,
1378 3814 1596 3905 dicens
1622 3833 1637 3871 :
1665 3813 2052 3905 Festinemus
2080 3810 2287 3905 igitur
2316 3812 2554 3905 intrare
2595 3811 2664 3871 in
2689 3812 2864 3905 _illam
2896 3810 3361 3905 rquuiem..lv'e—

112 3889 401 3960 stinemus,
437 3892 677 3970 inquit,
707 3891 1012 3969 quoniam
1046 3908 1175 3950 non
1206 3891 1437 3951 sufﬁcit
1467 3892 1646 3961 ﬁdes,
1679 3892 1785 3951 sed
1812 3893 1999 3951 debet
2024 3889 2164 3950 addi
2198 3889 2410 3970 etvita
2431 3932 2446 3959 ,
2484 3891 2843 3970 etgmultum
2870 3889 3149 3953 studium
3176 3895 3361 3957 debet

114 3971 400 4032 adhiberi.
432 3967 619 4049 Op—us
652 3967 747 4031 est
776 3971 1014 4047 quippe
1042 3987 1273 4031 revera
1300 4014 1315 4040 ,
1353 3976 1425 4030 ut
1466 3971 1776 4031 intremus
1823 3971 1889 4029 in
1930 3985 2131 4047 regna
2175 3969 2500 4028 czelorum.
2533 3967 2593 4027 Si
2636 3969 2806 4028 enim
2850 3976 3083 4030 terram
3116 3973 3359 4036 intrare

116 4067 225 4109 non
256 4054 671 4119 meruerunt,
704 4049 816 4126 qui
852 4053 1061 4109 tantas
1092 4050 1490 4110 calamitates
1521 4050 1923 4126 pertulerant
1957 4052 2023 4107 in
2055 4064 2275 4107 eremo
2300 4091 2316 4117 ,
2350 4052 2412 4106 et
2445 4052 2679 4107 terram
2718 4049 3197 4125 apprehendere
3228 4072 3356 4115 non

116 4135 469 4203 potuerunt,
504 4129 666 4206 quia
701 4133 1268 4187 murmuraverunt
1294 4133 1357 4189 et
1390 4127 1680 4189 fornicati
1713 4134 1863 4188 sunt
1887 4146 1910 4206 :7
1928 4126 2251 4204 quomodo
2282 4142 2398 4186 nos
2428 4126 2655 4206 caelum
2688 4128 3076 4189 merebimur
3106 4130 3363 4193 indiffe-

117 4212 308 4285 renter
336 4204 868 4284 viventes?0pus
898 4206 1092 4285 igitur
1122 4206 1306 4267 nobis
1335 4212 1431 4267 est
1458 4212 1521 4266 et
1546 4207 1757 4266 studio
1787 4212 1849 4265 et
1883 4205 2027 4265 ﬁde.
2058 4206 2195 4285 Non
2228 4221 2435 4285 usque
2463 4204 2541 4264 ad
2573 4206 2691 4285 hoc
2720 4211 2966 4266 tantum
2997 4214 3090 4268 est
3115 4209 3363 4271 damni-

117 4284 328 4359 ficatio,
359 4293 433 4348 ut
464 4304 600 4346 non
629 4283 823 4347 intret
853 4283 998 4362 quis
1029 4304 1043 4343 :
1076 4302 1202 4344 non
1230 4285 1399 4345 enim
1427 4285 1611 4354 dixit,
1651 4285 2050 4345 Festinemus
2082 4284 2321 4343 intrare
2350 4284 2415 4342 in
2444 4283 2752 4360 requiem,
2784 4303 2863 4345 ne
2892 4286 3260 4350 excidamus
3285 4292 3362 4351 de

116 4366 284 4425 tantis
320 4367 532 4437 bonis,
570 4365 678 4425 sed
708 4364 877 4442 quod
906 4363 1183 4423 maxime
1210 4364 1506 4425 homines
1539 4365 1746 4442 erigit,
1780 4364 1902 4423 hoc
1938 4363 2195 4423 addidit.
2223 4362 2385 4436 Quid
2424 4368 2637 4422 autem
2695 4364 2984 4425 esthoc?
3009 4366 3106 4426 Ne
3140 4367 3209 4427 in
3252 4370 3340 4431 id-

118 4443 293 4519 ipsum
321 4444 673 4523 exemplum
699 4444 1022 4522 quisquam
1060 4442 1298 4523 incidat
1327 4443 1717 4522 inﬁdelitatis
1740 4463 1759 4501 :
1782 4443 1903 4523 hoc
1932 4446 2050 4523 est,
2082 4447 2154 4501 ut
2183 4443 2247 4501 in
2295 4445 2505 4523 mente
2538 4446 2758 4503 nostra
2790 4442 3139 4505 habeamus
3186 4447 3363 4508 illam

120 4538 273 4597 spem
302 4530 363 4584 et
386 4519 962 4600 exspectationem,
997 4539 1076 4581 ne
1108 4519 1407 4582 similiter
1430 4523 1825 4583 excidemus.
1855 4522 2017 4594 Quia
2046 4525 2260 4582 autem
2288 4519 2666 4600 excidimus,
2694 4523 3055 4597 exemplum
3088 4525 3368 4583 manife—

120 4605 262 4661 stat:
285 4602 378 4663 Ne
412 4604 483 4663 in
513 4598 819 4681 idipsum,
860 4600 1496 4681 inquit,_incidamus.
1526 4602 1766 4681 Deinde
1794 4618 1873 4660 ne
1907 4600 2173 4681 audiens
2201 4600 2378 4681 quis,
2408 4599 2486 4681 In
2515 4598 2815 4676 idipsum,
2844 4600 3126 4681 eamdem
3156 4603 3362 4679 ipsam

123 4685 277 4755 putet
305 4677 763 4759 pmnamfaudi
796 4679 948 4756 quid
978 4679 1345 4758 subjungit:
1379 4681 1571 4741 Vivus
1602 4680 1761 4740 enim
1791 4688 1878 4737 est
1909 4697 2102 4759 sermo
2133 4680 2251 4739 Dei
2279 4686 2332 4736 et
2364 4680 2607 4759 efﬁcax,
2636 4677 3153 4759 etp‘enetrabitior
3176 4677 3365 4759 super

124 4756 330 4819 omnem
360 4760 643 4839 gladium
662 4759 1051 4839 ancipitem,
1074 4756 1129 4817 et
1156 4756 1512 4836 pertingens
1545 4777 1735 4839 usque
1764 4759 1844 4817 ad
1874 4758 2236 4839 divisionem
2267 4756 2567 4839 aniinaget
2596 4756 2861 4839 spiritus
2886 4801 2901 4822 ,
2936 4756 3362 4839 compaginum

122 4853 333 4913 quoque
356 4835 410 4898 Et
442 4835 875 4905 medullarum,
899 4844 955 4897 et
985 4835 1289 4897 discretor
1317 4835 1788 4913 cogitationum,
1813 4845 1867 4895 et
1889 4837 2308 4896 intentionum
2336 4835 2565 4894 cordis.
2603 4835 2718 4893 Hic
2746 4835 3021 4895 ostendit
3053 4835 3362 4913 queniam

125 4923 175 4973 et
203 4913 300 4978 illa
331 4918 496 4978 idem
526 4920 663 4996 ipse
693 4922 994 4995 Operatus
1025 4920 1144 4996 est.
1172 4922 1235 4976 et
1264 4917 1441 4986 vivit,
1472 4933 1600 4976 non
1629 4921 1726 4975 est
1755 4916 2130 4996 exstinctus.
2162 4915 2363 4996 Igitur
2379 4913 2687 4996 quoniam
2718 4931 3073 4996 sermonem
3101 4917 3359 4987 audisti,

126 5011 193 5054 ne
226 4992 597 5075 simpliciter
629 4992 904 5074 accipias
938 5016 952 5053 :
982 4995 1192 5073 gladio
1222 4996 1392 5055 enim
1419 5000 1514 5055 est
1551 4994 2030 5075 penetrabilior.
2064 4992 2836 5075 Attendegdescensionem
2872 4994 3047 5053 Pauli
3076 5038 3091 5065 ,
3122 5000 3184 5055 et
3213 4997 3363 5057 hinc

124 5071 431 5167 gensidera
459 5094 578 5153 pro
603 5093 732 5167 qua
752 5071 956 5167 causa
985 5071 1147 5167 opus
1180 5071 1903 5167 habuerunt'propheta:
1929 5072 2162 5141 dicere,
2192 5071 2505 5167 gladium,
2526 5071 3063 5167 rhomphzeam,et
3091 5092 3311 5167 arcum
3343 5095 3359 5133 :

127 5149 179 5231 Ν
182 5153 252 5213 isi
266 5149 731 5219 convertamini,
749 5155 980 5231 inquit,
998 5149 1407 5231 rhompharam
1429 5149 1601 5213 suam
1630 5149 1921 5218 vibravit,
1955 5160 2010 5210 et
2039 5168 2253 5210 arcum
2281 5168 2461 5231 suum
2484 5151 2765 5216 tetendit,
2799 5161 2854 5210 et
2876 5154 3132 5229 paravit
3160 5153 3358 5215 illum.

124 5227 176 5288 Si
206 5234 363 5292 enim
392 5240 536 5311 post
564 5238 739 5294 tanta
771 5227 1082 5309 tempora,
1116 5227 1188 5291 et'
1208 5238 1347 5309 post
1382 5232 1831 5311 perfectionem
1853 5275 1868 5297 ,
1898 5248 2026 5311 non
2058 5233 2265 5311 potest
2296 5229 2554 5290 nomine
2589 5227 2903 5311 sermonis
2934 5234 3182 5291 tantum
3215 5238 3360 5292 ter-

124 5322 270 5378 rere.
296 5308 410 5372 sed
427 5331 591 5382 opus
621 5314 808 5372 habet
833 5308 1020 5372 etiam
1056 5308 1462 5378 istis’verbis,
1490 5318 1557 5371 nt
1586 5310 1877 5370 ostendat
1905 5309 2316 5369 eminentiam
2338 5326 2417 5369 ex
2440 5308 2915 5383 comparatione
2941 5328 2956 5367 :
2981 5313 3182 5370 multo
3215 5329 3361 5371 ma—

120 5393 200 5467 gis
226 5396 390 5464 tunc,
422 5392 898 5459 Penetrabilior,
930 5392 1160 5469 inquit,
1188 5411 1381 5471 usque
1408 5393 1489 5453 ad
1517 5393 1881 5455 divisionem
1904 5392 2120 5451 animo:
2148 5396 2205 5471 et
2233 5388 2519 5467 spiritus.
2547 5386 2713 5471 Quid
2741 5392 2837 5471 est
2868 5388 2985 5471 hoc
3004 5389 3033 5445 τ
3058 5388 3346 5447 Terribi-

122 5466 229 5529 lius
275 5471 513 5548 aliquid
552 5471 963 5550 signiﬁcavit,
993 5466 1106 5533 aut
1142 5466 1297 5548 quia
1343 5472 1636 5550 spiritum
1680 5472 1912 5533 dividet
1961 5472 2043 5530 ab
2086 5466 2299 5550 anima
2326 5511 2343 5537 ,
2372 5472 2484 5550 aut
2522 5467 2673 5550 quia
2704 5472 2764 5525 et
2794 5466 2929 5550 ipsa
2965 5467 3345 5550 incorporea

124 5545 396 5632 penetrat
418 5556 481 5611 et
511 5545 834 5632 pertingit,
866 5567 997 5632 non
1027 5545 1275 5611 tantum
1303 5545 1467 5613 sicut
1498 5552 1747 5632 gladius
1773 5565 2068 5629 corpora.
2099 5548 2215 5632 ilic
2241 5545 2517 5632 ostendit
2540 5546 2785 5632 quiaet
2810 5545 3022 5604 anima
3056 5546 3341 5632 punitur.

126 5633 178 5715 et
199 5628 341 5703 quia
372 5624 684 5715 interiora
713 5624 1193 5715 éxaminantur,
1222 5635 1426 5690 totum
1459 5624 1577 5709 pEr
1606 5636 1806 5691 totum
1836 5624 2126 5715 penetrat
2149 5624 2957 5715 hominem._Et.disq{etor
2983 5633 3067 5682 est
3101 5625 3347 5700 cogita—

131 5705 349 5767 tionum
376 5716 429 5768 et
459 5709 876 5771 intentionum
911 5708 1142 5777 cordis.
1174 5718 1229 5771 et
1256 5727 1385 5771 non
1416 5703 1501 5771 est
1538 5703 2103 5771 creatura-occulta
2136 5705 2205 5765 in
2234 5711 2563 5781 conspectu
2588 5704 2740 5781 ejus.
2768 5703 2886 5762 Hic
2921 5719 3031 5762 eos
3070 5717 3345 5761 maxnne
