3926 6406
588 310 695 365 985
1330 311 1388 366 S.
1428 311 1473 367 J.
1519 309 2009 369 CllRYSOSTOMl
2053 313 2364 370 HOMILIIE
2406 313 2470 368 IN
2512 312 2729 370 EPlST.
2770 314 2862 367 AD
2899 314 3103 371 HEBR.
3665 326 3742 383 9.86

592 404 840 495 terruit.
873 405 962 495 Ne
995 403 1154 495 furte
1184 402 1482 495 adhuc.
1519 403 1638 495 ﬁde
1670 411 2081 495 stantes_non_
2102 408 2534 495 cumintegra
2565 406 3337 495 satisfactione_conﬁ_ditis
3358 456 3373 480 ,
3407 413 3529 495 ipse
3556 436 3672 495 quae
3705 429 3751 485 in

592 485 779 565 corde
811 487 961 565 sunt
996 483 1354 565 discernet:
1386 483 1471 543 ibi
1501 484 1673 565 enim
1701 486 1999 545 ascendet
2027 492 2091 546 et
2120 487 2391 564 puniens
2411 483 2524 565 [et
2552 486 2954 546 examinans.
2987 488 3065 547 Et
3092 489 3244 565 quid
3274 490 3407 551 dico
3432 483 3501 551 de
3527 483 3755 560 homini;

593 565 708 622 bus
731 563 760 620 τ
787 566 852 645 at
879 563 931 621 si
976 562 1236 638 angelos
1275 561 1447 621 dicas
1471 606 1486 632 ,
1521 569 1585 645 at
1615 563 1666 621 si
1704 561 2174 645 archangelosi,
2208 572 2274 645 at
2311 566 2362 625 si
2396 564 2751 645 iCherubim
2774 610 2790 635 ,
2821 570 2884 625 at
2927 566 2980 625 si
3026 561 3357 645 Seraphim
3379 615 3394 642 ,
3430 578 3489 631 at
3524 575 3570 632 si
3608 580 3755 639 aliam

589 640 938 721 quamlibet
972 646 1362 721 creaturam,
1397 641 1927 721 omniarrevelata
1956 640 2103 703 sunt
2134 644 2322 704 oculo
2352 644 2488 721 ejus
2512 687 2527 713 ,
2556 644 2769 703 omnia
2803 650 3025 720 aperta
3055 650 3117 705 et
3149 640 3502 721 manifesta,
3534 652 3667 713 nihil
3690 669 3759 719 est

588 718 757 806 quod
791 736 935 806 eum
963 718 1382 806 possitlaAteIe
1409 739 1423 776 :
1449 718 1673 806 Omniu
1703 721 1871 781 nuda
1900 731 2200 806 etaperto
2224 731 2369 806 sunt
2386 718 2594 782 oculis
2614 722 2774 806 ejus,
2805 718 2884 806 ad
2900 740 3080 806 quem
3106 724 3285 784 nobis
3297 718 3498 806 sermo
3518 739 3612 788 est.
3636 718 3759 806 Quid

590 801 802 877 autem
831 800 956 864 est,
985 800 1217 877 Aperta
1240 797 1268 855 ?
1297 797 1393 856 Ex
1423 799 1795 874 metaphora
1830 797 2087 876 pellium
2107 845 2122 871 ,
2155 818 2298 877 qua:
2328 800 2402 860 de
2430 797 2778 877 pecudibus
2811 797 3257 862 detrahuntur.
3290 803 3455 864 Sicut
3481 810 3627 866 enim
3653 797 3761 873 i‘um

591 874 861 952 pecudes
910 875 1212 957 occiderit
1253 878 1396 952 quis
1425 881 1534 957 ,Aet
1570 894 1650 957 ex
1689 874 1991 939 carnibus
2033 874 2382 939 detraxerit
2416 874 2680 955 pellem,
2725 877 2942 939 omnia
2983 881 3290 942 interiora
3332 885 3762 957 revelantur,<-t

589 957 811 1031 aperta
846 958 996 1039 sunt
1025 955 1225 1015 oculis
1256 955 1489 1039 nostris
1516 955 1647 1039 :_sic
1673 962 1736 1015 et
1758 958 1889 1017 Deo
1919 964 2140 1039 aperta
2167 959 2502 1039 subjacent
2529 957 2766 1039 omnia.
2802 959 3141 1039 Tuqautem
3171 959 3419 1039 attende
3448 964 3617 1022 etiam
3643 955 3761 1039 huc,

588 1031 911 1117 quomodo
956 1050 1207 1117 semper
1242 1050 1402 1117 opus
1448 1031 2010 1117 habetcorporeis
2033 1031 2341 1113 exemplis
2373 1056 2386 1093 :
2415 1036 2585 1112 quod
2614 1034 2683 1093 ﬁt
2711 1054 2789 1117 eux
2824 1035 3191 1117 inﬁrmitate
3222 1038 3613 1101 audientium.
3640 1031 3763 1117 Quia

589 1110 1023 1190 eniminﬁrmi
1055 1111 1617 1183 erantdeclaravit,
1636 1110 1849 1174 dicens
1877 1115 2090 1175 tardos
2120 1110 2517 1181 eos—essefet
2548 1130 2709 1190 Opus
2740 1114 3044 1175 habentes
3072 1116 3257 1185 lacte,
3285 1134 3409 1175 non
3434 1120 3616 1178 solido
3640 1110 3761 1184 cibo.

590 1188 826 1276 Omnia
843 1188 1012 1276 nuda
1039 1200 1206 1276 sunt,
1242 1190 1471 1276 inquit,
1505 1199 1559 1249 et
1587 1199 1803 1266 aperta
1832 1193 2033 1276 oculis
2059 1194 2210 1271 ejus,
2244 1193 2324 1252 ad
2350 1211 2524 1271 quem
2547 1188 2726 1276 nobis
2751 1209 2945 1276 sermo
2978 1202 3087 1252 est.
3111 1195 3274 1267 Quid
3306 1199 3420 1259 est.
3444 1197 3521 1255 In
3549 1198 3765 1276 idipsum

590 1268 933 1349 exemplum
955 1268 1389 1349 inﬁdelitatis?
1411 1269 1765 1349 Tamquam
1796 1270 1847 1330 si
1875 1268 2518 1347 dicere—t,quare'non
2553 1270 2848 1329 viderunt
2876 1271 3051 1329 illam
3079 1278 3314 1333 terram
3349 1268 3765 1349 promissionis?

587 1346 753 1418 Quia
784 1346 1425 1428 accipientespignus
1460 1347 1878 1428 virtutisDci,
1908 1346 2245 1428 oportebat
2279 1368 2387 1411 eos
2419 1349 2675 1409 credere
2703 1350 2930 1409 timore
2959 1351 3159 1428 magis
3190 1346 3576 1419 obedientes,
3602 1362 3766 1420 etnon

588 1441 823 1500 magna
852 1424 1214 1507 imagina‘ri;
1251 1430 1316 1507 at
1346 1430 1515 1507 certe
1547 1424 2074 1507 pusillanimiiate
2102 1424 2454 1507 perierunt.
2484 1430 2695 1487 Potest
2724 1433 2937 1487 autem
2968 1424 3139 1488 aliud
3176 1430 3322 1501 diri,
3356 1432 3504 1507 quia
3533 1439 3588 1491 et
3611 1440 3767 1496 maxi-

588 1519 757 1588 mam
789 1507 1031 1588 partem
1073 1503 1319 1588 itineris
1354 1505 1754 1588 ambulantes
1780 1549 1795 1575 ,
1831 1524 1974 1588 eum
2005 1506 2081 1588 ad
2103 1503 2252 1588 ipsa
2286 1506 2953 1588 liminaperveujrent
2980 1551 2995 1575 ,
3029 1524 3173 1588 cum
3198 1507 3291 1588 ad
3324 1503 3527 1586 ipsum
3566 1520 3767 1588 portum

590 1581 947 1669 intrarent,
976 1582 1247 1669 demersi
1272 1586 1447 1669 sunt.
1479 1581 1613 1669 Hoc
1640 1584 1846 1669 etiam
1874 1585 1939 1643 in
1971 1581 2156 1669 vobis
2178 1628 2193 1655 ,
2225 1585 2469 1669 inquit,
2493 1581 2707 1669 timeo:
2740 1585 2876 1669 Hoc
2905 1592 2999 1645 est
3021 1587 3154 1669 ,_[n
3182 1581 3451 1669 idipsum
3494 1581 3769 1669 eximplum

587 1659 1016 1740 inﬁdelitatis:
1043 1661 1207 1740 quia
1222 1664 1287 1740 et
1318 1660 1417 1719 isti
1452 1662 1647 1740 multa
1674 1662 1848 1740 passi
1877 1668 2049 1731 sunt,
2071 1663 2235 1722 sicut
2260 1659 2350 1723 eis
2382 1669 2523 1740 post
2555 1663 2892 1739 paululum
2914 1659 3310 1734 testiﬁcatur,
3339 1659 3769 1730 dicens:R'ecor-

586 1737 825 1821 flamini
849 1738 1405 1821 priorum__dierum
1422 1784 1435 1803 .
1461 1738 1531 1821 in
1557 1737 1779 1818 quibus
1810 1740 2153 1821 illuminati
2182 1741 2355 1821 estis,
2380 1737 2679 1821 quantum
2700 1750 3007 1821 certamen
3024 1744 3390 1821 passionum
3416 1748 3767 1810 sustinuistis.

586 1816 986 1902 Nemoenim
1010 1816 1432 1902 pusillanimis
1457 1816 1795 1902 sit,in_eque
1832 1819 1894 1878 in
1925 1819 2051 1880 ﬁne
2082 1816 2456 1902 renuntiatis
2479 1820 2685 1902 cadat.
2718 1820 2879 1902 Sunt
2907 1816 3075 1881 enim
3109 1822 3221 1898 qui
3251 1822 3313 1880 in
3348 1824 3642 1902 principio
3665 1846 3770 1889 cum

586 1895 825 1972 ingenti
858 1895 1170 1978 desiderio
1200 1895 1811 1978 arripiunt‘aliquid,
1848 1904 2066 1972 postea
2095 1914 2249 1957 vero
2281 1899 2616 1973 paululum
2647 1898 2944 1978 quiddam
2975 1895 3279 1961 universo
3305 1895 3571 1978 adjicere
3598 1906 3773 1966 volen—

585 1978 678 2032 tes
704 2016 720 2042 ,
758 1974 1133 2054 universum
1165 1974 1483 2034 amittunt.
1517 1973 1917 2037 Sufﬁcienter
1945 1994 2021 2036 ex
2058 1978 2427 2054 parentibus
2470 1973 2709 2037 nostris
2740 1977 3044 2038 docemur
3067 2024 3083 2050 ,
3116 1997 3197 2039 ne
3231 1980 3291 2037 in
3325 1973 3553 2041 similia
3580 1982 3772 2042 incida-

586 2069 757 2136 mus.
792 2070 869 2111 ne
899 2052 1135 2136 eadem
1180 2054 1529 2136 patiamur,
1557 2070 1703 2136 qua:
1746 2055 1835 2136 illi
1885 2052 2078 2136 passi
2104 2060 2275 2136 sunt.
2307 2056 2443 2136 Hoc
2472 2061 2603 2126 est,
2639 2056 2720 2136 In
2758 2056 3030 2136 idipsum
3066 2058 3409 2136 exemplum
3430 2054 3778 2136 inﬁdelitatis.

589 2127 1413 2208 Nonresolvaiuurfinquit
1445 2150 1460 2189 :
1493 2127 1662 2206 quod
1692 2127 2081 2192 etiam—circa
2112 2133 2301 2192 ﬁnem
2335 2134 2485 2194 dicit
2516 2155 2531 2193 :
2569 2127 2923 2195 Dissolutas
2965 2154 3183 2194 manus
3214 2127 3265 2193 ἐι
3298 2127 3597 2195 dissoluta
3624 2159 3773 2210 genua

575 2221 815 2297 erigite.
850 2219 945 2280 Ne
970 2219 1037 2278 in
1062 2219 1332 2296 idipsum
1359 2217 1699 2297 exemplum
1726 2218 1865 2295 quis
1896 2218 2133 2297 incidat
2144 2237 2163 2283 ;
2186 2221 2307 2297 hoc
2341 2218 2513 2276 enim
2542 2220 2637 2274 est
2668 2231 2899 2297 revera
2923 2215 3171 2276 cadere.
3196 2217 3283 2276 Ne
3314 2217 3771 2297 deindeiaudiens

573 2293 916 2376 quisquam
946 2298 1009 2357 in
1049 2293 1322 2376 idipsum
1348 2293 1713 2376 exemplum
1733 2293 2024 2356 incidere
2050 2341 2064 2367 ,
2098 2296 2386 2376 eamdem
2418 2301 2684 2355 mortem
2727 2293 3169 2376 suspicaretur:
3191 2313 3391 2376 quam
3435 2302 3496 2356 et
3525 2296 3607 2356 illi
3642 2303 3770 2375 passi

574 2372 1023 2466 s'unt,'attende
1062 2372 1214 2466 quid
1243 2374 1404 2466 dixit
1432 2394 1449 2465 ε
1493 2375 1684 2465 Vipus
1724 2376 1902 2466 enim.
1932 2382 2016 2433 est
2047 2393 2241 2465 sermo
2270 2374 2473 2466 lleiet
2504 2376 2728 2452 efﬁcax
2748 2418 2762 2439 ,
2794 2380 2849 2431 et
2885 2372 3347 2466 penetrabilior.
3371 2392 3555 2466 super:
3590 2372 3770 2437 omnem

572 2456 849 2534 gladium
876 2454 1228 2534 ancipitem.
1260 2452 1447 2513 Omni
1475 2454 1712 2531 quippe
1739 2453 1948 2532 gladio
1973 2454 2205 2534 saevior
2236 2459 2364 2534 est;
2394 2453 2455 2534 in
2487 2469 2711 2534 eorum
2739 2467 3017 2534 namque
3046 2453 3294 2534 animas
3328 2452 3562 2514 incidet
3588 2472 3769 2525 sermo,

573 2530 793 2613 plagas
821 2530 1128 2613 quasdam
1154 2550 1428 2611 operans
1459 2530 1683 2613 saevas,
1717 2530 1776 2592 et
1802 2532 2197 2610 perniciosas
2232 2532 2574 2613 iucisioncs
2603 2530 2924 2613 importat.
2956 2531 3033 2588 Et
3061 2530 3289 2613 harum
3315 2550 3535 2592 rerum
3564 2534 3770 2594 demon-

572 2609 944 2673 strationem
971 2609 1272 2673 adhibere
1307 2628 1431 2670 non
1460 2628 1620 2687 opus
1652 2609 1866 2682 habet,
1901 2628 2109 2688 neque
2139 2609 2451 2671 conﬁcere
2488 2609 2921 2688 necessarium
2955 2614 3158 2686 putat,
3192 2610 3441 2671 habens
3470 2616 3591 2671 tam
3620 2614 3771 2673 mani-

572 2691 794 2752 festam
839 2692 1296 2751 narrationem.
1328 2686 1530 2763 Quale
1580 2706 1857 2766 namque
1906 2686 2145 2749 bellum
2166 2734 2182 2762 ,
2216 2689 2466 2765 inquit,
2496 2689 2639 2768 illos
2686 2686 3006 2768 perdidit?
3034 2689 3243 2765 qualis
3282 2690 3581 2768 gladius?
3605 2709 3771 2753 nonne

570 2772 741 2829 ultro
782 2770 1214 2830 corruebant?
1238 2769 1378 2828 Non
1419 2768 1585 2827 enim
1618 2765 1773 2844 quia
1813 2768 1968 2829 talia
2006 2785 2134 2827 non
2189 2784 2410 2846 sumus
2441 2766 2655 2845 passi,
2688 2765 2896 2846 securi
2934 2784 3073 2827 esse
3100 2765 3406 2829 debemus
3442 2789 3457 2828 :
3491 2787 3770 2846 usquequo

570 2849 739 2908 enim
772 2848 957 2908 hodie
983 2848 1246 2918 dicitur,
1280 2848 1424 2906 licet
1458 2848 1640 2907 nobis
1670 2847 1971 2907 recreari.
2003 2847 2079 2905 Et
2109 2863 2189 2905 ne
2213 2892 2228 2919 ,
2262 2844 2592 2906 audientes
2625 2863 2769 2922 qua:
2798 2844 2877 2905 ad
2906 2847 3186 2906 animam
3219 2844 3652 2924 pertinebant,
3680 2844 3771 2909 lie—

569 2928 880 3018 gligentes
907 2926 1345 3015 efﬁcerentur,
1374 2925 1610 2985 addidit
1638 2941 1713 2986 ea
1733 2942 1891 3018 qua:
1920 2925 1998 3015 ad
2030 2942 2262 3002 corpus
2292 2925 2679 3018 attinerent}
2704 2924 3063 3018 tunuenim
3092 2926 3319 3018 sic_ﬁt:
3348 2927 3517 3018 sicut
3545 2946 3646 3018 re}
3671 2930 3770 3018 ali-

568 3003 713 3082 quis
739 3006 981 3083 judices
1018 3022 1170 3065 suos
1206 3003 1450 3083 majora
1489 3009 1822 3081 peccantes
1850 3047 1865 3074 ,
1901 3004 2181 3083 primum,
2203 3003 2460 3083 quidem
2492 3004 2726 3080 spoliat
2760 3003 2988 3064 militia
3015 3046 3030 3073 ,
3064 3009 3121 3063 et
3151 3004 3486 3083 cingulum
3513 3006 3695 3067 aufert
3716 3024 3770 3065 ac

568 3024 713 3082 quis
739 3023 981 3083 juaices
1018 3023 1170 3065 suos
1206 3023 1450 3140 majora
1489 3023 1822 3081 peccantes
1850 3047 1865 3074 ,
1901 3023 2175 3081 primum
2203 3023 2460 3080 quidem
2492 3023 2726 3080 sponal
2760 3023 2988 3064 mmua
3015 3046 3030 3073 ,
3064 3023 3121 3063 ei
3151 3023 3486 3083 Cingulum
3513 3023 3695 3067 auter!
3716 3024 3770 3065 ac

568 3083 963 3163 dignitatem,
992 3088 1057 3163 et
1084 3088 1237 3143 tunc
1265 3083 1592 3163 u_ciscitur
1616 3102 1631 3163 :_
1657 3083 1749 3143 sic
1778 3084 1970 3143 etiam
1998 3083 2101 3142 hic
2130 3082 2376 3163 gladius
2408 3082 2679 3163 Spiritus
2711 3089 3041 3163 operatur.
3071 3084 3217 3142 Post
3246 3083 3371 3143 hoc
3397 3084 3532 3163 jam
3560 3085 3627 3145 de
3648 3085 3771 3145 Filio

566 3159 849 3240 disputat
872 3182 886 3221 :
912 3162 1007 3241 Ad
1031 3181 1204 3241 quem
1226 3160 1427 3233 nobis,
1458 3161 1686 3241 inquit,
1718 3179 1911 3222 sermo
1944 3169 2051 3220 est.
2083 3159 2245 3234 Quid
2281 3165 2398 3231 est,
2430 3160 2526 3221 Ad
2548 3179 2721 3240 quem
2748 3159 3145 3241 nobissermo
3180 3169 3265 3220 est
3291 3164 3320 3221 ἵ
3350 3159 3491 3224 Hoc
3516 3169 3625 3232 est,
3654 3165 3770 3240 lpsi,

567 3239 798 3319 inquit,
837 3239 1141 3301 reddituri
1174 3257 1396 3319 sumus
1424 3239 1739 3319 rationem
1765 3246 2037 3319 actuum,
2056 3245 2446 3299 nostrorum.
2476 3242 2552 3319 Et
2577 3241 2899 3316 quomodo
2928 3240 3049 3300 hoc
3080 3240 3196 3299 ﬁt?
3226 3242 3301 3301 Ut
3336 3260 3470 3302 non
3494 3239 3772 3311 cedamus,

565 3318 796 3397 inquit,
825 3338 1032 3396 neque
1060 3318 1500 3398 pusillanimes
1523 3318 1875 3379 efﬁciamur
1899 3338 1913 3376 :
1936 3318 2325 3398 sutlicienter
2346 3318 2601 3395 quidem
2634 3320 2823 3379 etiam
2849 3319 2959 3379 illa
2986 3335 3126 3392 nos,
3156 3320 3393 3398 inquit,
3418 3322 3653 3383 docent.
3674 3323 3775 3381 Ha-

563 3398 766 3459 bemus
800 3407 1003 3458 autem
1037 3407 1093 3457 et
1121 3397 1497 3457 sacerdotem
1524 3415 1815 3474 magnum
1842 3398 2173 3457 intrantem
2202 3397 2400 3465 cwlos,
2432 3399 2647 3457 Jesum
2676 3398 2919 3458 Filium
2946 3398 3085 3457 Dei.

640 3477 804 3551 Quia
852 3478 1023 3537 enim
1086 3482 1423 3553 propterea
1473 3475 1747 3547 addidit,
1799 3476 1948 3536 Non
2002 3477 2161 3536 enim
2206 3474 2518 3543 habemus,
2581 3477 2832 3553 inquit,
2882 3476 3295 3546 sacerdotem,
3348 3496 3485 3538 non
3528 3481 3774 3539 valentem

564 3557 833 3633 compati
878 3553 1347 3634 inﬁrmitatibus
1393 3555 1632 3634 nostris
1662 3574 1680 3611 :
1718 3553 1952 3634 idcirco
2000 3555 2298 3632 superius
2345 3554 2627 3626 dicebat,
2656 3556 2741 3615 In
2776 3573 2896 3633 quo
2919 3572 3141 3633 passus
3168 3565 3254 3614 est
3276 3557 3408 3634 ipse
3439 3567 3493 3617 et
3521 3563 3773 3619 tantum,

554 3632 780 3713 potens
811 3643 896 3693 est
927 3632 1027 3693 eos
1060 3634 1170 3712 qui
1199 3640 1523 3713 tentantur
1542 3632 1871 3713 adjuvare.
1905 3633 2163 3694 Intuere
2190 3651 2343 3711 ergo
2374 3635 2699 3710 quomodo
2734 3632 2803 3713 et
2824 3632 2935 3694 hic
2961 3634 3235 3713 idipsum
3274 3632 3451 3695 facit.
3484 3637 3649 3710 Quod
3677 3653 3774 3695 au—

560 3711 687 3773 tem
717 3713 904 3783 dicit,
938 3711 1187 3793 tale’est
1216 3731 1230 3769 :
1263 3712 1489 3793 V_enit,
1536 3711 1775 3793 inquit,
1810 3729 1924 3788 per
1959 3713 2126 3772 viam
2157 3729 2287 3793 qua
2323 3717 2384 3771 et
2419 3730 2561 3793 nos,
2596 3712 2797 3790 magis
2837 3719 3054 3793 autem
3083 3712 3161 3793 ad
3199 3714 3483 3790 priorem
3510 3717 3587 3793 [[.
3618 3731 3775 3790 aspe-

561 3793 868 3871 riorem],
901 3796 964 3852 et
988 3791 1274 3849 omnium
1310 3790 1638 3871 hominum
1667 3790 2756 3871 [humanorum?]7experimentum
2792 3792 3060 3871 accepit.
3093 3792 3230 3851 Illic
3256 3794 3501 3871 quippe
3536 3790 3771 3855 dicebat.

557 3870 710 3931 Non
758 3879 844 3928 est
896 3878 1181 3949 creatura
1230 3868 1589 3949 occultajn
1619 3876 1952 3949 conspectu
1998 3869 2175 3949 ejus1
2201 3870 2598 3949 divinitatem
2638 3868 3007 3948 signiﬁcans
3042 3890 3056 3928 :
3097 3868 3285 3930 nunc
3305 3868 3525 3933 autem
3560 3874 3693 3949 quia
3716 3872 3771 3930 de

557 3966 751 4009 carne
781 3949 1089 4027 loquitur,
1123 3946 1754 4027 humilitermdisputat
1774 3991 1790 4017 ,
1821 3946 2077 4027 dicens:
2106 3947 2420 4008 [labentes
2447 3949 2645 4026 igitur
2660 3946 3018 4027 pontiﬁcem
3033 3966 3317 4025 magnum
3343 3946 3667 4011 intrant—em
3691 3968 3773 4007 ca-

557 4029 650 4087 los
673 4047 693 4085 :
721 4031 780 4087 et
808 4026 1083 4086 ostendit
1116 4026 1424 4102 majorem
1452 4025 1544 4084 illi
1574 4044 1714 4086 esse
1747 4043 1966 4085 curam
2016 4025 2091 4085 de
2125 4026 2331 4096 nobis,
2370 4032 2431 4086 et
2464 4025 2618 4102 quia
2646 4025 2809 4087 sicut
2849 4025 3133 4103 propriis
3179 4027 3395 4097 adest,
3432 4036 3494 4089 et
3524 4047 3641 4090 non
3672 4030 3773 4086 vult

556 4123 666 4185 eos
703 4104 952 4165 cadere.
989 4105 1198 4163 Moses
1228 4103 1437 4185 enim,
1468 4104 1711 4180 inquit,
1745 4121 1872 4185 non
1904 4104 2167 4185 intravit
2208 4105 2274 4163 in
2303 4106 2587 4181 requiem
2611 4149 2627 4176 ,
2662 4107 2794 4181 ipse
2825 4116 3036 4185 autem
3074 4107 3357 4166 intravit.
3394 4109 3473 4167 Et
3501 4109 3771 4185 quomodo

555 4183 678 4243 hoc
711 4182 1307 4264 nusquamposuit,
1342 4182 1577 4241 mirum
1608 4189 1726 4264 est.
1775 4182 1865 4242 Ne
1908 4183 2425 4264 viderentursnbi
2457 4186 2942 4264 excusationem
2980 4184 3305 4264 invenire,
3336 4182 3772 4264 comprehendit

554 4269 767 4321 autem
806 4262 996 4339 etiam
1041 4263 1250 4339 ipsum
1286 4280 1300 4317 :
1340 4264 1401 4319 et
1442 4278 1520 4319 ne
1560 4260 1858 4339 rideatur
1896 4277 2205 4321 accusare
2234 4263 2418 4321 illum
2462 4262 2707 4330 virum,
2742 4268 2962 4339 aperte
2996 4263 3151 4321 illud
3189 4280 3316 4322 non
3349 4260 3526 4325 dicii.
3556 4266 3613 4324 Si
3640 4265 3771 4323 enim

557 4339 711 4397 nihil
754 4338 1116 4414 hujusmodi
1145 4338 1457 4398 dicentem
1489 4338 1642 4400 talia
1671 4338 1978 4400 adversus
2007 4339 2187 4398 illum
2217 4340 2659 4416 proferebant,
2691 4338 2972 4400 dicentes
3008 4360 3021 4398 :
3055 4342 3289 4402 Contra
3319 4341 3548 4403 Mosen
3578 4347 3631 4403 et
3656 4359 3769 4401 con-

551 4434 650 4482 tra
679 4424 883 4500 legem
918 4426 1036 4478 iste
1068 4423 1356 4500 loquitur
1387 4436 1401 4474 :
1436 4422 1635 4500 multo
1666 4420 1981 4500 amplius,
2010 4417 2403 4500 sidixisset,
2432 4418 2574 4500 Non
2609 4423 2705 4478 est
2728 4417 3067 4500 Palaestina
3094 4462 3109 4487 ,
3141 4417 3250 4500 sed
3276 4419 3553 4500 caelum,
3579 4416 3770 4493 majora

549 4501 626 4560 de
658 4494 771 4559 illo
799 4499 1105 4558 dicerent.
1153 4494 1273 4556 Sed
1302 4511 1430 4555 non
1460 4498 1662 4553 totum
1691 4495 1973 4572 pontiﬁci
2005 4498 2268 4568 tribuit,
2299 4498 2407 4558 sed
2440 4498 2629 4557 etiam
2663 4514 2701 4559 a
2730 4497 2913 4557 nobis
2954 4496 3184 4574 quaerit
3206 4540 3220 4562 ,
3256 4496 3400 4557 dico
3432 4503 3635 4557 autem
3660 4511 3770 4555 con-

551 4580 917 4640 fessionem.
952 4574 1293 4655 Habentes,
1326 4574 1535 4655 inquit
1557 4619 1571 4643 ,
1596 4575 1958 4655 pontiﬁcem
1991 4595 2309 4655 magnum,
2339 4577 2676 4636 intrantem
2710 4575 2910 4642 caios,
2937 4577 3149 4636 Iesum
3183 4576 3423 4635 Filium
3453 4575 3591 4640 Dei.
3622 4583 3771 4633 tenea-

547 4679 680 4719 mus
710 4657 1155 4737 confessionem
1185 4654 1648 4737 ejus.‘Qualem
1681 4652 2148 4737 confessionem
2181 4656 2370 4737 dicit?
2397 4655 2716 4729 Quoniam
2759 4660 2856 4737 est
2898 4655 3320 4737 resurrectio,
3371 4655 3665 4737 quoniam
3704 4658 3773 4710 est

552 4732 914 4807 retributio,
951 4732 1261 4812 quoniam
1293 4733 1465 4792 mille
1496 4733 1688 4803 bona,
1723 4733 1877 4807 quia
1910 4732 2202 4795 Christus
2241 4736 2410 4795 Deus
2442 4739 2569 4806 est,
2599 4734 2910 4812 quoniam
2948 4733 3100 4793 ﬁdes
3135 4740 3305 4793 recta
3340 4741 3469 4803 est,
3501 4733 3623 4794 haec
3648 4748 3771 4812 eon-

550 4817 870 4877 ﬁteamur.
903 4808 1069 4888 Quia
1101 4830 1253 4874 vero
1297 4812 1433 4872 haec
1457 4828 1613 4871 vera
1639 4816 1813 4891 sunt,
1838 4813 2247 4874 manifestum
2285 4833 2365 4874 ex
2396 4832 2473 4875 eo
2504 4808 2672 4891 quod
2706 4808 2992 4890 pontifex
3037 4813 3099 4871 in
3130 4812 3547 4873 interioribus
3576 4809 3773 4891 consli-

552 4901 729 4955 tutus
762 4900 881 4955 est.
910 4895 1049 4954 Non
1081 4891 1486 4963 excidamus,
1520 4890 1964 4951 conﬁteamur.
2011 4893 2073 4951 Si
2105 4894 2276 4953 enim
2309 4893 2497 4952 modo
2526 4890 2853 4963 adessent,
2888 4891 3087 4953 falsus
3118 4900 3285 4951 esset
3319 4892 3431 4968 qui
3483 4890 3771 4968 promisit:

552 4973 830 5052 proinde
855 4973 1047 5052 etiam
1079 4972 1201 5032 hoc
1235 4988 1458 5052 verum
1491 4976 1609 5040 est,
1643 4970 1977 5052 Quomodo
2007 4971 2432 5052 differuntur?
2474 4971 2723 5031 Etenim
2769 4970 3061 5052 pontifex
3102 4978 3320 5052 noster
3353 4988 3624 5052 magnus
3660 4972 3771 5052 est:

552 5045 705 5113 Non
735 5051 896 5110 enim
924 5049 1207 5111 habemus
1232 5049 1619 5130 pontiﬁcem,
1662 5049 1951 5130 qui_non
1985 5051 2187 5130 possit
2228 5053 2496 5129 compati
2543 5045 3315 5130 inﬁrmitatibusnostris.
3352 5045 3534 5130 Non,
3577 5045 3771 5123 inquit.

554 5132 812 5210 ignorat
838 5148 983 5206 qua)
1014 5136 1233 5190 nostra
1266 5135 1447 5201 sunt,
1481 5128 1647 5210 sicut
1678 5128 1859 5210 multi
1887 5128 2243 5210 pontiﬁces,
2268 5128 2377 5207 qui
2405 5128 2706 5210 ignorant
2732 5147 2842 5210 eos
2873 5129 2985 5207 qui
3025 5128 3089 5210 in
3120 5128 3631 5210 tribulationibus
3655 5141 3768 5210 con-

556 5202 760 5271 siituti
793 5202 966 5280 sunt,
1000 5214 1059 5267 et
1093 5226 1300 5285 neque
1329 5225 1473 5283 qua:
1504 5207 1585 5268 sit
1613 5202 1942 5267 tribulatio
1980 5209 2044 5268 in
2079 5202 2487 5278 homin-ibus,
2528 5209 2763 5269 sciunt.
2802 5202 3199 5285 Impossibile
3245 5207 3482 5284 quippe
3525 5213 3613 5265 est
3648 5202 3772 5285 seire

557 5288 938 5369 aﬂlictioues
969 5281 1432 5369 afllictorumei
1461 5330 1476 5355 ,
1509 5286 1620 5362 qui
1656 5287 2168 5363 experimentum
2209 5288 2571 5369 afﬂictionis
2606 5306 2734 5347 non
2785 5281 3056 5369 habuit,
3092 5281 3579 5369 et‘se'nsi—biliter
3601 5281 3771 5369 omnia

557 5386 687 5428 non
712 5366 1018 5427 sustinuit
1046 5386 1061 5424 :
1098 5364 1383 5443 pontifex
1411 5359 1625 5425 autem
1658 5359 1877 5427 noster
1905 5373 2340 5444 competenter
2359 5368 2634 5444 primum
2664 5368 2878 5426 omnia
2902 5365 3306 5435 sustinuit,et
3336 5371 3487 5424 tunc
3514 5359 3768 5444 ascendit.

558 5452 628 5507 ut
663 5446 864 5524 possit
891 5438 1190 5521 compati.
1220 5446 1568 5524 Tentatum,
1602 5443 1834 5521 inquit,
1858 5462 1977 5524 per
2006 5438 2213 5506 omnia
2240 5438 2574 5506 secundum
2597 5444 3071 5524 similitudinem
3101 5445 3233 5524 sine
3255 5452 3538 5524 peccato.
3568 5438 3767 5524 Inspice

556 5518 882 5603 quomodo
912 5518 1105 5585 etiam
1137 5539 1335 5600 supra
1364 5522 1637 5600 idipsum
1666 5518 2024 5595 {Similiter
2048 5570 2064 5597 ,
2111 5527 2358 5603 posuit,
2394 5529 2455 5587 et
2499 5526 2602 5586 hic
2646 5526 2878 5585 iterum
2904 5568 2920 5595 ,
2954 5518 3302 5585 Secundum
3330 5518 3767 5603 similitudinem.

562 5600 694 5666 Hoc
720 5609 847 5675 est,
883 5604 1452 5682 persequutionem
1479 5620 1734 5679 passus,
1766 5610 1953 5680 sputa
1986 5600 2299 5682 suscepit.
2327 5609 2665 5666 accusatus
2700 5608 2828 5675 est,
2861 5603 3317 5682 detractionem
3348 5600 3665 5682 sustinuit,
3691 5610 3768 5682 ra-

559 5684 837 5745 lumnias
878 5678 1109 5761 passus
1150 5687 1279 5751 est,
1330 5678 1627 5761 repulsus
1670 5678 1903 5761 est,_in
1942 5683 2068 5744 ﬁne
2096 5678 2445 5744 cruciﬁxus
2475 5688 2591 5744 est.
2625 5686 2829 5745 Juxta
2871 5681 3373 5750 similitudinem,
3414 5678 3641 5761 inquit,
3670 5678 3767 5732 sine

554 5772 833 5843 peccato.
865 5756 981 5824 Hic
1011 5762 1203 5824 etiam
1227 5756 1470 5839 aliquid
1499 5756 1837 5839 signiﬁcat.
1866 5763 2176 5826 Possibile
2212 5770 2305 5825 est
2337 5764 2476 5825 sine
2504 5767 2763 5841 peccato
2793 5763 2982 5824 etiam
3018 5761 3084 5822 in
3113 5759 3620 5822 tribulationibus
3646 5767 3766 5814 con-
