3892 6402
172 378 255 434 ὅὶῖ
748 362 1057 421 MUTIANO
1097 360 1337 417 SCHOL.
1382 356 1840 415 INTERPRETE.
1882 389 1951 399 —
1986 358 2134 415 CAP.
2178 357 2290 412 νη.
2334 354 2566 409 IIOMIL.
2604 354 2738 408 Xlll.
3303 368 3411 423 κδ

174 497 300 563 mihi
312 487 552 552 dederis
574 482 953 563 mercedem,
969 480 1209 563 inquis,
1225 477 1614 563 nonefﬁcior
1628 485 1866 563 castus.
1881 478 2153 563 Proinde
2169 478 2377 541 audeo
2390 478 2633 558 aliquid
2646 480 2858 563 dicere
2876 501 2889 540 :
2909 498 3259 563 numquam
3272 485 3399 543 eris

170 557 376 640 castus,
396 582 605 655 neque
623 559 971 653 aliquando
992 560 1061 637 [Γ.
1088 574 1314 655 neque
1317 557 1370 616 si
1392 559 1484 633 q.]
1499 557 1635 655 eris
1650 557 1971 655 castus‘;si
1994 558 2255 655 quidem
2280 576 2413 655 pre.
2416 560 2704 655 mercede
2729 560 2883 655 facis
2905 559 3398 655 ;.nihil_aestimas

172 635 517 717 virtutem,si
533 658 664 701 non
678 635 883 717 ipsam
895 635 1093 699 ames.
1118 635 1236 696 Sed
1264 636 1433 699 Deus
1454 639 1714 715 propter
1726 638 1989 699 multam
2008 635 2292 717 nostram
2306 636 2739 717 iniirmitatem
2754 639 3011 699 interim
3026 639 3123 699 vel
3139 645 3401 716 prepter

170 714 490 796 mercedem
507 737 647 808 eam
666 714 803 808 ﬁeri
824 717 1027 808 veiuit
1043 734 1057 776 :
1073 734 1191 808 nos
1213 725 1427 808 autem
1441 714 1650 808 neque
1663 718 1912 808 sieeam
1923 714 2840 808 aggredimur.Consti.tuamus
2852 722 3093 808 autem,
3110 714 3160 777 si
3183 714 3398 808 vultis,

169 793 301 894 dum
326 809 514 867 h°m°
533 799 795 894 (Ψίδδω
823 798 997 857 mm"
1020 795 1189 894 "{3}?
1207 793 1764 894 2P9'Fi‘f'ffilicfi‘i
1773 799 1828 894 i1
1842 794 1964 894 Et,“
1973 793 3401 894 1329i{€9.95}???Tie.‘_q.‘l?9__‘39'l“’9‘”

171 872 417 955 arbitror
437 872 840 955 contingere:
858 874 1363 955 quomodo‘illuc
1388 872 1636 955 pergit?
1656 872 1757 955 dic
1776 873 1956 932 mihi.
1975 873 2188 934 Veluti
2218 874 2328 949 qui
2353 889 2469 955 pro
2495 874 2612 942 eis,
2632 890 2775 955 quae
2797 878 3100 955 Operatus
3120 884 3239 945 est,
3270 892 3399 955 nun

166 951 517 1045 EﬁIpandus.
549 951 819 1045 sed'si‘ne
850 951 988 1045 ulla
1014 951 1243 1043 ﬁducia
1273 951 1414 1011 erit.
1438 951 1558 1024 Qui
1589 951 1761 1045 enim
1788 958 2045 1045 centum
2073 968 2279 1012 annos
2318 951 2537 1041 vivens
2570 951 2817 1045 nuilum
2839 968 3002 1045 opus
3026 953 3265 1041 bonum
3294 952 3403 1045 tie-

168 1028 518 1110 inohstravit
542 1080 558 1105 ,
592 1032 702 1095 sed
731 1038 978 1094 tantum
1009 1030 1165 1107 quia
1196 1047 1324 1110 non
1354 1030 1671 1106 peccavit;
1706 1030 1907 1110 magis
1939 1034 2153 1110 autem
2179 1073 2195 1101 ,
2222 1028 2376 1105 quia
2405 1046 2618 1110 ueque
2654 1029 2778 1089 hoc
2801 1072 2816 1099 ,
2845 1029 2958 1110 sed
2993 1030 3148 1105 quia
3188 1031 3401 1110 gratia

164 1106 286 1190 sola
311 1119 590 1181 salvatus
618 1117 735 1184 est,
768 1111 930 1172 alios
959 1106 1182 1190 autem
1203 1108 1375 1169 videt
1399 1113 1765 1190 coronatos,
1798 1106 2162 1190 splendidos
2189 1112 2252 1168 et
2281 1106 2670 1190 probabiles,
2699 1123 2777 1167 ac
2805 1108 2859 1167 si
2891 1110 3156 1190 noneat
3185 1106 3247 1166 in
3277 1126 3401 1182 ge-

166 1184 417 1267 hennam
450 1239 465 1265 ,
513 1190 828 1267 numquid
874 1187 1219 1248 sustinebit
1267 1188 1652 1267 muarorem?
1703 1186 1801 1260 dic
1836 1184 2031 1267 mihi.
2093 1186 2172 1246 Ut
2228 1190 2443 1246 autem
2499 1185 2620 1267 sub
2676 1185 2975 1267 exemplo
3033 1184 3203 1245 hanc
3261 1203 3399 1245 rem

168 1262 640 1347 iﬁﬁnifesti—orem
687 1262 994 1347 faciamus
1020 1279 1526 1347 ,Aproponamus
1567 1263 1728 1324 duos
1761 1264 2010 1347 milites
2050 1269 2158 1347 get
2199 1280 2388 1347 unus_
2423 1263 2682 1347 quidem
2733 1262 3006 1347 iniretur.
3033 1267 3093 1347 et
3141 1268 3401 1347 appetat

163 1341 382 1425 aliena;
419 1352 585 1412 alius
617 1353 831 1408 autem
860 1344 1017 1425 nihil
1051 1341 1281 1402 herum
1310 1349 1638 1425 operetur,
1668 1344 1777 1425 sed
1809 1342 2269 1425 benignitatem
2294 1342 2498 1402 solam
2529 1341 2870 1425 ostendat,
2890 1341 3156 1425 virtutes
3190 1343 3402 1417 pluri-

165 1414 632 1510 mas—operetur,
655 1428 722 1484 iu
748 1424 981 1502 praaliis
1014 1428 1254 1510 tropaea
1283 1414 1485 1510 multa
1514 1420 1886 1510 constituat,
1910 1414 2240 1510 desieram
2272 1436 2457 1510 suam
2486 1414 2717 1510 efficiat
2743 1434 2823 1510 es
2855 1418 3143 1510 hostibus
3167 1414 3402 1510 cruen-

162 1497 375 1579 imam:
398 1505 623 1569 deinde
654 1497 940 1580 tempore
968 1500 1384 1580 adveniente,
1418 1498 1523 1580 ille
1566 1498 1824 1575 quidem
1866 1516 1946 1558 ex
1989 1499 2101 1580 illa
2136 1498 2442 1580 dignitate
2473 1497 2851 1580 mil_itize,__i_n
2894 1512 3024 1574 qua
3064 1502 3127 1558 et
3164 1497 3266 1557 fur
3295 1498 3400 1580 ille

162 1575 282 1655 erat
302 1636 317 1664 ,
345 1590 606 1663 repente
638 1583 717 1664 ad
751 1575 1336 1664 regalesoliumet
1365 1576 1441 1638 ad
1462 1593 1829 1664 purpuram
1860 1575 2275 1664 provehatur;
2307 1577 2413 1635 ille
2442 1575 2700 1653 quidem
2728 1576 3258 1664 illic_perr_naneat
3288 1577 3399 1664 ubi

162 1654 321 1741 erat,
346 1654 452 1727 sed
497 1681 575 1725 ex
608 1654 1046 1741 misericordia
1081 1656 1221 1741 sola
1250 1655 1733 1741 imperialinon
1761 1655 1898 1715 luat
1926 1655 2242 1741 supplicia
2283 1671 2506 1741 eorum
2542 1670 2684 1741 qua;
2716 1655 2946 1733 gessit,
2980 1654 3056 1713 sit
3083 1654 3389 1741 autemjn

161 1732 283 1812 loco
308 1732 684 1809 novissimo,
713 1743 776 1799 et
802 1738 923 1797 sub
950 1736 1342 1813 Imperatore
1370 1734 1838 1813 constituatur:
1864 1751 1993 1793 non
2023 1734 2093 1812 [f.
2129 1735 2305 1809 num]
2326 1733 2668 1813 sustinebit
2696 1732 3059 1813 mmrorem,
3088 1732 3397 1813 dlc_mihi,

161 1810 291 1892 cum
320 1822 547 1886 viderit
572 1818 753 1877 illum
779 1810 1065 1893 quidem;
1093 1813 1377 1893 quicum
1411 1828 1487 1873 eo
1515 1818 1673 1883 erat,
1708 1810 2135 1893 adesumma‘m
2157 1811 2519 1893 ascendisse
2541 1810 2934 1893 dignitaiem,
2955 1816 3016 1870 et
3039 1811 3123 1872 ita
3154 1810 3398 1893 clarum

162 1888 398 1972 uictum,
427 1904 495 1980 et
521 1903 721 1980 tetuim
754 1888 1415 1980 mundumobtinere;
1448 1895 1761 1980 se_autem
1788 1890 1851 1949 in
1882 1890 2117 1980 intimis
2148 1888 2625 1980 perdurantem,
2657 1893 2719 1980 et
2746 1888 3043 1980 idipsum,
3062 1888 3239 1980 qugd
3269 1907 3396 1947 non

163 1966 477 2063 suppliciis
507 1975 805 2063 afficitur,
840 1970 1222 2063 sine‘aliquo
1250 1970 1494 2063 honore
1524 1969 1863 2063 habentem
1881 2014 1909 2060 ,.
1922 1969 2039 2063 sed
2067 1966 2165 2063 ei
2193 1968 2399 2063 gratia
2438 1967 2593 2063 sola‘
2615 1972 2676 2027 et
2712 1966 3147 2063 miserieordia
3177 1967 3397 2063 Impe—

163 2045 372 2127 ratoris
394 2060 422 2116 ?
452 2058 541 2116 Ac
569 2054 620 2114 si
652 2070 798 2113 eum
824 2045 1485 2127 dimittat’lmperator
1510 2053 1572 2107 et
1599 2065 1638 2108 a
1662 2047 2036 2127 Criminibus
2067 2045 2317 2127 liberet,
2353 2052 2789 2127 verumtamen
2818 2045 3108 2127 confusio
3136 2061 3402 2127 perma—

161 2123 318 2204 nebit
342 2159 356 2195 :
382 2153 512 2195 non
544 2132 717 2193 enim
743 2130 851 2189 alii
879 2144 1026 2188 eum
1058 2123 1485 2187 mirabuntur.
1518 2127 1589 2186 In
1625 2127 1860 2186 talibus
1892 2126 2065 2186 enim
2090 2123 2505 2204 indulgentiis
2535 2140 2663 2204 non
2695 2142 2831 2193 eos,
2858 2125 2969 2201 qui
3001 2123 3169 2204 dona
3198 2124 3399 2199 perci-

162 2201 351 2300 piunt,
386 2213 501 2275 sed
531 2228 651 2300 eos.
667 2210 779 2286 qui
814 2209 981 2299 bona
1010 2207 1311 2300 tribuunt
1331 2205 1749 2265 admiramur.
1782 2204 2046 2300 Quanto.
2071 2201 2318 2294 majora
2348 2203 2750 2300 duraverint,
2784 2208 2960 2263 tanto
3003 2201 3204 2300 magis
3233 2218 3405 2300 conf

161 2279 490 2361 iundentur
544 2290 655 2366 qui
689 2279 1077 2366 percipiunt,
1111 2287 1612 2366 quanto_eorum
1645 2287 1832 2366 erant
1863 2279 2387 2366 delictaim'ajora.
2410 2281 2723 2366 Qualibus
2753 2279 3401 2366 erggeculisjntueri

163 2356 350 2455 potest
378 2356 888 2455 hujusfmodi‘eos
908 2408 923 2436 ,
951 2364 1062 2455 qui
1092 2356 1241 2455 εἰμες
1266 2360 1691 2455 i‘n‘lnliperiali
1727 2356 2781 2455 aulaAcon'stituti'nut,’illis.decem
2811 2356 3307 2455 miliia‘suderes
3336 2360 3406 2455 et

161 2436 413 2516 vulnera
443 2436 916 2511 s'ustinentibus
937 2487 952 2513 ,
972 2436 1582 2519 ipsernihilihabens
1613 2439 1787 2519 quod
1814 2438 2281 2519 ostendat,_sed
2310 2439 2520 2519 etiam
2540 2436 3297 2519 ipsumquodsalvatur,
3322 2452 3406 2519 ex

160 2512 286 2595 seta
309 2529 421 2590 Dei
452 2522 895 2587 misericordia
925 2512 1207 2600 possidet
1232 2520 1260 2600 ξ
1288 2512 1856 2600 ρυοηιράρ’ρηίω,
1889 2517 1941 2578 si
1973 2514 2475 2600 quishomiuem
2506 2512 2923 2600 homicidam,
2953 2512 3156 2600 furem
3176 2557 3192 2586 ,
3223 2513 3407 2600 adull-

160 2593 350 2672 terum
374 2650 390 2679 ,
425 2603 795 2666 ducendum.
821 2593 1019 2660 occidi
1052 2597 1463 2679 pos_tulet_,_et
1498 2596 1723 2679 jubeat
1756 2613 1897 2679 esse
1926 2593 2075 2679 ante
2102 2596 2331 2657 limina
2360 2594 2594 2673 regalis
2634 2594 2836 2667 aulae,
2868 2594 3121 2653 nullum
3170 2593 3403 2653 valebit

160 2674 493 2760 respicere,
524 2683 672 2744 licet
691 2680 881 2742 etiam
903 2694 943 2740 a
968 2674 1297 2755 suppliciis
1324 2675 1636 2736 liberatus
1665 2674 1747 2734 sit
1774 2693 1790 2732 :
1821 2674 1914 2735 sic
1946 2677 2015 2735 et
2038 2674 2178 2734 iste.

224 2805 357 2863 Non
378 2801 555 2883 enim
578 2800 731 2877 quia
750 2815 1016 2876 regnum
1029 2800 1277 2883 dicitur,
1310 2801 1543 2883 putetis
1558 2802 2014 2883 emneseadem
2032 2803 2317 2883 adipisci.
2337 2803 2398 2863 Si
2435 2805 2604 2864 enim
2634 2809 2696 2867 et
2715 2806 3073 2883 praefectus,
3089 2811 3150 2867 et
3179 2824 3401 2869 omnes

158 2883 256 2960 qui
286 2884 454 2943 circa
484 2882 952 2962 Imperatorem
973 2882 1123 2938 sunt
1153 2880 1397 2962 inania
1422 2881 1647 2958 regali,
1678 2885 1741 2962 et
1768 2881 1876 2941 alii
1914 2882 2094 2941 valde
2123 2880 2347 2962 inﬁmi,
2370 2888 2434 2962 et
2460 2884 2570 2959 qui
2601 2880 2814 2945 locum
2840 2886 2949 2962 qui
2982 2885 3213 2946 dicitur
3232 2886 3404 2946 deca-

160 2957 374 3022 norum
405 2960 725 3039 obtinent,
750 2957 815 3016 in
849 2958 1011 3039 aula
1031 2958 1237 3039 regali
1260 2962 1411 3017 sunt
1438 2977 1453 3039 ;
1482 2957 1777 3039 quamvis
1806 2964 2055 3020 tantum
2084 2961 2334 3021 intersit
2362 2957 2530 3021 inter
2557 2957 2923 3039 praefectum
2951 2974 3014 3022 et
3060 2963 3394 3036 decanum,

160 3040 345 3100 multo
378 3039 665 3115 amplius
699 3038 765 3096 in
798 3035 1241 3115 superioribus
1274 3036 1488 3115 regnis
1524 3037 1648 3097 hoc
1676 3038 1841 3113 idem
1879 3039 2020 3099 erit.
2053 3039 2129 3097 Et
2162 3039 2281 3099 hoc
2310 3056 2441 3098 non
2472 3035 2697 3101 ex'me
2725 3041 2889 3101 dico.
2921 3042 3172 3101 Etenim
3205 3041 3401 3102 aliam

160 3119 324 3195 ponit
350 3114 783 3178 differentiam
820 3115 1077 3196 Paulus.
1109 3114 1376 3186 Quantae
1404 3114 2085 3196 quippendiﬂ‘erentize,
2116 3117 2325 3193 inquit
2350 3161 2367 3187 ,
2399 3134 2436 3177 a
2466 3119 2603 3179 sole
2632 3136 2838 3196 usque
2868 3119 2945 3179 ad
2973 3121 3194 3180 lunam
3232 3124 3289 3180 et
3322 3122 3401 3181 ad

159 3192 358 3257 stellas
386 3203 450 3257 et
477 3196 811 3275 minimam
838 3194 1113 3275 stellam,
1134 3198 1324 3253 tanta;
1354 3200 1546 3275 erunt
1570 3192 1950 3275 differentia;
1970 3199 2032 3254 et
2063 3192 2287 3275 eorum
2311 3196 2424 3271 qui
2453 3196 2517 3254 in
2547 3192 2750 3275 regno
2767 3197 2879 3258 Dei
2903 3202 3114 3258 erunt.
3141 3198 3220 3257 Et
3247 3198 3399 3274 quia

159 3275 344 3334 multo
377 3275 663 3350 amplius
693 3274 776 3332 ab
804 3289 882 3332 eo
911 3272 1021 3348 qui
1053 3270 1334 3332 decanus
1364 3272 1598 3350 dicitur
1629 3277 1692 3333 et
1721 3287 1759 3333 a
1790 3270 2302 3350 prmfectmsolis
2329 3270 2397 3350 et
2430 3270 2943 3337 stellae'minimie
2972 3283 3183 3336 exstat
3210 3270 3392 3335 diffe-

153 3352 340 3411 rentia
366 3395 383 3421 ,
408 3347 823 3408 manifestum
869 3347 965 3428 est
1011 3349 1332 3408 omnibus.
1366 3347 1473 3428 sol
1519 3351 1758 3428 quippe
1790 3347 2057 3411 omnem
2077 3349 2279 3428 simul
2322 3349 2604 3410 illustrat
2638 3350 2947 3410 mundum
2972 3396 2987 3423 ,
3018 3357 3081 3411 et
3111 3352 3403 3413 festivum

154 3429 325 3499 facit,
356 3434 418 3489 et
444 3428 674 3487 lunam
705 3435 767 3486 et
812 3426 1033 3486 stellas
1059 3428 1366 3486 obscurat
1393 3446 1409 3485 :
1438 3427 1558 3487 iste
1591 3426 1813 3489 autem
1837 3427 2123 3488 fortassis
2152 3444 2270 3486 nec
2298 3432 2516 3503 paret,
2553 3429 2619 3487 in
2656 3430 2935 3490 tenebris
2975 3430 3358 3491 constitutus
3387 3452 3402 3490 :

152 3508 351 3566 multa:
376 3506 624 3583 quippe
656 3509 806 3564 sunt
835 3503 1194 3583 stellarum,
1218 3521 1380 3581 quas
1404 3522 1534 3565 non
1564 3506 1872 3567 videmus.
1894 3506 2166 3579 Quando
2192 3522 2346 3581 ergo
2374 3507 2537 3568 alios
2564 3506 2905 3567 viderimus
2929 3508 3095 3568 soles
3124 3506 3403 3576 effectos.

155 3602 259 3645 nos
286 3582 505 3646 autem
540 3584 873 3643 stellarum
900 3582 1310 3662 minimarum
1345 3584 1556 3643 locum
1586 3585 1931 3657 habentes,
1963 3601 2127 3662 pene
2161 3599 2300 3662 non
2322 3584 2807 3660 apparentium,
2841 3586 3033 3662 quale
3064 3588 3249 3647 nobis
3284 3588 3405 3648 erit

155 3603 259 3645 nos
286 3603 505 3646 autem
540 3603 873 3643 scenarum
900 3603 1310 3642 minimarum
1346 3603 1556 3643 locum
1586 3603 1931 3657 nanentes,
2008 3603 2127 3642 ene
2161 3603 2291 3642 non
2322 3603 2807 3660 apparenuum,
2841 3603 3033 3662 quale
3064 3603 3249 3647 noms
3284 3603 3405 3648 cru

151 3664 438 3752 solatium
453 3664 493 3752 ?_
508 3662 720 3752 Nolite
754 3663 1020 3752 obsecro
1045 3704 1061 3731 ,
1092 3660 1309 3752 nolite.
1335 3662 1425 3722 ita
1447 3678 1691 3752 graves
1723 3664 1913 3752 corde
1940 3603 2094 3752 ﬁeri
2125 3705 2141 3733 ,
2176 3661 2373 3720 nolite
2412 3664 2502 3752 ita
2527 3680 2780 3752 segnes.
2814 3665 2952 3723 Non
3001 3665 3406 3752 negotiemur
3502 3710 3507 3711 κ

151 3741 295 3801 adeo
325 3743 606 3802 salutem
636 3740 714 3800 ad
743 3738 1622 3818 desidiametinegligentiam,
1643 3742 1753 3801 sed
1784 3740 2219 3801 nundinemur
2244 3756 2383 3799 eam
2403 3747 2464 3801 et
2483 3738 2999 3818 multiplicemus.
3026 3738 3117 3803 Λᾶ
3146 3744 3195 3803 si
3224 3750 3405 3804 cate-

152 3820 499 3881 chumeuus
545 3820 628 3880 sit
656 3818 891 3895 aliquis
918 3860 934 3886 ,
966 3817 1074 3877 sed
1110 3817 1432 3879 Christum
1473 3820 1688 3890 novit,
1721 3819 1835 3879 sed
1860 3819 2047 3879 (idem
2074 3818 2381 3895 percepit,
2414 3820 2523 3879 sed
2551 3817 2815 3880 oracula
2843 3821 3061 3881 divina
3092 3821 3406 3891 advertit,

151 3899 251 3958 sed
278 3914 406 3957 non
439 3904 547 3959 est
562 3898 760 3976 longe
784 3897 867 3956 ab
892 3896 1243 3976 intellectu,
1273 3897 1874 3976 novitivoluntatem
1904 3896 2160 3956 Domini
2186 3896 2349 3973 ejus.
2380 3898 2593 3971 Quare
2624 3896 2883 3958 differt?
2910 3916 3025 3975 pro
3054 3917 3183 3976 qua
3214 3918 3408 3963 causa

153 3977 281 4035 vult
302 3977 429 4037 tale
452 3974 719 4037 diﬂerre
746 3974 1123 4054 negotium?
1152 3974 1321 4033 Nihil
1350 3974 1577 4036 melius
1602 3992 1799 4052 quam
1830 3976 1959 4036 vita
1995 3977 2165 4054 bona
2193 4019 2208 4044 ,
2239 3982 2301 4033 et
2322 3976 2443 4054 hic
2473 3983 2534 4036 et
2564 3976 2695 4036 illic
2719 4020 2734 4047 ,
2767 3981 2830 4036 et
2869 3974 2935 4035 in
2977 3974 3312 4054 baptizatis
3350 3985 3413 4038 et

150 4055 209 4114 in
242 4055 753 4117 catechumenis.
809 4052 974 4125 Quid
1024 4052 1195 4113 enim
1230 4070 1426 4132 grave
1455 4060 1552 4113 est
1577 4098 1593 4119 .
1624 4054 1724 4114 dic
1753 4054 1908 4113 mihi
1935 4098 1951 4126 ,
1982 4053 2153 4129 quod
2184 4053 2370 4132 nobis
2414 4056 2814 4132 imperatur?
2834 4052 3081 4116 Habeto
3108 4101 3122 4126 ,
3158 4057 3366 4132 inquit
3392 4101 3407 4126 ,

150 4149 408 4195 uxorem
437 4139 650 4203 tuam,
678 4139 740 4193 et
774 4134 987 4191 castus
1014 4135 1174 4191 esto.
1205 4131 1344 4191 Non
1374 4132 1496 4192 hoc
1520 4132 1772 4193 difﬁcile
1803 4137 1919 4192 est.
1950 4131 2331 4204 Quomodo?
2376 4131 2555 4193 Multi
2584 4134 2752 4192 enim
2781 4134 2919 4193 sine
2944 4131 3261 4194 uxoribus
3291 4152 3413 4194 ca-

151 4212 416 4273 stitatem
441 4215 737 4282 servant,
770 4226 900 4269 non
931 4208 1140 4269 solum
1169 4208 1542 4290 Christiani,
1574 4211 1683 4290 sed
1712 4212 1903 4271 etiam
1935 4210 2194 4288 pagani.
2223 4211 2643 4290 Transcendit
2674 4228 2965 4290 paganus
2998 4220 3256 4289 prepter
3285 4229 3412 4273 va-

152 4307 286 4349 nam
316 4291 722 4369 gloriamrtu
749 4292 970 4369 autem
995 4305 1208 4364 neque
1236 4287 1359 4349 hoc
1383 4289 1663 4369 cusiodis
1686 4294 1953 4369 propter
1984 4287 2281 4348 timorem
2308 4289 2444 4349 Dei.
2486 4291 2608 4357 Da,
2641 4287 2851 4367 inquit
2873 4335 2888 4362 ,
2914 4287 3301 4369 pauperibus
3331 4310 3408 4349 ea:

155 4370 226 4427 iis
253 4365 382 4447 qua:
407 4375 566 4428 sunt
590 4365 727 4428 tibi.
762 4366 927 4425 Num
952 4365 1073 4425 hoc
1102 4383 1296 4443 grave.
1321 4368 1461 4447 est?
1487 4367 1605 4447 Sed
1633 4365 1740 4429 hic
1770 4365 2078 4447 accusant
2096 4384 2229 4447 nos
2260 4369 2495 4445 pagani
2526 4412 2541 4437 ,
2573 4365 2852 4429 dicentes
2881 4365 3210 4447 :lntégras
3254 4371 3413 4429 sub—

151 4444 408 4507 stantias
440 4446 833 4507 exinaniunt
862 4448 1124 4521 propter
1147 4461 1377 4505 vanam
1406 4446 1698 4524 gloriam.
1726 4446 1891 4517 Noli,
1929 4444 2161 4523 inquit,
2187 4444 2399 4523 turpia
2427 4448 2628 4524 loqui.
2656 4448 2819 4506 Num
2857 4448 2977 4507 hoc
3002 4444 3253 4507 difﬁcile
3279 4449 3415 4507 est?

154 4528 233 4584 Ac
260 4530 312 4586 si
344 4542 481 4585 non
511 4529 683 4586 esset
709 4524 1116 4598 imperatum,
1150 4540 1366 4582 nonne
1393 4524 1779 4586 debebamus
1806 4525 1928 4583 hoc
1958 4524 2223 4598 implere
2245 4569 2260 4596 ,
2291 4543 2370 4584 ne
2402 4526 2721 4584 inhonesti
2751 4542 3177 4601 appareamus
3197 4528 3225 4582 ?
3248 4526 3411 4598 Quia

153 4620 292 4664 vero
326 4605 538 4683 magis
573 4601 968 4683 contrarium
1016 4602 1208 4683 hujus
1250 4601 1505 4662 difﬁcile
1546 4608 1673 4683 est,
1698 4604 1826 4683 hoc
1841 4603 2203 4683 estiturpia‘
2219 4603 2423 4680 loqui,
2455 4604 2864 4683 manifestum
2895 4608 2991 4664 est
3018 4621 3208 4683 exeo
3241 4603 3412 4683 quod

154 4680 474 4742 reveretur
505 4686 571 4741 et
600 4680 1014 4742 confunditur
1040 4681 1258 4740 anima
1279 4723 1294 4750 ,
1326 4698 1471 4740 cum
1503 4682 1628 4743 tale
1654 4681 1902 4757 aliquid
1933 4680 2145 4740 dicere
2178 4680 2369 4741 fuerit
2408 4682 2725 4742 concitata
2754 4726 2768 4751 ,
2802 4686 2865 4741 et
2896 4700 3024 4741 non
3060 4681 3210 4740 dicit
3237 4725 3253 4750 ,
3290 4682 3409 4742 nisi

154 4758 303 4821 forte
332 4779 482 4821 cum
514 4765 614 4820 est
640 4759 841 4820 ebria.
870 4760 1083 4837 Quare
1108 4759 1281 4817 enim
1307 4759 1375 4817 in
1403 4758 1658 4837 publico
1686 4777 1812 4819 non
1838 4760 2124 4836 loqueris
2146 4759 2389 4836 aliquid
2419 4766 2628 4836 turpe,
2654 4760 2763 4820 sed
2795 4760 2859 4818 in
2884 4760 3077 4819 domo
3104 4760 3223 4819 hoc
3254 4758 3408 4819 facis

154 4843 209 4929 et
234 4846 490 4929 secreto
510 4838 866 4929 :I;lllic_n.on
908 4835 1061 4927 facis
1103 4842 1364 4929 propter
1397 4835 2193 4929 presentes.._Quare‘ant.e
2221 4835 2571 4929 'conjugem
2604 4842 2955 4929 tuamnnon
2988 4837 3169 4898 facile
3197 4838 3413 4929 turpia

155 4915 429 4994 loqueris
450 4920 481 4977 7
512 4918 604 4978 Ne
648 4916 726 4977 ad
773 4913 1072 4994 injuriam
1108 4916 1249 4994 ejus
1281 4913 1414 4994 hoc
1445 4914 1654 4976 facere
1687 4916 1986 4977 videaris.
2017 4916 2107 4994 Ne
2145 4913 2416 4994 injuries
2437 4913 2640 4994 igitur
2672 4916 3025 4982 mulierem,
3063 4934 3188 4975 non
3218 4913 3409 4976 facis:

156 4993 343 5056 Deum
394 4998 513 5075 qui
563 4998 802 5072 ubique
834 4993 1649 5075 ipraasens’est,inju_rians
1704 5012 1832 5075 non
1880 4993 2339 5075 confunderis?
2363 4993 2613 5075 Ubique
2661 4996 2833 5075 enim
2879 5013 3159 5071 praesens
3206 5002 3323 5063 est,
3354 5004 3417 5053 et

154 5076 356 5152 omnia
387 5071 594 5135 audit.
628 5071 794 5145 Noli,
826 5074 1060 5152 inquit,
1096 5071 1427 5152 inebriari.
1449 5073 1587 5134 Hoc
1615 5074 1786 5133 enim
1816 5078 1879 5133 et
1907 5090 2022 5150 per
2043 5072 2326 5152 seipsum
2358 5072 2489 5152 jam
2509 5074 2897 5150 supplicium
2924 5081 3039 5134 est.
3063 5074 3202 5133 Non
3230 5075 3359 5133 dixi
3397 5119 3413 5142 ,

156 5151 412 5215 Coarcta
430 5170 670 5230 corpus
691 5159 903 5230 tuum;
927 5150 1035 5211 sed
1071 5151 1270 5227 quid?
1298 5153 1437 5211 Non
1473 5152 1561 5213 ita
1591 5152 1746 5211 illud
1779 5152 2117 5211 luxuriare
2147 5150 2382 5224 facias,
2416 5155 2489 5211 ut
2516 5152 2774 5212 auferas
2806 5154 2887 5212 ab
2918 5154 3131 5213 anima
3166 5153 3415 5230 princi~

156 5172 412 5215 marem
430 5172 546 5215 cor
597 5172 670 5215 us
691 5172 903 5223 tuum;
927 5172 1035 5211 seu
1071 5172 1222 5227 quia
1246 5172 1269 5208 τ
1298 5172 1437 5211 non
1473 5172 1561 5213 ua
1591 5172 1746 5211 uqu
1779 5172 2117 5211 luxuriare
2147 5172 2343 5212 uacuas
2366 5196 2382 5224 ,
2416 5172 2489 5211 ut
2516 5172 2774 5212 aureras
2806 5172 2887 5212 a
2918 5172 3131 5213 anima
3166 5172 3415 5230 princi~

156 5236 406 5305 patum:
432 5172 595 5293 Neri
637 5231 718 5292 ad
748 5229 1104 5309 replendum
1148 5230 1567 5310 cupiditatem,
1591 5231 1722 5310 ejus
1757 5230 2264 5310 procurationem
2289 5231 2515 5310 facere.
2546 5231 2685 5289 Non
2718 5232 2932 5307 rapias
2954 5278 2967 5303 ,
2998 5232 3242 5308 inquit,
3275 5249 3422 5309 quae

158 5319 259 5370 tua
290 5328 420 5373 non
453 5316 635 5381 sunt,
664 5310 797 5368 noli
832 5326 1067 5371 avarus
1098 5326 1277 5376 esse,
1311 5309 1449 5369 noli
1473 5309 1784 5387 pejerare.
1820 5310 2135 5382 Qualibus
2161 5309 2495 5370 laberibus
2526 5310 2661 5371 haec
2692 5329 2854 5388 opus
2888 5311 3169 5371 habent?
3194 5311 3416 5387 quali-

159 5389 267 5448 bus
310 5389 705 5451 sudoribus?
726 5389 864 5448 Non
907 5405 1169 5450 accuses
1197 5431 1213 5459 ,
1244 5388 1491 5464 inquit,
1527 5406 1736 5465 neque
1761 5389 2201 5449 calumnieris.
2240 5388 2517 5450 Econtra
2561 5395 2773 5450 autem
2821 5391 3024 5467 magis
3058 5390 3244 5450 labor
3276 5397 3370 5451 est
3403 5434 3419 5453 .

158 5485 294 5526 cum
324 5468 763 5529 maledixeris.
797 5467 1019 5528 Statim
1048 5467 1220 5526 enim
1252 5468 1314 5525 in
1348 5468 1705 5544 periculum
1732 5467 2058 5538 devenies,
2083 5473 2143 5527 et
2164 5467 2228 5527 in
2257 5469 2715 5546 suspicionem,
2746 5488 2826 5532 ne
2856 5469 3014 5529 forte
3036 5468 3313 5529 audierit
3343 5470 3420 5527 de

160 5562 282 5619 quo
310 5548 757 5617 maledixeris,
787 5548 920 5608 sive
953 5563 1225 5625 magnus
1254 5546 1361 5607 ille
1392 5546 1506 5617 sit,
1538 5547 2006 5626 siverminimus
2034 5566 2048 5603 :
2075 5547 2125 5607 si
2159 5548 2327 5607 enim
2363 5566 2634 5626 magnus
2668 5548 2893 5612 fuerit.
2926 5550 3077 5625 ipsis
3113 5549 3416 5624 operibus

160 5626 491 5707 confestim
528 5627 986 5707 periclitaberis
1014 5626 1109 5707 :rsi
1147 5631 1360 5707 autem
1390 5625 1967 5707 minor,si_milibus
2007 5627 2451 5707 terulciscitur,
2478 5625 2687 5707 magis
2730 5635 2955 5700 autem,
2988 5634 3049 5689 et
3091 5628 3417 5705 pejorihus

162 5710 218 5785 et
248 5705 603 5782 majoribus
638 5712 696 5766 te
729 5706 1078 5765 maledictis
1107 5705 1358 5765 alliciat.
1389 5706 1556 5765 Nihil
1587 5704 1841 5766 ditlicile
1872 5712 1999 5772 est,
2033 5706 2186 5765 nihil
2222 5726 2414 5785 grave.
2458 5713 2553 5767 est
2594 5704 2764 5784 quod
2797 5708 2980 5770 nobis
3014 5704 3372 5784 imperatur
3407 5725 3421 5762 :

162 5784 207 5842 si
240 5787 680 5860 uoluerimus,
716 5786 918 5847 etiam
948 5803 1091 5862 qua
1122 5785 1333 5847 facilia
1362 5790 1550 5861 sunt,
1587 5785 1808 5866 gravia
1848 5787 2030 5848 nobis
2063 5784 2472 5849 videbuntur.
2503 5787 2664 5861 Quid
2698 5787 2944 5850 facilius
2977 5807 3171 5865 quam
3208 5785 3427 5848 vesci?
