3892 6402
118 306 216 360 530
304 268 308 272 ’
786 292 1096 353 ιιυτιΑΝο
1135 289 1375 348 εοιίοι.
1418 290 1655 347 1mm

1837 292 1879 347 ἒ.
1910 323 1981 335 -—
2010 292 2164 351 CAP.
2202 292 2292 348 IX.
2335 294 2565 351 HOMIL.
2608 294 2722 354 XV.
3271 299 3374 353 550

123 436 259 481 rum
290 417 388 476 vel
415 427 754 494 corporum
779 411 1083 494 captivus
1105 407 1252 494 est?_
1269 423 1487 467 nonne
1511 404 2007 494 immundior‘ab
2034 408 2172 494 istis
2200 411 2498 471 omnibus
2520 418 2638 494 est,
2679 413 2895 475 omnia
2918 419 3104 494 turpe
3136 417 3374 481 faciens

124 507 180 557 et
208 493 490 574 patiens?
513 484 675 564 Quid
707 484 878 574 enini
916 488 1168 565 turpius
1197 486 1333 545 viro
1361 484 1664 574 pecunias
1699 489 1959 547 amante
1979 488 2468 574 ?__Qll&£unlque
2490 492 2659 574 enim
2684 484 3050 574 meretrices
3074 496 3375 559 mulieres

124 565 391 644 faciunt,
413 584 834 648 quaecumque
862 567 927 626 in
960 580 1151 648 scena
1180 565 1697 648 commiiiuntu‘r,
1749 582 1881 648 non
1908 565 2105 648 evitat
2129 565 2423 648 efficere;
2454 568 2561 628 sed
2604 577 2851 647 quanta
2886 572 3013 634 illas
3037 619 3053 645 ,
3091 579 3266 638 tanta
3315 585 3377 640 et

124 656 233 713 iste
262 642 585 728 operatur.
621 642 822 728 Magis
854 650 1068 728 autem
1102 644 1390 728 fortassis
1420 644 1549 704 illa:
1578 642 1824 722 aliquid
1849 644 2115 728 evitant,
2143 661 2339 722 quam
2370 646 2512 728 iste.
2538 642 2695 707 Nam
2728 650 2846 710 iste
2878 642 3071 713 etiam
3104 671 3206 715 res
3246 673 3371 716 ser-

129 733 211 791 νίς
242 722 462 810 dignas
491 722 879 810 perpetitur,
923 723 1194 810 aduians
1225 722 1642 810 quibusunon
1690 727 1943 810 operiet
1989 743 2004 782 :
2034 730 2461 810 esasperatur
2496 726 2732 810 iterum
2774 730 2892 810 ubi
2918 748 3046 790 non
3083 742 3378 810 oportet:

124 801 354 884 ubique
377 801 709 882 inrequalis
741 808 837 863 est
872 823 886 884 ς
920 802 1224 884 malignis
1244 801 1613 884 hominibus
1648 807 1714 884 ei
1739 802 2038 884 senibus,
2089 802 2377 864 fortassis
2428 805 2618 884 etiam
2669 807 2931 882 perditis
2953 853 2969 881 ,
3004 801 3204 871 multo
3239 830 3381 874 ani-

128 880 284 968 plius
318 880 709 968 pauperibus
763 888 827 968 et
855 881 1329 968 infirmioribus
1372 881 1513 968 suis
1546 880 1836 968 assidens
1881 881 2223 968 adulatur,
2260 889 2347 968 et
2393 883 2579 968 alios
2610 880 2812 946 bonos
2856 880 3156 968 ex’omni
3201 902 3381 968 parte

129 959 415 1044 virtutem
444 959 752 1023 habentes
780 959 1055 1044 injuriat_
1075 959 1392 1020 ferociter.
1420 959 1699 1044 intueris
1717 964 2101 1044 ex_ul_raque
2131 967 2309 1038 parte
2332 961 2774 1044 confusionem
2794 970 2856 1044 et
2880 959 3381 1044 impudentiam?

128 1050 186 1107 et
221 1042 480 1103 humilis
526 1047 622 1101 est
646 1044 877 1118 printer
917 1038 1174 1099 modum
1221 1043 1284 1098 et
1327 1038 1731 1118 ambitiosus.
1783 1038 1900 1101 Sed
1938 1045 2117 1118 stant
2148 1046 2299 1101 ante
2329 1040 2551 1101 domos
2584 1038 2996 1114 meretrices}
3031 1052 3093 1106 et
3125 1047 3246 1109 hoc
3282 1057 3380 1109 est

126 1139 333 1185 earum
358 1121 625 1189 crimen,
650 1116 804 1195 quia
825 1134 1058 1199 corpus
1086 1133 1278 1199 suum
1299 1116 1692 1199 venumdant
1717 1117 2006 1194 pecuniae
2027 1135 2225 1181 causa
2250 1121 2393 1180 :sed
2420 1127 2789 1197 paupertas,
2824 1122 3056 1199 inquit,
3092 1130 3154 1185 et
3183 1126 3381 1188 fames

128 1200 441 1278 compellit
471 1217 486 1257 :
519 1194 685 1278 licet:
718 1212 928 1278 neque
956 1196 1076 1278 hoc
1105 1194 1408 1254 idoneum
1456 1194 1534 1257 ad
1566 1199 2094 1278 excusationem;
2124 1194 2433 1278 poterant
2454 1194 2625 1258 enim
2664 1217 2828 1277 opus
2871 1194 3177 1264 facientes
3209 1222 3369 1265 enu-

129 1274 283 1341 triri.
308 1277 427 1338 Hic
461 1276 631 1343 enim
660 1277 679 1351 [
698 1276 746 1355 f.
766 1276 1180 1359 _autem]_stat
1205 1289 1482 1359 avarus,
1514 1292 1646 1359 non
1677 1274 1742 1334 in
1766 1274 1962 1359 domo
1982 1319 1997 1347 ,
2031 1274 2143 1337 sed
2171 1277 2235 1335 in
2264 1277 2470 1359 media
2500 1274 2789 1359 civitate;
2819 1296 2950 1340 non
2978 1299 3245 1359 corpus,
3276 1284 3379 1345 sed

132 1359 398 1418 animam
430 1371 616 1417 suam
645 1352 901 1413 tradens
929 1352 1187 1412 diabolo
1210 1395 1228 1425 ,
1286 1358 1358 1412 ut
1399 1357 1462 1412 et
1497 1354 1861 1430 voluptetur
1887 1371 2033 1413 cum
2066 1371 2141 1415 ea
2168 1399 2184 1425 ,
2233 1361 2297 1416 et
2326 1357 2520 1415 intret
2551 1357 2629 1417 ad
2677 1376 2819 1418 eam
2851 1359 3047 1420 veluti
3073 1352 3151 1420 ad
3181 1352 3375 1425 mere-

131 1436 336 1498 tricem
362 1478 379 1505 ,
434 1440 499 1495 et
526 1431 1152 1513 cupiditatemisuam
1182 1436 1381 1493 totam
1425 1432 1693 1513 explens
1722 1433 2049 1513 egreditur
2084 1453 2100 1492 :
2133 1438 2198 1495 et
2239 1434 2411 1495 videt
2437 1440 2570 1497 tota
2605 1436 2863 1513 civitas,
2906 1456 3040 1499 non
3070 1439 3197 1500 duo
3230 1442 3373 1503 viri.

128 1519 231 1596 aut
262 1521 415 1575 tres.
472 1513 551 1596 _Et
579 1510 1066 1596 hoc_pr0p_ri_um
1098 1514 1208 1585 est
1252 1511 1661 1572 meretricum
1685 1553 1703 1582 ,
1736 1511 1892 1587 quia
1920 1512 2129 1596 dantis
2160 1530 2392 1596 aurum
2422 1513 2790 1596 efﬁciuntur
2820 1510 2951 1596 :isit
2980 1518 3087 1579 ille
3116 1537 3382 1596 servus,

130 1595 202 1654 sit
235 1591 591 1655 monachus
614 1634 630 1662 ,
664 1591 749 1669 sit
790 1590 1100 1667 quilibet,
1150 1595 1472 1667 pr0ponat
1504 1599 1720 1651 autem
1764 1590 2153 1664 mercedem,
2200 1592 2583 1669 suscipiunt.
2629 1595 2767 1655 Hoc
2793 1595 2987 1657 etiam
3020 1597 3123 1659 hic
3152 1598 3254 1660 isti
3289 1590 3385 1662 fa;

130 1675 295 1757 ciunt
327 1692 343 1729 :
374 1676 581 1757 rectas
603 1668 863 1757 quidem
891 1669 1343 1757 cogitationes,
1372 1669 2003 1757 quandopecuiiiam
2034 1668 2422 1755 non.habent
2447 1713 2472 1757 ._
2496 1677 3137 1757 aversantursmaiis
3171 1685 3379 1738 autem

141 1754 199 1809 et
223 1761 367 1807 vere
399 1743 773 1804 bestialibus
808 1743 1304 1803 commiscentur
1323 1784 1342 1813 ,
1370 1749 1456 1821 et
1484 1743 2020 1821 pulchritudinem
2069 1744 2299 1803 animle
2322 1744 2616 1821 perdunt.
2644 1744 2818 1805 Sicut
2843 1743 3013 1805 enim
3040 1745 3162 1805 illa:
3181 1787 3197 1815 ,
3224 1760 3368 1820 qua)

145 1836 363 1886 natura
392 1821 770 1912 nigrm‘sunt
803 1823 1290 1912 et‘agrestesnet.
1318 1820 1587 1912 pingues
1610 1828 1696 1912 .et
1740 1822 2053 1912 deformes
2110 1826 2171 1880 et
2208 1821 2387 1912 male.
2420 1820 2759 1912 formatte,‘
2781 1824 2845 1879 et
2878 1837 2960 1912 εξ
2987 1820 3166 1912 umni
3178 1827 3365 1912 parte

141 1912 343 1979 turpes
378 1919 393 1957 :
428 1895 524 1959 sic
567 1897 758 1979 etiam
798 1895 1082 1979 istorum
1131 1895 1493 1979 efficiuntur
1519 1899 1784 1979 animie,
1842 1904 2146 1979 et_neque
2189 1897 2473 1957 exterius
2506 1896 2865 1979 videntibus
2907 1895 3364 1958 deformitatem

141 1973 308 2042 suam
330 1980 607 2054 possunt
632 1974 951 2034 obvelare.
972 1973 1135 2054 Cum
1158 1975 1329 2054 enim
1346 1980 1670 2054 extremus
1695 1977 1881 2037 fuerit
1910 1973 2114 2050 fmtOr,
2138 1991 2557 2052 quacumque
2573 1973 3005 2054 adiuveniant,
3031 1992 3367 2051 quascum-

140 2075 253 2135 que
278 2050 688 2135 eicogitent,
722 2053 1072 2135 nequesub
1101 2050 1357 2135 ﬁctione
1386 2053 1585 2135 latere
1612 2060 1933 2132 poterunt.
1961 2050 2277 2135 Quoniam
2307 2050 2872 2135 veroiimpudeniia
2899 2050 3367 2135 facitmeretri-

141 2128 265 2214 c'es,
296 2128 857 2214 audi'pruphetam
900 2128 1212 2214 dicentem
1256 2151 1273 2190 :
1311 2128 1647 2214 {mpudens
1678 2135 1847 2214 [acta
1870 2152 1929 2192 es
1959 2133 2039 2192 ad
2051 2150 2308 2214 _omncs,
2344 2131 2533 2210 facies
2560 2130 2895 2214 meretricis
2920 2132 3201 2214 faclqest
3224 2135 3359 2214 tibi.

143 2213 261 2272 Hoc
288 2206 591 2272 etiam—ad
608 2206 1026 2287 avarumdici
1055 2214 1296 2284 potest,
1325 2206 1664 2287 lnipudens
1678 2206 1885 2272 factus
1903 2229 1970 2271 es
1992 2210 2071 2271 ad
2089 2226 2309 2271 omnes
2326 2206 2357 2283 ,⁷
2373 2226 2497 2268 non
2528 2207 2605 2268 ad
2632 2207 2783 2287 istos
2808 2206 3017 2268 aut'ad
3047 2209 3187 2287 ilios
3206 2255 3223 2283 ,
3254 2213 3363 2274 sed

141 2292 207 2351 ad
237 2305 509 2368 omnes:
542 2285 860 2363 quomodo
877 2285 1071 2368 ‘Iiton
1106 2292 1384 2368 patrem,
1422 2285 1553 2368 non
1588 2289 1787 2368 filium
1808 2335 1825 2363 ,
1856 2306 1983 2348 non
2014 2287 2350 2368 conjugem
2371 2331 2388 2358 ,
2419 2304 2551 2368 non
2566 2286 2884 2368 amicum,
2923 2305 3048 2368 rion
3070 2285 3359 2363 fratrem,

144 2386 252 2427 non
277 2364 752 2427 benefactorem
772 2407 790 2432 ,
823 2364 1071 2443 nullum
1096 2407 1112 2436 ,
1149 2368 1216 2423 ut
1256 2366 1550 2426 absolute
1582 2366 1785 2427 dicam
1812 2410 1829 2439 ,
1863 2364 2192 2429 reveretur
2214 2364 2615 2443 hujusmodi.
2636 2365 2711 2425 Et
2736 2365 2887 2443 quid
2915 2364 3055 2425 dico
3085 2368 3359 2428 amicum

142 2453 192 2506 et
224 2446 487 2505 fratrem
520 2451 581 2503 et
611 2442 895 2519 patrem?
925 2442 1131 2518 ipsum
1165 2460 1292 2502 non
1325 2450 1653 2504 reveretur
1677 2445 1879 2508 Deum
1902 2489 1919 2516 ,
1957 2446 2062 2505 sed
2099 2442 2316 2505 omnia
2346 2444 2574 2505 fabula)
2604 2442 2697 2501 illi
2730 2442 3023 2503 videntur
3062 2451 3121 2503 et
3148 2445 3357 2518 risus;

143 2544 211 2583 ex
240 2524 438 2602 multa
472 2521 813 2598 cupiditate
839 2521 1054 2602 ebrius
1079 2564 1095 2592 ,
1132 2525 1193 2580 et
1219 2539 1428 2602 neque
1448 2523 1678 2602 auditu
1713 2524 1980 2602 percipit
2007 2523 2246 2600 aliquid
2274 2567 2289 2602 ,
2330 2538 2471 2602 qua:
2510 2521 2954 2602 iliiiprodessei
2975 2530 3260 2602 possunt.
3309 2525 3363 2585 Ο

141 2597 587 2662 absurditatem
611 2642 627 2671 ,
657 2601 718 2657 et
761 2598 981 2674 qualia
1005 2597 1396 2674 loquuntur!
1447 2600 1556 2662 νω
1585 2597 2079 2673 ιεδΓωυυῑυω,
2115 2597 2194 2663 ἐἰ
2231 2601 2288 2660 ei
2332 2599 2444 2675 qui
2475 2605 2535 2658 te
2564 2598 2665 2659 hic
2696 2614 2822 2658 non
2856 2597 3068 2661 habet.
3116 2600 3357 2663 Idcirco

139 2681 392 2757 dissipor
426 2696 518 2737 ex
554 2676 1014 2757 indignatione.
1045 2676 1154 2757 Vae
1181 2676 1418 2756 quippe
1447 2677 1569 2740 ista
1599 2680 1988 2747 dicentibus,
2024 2697 2099 2741 ac
2124 2679 2177 2740 si
2209 2679 2562 2757 pertisum
2582 2677 2723 2757 haec
2756 2678 2991 2757 dicunt.
3023 2678 3135 2739 Dic
3164 2680 3316 2739 mihi
3343 2725 3359 2753 ,

139 2754 307 2818 talem
331 2754 1358 2836 comminationemcomminatur
1379 2757 1550 2818 Deus
1578 2802 1593 2828 ,
1622 2758 1837 2819 dicens
1872 2778 1885 2816 :
1925 2758 1991 2819 Ν
1995 2776 2075 2817 οη
2112 2754 2371 2836 poiestis
2414 2755 2653 2836 duobus
2683 2754 2947 2816 dominis
2986 2757 3260 2836 servire?
3292 2766 3359 2819 tu

138 2843 331 2896 autem
358 2834 664 2894 dissolvis
696 2832 1296 2893 comminationem?
1323 2852 1540 2895 nonne
1562 2836 1984 2897 idololatriam
2014 2832 2179 2895 hahc
2205 2834 2367 2893 dixit
2387 2835 2625 2895 Paulus
2651 2878 2669 2905 ,
2710 2840 2773 2895 et
2795 2851 3061 2894 avarum
3091 2835 3363 2895 idolola-

140 2921 282 2973 tram
316 2919 510 2974 vocat
538 2933 552 2971 :
583 2917 651 2993 tu
681 2918 893 2993 autem
909 2910 1091 2993 istud
1115 2911 1329 2972 dicens
1373 2914 1393 2988 [
1412 2915 1459 2993 Γ.
1488 2919 1620 2976 stas
1654 2914 1899 2991 ridens]
1955 2912 2303 2975 secundum
2342 2914 2678 2974 sreculares
2723 2913 3018 2972 mulieres
3043 2955 3060 2984 ,
3108 2931 3249 2990 quae
3298 2915 3359 2974 in

139 3000 308 3055 scena
354 2998 515 3052 sunt
564 2991 761 3050 risum
806 2989 1084 3050 faciens?

204 3072 330 3131 Hoc
353 3076 486 3141 est,
517 3068 685 3149 quod
717 3068 938 3149 omnia
957 3068 1301 3149 subvertit,
1329 3068 1697 3149 hociomnia
1726 3070 1937 3149 dejicit
1968 3090 1983 3128 :
2015 3087 2081 3129 in
2102 3070 2389 3149 risum[f.
2428 3068 2680 3145 irrisus]
2709 3069 3171 3149 omniainostra
3200 3069 3358 3149 facta

138 3156 270 3209 sunt
297 3155 356 3209 et
391 3167 427 3207 u
453 3144 734 3227 rbanitas
761 3189 775 3217 ,
814 3153 875 3227 e_t
913 3144 1060 3205 facit
1083 3145 1214 3223 jam
1243 3147 1313 3224 [Ῑ.
1349 3152 1410 3206 et
1450 3146 1677 3227 facetia
1715 3144 1909 3227 :jam]
1938 3148 2096 3208 nihil
2120 3144 2385 3227 stabile,
2429 3149 2589 3227 nihil
2631 3144 2847 3227 grave.
2886 3147 3026 3208 Non
3075 3148 3243 3227 enim
3275 3148 3358 3227 uad

139 3229 465 3288 saeculares
493 3226 669 3304 viros
698 3224 816 3283 ista
838 3223 1378 3304 loquortantum,
1412 3224 1522 3285 sed
1559 3227 1711 3288 novi
1737 3223 1906 3303 quos
1931 3226 2220 3304 signiﬁco
2253 3245 2268 3283 :
2304 3226 2436 3285 risu
2465 3223 2906 3302 enim—repleta
2939 3232 3036 3287 est
3062 3224 3359 3304 ecclesia.

142 3305 419 3394 Siilleet
473 3303 604 3394 ille.
642 3302 913 3392 facetum
940 3301 1247 3394 quiddam
1276 3301 1603 3394 loquatur,
1636 3301 1805 3365 risus
1836 3301 2169 3394 confestim
2198 3304 2489 3394 sedentes
2508 3301 2776 3394 ocgupa’t
2808 3325 2824 3363 :
2857 3308 2919 3363 et
2944 3303 3115 3394 quod
3151 3304 3358 3394 adhuc

146 3383 482 3470 mirabilius
515 3384 652 3470 esi,
680 3381 744 3439 in
771 3380 907 3470 ipso
939 3387 1221 3470 tempore
1250 3381 1559 3470 orationis
1593 3401 1722 3470 no_n
1754 3382 2113 3470 quiescunt“
2121 3381 2297 3470 inulti
2325 3397 2364 3441 a
2388 3382 2544 3441 risu.
2565 3380 2819 3470 ‘Ubique
2847 3386 3116 3470 vagatur
3143 3381 3361 3443 diabo—

146 3464 266 3533 lus,
296 3478 523 3520 omnes
564 3457 871 3536 illigavit,
915 3459 1087 3515 omni
1128 3457 1493 3519 dominatur
1524 3480 1539 3517 :
1584 3457 2027 3522 exhonoratur
2071 3460 2359 3521 Christus
2387 3503 2403 3529 ,
2436 3457 2862 3519 contemnitur
2886 3504 2901 3529 ,
2937 3457 3174 3519 hullius
3206 3477 3357 3520 mo-

148 3540 319 3599 menti
377 3539 657 3616 habeiur
697 3537 987 3616 ecclesia.
1028 3536 1259 3616 _N_onu_e
1304 3538 1570 3598 audistis
1607 3541 1875 3599 Paulum
1916 3540 2227 3599 dicentem
2283 3557 2297 3595 :
2344 3536 2698 3613 Turpitudo
2732 3549 2785 3597 et
2831 3537 3254 3616 vaniloquium
3303 3548 3357 3598 et

146 3617 483 3678 scurrilitas
511 3612 856 3694 abjicialur
877 3633 914 3671 a
941 3613 1115 3674 vobis
1141 3615 1171 3672 ?
1187 3614 1343 3694 Cum
1364 3616 1821 3692 turpitudinem
1850 3621 1911 3677 et
1936 3616 2385 3677 scurrilitatem
2413 3612 2645 3694 posuit,
2674 3621 2741 3674 tu
2767 3620 2977 3694 autem
2993 3612 3200 3694 rides?
3234 3616 3360 3677 Va-

150 3696 487 3773 niloquium
517 3692 672 3770 quid
715 3693 850 3773 est?
877 3694 1072 3773 Quod
1114 3693 1361 3773 nullam
1402 3694 1595 3773 habet
1636 3696 1999 3755 utilitatem.
2034 3695 2151 3754 Vel
2192 3694 2453 3773 omnino
2499 3693 2665 3773 rides
2711 3692 3357 3773 eteffundismfaciem

148 3769 322 3864 inani,
353 3773 464 3864 qui
503 3769 892 3864 mo_uaciium
923 3771 1287 3864 profueris:
1316 3771 1427 3847 qui
1458 3773 1805 3864 cruciﬁxus
1830 3792 1922 3864 es‘,
1959 3773 2069 3864 qui
2090 3773 2305 3864 luges,
2332 3772 2497 3864 rides
2519 3772 2546 3829 ?
2568 3771 2680 3831 Dic
2698 3772 2859 3864 .mihi
2882 3815 2898 3844 ,
3071 3769 3358 3864 Christus

149 3852 251 3910 hoc
277 3849 413 3911 fecit
434 3854 462 3909 ?
492 3849 727 3909 audisti
765 3850 887 3908 hoc
914 3849 1199 3908 alicubi?
1238 3849 1567 3925 Nusquam
1593 3894 1609 3922 ,
1641 3851 1750 3911 sed
1777 3849 2223 3912 contristatum
2257 3849 2513 3926 quidem
2565 3850 2796 3926 szepius
2839 3850 3069 3926 legisti.
3115 3849 3359 3911 Etenim

147 3930 382 4005 quando
407 3928 771 3988 Jerusalem
815 3926 1007 3998 vidit,
1040 3928 1426 4005 lacrymatus
1458 3934 1591 3999 est;
1633 3934 1697 3989 et
1728 3929 1987 4006 quando
2037 3927 2416 4006 traditorem
2437 3928 2771 4006 intellexit,
2800 3926 3091 3989 turbatus
3123 3934 3257 4000 est;
3300 3936 3362 3988 et

148 4007 382 4096 quando
412 4010 734 4096 Lazarum
761 4005 1185 4096 suscitaturus
1220 4010 1395 4077 erat,
1423 4005 1755 4096 ploravit}
1778 4013 1846 4067 tu
1878 4012 2102 4096 autem
2137 4006 2302 4096 rides
2329 4008 2356 4063 ?
2397 4005 2458 4064 Si
2491 4011 2750 4096 propter
2785 4007 3064 4096 aliorum
3104 4011 3362 4096 peccaia

149 4082 274 4159 quis
306 4103 429 4144 non
460 4084 657 4152 dolet,
695 4082 1105 4143 accusatione
1128 4082 1356 4159 dignus
1390 4090 1486 4142 est
1517 4102 1532 4141 :
1565 4085 1679 4161 qui
1702 4085 1768 4145 in
1796 4086 1928 4146 suis
1961 4086 2101 4145 sine
2130 4083 2349 4145 dolore
2379 4082 2632 4144 exsistit
2661 4090 2722 4144 et
2748 4085 2943 4155 ridet,
2969 4083 3145 4161 quali
3174 4084 3361 4143 venia

148 4162 353 4236 dignus
381 4163 547 4222 erit?
576 4162 854 4236 Tempus
884 4166 980 4220 est
1024 4161 1233 4220 luctus
1264 4165 1327 4219 et
1362 4162 1794 4223 tribulationis
1821 4206 1838 4232 ,
1878 4165 1998 4223 sub
2026 4162 2367 4226 aﬂlictiene
2406 4168 2468 4222 et
2493 4163 2798 4223 servitute
2831 4163 3257 4224 certaminum
3302 4169 3363 4223 et

149 4209 251 4300 sui)
274 4209 997 4317 doloribusresragitur,
1029 4244 1091 4299 et
1119 4237 1577 4318 tu_rides?_Non
1608 4209 1872 4301 intueris
1893 4241 2213 4317 quomodo
2247 4209 2582 4318 increpata
2606 4248 2700 4300 est
2733 4209 2939 4301 Sara?
2967 4258 3093 4300 non
3120 4240 3364 4300 adver-

149 4319 217 4395 tis
242 4318 558 4395 Christum
587 4315 895 4395 diceuiem
925 4318 1082 4395 {Xa
1106 4315 1299 4380 vobis,
1318 4316 1440 4395 ⁸(ιιιί
1454 4318 1680 4395 ridetis
1706 4365 1720 4385 ,
1752 4315 2043 4395 quoniam
2074 4319 2382 4395 plungeiis
2405 4315 2583 4377 flsta
2621 4320 2905 4395 psallens
2939 4336 3051 4395 per
3078 4319 3364 4394 singulos

130 4388 278 4478 dies,
297 4394 447 4478 quid
479 4393 639 4452 dicis
650 4394 694 4478 Σ
722 4390 834 4478 Dic
868 4388 1058 4478 mihi...
1085 4406 1240 4448 num
1274 4391 1512 4478 alicubi
1539 4392 1722 4478 dicis,
1751 4388 2085 4478 Quoniam
2106 4388 2273 4478 risi?
2298 4388 2723 4478 lflequaqu'ain
2744 4434 2774 4462 ,,
2797 4392 2909 4478 sed
2934 4388 3107 4478 :quid
3126 4398 3157 4455 Ἰ
3185 4388 3399 4478 Defeci

132 4474 192 4532 in
211 4467 429 4551 gemitu
454 4491 615 4532 meo.
650 4471 948 4551 Fortasse
972 4467 1170 4551 etiam
1198 4475 1350 4551 sunt
1387 4468 1588 4545 aliqui
1633 4470 2139 4551 itaidissolutiet
2168 4468 2448 4551 remissi,
2494 4467 2782 4551 utetiam
2818 4469 2885 4529 in
2931 4467 3053 4531 hac
3084 4467 3397 4551 increpa-

131 4544 286 4614 tiohc
314 4552 590 4619 rideant,
614 4548 925 4627 quoniam
950 4546 1027 4627 de
1057 4548 1191 4627 [isu
1219 4544 1646 4627 disputamus.
1698 4549 1949 4609 Etenim
1983 4546 2129 4627 talis
2158 4549 2252 4627 est
2271 4544 2595 4605 dementia
2622 4589 2637 4615 ,
2673 4546 2819 4606 talis
2850 4551 2949 4605 est
2973 4554 3228 4626 stupor,
3266 4544 3394 4611 ne—

134 4624 769 4708 queincrepationem
798 4626 1014 4708 sentit.
1063 4626 1198 4684 Stat
1233 4626 1531 4687 sacerdos
1569 4626 1675 4708 Dei
1705 4628 2066 4688 orationem
2105 4624 2345 4708 facigns
2383 4630 2803 4708 cunctorum;
2844 4630 2907 4682 tu
2950 4624 3166 4687 autem
3197 4628 3392 4700 rides,

135 4701 275 4769 nihil
298 4701 532 4769 time-ns
556 4710 587 4766 ?
615 4714 679 4769 et
706 4707 811 4767 ille
843 4705 1102 4782 quidem
1152 4711 1436 4765 tremens
1488 4706 1853 4767 orationem
1889 4708 2020 4782 ‘pro
2064 4709 2123 4764 te
2160 4701 2383 4772 offert,
2420 4708 2486 4782 tu
2526 4706 2743 4762 autem
2790 4707 3146 4766 contemnis
3172 4709 3202 4766 *Ρ
3251 4709 3391 4769 Non

134 4788 388 4849 advortis
420 4788 818 4865 Scripturam
845 4781 1161 4865 dicentem
1194 4801 1210 4841 :
1263 4784 1362 4865 Va:
1387 4781 1969 4865 contemptoribus?
2000 4801 2128 4865 non
2174 4781 2616 4865 contremiscis
2639 4826 2674 4865 ,_
2689 4799 2821 4842 non
2871 4783 3120 4865 colligis
3167 4791 3392 4847 temet-

133 4867 323 4943 ipsum
345 4869 373 4927 ?
400 4868 479 4926 Et
504 4860 581 4926 in'
602 4865 820 4928 aulam
850 4863 1111 4941 quidem
1145 4863 1387 4943 regiam
1416 4860 1801 4934 intraturus,
1841 4872 1906 4924 et
1947 4863 2172 4943 habitu
2205 4866 2267 4921 et
2307 4860 2526 4943 oculis
2562 4864 2628 4921 et
2658 4862 2916 4943 incessu
2953 4868 3013 4922 et
3032 4860 3106 4924 in
3140 4868 3389 4928 cunctis

134 4938 260 5007 aliis
291 4946 624 5023 componis
669 4951 731 5005 et
771 4938 967 5004 ornas
998 4938 1407 5023 temetipsum
1459 4962 1474 5001 :
1517 4944 1642 5023 huc
1687 4950 1903 5004 autem
1951 4942 2386 5023 ingressurus,
2418 4938 2528 4999 ubi
2558 4958 2706 5023 vero
2736 4941 2890 5002 aula
2941 4946 3040 5002 est
3068 4945 3244 5023 regia
3273 4990 3288 5016 ,
3321 4954 3386 5008 et

135 5026 259 5087 talis
289 5018 499 5103 qualis
527 5023 796 5104 caelestis
832 5030 951 5094 est,
988 5023 1156 5082 rides
1180 5022 1314 5104 ?_Et
1343 5027 1411 5104 tu
1451 5021 1710 5104 quidem
1750 5018 2068 5104 scioquia
2111 5018 2448 5104 non_vides
2487 5038 2502 5077 :
2541 5019 2938 5104 auditamen
2983 5018 3384 5104 quia'angeli

136 5098 938 5191 priese-ntes_suni_ubique,
962 5106 1025 5163 et
1045 5100 1337 5191 maxime
1368 5098 1655 5191 in‘domo
1684 5102 1797 5191 i)ei
1827 5098 2087 5191 adstant
2114 5098 2296 5191 liegi,
2325 5105 2387 5159 et
2420 5099 2641 5191 gmnia
2670 5099 2862 5190 pleua
2908 5098 3390 5191 suntincorpo-

136 5177 247 5243 reis
276 5185 399 5245 illis
426 5177 949 5243 virtutibusﬁlste
975 5180 1128 5240 mihi
1161 5196 1372 5241 sermo
1402 5182 1596 5241 etiam
1630 5182 1709 5242 ad
1753 5180 2058 5241 mulieres
2116 5177 2372 5240 dicitur.
2416 5178 2495 5236 Et
2537 5184 2687 5240 ante
2742 5177 2917 5239 viros
2964 5180 3222 5257 quidem
3259 5177 3386 5244 non

137 5262 303 5323 cilius
329 5263 565 5323 audent
597 5262 715 5321 hoc
741 5260 949 5320 facere
975 5279 991 5329 ;
1016 5276 1092 5320 ac
1119 5260 1170 5318 si
1206 5258 1469 5331 faciunt,
1505 5277 1634 5320 non
1668 5267 1879 5321 tamen
1913 5277 2189 5336 semper,
2219 5257 2327 5319 sed
2364 5258 2427 5317 in
2470 5262 2758 5335 tempore
2793 5258 3192 5322 remissionis
3227 5281 3242 5319 :
3287 5262 3389 5324 hic

138 5347 334 5402 autem
364 5349 425 5402 et
455 5343 625 5402 velas
654 5349 734 5405 te.
766 5339 1043 5401 obnubis
1075 5345 1268 5415 caput
1300 5344 1507 5409 tuum,
1536 5340 1637 5401 dic
1666 5339 1845 5413 mihi,
1879 5345 1941 5398 et
1966 5338 2157 5410 rides,
2203 5355 2241 5397 o
2274 5337 2506 5397 mulier
2549 5337 2612 5396 in
2647 5337 2913 5399 ecclesia
2951 5340 3176 5402 sedens
3202 5342 3230 5400 ?
3276 5341 3389 5402 in-

140 5437 340 5494 gressa
395 5438 463 5481 es
507 5419 791 5481 confiteri
843 5424 1103 5496 peccata
1152 5424 1284 5487 tua,
1320 5420 1649 5496 procidere
1680 5420 1848 5490 Deo,
1882 5420 2212 5497 postulare
2238 5424 2301 5477 et
2330 5417 2662 5497 deprecari
2696 5435 2811 5494 pro
2843 5416 3087 5479 delictis
3122 5421 3246 5481 tuis
3271 5466 3288 5495 ,
3322 5430 3387 5482 et

139 5516 267 5558 cum
298 5500 427 5561 risu
466 5501 583 5561 hoc
610 5499 811 5560 facis?
839 5495 1161 5575 quomodo
1202 5495 1355 5576 ergo
1387 5517 1533 5559 eum
1568 5495 1919 5577 propitiare
1949 5497 2336 5577 poterisilﬁt
2367 5495 2566 5574 quid?
2610 5498 2850 5558 malum
2883 5503 2976 5559 est
3023 5500 3193 5560 risus
3224 5543 3240 5572 ,
3282 5501 3388 5560 in—

141 5579 318 5656 quis?
343 5580 479 5639 Non
510 5585 603 5640 est
634 5579 874 5640 malum
906 5578 1100 5638 risus.
1127 5578 1305 5639 Itane
1334 5596 1462 5638 non
1513 5586 1610 5640 est
1637 5579 1875 5640 malum
1899 5580 1927 5637 ?
1956 5577 2072 5638 Sed
2112 5576 2295 5637 valde
2323 5577 2561 5637 malum
2589 5620 2605 5649 ,
2646 5577 3016 5655 importuno
3055 5584 3343 5656 tempore
3366 5624 3383 5651 ,

144 5655 553 5736 immoderate.
589 5660 776 5719 ltisus
809 5658 976 5718 enim
1016 5657 1182 5718 inest
1207 5658 1392 5717 nobis
1419 5703 1434 5730 ,
1467 5664 1535 5718 ut
1564 5659 1826 5736 quando
1856 5658 2097 5719 amicos
2143 5656 2489 5736 viderimus
2518 5700 2532 5723 ,
2569 5661 2711 5735 post
2740 5657 3017 5717 multum
3070 5655 3381 5734 temporis

147 5734 250 5797 hoc
279 5738 575 5802 faciamus
607 5759 620 5799 :
654 5737 913 5817 quando
949 5737 1203 5816 aliquos
1252 5734 1699 5817 delinquentes
1751 5742 1813 5800 et
1849 5739 2170 5814 timentes,
2212 5742 2281 5798 ut
2322 5734 2726 5798 refoveamus
2769 5752 2878 5797 cos
2930 5737 3069 5797 risu
3094 5781 3109 5811 ,
3145 5754 3275 5797 non
3311 5746 3383 5799 ut
