3892 6402
529 227 635 281 διε)
1277 219 1332 271 s.
1373 219 1423 273 .I.
1465 218 1951 278 cnnrsosrout
1990 218 2302 278 nouum
2347 220 2413 278 IN
2449 189 2671 279 uersi.
2712 221 2805 277 AD
2844 224 3049 281 uena.
3654 243 3749 297 350

530 350 898 431 redargutio
928 344 1338 431 inﬁrmitatis.
1368 344 1441 403 In
1484 342 1737 431 Christo
1782 347 1999 431 autem
2025 360 2079 431 _e
2124 343 2451 431 contrario
2492 342 2953 431 _semel_oblata
2987 345 3108 431 est.
3152 343 3314 431 Nam
3345 364 3492 431 quae
3517 350 3756 431 formam

534 421 772 495 habent
810 426 1082 505 alicujus
1105 466 1134 505 ,Α
1159 421 1774 505 tant‘um‘exemplar
1820 421 2195 505 oste_ndunt_,
2236 438 2364 480 non
2397 426 2612 505 autem
2661 422 2964 505 virtutem
2997 442 3012 481 :
3052 422 3219 483 sicut
3254 424 3321 483 in
3369 421 3760 505 imaginibus,

532 510 864 587 exemplar
898 500 1171 587 hominis
1204 502 1395 587 habet
1422 500 1656 587 imago,
1697 516 1825 559 non
1875 500 2082 587 etiam
2109 501 2433 587 virtutem.
2465 500 2740 587 Proinde
2771 502 3008 561 veritas
3046 505 3475 587 et_exemplar
3503 500 3763 569 commu-

536 579 751 650 uicani
791 585 1065 644 invicem
1099 601 1113 640 :
1147 580 1480 657 exemplar
1518 579 1691 640 enim
1720 579 1969 655 {equale
1995 584 2114 649 est,
2150 580 2351 639 virtus
2383 585 2599 639 autem
2630 596 3067 656 nequaquam.
3102 581 3206 642 Sic
3230 579 3428 644 etiam
3458 585 3525 643 in
3553 588 3692 645 caelo
3714 596 3766 646 rt

532 671 592 729 in
624 662 1060 728 tabernaculo,
1092 660 1333 737 quippe
1361 659 1610 738 aequale
1638 658 1969 738 exemplar
1996 665 2115 728 est,
2140 664 2361 738 sancta
2392 658 2565 718 enim
2590 665 2810 738 erant;
2845 659 3049 720 virtus
3079 666 3296 720 autem
3328 670 3391 723 et
3409 669 3625 723 cetera
3655 684 3766 726 non

531 745 775 807 eadem.
808 740 971 815 Quid
1003 736 1373 807 autemest,
1402 736 1498 798 Ad
1528 737 2011 819 destructionem
2029 736 2270 819 peccati
2296 784 2310 805 ,
2348 737 2870 819 p_er_sacriﬁcium
2897 739 3332 819 manifestata:
3356 742 3491 800 est?
3516 742 3665 814 Quid
3688 753 3769 805 est

530 814 918 885 destructio?
948 819 1083 879 Hoc
1112 822 1209 878 est
1252 823 1679 893 contemptus.
1721 816 1857 875 Non
1882 816 2017 894 jam
2057 814 2355 896 ﬁduciam
2385 815 2616 887 habet;
2644 814 3188 896 reprobatum'est
3217 820 3392 879 enim
3421 827 3728 896 peccatum
3752 869 3768 891 ,

532 905 767 963 (labens
799 899 1057 978 quidem
1102 897 1387 974 recipere
1421 895 1763 978 ultionem,
1813 912 1944 954 non
1990 894 2311 978 accipiens
2343 900 2557 956 autem
2565 914 2600 978 _z
2650 895 2771 956 hoc
2800 901 2929 978 est)
2963 896 3339 978 violentiam
3370 894 3627 978 passum
3650 908 3761 963 est:

536 980 794 1061 quando
817 973 1119 1057 sperabat
1143 973 1365 1061 omnes
1392 977 1754 1061 absumere,
1782 979 1936 1061 tunc
1963 976 2526 1061 absumptum_est.
2565 975 2682 1061 Per
2709 973 3330 1061 sac_riﬁcium_suum
3356 973 3771 1061 manifestam:

537 1051 632 1122 est
659 1081 676 1119 :
710 1059 830 1119 hoc
854 1051 971 1125 est,
1002 1054 1374 1115 manifestus
1402 1058 1499 1114 est
1522 1051 1782 1134 elfectus
1816 1053 1947 1134 Deo
1978 1052 2332 1134 etpadstitit.
2369 1052 2498 1134 Nec
2516 1052 2693 1134 enim
2721 1054 2873 1134 quia
2896 1053 3204 1134 sacerdos
3236 1056 3474 1134 sepius
3513 1057 3773 1119 hoceﬂi-

535 1141 744 1200 ciebat
771 1138 835 1196 in
864 1151 1060 1225 anno,
1080 1141 1433 1225 propterea
1466 1148 1631 1225 vano
1662 1132 1791 1225 iam
1826 1132 1946 1225 hoc
1972 1130 2267 1225 efficitur,
2299 1146 2369 1191 ac
2402 1130 2600 1225 sisit}
2626 1131 2778 1225 quid
2801 1133 2973 1192 enim
3002 1150 3164 1209 opus
3189 1130 3773 1225 orat—.medicamen-

546 1221 646 1286 tis,
684 1231 811 1273 non
843 1210 1244 1274 exstantibus
1276 1210 1650 1291 vulneribus
1679 1212 1707 1267 ?
1736 1212 2001 1291 Propter
2020 1210 2142 1291 hoc
2168 1211 2533 1291 imperavit,
2567 1210 2783 1289 inquis
2806 1255 2822 1282 ,
2859 1229 3110 1290 semper
3142 1214 3361 1275 offerri
3399 1223 3651 1291 propter
3678 1220 3769 1278 in-

546 1294 932 1362 ﬁrmitatem,
951 1296 1020 1371 ut
1035 1296 1095 1371 et
1110 1289 1417 1371 memoria
1435 1291 1840 1371 peccatorum
1855 1288 2056 1371 ﬁeret:
2071 1289 2231 1371 Quid
2256 1306 2407 1367 ergo
2432 1291 2581 1371 nos?
2605 1288 2817 1371 nonne
2838 1308 2953 1367 per
2976 1288 3265 1371 singulos
3281 1288 3416 1353 dies
3430 1288 3769 1357 oﬂerimus?

544 1372 885 1434 Offerimus
915 1368 1195 1445 quidem,
1238 1366 1344 1426 sed
1375 1367 1449 1424 ad
1482 1365 1988 1426 recordationem
2020 1366 2320 1428 facientes
2339 1365 2577 1426 'mortis
2619 1367 2758 1445 ejus
2792 1365 2901 1427 :et
2928 1387 3060 1431 una
3084 1365 3193 1431 'est
3230 1371 3364 1433 haec
3394 1372 3633 1443 hostia,
3663 1393 3765 1435 nos

545 1452 780 1513 multae.
811 1447 1143 1523 Quomodo
1169 1460 1297 1506 una
1329 1450 1445 1514 est,
1479 1449 1698 1523 etnon
1730 1445 1992 1504 multas?
2018 1446 2091 1504 Et
2118 1446 2269 1522 quia
2300 1447 2496 1504 semel
2538 1446 2750 1506 oblata
2777 1452 2873 1507 est
2912 1447 3043 1518 illa,
3076 1450 3291 1509 oblata
3336 1456 3436 1511 est
3477 1452 3544 1510 in
3585 1464 3768 1517 sancta

546 1522 916 1591 sanctorum
944 1545 958 1583 :
984 1525 1103 1585 hoc
1128 1529 1341 1583 autem
1373 1522 1755 1583 sacriﬁcium
1788 1524 2119 1602 exemplar
2146 1530 2244 1582 est
2272 1524 2469 1583 illius.
2504 1525 2785 1601 ldipsum
2819 1543 3069 1602 semper
3096 1526 3451 1600 offerimus,
3485 1548 3603 1591 nec
3626 1551 3770 1591 nunc

546 1608 799 1686 quidem
829 1606 1025 1686 alium
1059 1620 1294 1686 agnum
1321 1645 1339 1671 ,
1373 1604 1669 1686 crastina
1715 1601 1915 1686 alium
1942 1603 2097 1686 ,_sed
2135 1620 2391 1686 semper
2415 1603 2712 1686 idipspm.
2745 1601 3015 1686 Proinde
3044 1623 3244 1686 unum
3274 1616 3371 1667 est
3400 1608 3522 1667 hoc
3549 1613 3767 1670 sacriﬁ-

546 1680 714 1747 cium
746 1706 760 1743 :
787 1682 1072 1766 alioquin
1123 1682 1244 1766 hac
1288 1680 1588 1766 ratione,“
1611 1682 1917 1766 quoniam
1961 1682 2031 1766 i_n_
2068 1681 2283 1766 multis
2320 1681 2492 1766 locis
2521 1681 2809 1752 offertur,
2832 1684 3281 1766 _multiChristi
3312 1688 3517 1746 sunt?
3546 1688 3770 1766 Nequa-

546 1783 765 1841 quam,
800 1763 905 1844 sed
940 1757 1106 1844 unus
1136 1759 1378 1844 ubique
1403 1764 1499 1844 est
1523 1757 1839 1844 Christus.
1867 1765 1927 1818 et
1970 1759 2073 1817 hic
2103 1761 2329 1835 plenus
2357 1760 2707 1844 exsistens,
2737 1766 2799 1821 et
2828 1761 2958 1822 illic
2987 1763 3215 1839 plenus
3240 1809 3255 1836 ,
3296 1782 3505 1824 unum
3543 1757 3765 1844 corpus.

546 1834 719 1903 Sicut
743 1842 913 1901 enim
944 1840 1052 1916 qui
1085 1834 1325 1918 ubique
1356 1834 1646 1907 offertur,
1679 1854 1879 1918 unum
1910 1834 2142 1914 corpus
2174 1844 2291 1907 est,
2324 1845 2385 1897 et
2417 1857 2546 1898 non
2575 1840 2773 1918 multa
2803 1834 3076 1918 corpora
3107 1861 3121 1900 :
3154 1834 3248 1903 ita
3268 1844 3463 1904 etiam
3504 1850 3564 1904 et
3601 1834 3767 1906 unum

547 1920 954 1984 sacriﬁcium.
984 1916 1274 1976 Pontifex
1304 1922 1516 1976 autem
1535 1920 1767 1999 noster
1792 1916 1898 1999 ille
1930 1922 2055 1986 est,
2091 1918 2201 1993 qui
2229 1918 2503 1999 hostiam
2552 1916 2965 1999 mundantem
3006 1937 3123 1980 nos
3154 1921 3409 1982 obtulit.
3455 1923 3662 1999 Ipsam
3697 1926 3770 1984 of-

547 2001 806 2061 ferimus
838 2002 899 2058 et
930 2013 1123 2077 nunc,
1146 2012 1288 2070 quae
1316 1999 1466 2077 tunc
1486 1994 1701 2077 _ohlat_a
1732 1995 2015 2077 quidem,
2040 1996 2329 2077 consumi
2355 2012 2484 2056 non
2504 2001 2732 2077 potest.
2755 1997 2892 2056 Hoc
2918 2003 3130 2058 autem
3150 2000 3320 2077 quod
3348 2018 3468 2062 nos
3490 1994 3738 2063 iacimus
3755 2048 3768 2072 ,

547 2082 610 2139 in
648 2074 1317 2157 commemorationem
1352 2073 1605 2157 quidem
1648 2073 1715 2131 ﬁt
1752 2073 1888 2157 eius
1930 2074 2099 2157 quod
2142 2074 2376 2134 factum
2403 2082 2510 2157 est
2549 2094 2563 2133 :
2602 2076 2957 2157 lloc_enim
2999 2073 3218 2157 facile.
3251 2079 3489 2157 inquit,
3526 2082 3591 2140 in
3616 2101 3772 2141 meum

548 2153 1209 2235 commemorationem.
1232 2152 1369 2211 Non
1403 2151 2016 2235 aliudsaeriﬁeium,
2048 2153 2211 2213 sicut
2241 2152 2551 2230 pontifex,
2586 2153 2695 2213 sed
2724 2151 3010 2232 idipsum'
3031 2175 3287 2235 semper
3313 2151 3623 2233 facimus;
3652 2178 3771 2221 ma-

547 2238 641 2314 gis
664 2242 885 2314 autem
902 2230 1405 2314 recordationem
1432 2230 1723 2314 sacriﬁcii
1762 2248 2128 2314 operamur.

627 2313 745 2373 Sed
779 2311 940 2391 quia
965 2308 1258 2371 sacriﬁcii
1288 2308 1480 2386 hujus
1513 2309 1899 2368 mentionem
1942 2309 2053 2391 feci
2078 2355 2101 2391 ,γ
2126 2309 2271 2391 volo
2304 2326 2507 2391 pauca
2560 2310 2638 2370 ad
2680 2327 2796 2371 vos
2822 2311 3064 2382 dicere,
3108 2332 3253 2391 qure
3304 2315 3716 2377 recordamini
3756 2340 3770 2375 :

550 2409 751 2471 pauca
794 2389 1047 2471 quidem
1075 2404 1401 2471 mensura,
1432 2405 1727 2471 magnam
1759 2393 1973 2448 autem
2006 2389 2303 2471 habentia
2337 2390 2645 2471 virtutem
2672 2395 2731 2471 et
2760 2391 3098 2471 utilitatem
3132 2389 3161 2451 ἐ
3198 2413 3323 2454 non
3359 2396 3530 2454 enim
3580 2405 3773 2457 nostra

549 2465 741 2540 Sunt,
773 2465 882 2531 sed
912 2465 1107 2526 divini
1140 2465 1433 2542 Spiritus,
1462 2483 1605 2542 quae
1635 2466 1956 2525 dicuntur.
2006 2468 2162 2540 Qua;
2189 2485 2344 2545 ergo
2392 2470 2583 2527 sunt?
2629 2468 2890 2529 Plurimi
2938 2490 3019 2530 ex
3073 2472 3197 2533 hoc
3237 2474 3558 2535 sacriﬁcio
3605 2478 3772 2535 semel

550 2550 867 2626 accipiunt
900 2547 962 2604 in
993 2549 1123 2604 toto
1156 2561 1352 2613 anno,
1386 2545 1493 2626 alii
1521 2545 1638 2626 bis
1663 2589 1679 2615 ,
1712 2545 1820 2626 alii
1863 2546 2117 2626 saepius.
2154 2546 2243 2605 Ad
2293 2564 2514 2626 omnes
2560 2565 2713 2625 ergo
2747 2550 2933 2610 nobis
2969 2568 3179 2610 sermo
3208 2557 3325 2621 est,
3390 2570 3522 2613 non
3572 2554 3652 2613 ad
3683 2572 3772 2613 eos

549 2629 658 2709 qui
689 2622 795 2686 hic
829 2629 979 2709 sunt
1010 2629 1280 2709 tantum,
1313 2622 1419 2709 sed
1451 2623 1642 2709 etiam
1677 2624 1755 2709 ad
1786 2641 1895 2709 eos
1924 2625 2033 2701 qui
2066 2625 2133 2684 in
2166 2642 2393 2709 eremo
2414 2622 2681 2709 sedent':
2718 2626 3010 2709 illi_enim
3054 2631 3250 2690 semet
3296 2631 3362 2690 in
3400 2649 3577 2692 anno
3605 2635 3774 2709 parti-

551 2702 887 2788 cipantur;
946 2702 1234 2788 fortassis
1270 2702 1441 2760 enim
1482 2706 1554 2788 et_
1590 2708 1737 2788 post
1781 2702 1940 2763 duos
1998 2720 2227 2788 annos.
2275 2703 2438 2788 Quid
2492 2707 2846 2788 ergopest?
2884 2724 3047 2788 quos
3101 2709 3301 2787 magis
3346 2702 3776 2788 acceptainus?

549 2780 747 2845 eosne
776 2782 894 2866 qui
919 2780 1148 2866 semel,
1185 2797 1267 2839 an
1300 2797 1409 2839 eos
1445 2780 1555 2856 qui
1587 2781 1856 2866 _sazpius,
1897 2799 1979 2866 an
2010 2782 2153 2841 illos
2199 2784 2309 2866 qui
2354 2799 2504 2843 raro
2553 2780 2919 2866 accipiunt?
2943 2786 3163 2866 Neque
3209 2780 3364 2848 illos
3410 2780 3524 2866 qui
3567 2790 3773 2857 semel,

552 2881 759 2943 neque
787 2858 896 2937 qui
925 2859 1158 2943 saepius
1184 2902 1200 2929 ,
1253 2875 1461 2943 neque
1491 2858 1813 2943 qni__raro,
1841 2861 1951 2943 _sed
1990 2878 2099 2919 eos
2129 2858 2239 2938 qui
2270 2879 2416 2943 cum
2459 2858 2709 2943 munda'
2745 2858 3136 2925 conscientia
3158 2910 3174 2935 ,
3214 2868 3326 2943 qui
3372 2858 3519 2927 cum
3562 2869 3775 2927 mundo

552 2936 1857 3023 corde,cumrviiairreprehensibili:pisti
1886 2936 2505 3023 semperﬂaccedant;
2535 2941 2645 3016 qui
2677 2958 2832 3001 vero
2861 2943 3021 3023 tales
3053 2961 3186 3023 non
3234 2936 3411 3015 sunt,
3454 2964 3664 3023 neque
3696 2965 3775 3006 se-

554 3020 699 3079 mel.
738 3018 899 3092 Quid
931 3017 1019 3097 ita
1032 3018 1065 3097 7?
1093 3015 1256 3087 Quia
1276 3013 1586 3097 judicium
1617 3016 1737 3075 sibi
1767 3013 2091 3097 accipiunt
2115 3022 2176 3077 et
2200 3013 2671 3079 damnationem
2704 3024 2768 3080 et
2792 3021 3201 3097 supplicium.
3231 3024 3308 3083 Et
3338 3013 3472 3084 nun
3501 3013 3771 3085 mireris:

552 3099 718 3181 sicut
748 3097 919 3156 enim
966 3094 1147 3181 cibus
1196 3093 1578 3181 naturaliter
1606 3093 2314 3181 nutritoriusuexstans.
2349 3097 2498 3181 si_in
2530 3114 2688 3181 eum
2715 3099 2826 3181 qui
2852 3093 3081 3181 pravis
3112 3102 3265 3161 cibis
3311 3114 3658 3181 corruptus
3699 3112 3774 3162 est

554 3176 824 3258 incidat,
853 3173 1069 3258 omnia
1100 3171 1303 3258 perdit
1332 3179 1393 3232 et
1430 3173 1805 3258 corrumpit,
1836 3179 1899 3234 et
1923 3173 2196 3258 efﬁcitur
2220 3175 2473 3258 occasio
2530 3171 2780 3258 morbii:
2813 3171 2906 3237 sic
2958 3179 3148 3239 etiam
3194 3182 3312 3240 ista
3363 3171 3621 3258 quze'ad
3666 3182 3774 3241 haec

553 3254 885 3339 terribilia
912 3252 1233 3339 pertinent
1261 3258 1685 3339 sacramenta.
1736 3251 2004 3339 Frueris
2026 3270 2246 3314 mensa
2289 3254 2632 3339 spirituaii,
2658 3272 2889 3339 mensa
2918 3259 3157 3339 regali,
3182 3265 3242 3318 et
3280 3251 3519 3339 iterum
3564 3260 3773 3339 polluis

552 3351 734 3394 emno
768 3350 839 3392 os
873 3332 1096 3391 tuum?
1143 3330 1446 3407 perungis
1480 3337 1811 3414 unguento
1847 3332 2258 3414 pretiosotet
2289 3333 2519 3414 iterum
2568 3332 2895 3394 fmtoribus
2947 3330 3100 3395 itiud
3146 3337 3370 3414 imples
3394 3341 3423 3396 τ
3470 3330 3586 3399 Dic
3619 3340 3770 3402 mihi.

556 3429 736 3494 rogo,
773 3417 914 3486 post
942 3426 1188 3494 annum
1232 3408 1705 3494 perceptionem
1736 3410 2139 3494 participaris
2174 3412 2251 3490 [f.
2286 3411 2712 3494 participans]
2746 3432 2759 3469 :
2793 3408 3400 3493 quadraginta-dies
3450 3424 3640 3494 putas
3684 3418 3772 3477 tibi

556 3486 848 3569 sumcere
882 3488 959 3547 ad
990 3486 1466 3569 inundationem
1496 3494 1902 3569 peccatorum
1933 3490 2133 3569 totius
2160 3486 2487 3567 temporis,
2519 3486 2581 3569 et
2605 3486 2835 3549 iterum
2867 3486 3221 3569 septimana
3250 3486 3630 3557 transeunte
3665 3503 3771 3555 tra-

555 3566 970 3653 desteipsum
1017 3564 1321 3653 sordibus
1342 3564 1608 3653 primis?
1643 3566 2140 3653 Dienoniminihi
2163 3569 2263 3653 ,__si
2292 3564 2510 3653 salvus
2542 3568 2743 3629 factus
2772 3564 3194 3653 quadraginta
3220 3572 3463 3653 diebus
3491 3576 3576 3636 ab
3623 3576 3774 3653 egri-

559 3647 772 3730 tudine
801 3647 1016 3723 longa,
1048 3646 1279 3730 iterum
1309 3650 1367 3703 te
1399 3644 1523 3730 illis
1547 3644 2299 3730 _mortiﬁcatoribus__cibis
2332 3644 2814 3730 t_radas,_non_u_e
2836 3656 2896 3709 et
2917 3644 3191 3730 primum
3217 3652 3511 3730 laborem
3532 3644 3772 3730 perd'est

562 3729 621 3790 Si
649 3724 818 3785 enim
849 3722 1168 3785 naturalia
1198 3722 1289 3781 sic
1314 3728 1664 3789 mutantur,
1689 3729 1931 3799 quanto
1960 3725 2238 3801 amplius
2272 3724 2675 3785 voluntaria?
2702 3722 2935 3802 Utputa
2963 3728 3156 3804 veluti
3187 3729 3341 3804 quid
3371 3730 3519 3791 dico
3535 3722 3566 3790 ἐ
3593 3732 3774 3791 Natu-

564 3806 785 3864 raliter
819 3803 1135 3881 videmus,
1195 3808 1257 3862 et
1302 3821 1493 3881 sanos
1540 3804 1863 3881 habemus
1895 3806 2115 3867 oculos
2164 3804 2513 3867 secundum
2563 3811 2897 3875 naturam;
2950 3803 3059 3864 sed
3109 3803 3461 3881 aliquando
3512 3826 3593 3867 ex
3629 3808 3765 3867 mata

565 3882 837 3962 quadam
863 3879 1195 3940 affectione
1220 3880 1468 3962 laeditur
1490 3888 1705 3962 noster
1732 3876 2013 3943 obtutus.
2048 3883 2109 3943 Si
2142 3884 2335 3961 igitur
2360 3882 3051 3962 naturaliapmutantur,
3074 3876 3318 3958 quanto
3348 3886 3629 3962 amplius
3651 3902 3767 3961 qua

565 3960 640 4020 ad
664 3960 1057 4039 voluntatem
1091 3959 1905 4039 pertinentiQuadraginta
1930 3963 2062 4021 dies
2086 3959 2329 4021 tantum
2355 3962 2579 4020 tribuis
2612 3959 3050 4039 salutianimm
3072 3966 3195 4020 tua:
3219 3981 3233 4018 :
3253 3959 3539 4023 arbitror
3557 3959 3762 4027 autem.

566 4038 714 4113 quia
746 4054 962 4116 neque
982 4036 1401 4116 quadraginta
1432 4038 1589 4109 dies,
1623 4043 1682 4099 et
1719 4036 1937 4115 speras
1972 4041 2301 4116 propitiari
2344 4039 2585 4099 Deum?
2610 4037 2855 4098 Jocaris
2903 4039 3130 4115 magis.
3163 4040 3277 4099 Dic
3305 4041 3463 4101 mihi
3485 4085 3504 4111 ,
3534 4043 3661 4102 haec
3686 4041 3765 4098 di-

568 4133 715 4174 cens
748 4131 874 4172 non
907 4114 987 4172 ab
1016 4130 1155 4193 una
1176 4114 1239 4172 in
1265 4116 1437 4193 anno
1465 4114 1869 4193 perceptibne
1905 4114 2021 4177 nos
2052 4114 2219 4185 veto,
2253 4117 2361 4178 sed
2398 4118 2543 4176 volo
2565 4132 2816 4192 semper
2870 4132 2982 4175 vos
3013 4114 3314 4178 accedere
3344 4138 3359 4176 :
3394 4122 3631 4180 sanctis
3658 4119 3762 4181 hcc

570 4207 869 4273 concessa
897 4197 1068 4273 sunt.
1103 4192 1236 4273 Hoc
1262 4192 1451 4273 etiam
1481 4192 1786 4273 diaconus
1818 4195 2074 4257 insonat
2104 4196 2166 4255 iu
2196 4196 2304 4257 illa
2339 4196 2499 4257 hora
2527 4199 2780 4255 sanctos
2828 4210 3061 4273 vocans
3084 4238 3100 4265 ,
3133 4198 3194 4254 et
3240 4214 3353 4273 per
3388 4198 3558 4258 hanc
3586 4210 3762 4259 vocem

574 4270 762 4353 veluti
809 4269 1091 4330 maculas
1120 4270 1483 4353 inspiciens.
1526 4272 1698 4334 Sicut
1740 4275 1910 4335 enim
1948 4274 2013 4333 iu
2059 4292 2285 4353 grege,
2331 4274 2442 4334 ubi
2486 4273 2702 4353 multae
2744 4271 3000 4348 quidem
3050 4269 3257 4353 salva!
3286 4281 3439 4336 sunt
3485 4276 3760 4353 pecudes.

572 4348 781 4444 multa
800 4353 1010 4438 autem
1039 4347 1248 4444 scabie
1281 4349 1479 4444 plena;
1520 4358 1691 4422 sunt,
1721 4368 1985 4444 necesse
2018 4347 2113 4412 est
2149 4347 2216 4444 ut
2257 4352 2861 4444 hm_prohibeautur.
2877 4366 2925 4444 a‘
2943 4352 3117 4413 sanis
3148 4372 3163 4411 :
3191 4353 3316 4444 _sic
3358 4347 3558 4415 etiam
3596 4356 3654 4413 in
3677 4370 3761 4413 ec-

571 4425 785 4509 clesia,
815 4426 1119 4509 quoniam
1138 4426 1290 4509 alias
1313 4428 1565 4503 quidem
1593 4435 1744 4490 sunt
1768 4431 1960 4509 salvae
1985 4431 2256 4507 pecudes
2276 4475 2292 4501 ,
2323 4425 2465 4491 aliae
2505 4436 2718 4491 autem
2750 4429 3010 4509 vitiatae,
3045 4448 3159 4506 per
3189 4431 3356 4493 hanc
3382 4450 3607 4492 vocem
3633 4447 3761 4509 pro-

571 4503 867 4586 bibentur
892 4504 988 4564 lue
1026 4506 1106 4586 ab
1136 4504 1282 4586 illis,
1311 4513 1647 4586 penetrans
1682 4508 1917 4586 ubique
1947 4503 2062 4586 per
2101 4527 2318 4571 vocem
2344 4510 2516 4569 illam
2548 4506 2934 4568 tremendam
2956 4503 3249 4573 sacerdos
3276 4516 3536 4575 sanctos
3566 4503 3760 4570 vocans

568 4587 630 4662 et
657 4582 1006 4662 attrahens.
1047 4582 1209 4655 Quia
1240 4584 1408 4643 enim
1453 4582 1841 4662 impossibile
1869 4582 1968 4648 est
2010 4589 2332 4649 hominem
2362 4588 2525 4650 scire
2571 4587 2877 4647 interiora
2916 4588 3233 4661 proximi:
3266 4588 3428 4662 Qui:
3478 4589 3634 4648 enim
3668 4588 3759 4645 scit

568 4658 910 4725 hominum,
953 4660 1195 4736 inquit,
1230 4658 1558 4745 quaestori
1599 4664 1888 4745 hominis,
1935 4666 2372 4745 nisi'spiritus
2421 4666 2688 4745 hominis
2728 4663 2837 4742 qui
2884 4658 2956 4727 in
2998 4664 3138 4742 ipso
3180 4658 3316 4745 est?
3367 4667 3539 4727 hanc
3572 4666 3759 4745 emittit

574 4755 787 4819 vocem
840 4745 1181 4819 postquam
1230 4740 1611 4819 sacriﬁcium
1655 4744 2001 4819 perﬁcitur,
2048 4740 2382 4807 ut‘nullus
2422 4740 2794 4819 simpliciter
2826 4746 2889 4802 et
2932 4740 3415 4818 quomodolibet
3454 4745 3533 4804 ad
3563 4744 3757 4803 [unum

575 4763 787 4798 vocem
843 4763 1181 4815 postquam
1230 4763 1611 4801 SiICI'lllClllm
1655 4763 2001 4819 perneuur,
2048 4763 2120 4805 ut
2166 4763 2382 4807 nuuus
2422 4763 2541 4805 sum
2590 4763 2794 4804 ncner
2826 4763 2889 4802 et
2932 4763 3415 4818 quomouonnet
3454 4763 3533 4804 au
3563 4763 3757 4803 lentem

570 4816 962 4901 spiritualem
992 4818 1224 4901 veniat.
1268 4818 1515 4901 Etenim
1555 4822 1854 4901 inpgrege
1895 4822 1913 4899 (
1940 4824 2097 4883 nihil
2129 4824 2423 4900 prohibet
2452 4763 2671 4883 eorrem
2712 4822 2942 4901 iterum
2981 4824 3275 4899 exemplo
3312 4824 3443 4901 uti)
3478 4821 3757 4881 morbidas

571 4894 823 4968 quidem
874 4895 1493 4976 introrecludimus,
1526 4903 1587 4957 et
1628 4894 1693 4957 in
1735 4894 2010 4960 te'uebris
2048 4894 2354 4963 habemus
2386 4946 2401 4972 ,
2432 4907 2492 4960 et
2528 4901 2725 4961 altera
2770 4894 3559 4971 nutrimenta-tribuimus,
3589 4915 3757 4976 neque

572 4989 649 5028 ex
684 4987 832 5030 aere
872 4973 1135 5057 mundo.
1164 4991 1372 5057 neque
1420 4993 1500 5035 ex
1548 4977 1800 5054 pascuis
1850 4980 2065 5053 puris,
2119 4997 2330 5055 neque
2382 4997 2463 5039 ex
2520 4979 2689 5038 fonte
2720 4976 2829 5057 qui
2885 4975 3037 5037 foris
3074 4985 3345 5051 est,eas
3375 4973 3757 5057 permittimus

572 5065 847 5139 sumere.
875 5050 953 5109 Et
990 5051 1097 5139 hic
1121 5051 1314 5139 igitur:
1349 5053 1486 5139 ipsa
1516 5050 1641 5115 vox
1678 5073 1793 5139 pro
1827 5050 2095 5139 vinculis
2137 5050 2529 5139 quibusdam
2557 5062 2671 5139 est.
2704 5050 2842 5115 Non
2875 5059 3053 5130 potes
3092 5050 3301 5139 dicere
3332 5078 3347 5115 :
3375 5050 3754 5139 'Nesciebam.

574 5128 944 5206 ignorabam
991 5128 1159 5204 quia
1185 5128 1536 5206 periculum
1573 5128 1864 5206 seq—uitur
1914 5135 2081 5195 hanc
2139 5128 2423 5197 causam.
2470 5135 2746 5195 Maxime
2774 5128 2988 5193 autem
3037 5140 3100 5196 et
3140 5137 3373 5197 Paulus
3426 5136 3754 5198 testiﬁcatus

572 5208 669 5291 est
706 5204 871 5291 hanc
914 5204 1201 5291 causam;
1241 5207 1358 5267 Sed
1398 5210 1583 5291 dicis,
1626 5204 1764 5273 Non
1809 5213 1952 5291 legi.
2004 5214 2140 5281 Non
2181 5221 2279 5273 est
2325 5214 2458 5275 hmc
2506 5213 2866 5282 excusatio,
2904 5211 3013 5271 sed
3058 5215 3321 5275 crimen.
3352 5216 3472 5275 Per
3510 5214 3752 5291 singulos

572 5230 669 5262 est
706 5230 871 5264 uiuus
914 5230 1193 5265 causam.
1241 5230 1358 5267 acu
1398 5230 1583 5281 (IICIS,
1626 5230 1764 5273 non
1809 5230 1866 5271 le
1914 5232 1952 5273 I.
2004 5230 2140 5281 μοι]
2181 5232 2222 5273 θη

572 5280 703 5369 dies
735 5282 932 5369 intras
971 5284 1300 5369 ecclesiam
1325 5331 1341 5356 ,
1375 5293 1435 5346 et
1477 5289 1685 5369 adhuc
1728 5230 2222 5369 istutiignoras?

652 5359 1100 5450 Verumtamen
1128 5367 1201 5450 _ut
1228 5380 1434 5450 neque
1480 5366 1647 5450 hanc
1696 5369 1807 5428 tibi
1838 5359 2318 5450 excusationem
2365 5369 2677 5437 invenias.
2714 5370 3145 5450 preptereapin
3199 5371 3408 5431 altiori
3450 5370 3584 5431 loco
3610 5384 3750 5450 stans

574 5453 801 5531 magna
838 5453 990 5531 voce
1035 5445 1095 5497 et
1124 5442 1413 5531 trementi
1442 5447 1816 5531 conclamat,
1845 5448 2044 5531 veiuti
2066 5449 2325 5526 quidam
2355 5442 2853 5531 pr;eco_,__maiius'
2883 5448 3223 5531 sustollens
3250 5450 3561 5531 inpaltum,
3594 5448 3749 5508 altius

575 5520 762 5601 etiam
785 5520 920 5591 ipse
942 5523 1117 5601 stans
1152 5520 1447 5601 omnibus
1493 5524 1861 5586 manifestus
1888 5520 2199 5599 efﬁcitur;
2233 5536 2297 5587 et
2332 5520 2529 5588 manu
2556 5528 2665 5589 illa
2694 5529 3043 5593 tremenda.
3070 5534 3130 5591 et
3159 5528 3459 5591 continua
3495 5544 3629 5586 voce
3668 5542 3749 5582 re-

572 5593 882 5681 clamans.
915 5593 1074 5685 illius
1106 5594 1361 5685 quidem
1406 5606 1611 5685 iocat,
1643 5602 1802 5685 alios
1829 5610 2039 5664 autem
2068 5593 2363 5685 prohibet
2393 5626 2405 5664 :
2440 5624 2565 5685 non
2596 5624 2789 5685 manu
2821 5606 2937 5667 hoc
2977 5607 3237 5675 faciens,
3275 5606 3378 5666 sed
3421 5606 3621 5683 lingua
3648 5605 3747 5661 cla.

571 5674 704 5730 rius
736 5688 928 5749 quam
959 5674 1011 5732 si
1046 5690 1237 5734 manu
1273 5674 1392 5737 hoc
1418 5676 1672 5739 faceret.
1712 5681 1849 5740 Vox
1895 5674 2202 5745 enim-illa
2248 5685 2312 5743 in
2340 5684 2623 5744 auditum
2670 5684 2920 5745 irruens
2967 5674 3276 5758 nostrum,
3327 5674 3743 5744 veluti-manus
