3892 6402
188 289 280 353 359
778 284 1090 343 MUTIANU
1135 282 1378 341 SCllOL.
1422 281 1886 340 INTERPRETE.
1928 315 1997 325 —-
2039 284 2191 340 CAP.
2233 285 2299 341 Χ.
2343 283 2577 341 HOMIL.
2621 284 2763 344 XIX.
3284 287 3389 344 360

180 423 280 480 hoc
298 412 471 475 etiam
492 412 611 482 est,
637 426 767 503 non
790 409 1150 503 vericordes
1268 412 1401 502 veri
1427 410 1693 488 cordis]:
1722 425 1852 471 non
1875 406 2387 499 credendoenim
2410 406 3407 524 pusillanimitasefﬁcitur..[Quid

180 504 360 549 autem
387 493 553 549 erat.
581 489 1082 549 nusnllammltas
1124 508 1157 549 e
1208 492 1471 549 tentur‘n
1504 490 1841 549 Ouomodo
1866 494 2084 549 autem
2121 492 2244 548 erit
2278 486 2431 547 hoc.
2467 486 2531 548 St
2562 486 3033 549 satisfaciamus
3079 491 3262 549 vobis
3293 510 3407 549 ner

173 504 360 558 autem
387 493 553 560 erat,
581 489 1082 570 pusillanimitas
1124 486 1471 566 eﬂicitur?]
1504 486 1841 570 Quomodo
1866 494 2084 570 autem
2121 486 2244 570 erit
2278 486 2439 547 hoc?
2467 486 2531 548 Si
2562 486 3033 570 satisfaciamus
3079 491 3262 551 vobis
3293 510 3409 570 per

173 576 353 636 ﬁdem.
382 566 633 643 Aspersi
664 569 881 629 corda.
912 570 1129 643 Quare
1157 587 1288 629 non
1319 570 1506 642 dixit,
1534 569 1824 630 Mundati
1844 570 1871 627 ?
1893 566 2333 628 Differentiam
2363 566 2759 643 aspersionis
2785 568 3011 628 volens
3037 566 3402 643 ostendere,

172 652 324 717 aliud
347 645 765 729 quidemesse
790 649 927 719 Dei,
953 648 1127 709 aliud
1153 654 1367 729 autem
1392 654 1707 709 nostrum.
1735 649 2016 729 Abluere
2044 645 2285 729 quippe
2316 648 3263 729 etaspergere‘conscieutiam,
3291 650 3401 713 Dei

168 738 286 805 est;
314 725 450 792 cum
480 726 751 788 veritate
787 733 1004 789 autem
1035 728 1341 789 accedere
1370 734 1433 790 et
1464 729 1529 788 in
1562 728 2000 789 satisfactione
2042 725 2189 786 ﬁdei
2210 727 2554 805 ,Anostrum
2595 730 2711 785 est.
2745 725 2988 792 Deinde
3018 728 3211 789 etiam
3255 729 3401 791 ﬁdei

168 801 601 888 dat'propriam
640 806 938 888 virtutem
983 825 1067 868 ex
1099 807 1383 888 veritate
1408 807 1790 885 proﬁtentis.
1822 806 1987 888 Quid
2030 809 2128 888 est
2153 848 2175 888 ,_
2206 801 2432 888 A_bluti_
2464 820 2712 888 corpus
2731 821 2895 882 aqua
2934 806 3214 888 munda?
3247 807 3402 883 Quae

168 881 415 953 mundos
448 884 597 947 facit
624 904 639 944 :
668 902 753 946 an
781 885 969 958 forte,
1000 887 1173 964 quod
1205 904 1337 947 non
1368 881 1602 947 habeat
1626 887 2033 965 sanguinem.
2064 881 2667 965 Deindelsubjungit
2689 881 2821 961 jam
2852 885 3024 962 quod
3050 881 3401 965 perfectum

167 974 269 1041 est,
299 968 532 1045 hocest
558 964 913 1026 caritatem.
942 962 1096 1026 Non
1133 965 1624 1045 derelinquentes
1645 1011 1660 1032 ,
1689 962 1923 1042 inquit,
1964 962 2506 1045 congregationem
2530 970 2821 1045 nostram
2844 982 2858 1022 :
2878 962 3064 1045 Aquod
3094 965 3396 1045 facientes

170 1039 465 1135 nonnulli,
478 1045 1027 1135 .congregationes
1059 1039 1400 1135 scindunt.—
1417 1047 1652 1135 frater
1677 1039 1923 1135 quippe
1951 1064 1990 1103 α
2012 1039 2227 1135 fratre
2255 1039 2730 1135 adjytitsmsicut
2764 1040 2986 1132 civitas
3012 1044 3256 1135 munita
3286 1056 3395 1135 est.

164 1126 269 1190 Sed
292 1119 705 1201 intelligamus
733 1119 993 1186 invicem
1021 1123 1103 1185 ad
1128 1124 1638 1202 provocationem
1667 1119 1974 1185 caritatis.
2005 1119 2168 1196 Quid
2198 1119 2785 1202 est,’lntet_ligantus
2818 1122 3124 1202 invicem?
3163 1122 3224 1183 Si
3251 1126 3396 1201 quis

167 1205 333 1267 fuerit
360 1199 588 1263 virtute
620 1202 953 1280 praeditus,
981 1199 1155 1264 hunc
1181 1204 1530 1277 imitemur,
1557 1204 1625 1264 in
1651 1202 2229 1265 eum‘intendamus
2251 1246 2268 1275 ,
2301 1206 2373 1261 ut
2419 1199 2759 1279 diligamus
2796 1204 2859 1261 et
2897 1200 3243 1281 diligamur
3266 1199 3288 1262 Ξ
3314 1222 3396 1266 ex

163 1283 476 1346 dilectione
501 1281 742 1360 quippe
772 1282 942 1345 bona
970 1299 1168 1361 opera
1199 1282 1382 1343 ﬁunt.
2172 1324 2173 1327 η

230 1357 784 1442 Μδεηυιη”‹ιιὶἰῂρθ
816 1357 1056 1442 bonum
1088 1368 1185 1423 est
1212 1362 1628 1442 congregatio
1661 1381 1676 1421 :
1709 1361 1851 1440 ipsa
1881 1377 2163 1442 namque
2195 1361 2877 1442 caritatem_0peratur
2907 1357 3355 1442 ferventiorem
3377 1408 3394 1433 ,

163 1452 215 1505 et
239 1461 311 1504 ex
330 1437 412 1501 'ea
443 1437 679 1502 cuncta
705 1437 951 1520 optima
980 1437 1376 1520 generantur
1403 1461 1419 1499 :
1454 1437 1614 1500 nihil
1646 1437 1926 1518 namque
1956 1437 2198 1520 bonum
2219 1444 2350 1520 est,
2382 1437 2554 1520 quod
2586 1456 2717 1499 non
2754 1455 2871 1520 per
2921 1440 3253 1520 caritatem
3303 1441 3392 1501 ﬁt.

165 1526 330 1585 Istam
361 1520 559 1598 igitur
599 1516 1053 1581 conﬁrmemus
1081 1521 1147 1581 in
1193 1520 1467 1582 invicem
1500 1538 1515 1579 :
1555 1516 1896 1582 Plenitudo
1940 1519 2181 1597 quippe
2211 1516 2365 1596 legis
2393 1518 2625 1579 caritas
2647 1526 2757 1598 est.
2791 1518 2929 1577 Non
2969 1518 3139 1579 enim
3172 1520 3396 1583 labore

161 1619 303 1679 opus
335 1597 669 1679 habemus,
710 1604 825 1660 aut
850 1598 1198 1679 sudoribus
1235 1619 1251 1658 :
1282 1600 1336 1660 si
1363 1599 1784 1661 dilexerimus
1812 1599 2113 1679 invicem,
2142 1602 2500 1679 spontanea
2545 1597 2727 1658 nobis
2783 1599 2887 1679 via
2939 1600 3392 1679 prosternitur,

156 1676 373 1741 ducens
403 1678 483 1737 ad
512 1678 831 1738 virtutem.
861 1677 1038 1739 Sicut
1067 1678 1239 1740 enim
1267 1678 1333 1739 in
1368 1678 1599 1740 itinere
1630 1678 1974 1758 contingit,
1998 1677 2052 1738 si
2078 1677 2224 1755 quis
2249 1676 2501 1736 initium
2529 1676 3050 1758 comprehendat,
3080 1678 3252 1737 recta
3292 1680 3395 1742 via

156 1759 408 1829 ducitur,
437 1763 502 1816 et
529 1773 658 1817 non
689 1761 943 1834 oportet
967 1758 1292 1820 declinare
1318 1778 1333 1817 :
1366 1758 1459 1819 sic
1484 1759 1677 1818 etiam
1712 1758 1778 1818 in
1806 1755 2108 1828 caritate;
2138 1762 2387 1817 tantum
2414 1755 2631 1833 arripe
2662 1755 3074 1832 principium,
3102 1758 3394 1818 etstatim

158 1855 393 1900 manum
435 1837 547 1916 tibi
594 1839 888 1916 praebens
921 1836 1062 1915 ipsa
1089 1842 1150 1898 te
1179 1837 1432 1899 deducit
1465 1841 1528 1898 et
1551 1836 1788 1916 dirigit.
1809 1836 2054 1899 Caritas
2079 1834 2360 1916 proximi
2374 1835 2607 1916 malum
2633 1852 2765 1894 non
2791 1843 3107 1916 operatur,
3140 1854 3268 1896 non
3292 1856 3395 1897 co-

154 1918 307 2011 gitat
343 1912 1328 2011 malum;Cpnsiderétnquisque
1366 1912 1781 2011 semetipsum
1808 1959 1824 1986 ,
1855 1914 2180 2011 quoimodo
2220 1912 2683 2011 aiﬁciturerga
2734 1915 3016 2011 seips‘um
3048 1933 3061 1973 :
3099 1932 3226 2011 non
3270 1916 3393 1976 sibi

157 1992 403 2065 invidet,
433 1994 657 2057 omnia
686 1994 752 2054 in
781 2013 850 2056 se
877 1992 1167 2056 continet
1191 1992 1384 2068 bona,
1416 1992 1718 2056 omnibus
1754 2013 1822 2055 se
1843 1992 2277 2072 prwhonorat,
2306 1992 2526 2055 Omnia
2559 1992 2682 2054 sub
2711 2010 2780 2053 se
2816 1993 2953 2054 vult
2978 1994 3389 2057 constituere.

154 2078 205 2136 Si
230 2076 415 2155 igitur
444 2074 700 2155 eteirca
714 2074 894 2155 alios
922 2074 1014 2135 sic
1036 2074 1423 2155 alticiamur,
1451 2074 1866 2155 omniamala
1895 2074 2240 2155 solvuntur
2276 2089 2457 2155 :Anon
2483 2077 2678 2155 erunt
2698 2072 3071 2155 inimicitiae,
3096 2091 3226 2133 non
3264 2091 3393 2155 _cu-

154 2151 357 2233 pidi'tas
389 2172 404 2212 :
434 2154 587 2231 quis
624 2152 794 2233 enim
821 2170 951 2213 non
972 2156 992 2229 [
1008 2155 1056 2233 f.
1086 2153 1203 2216 del.
1234 2156 1397 2230 non]
1428 2154 1579 2233 velit
1599 2154 1885 2231 seipsum
1914 2152 2191 2231 amplius
2222 2152 2506 2233 habere?
2535 2152 2786 2233 nullus;
2819 2151 2929 2213 sed
2953 2170 2991 2233 e
3011 2160 3235 2233 contra
3262 2152 3394 2214 ha—

154 2231 419 2295 bebimus
458 2232 891 2292 communiter
914 2231 1170 2306 cuncta,
1199 2239 1264 2294 et
1300 2232 1696 2294 cessabimus
1742 2236 2208 2310 congregantes
2241 2232 2609 2310 nobisipsis.
2636 2232 2715 2291 Et
2762 2232 2886 2292 hoc
2924 2231 2978 2292 si
3025 2231 3395 2302 fecerimus,

152 2312 398 2373 retentio
424 2311 581 2372 mali
611 2311 675 2371 in
703 2310 893 2372 corde
925 2312 1138 2372 locum
1177 2329 1307 2371 non
1339 2312 1620 2372 habebit.
1649 2311 1807 2385 Quis
1851 2316 2069 2372 autem
2097 2312 2250 2372 velit
2281 2311 2561 2372 retinere
2601 2312 2885 2371 malum?
2918 2311 3065 2388 quis
3118 2312 3270 2372 velit
3306 2313 3393 2373 si-

152 2390 592 2481 biipsiirasci?
622 2407 839 2451 nonne
869 2391 1148 2451 maxime
1169 2390 1542 2481 nobisipsis,
1575 2408 1771 2481 quam
1802 2391 2104 2481 omnibus
2127 2435 2144 2464 ,
2174 2390 2615 2481 ignoscimus?
2643 2391 2705 2481 Si
2747 2406 2901 2469 ergo
2938 2391 3042 2481 sic
3076 2390 3141 2451 in
3174 2392 3394 2481 pr_oxi-

148 2488 268 2531 mos
293 2470 679 2539 alﬁciamur,
708 2487 1065 2547 numquam
1093 2471 1451 2532 remanebit
1475 2470 1540 2529 in
1583 2470 1775 2530 corde
1810 2470 1962 2529 mali
1993 2469 2289 2529 retentio.
2322 2470 2399 2529 Et
2425 2469 2749 2546 quomodo
2780 2469 3087 2547 possibile
3113 2476 3213 2531 est
3241 2471 3388 2541 hoc,

148 2550 363 2627 inquis,
393 2549 667 2627 diligere
696 2549 1063 2626 proximum
1096 2550 1263 2610 sicut
1290 2549 1617 2626 seipsum?
1650 2549 1713 2609 Si
1747 2566 1876 2609 non
1907 2548 2196 2609 fecerunt
2225 2549 2418 2609 etiam
2440 2549 2562 2610 hoc
2588 2549 2723 2621 alii,
2748 2550 2910 2609 bene
2936 2552 3122 2627 putas
3152 2549 3392 2627 impos-

148 2626 312 2688 sibile
341 2648 356 2687 :
386 2629 436 2688 si
468 2626 695 2707 autem
732 2627 1041 2697 fecerunt,
1069 2628 1479 2690 manifestum
1512 2634 1631 2701 est,
1662 2629 1818 2705 quia
1854 2646 1971 2705 per
1999 2628 2456 2707 negligentiam
2484 2644 2521 2689 a
2552 2629 2737 2689 nobis
2766 2644 2897 2689 non
2930 2626 3223 2689 efﬁcitur.
3246 2626 3389 2689 ’Sed

147 2715 200 2767 et
224 2708 373 2769 alias
398 2706 569 2788 nihil
595 2707 992 2788 impossibile
1019 2707 1292 2788 imperat
1318 2707 1635 2788 Christus,
1662 2708 1735 2788 in
1771 2712 2027 2788 tantum,
2056 2706 2125 2766 ut
2155 2707 2345 2767 etiam
2382 2708 2565 2768 multi
2603 2707 3219 2788 supergrederentur
3246 2708 3387 2787 ejus

146 2792 463 2925 praecepta.
497 2786 657 2860 Quis
679 2802 859 2865 ergo,
894 2786 1136 2863 inquis,
1166 2787 1311 2849 fecit
1338 2787 1506 2848 hoc?
1526 2787 1840 2849 Fecithoc
1880 2787 2142 2859 Paulus,
2170 2788 2417 2858 Petrus,
2448 2787 2656 2848 omnis
2694 2786 2931 2848 chorus
2988 2786 3383 2848 sanctorum.

181 2866 247 2925 ed
275 2867 325 2925 si
372 2865 591 2925 dicam
617 2865 773 2925 auia
802 2868 1134 2925 proximos
1156 2866 1545 2925 dilexerunt.
1582 2867 1740 2925 nihil
1769 2885 2075 2925 magnum
2110 2867 2295 2925 dico:
2335 2865 2630 2925 inimicos
2681 2866 2773 2925 sic
2813 2871 3197 2925 amaverunt
3224 2884 3383 2925 auo-

181 2866 247 2927 cd
275 2867 325 2927 si
372 2865 591 2927 dicam
617 2865 773 2944 quia
801 2868 1134 2944 proximos
1156 2866 1545 2936 dilexerunt,
1582 2867 1740 2928 nihil
1769 2885 2075 2947 magnum
2110 2867 2295 2928 dico:
2335 2865 2630 2928 inimicos
2681 2866 2773 2927 sic
2813 2871 3197 2928 amaverunt
3224 2884 3389 2945 quo.

138 2952 305 3013 modo
334 2969 461 3011 non
503 2952 746 3013 amavit
773 2952 1120 3032 quisquam
1156 2952 1695 3032 suosiunanimes.
1727 2952 1886 3027 Quis
1909 2951 2083 3012 enim
2116 2950 2427 3032 suscipiat
2455 2967 2573 3032 pro
2592 2951 2918 3013 unanimis
2943 2953 3009 3013 in
3032 2954 3393 3032 gehennam

138 3032 248 3105 ire,
283 3049 424 3093 cum
460 3033 564 3091 ire
600 3028 811 3107 possit
836 3031 913 3090 ad
949 3028 1271 3105 regnum?
1316 3031 1543 3091 Nullus
1581 3036 1686 3092 :at
1715 3032 1953 3093 Paulus
1990 3047 2105 3108 pro
2148 3028 2423 3090 inimicis
2476 3029 2599 3089 hoc
2653 3028 3390 3107 susceptum'habebat,

141 3127 243 3189 pro
271 3109 807 3189 lapidantibuset
834 3108 1306 3189 ﬂagellantihus
1365 3127 1537 3169 eum.
1575 3110 1800 3184 Qualis
1846 3127 2002 3189 ergo
2039 3109 2236 3189 nobis
2257 3107 2381 3189 erit
2422 3108 2610 3189 venia
2630 3152 2650 3189 ί,
2699 3110 2909 3186 qualis
2939 3113 3303 3183 excusatio,
3337 3116 3389 3175 si

139 3187 224 3250 vel
253 3187 540 3269 minimm
575 3188 739 3269 parti
767 3187 1376 3269 caritatissimilqem,
1410 3204 1608 3266 quam
1644 3187 2121 3269 ostendit'circa
2152 3187 2447 3269 inimicos
2489 3188 2751 3269 Paulus,
2781 3206 2907 3269 non
2953 3208 3107 3269 erga
3148 3192 3391 3255 amicos

134 3268 643 3329 ostenderimus?
670 3268 750 3327 Et
786 3268 1013 3329 beatus
1054 3268 1205 3328 item
1234 3267 1445 3329 Moses
1468 3273 1619 3328 ante
1652 3268 1844 3328 istum
1869 3285 1987 3345 pro
2020 3266 2295 3327 inimicis
2327 3266 2534 3326 voluit
2558 3266 2993 3343 lapidantibus
3018 3266 3166 3331 eum
3194 3270 3390 3333 deleri

134 3348 199 3409 de
225 3347 381 3409 libro
411 3347 561 3427 Dei.
599 3346 677 3407 Et
698 3346 899 3408 David
919 3346 1302 3427 rebellantes
1330 3346 1637 3409 adversus
1660 3346 1972 3427 seqvidens
2000 3346 2442 3427 interemptos,
2461 3346 2664 3427 dixit:
2695 3346 2834 3427 Ego
2858 3356 3082 3426 pastor
3102 3354 3387 3427 peccavi.

134 3437 182 3487 et
209 3426 313 3489 isti
338 3426 499 3507 quid
528 3429 814 3507 fecerunt
832 3427 875 3507 tt
894 3431 957 3487 et
988 3426 1244 3507 Saiilem
1273 3426 1443 3488 inter
1474 3443 1706 3507 manus
1735 3426 2023 3507 habens,
2051 3424 2341 3507 occidere
2372 3425 2579 3507 noluit
2605 3445 2622 3497 ;
2671 3426 2827 3507 quin
2859 3424 3051 3487 etiam
3093 3424 3388 3502 salvavit,

135 3504 470 3582 praesertim
509 3504 662 3567 cum
692 3506 831 3585 ipse
861 3506 927 3566 in
962 3505 1252 3583 periculo
1281 3509 1452 3567 esset
1484 3506 1895 3567 constitutus.
1919 3506 1981 3566 Si
2002 3510 2217 3568 autem
2243 3504 2379 3565 haec
2404 3505 2470 3565 in
2500 3505 2696 3565 veteri
2730 3506 3177 3585 Testamento,
3222 3527 3393 3585 qua—

139 3523 470 3582 praesertim
509 3524 662 3567 cum
692 3523 831 3645 Ipse
861 3523 927 3566 in
962 3523 1252 3583 periculo
1281 3523 1452 3567 esset
1484 3523 1895 3567 consumtus.
1919 3523 2217 3568 Stantem
2243 3523 2379 3565 uase
2404 3523 2470 3565 in
2500 3523 2696 3565 veteri
2731 3523 3177 3579 lesmamento,
3222 3527 3390 3585 qua-

139 3587 250 3645 lem
279 3586 535 3647 veniam
565 3600 687 3646 nos
764 3585 1097 3646 abebimus
1129 3586 1196 3645 in
1225 3601 1395 3645 novo
1420 3586 1833 3647 Testamento
1864 3588 2347 3655 conversantes,
2382 3588 2446 3644 et
2487 3602 2699 3661 neque
2734 3584 2815 3645 ad
2846 3603 3217 3648 mensuram
3248 3589 3390 3650 illo-

139 3682 267 3744 rum
295 3664 796 3741 pervenientes?
821 3662 887 3744 Ν
894 3664 1001 3744 ἰείΔ
1024 3663 1192 3744 enim
1223 3662 1657 3744 abundaverit,
1701 3665 1937 3744 inquit,
1973 3664 2239 3744 justitia
2278 3670 2483 3744 vestra
2514 3662 2665 3744 plus
2716 3682 2899 3744 quam
2945 3664 3292 3727 scribarum
3335 3678 3391 3730 et

138 3742 609 3811 Pharisaeorum,
640 3761 773 3803 non
806 3741 1127 3822 intrabitis
1154 3746 1224 3803 in
1244 3760 1505 3822 regnum
1540 3741 1853 3805 calorum.
1886 3741 2049 3804 Cum
2090 3760 2247 3822 ergo
2285 3743 2478 3805 etiam
2507 3741 2742 3804 minus—
2768 3743 3082 3805 habemus
3117 3746 3201 3807 ab
3232 3748 3384 3818 illis,

136 3821 441 3905 quomodo
477 3822 870 3905 intrabimus
890 3820 1509 3905 {Diligitetinquig
1542 3823 1837 3905 inimicos
1866 3830 2141 3905 nostros:
2169 3820 2374 3905 Dilige
2412 3822 2610 3905 igitur
2632 3822 3002 3897 inimicum;
3033 3842 3185 3905 Anon
3220 3827 3393 3887 enim

137 3899 217 3959 illi
244 3906 535 3980 praestas,
577 3900 691 3962 sed
721 3900 858 3962 tibi.
893 3899 1525 3975 Quomodo?Similis
1555 3902 1851 3964 efﬁcieris
1883 3902 2040 3962 Deo.
2069 3901 2185 3962 llle
2213 3900 2408 3978 igitur
2434 3900 2487 3961 si
2521 3906 2775 3962 ametur
2798 3908 2946 3975 ate,
2979 3899 3144 3963 nihil
3172 3904 3393 3968 lucra-

137 3985 257 4052 tnr;
288 3998 325 4043 a
354 3997 681 4059 conservo
714 3980 955 4059 quippe
974 3980 1241 4041 dilectus
1276 3986 1411 4040 est:
1447 3987 1513 4039 tu
1542 3987 1757 4043 autem
1789 3981 1842 4042 si
1873 3980 2177 4042 dilexeris
2207 3996 2595 4059 conservum
2618 4024 2634 4053 ,
2667 3998 2972 4059 magnum
3003 3983 3257 4043 lucrum
3287 3985 3393 4046 fa-

136 4059 273 4130 cies,
302 4064 363 4121 et
391 4057 699 4121 e’fﬁcieris
728 4057 957 4120 similis
986 4059 1142 4120 Deo.
1166 4059 1355 4139 Vides
1382 4059 1537 4139 quia
1567 4060 1729 4120 nihil
1755 4061 1977 4139 gratiae
2008 4059 2098 4139 illi
2140 4064 2407 4139 prastas
2430 4102 2447 4129 ,
2479 4057 2589 4139 sed
2635 4057 2797 4120 tibi?
2832 4061 3047 4139 ipsum
3092 4062 3391 4124 meritum

136 4139 291 4232 enim
320 4156 452 4232 non
484 4138 750 4232 illihsed
782 4139 895 4199 tibi
927 4154 1288 4232 comparas.
1320 4138 1486 4212 Quid
1520 4156 1699 4232 ergo,
1741 4136 1981 4232 inquis,
2007 4138 2077 4232 lsi
2108 4137 2190 4199 sit
2220 4136 2820 4232 matignusjtq'l‘antc‘)
2857 4136 3155 4232 amplius
3186 4143 3392 4232 majpr

136 4156 291 4198 enim
320 4156 452 4200 non
484 4156 610 4207 un,
643 4156 750 4200 seu
782 4156 895 4199 um
927 4156 1288 4215 comparas.
1320 4156 1486 4212 uuln
1520 4156 1699 4279 ergo,
1741 4156 1981 4232 inquis,
2023 4156 2077 4198 SI
2108 4156 2190 4199 su
2220 4156 2372 4199 man
2423 4156 2585 4198 nus':
2612 4156 2820 4202 lauto
2857 4156 3137 4219 amplius
3186 4160 3392 4222 major

134 4218 247 4278 eris
298 4223 360 4279 et
411 4219 710 4280 meritis:
765 4234 884 4296 pro
914 4218 1318 4297 malignitate
1358 4235 1478 4280 sua
1518 4217 1594 4279 de
1642 4236 1708 4279 es
1761 4218 1853 4278 illi
1886 4217 2184 4296 gratiam,
2230 4220 2295 4297 et
2336 4156 2621 4297 [etsi]
2660 4220 2863 4282 multa
2905 4221 3109 4283 millia
3137 4222 3393 4284 beneﬁ-

136 4298 366 4357 ciorum
414 4295 806 4375 suscipiens,
851 4296 1062 4377 adhuc
1085 4295 1298 4358 malus
1330 4314 1668 4377 permanes
1699 4298 1777 4377 [Γ.
1804 4295 2193 4375 permanet].
2228 4295 2291 4377 Si
2331 4295 2503 4377 enim
2534 4314 2665 4358 non
2728 4304 2898 4361 esset
2930 4301 3112 4362 valde
3157 4303 3392 4374 malus,
3476 4328 3485 4334 ο

136 4393 329 4453 neque
351 4377 465 4438 tibi
498 4374 748 4459 merces
772 4376 957 4459 valde
983 4380 1321 4459 cresceret.
1346 4375 1617 4436 Proinde
1645 4374 1844 4438 causa
1869 4393 1997 4459 non
2034 4376 2289 4437 amandi
2313 4381 2375 4459 et
2402 4374 2686 4448 dicendi,
2718 4378 2883 4452 Quia
2910 4380 3235 4459 malignus
3263 4388 3392 4451 est,

134 4471 316 4517 causa
346 4455 638 4518 amandi.
669 4454 868 4516 Aufer
900 4455 1298 4517 contrarium
1327 4460 1733 4527 certatorem,
1762 4461 1825 4516 et
1850 4454 2105 4517 auferes
2136 4456 2510 4517 occasiones
2543 4474 2958 4519 coronarum.
2987 4454 3129 4520 Non
3176 4462 3395 4521 intue-

136 4533 214 4615 ris
244 4552 579 4613 praecones
598 4534 928 4615 quomodo
959 4535 1252 4615 sacculos
1281 4551 1482 4597 arena
1511 4535 1857 4613 replentes,
1887 4535 1975 4597 ita
2008 4536 2491 4597 exercitantur?
2526 4537 2622 4597 'l‘u
2652 4542 2869 4615 autem
2902 4555 3065 4615 Opus
3094 4558 3227 4599 non
3271 4540 3393 4599 ha-

137 4612 235 4674 bes
254 4612 549 4675 Studium
594 4614 692 4674 his
729 4614 1095 4690 impendere
1128 4634 1143 4673 :
1175 4615 1367 4692 plena
1395 4622 1493 4676 est
1524 4612 1653 4678 vita
1679 4615 1964 4677 humana
1993 4615 2486 4677 exercitantium
2518 4621 2610 4685 te,
2642 4621 2705 4675 et
2745 4612 3115 4678 facientium
3157 4619 3395 4679 fortio-

139 4708 283 4772 rem.
312 4694 455 4755 Non
511 4693 691 4755 vides
740 4694 895 4771 quia
938 4699 999 4753 et
1059 4695 1325 4755 arbores
1376 4700 1623 4772 quanto
1683 4694 1885 4755 ventis
1934 4702 2464 4764 commoventur,
2515 4699 2697 4756 tanto
2758 4696 3038 4772 amplius
3089 4695 3390 4758 fortiores

137 4769 497 4853 efﬁciuntur
523 4778 593 4835 et
614 4769 877 4853 densas?
903 4773 981 4832 Et
1010 4789 1126 4853 nos
1163 4769 1469 4853 igitur,'si
1519 4773 1829 4853 fuerimus
1860 4775 2298 4853 longanimes,
2332 4774 2629 4853 fortiores
2674 4769 2940 4835 erimus.
2989 4776 3103 4836 Vir
3157 4778 3397 4853 longa-

140 4850 345 4918 nimis.
373 4853 629 4933 inquit,
656 4850 893 4933 multus
937 4859 1024 4911 est
1071 4851 1138 4911 in
1171 4850 1487 4933 sapientia
1507 4873 1533 4933 :7
1554 4852 1665 4930 qui
1704 4862 1909 4912 autem
1948 4850 2041 4933 est
2065 4851 2531 4933 pusillaminis,
2585 4853 2773 4933 fortis
2819 4856 3073 4916 stultus.
3114 4850 3395 4917 Intueris

141 4938 369 5005 quanta
404 4932 605 5011 hujus
640 4931 756 5011 viri
786 4931 931 5011 laus
964 4936 1081 5001 est,
1115 4936 1177 4991 et
1205 4937 1451 5011 quanta
1475 4932 2048 5011 illiusiaccusatio?
2075 4930 2320 4998 Fortis,
2351 4930 2601 5008 inquit,
2633 4934 2887 5000 stultus,
2920 4936 3040 4996 hoc
3061 4942 3181 5007 est,
3216 4936 3397 4997 valde

139 5012 383 5071 stultus.
420 5009 698 5072 Proinde
726 5028 855 5070 non
885 5010 1087 5070 simus
1120 5009 1561 5087 pusillanimes
1598 5010 1675 5072 ad
1716 5011 2035 5072 invicem:
2069 5028 2199 5072 non
2231 5011 2404 5071 enim
2444 5011 2569 5072 hoc
2606 5031 2689 5074 ex
2734 5012 3083 5076 inimicitiis
3146 5017 3396 5077 contin-

141 5090 241 5152 Eii.
273 5092 379 5149 sed
412 5110 495 5151 ex
540 5088 1072 5171 pusillanimitate
1093 5088 1349 5171 animai.
1377 5088 1442 5150 Si
1478 5108 1630 5153 vero
1657 5092 1849 5155 fuerit
1876 5093 2084 5171 fortis.
2113 5092 2331 5154 omnia
2359 5091 2541 5153 facile
2571 5091 2827 5159 tolerat.
2852 5099 2911 5153 et
2934 5094 3097 5155 nihil
3118 5111 3397 5171 eampo-

132 5174 693 5265 teritdemergere,
726 5167 1365 5265 sedadhtranquillos
1390 5184 1549 5265 eam
1566 5175 1789 5265 porrtus.
1814 5169 2085 5265 adducet
2117 5191 2131 5231 :
2164 5190 2330 5265 quos
2362 5173 2693 5265 contingat
2720 5190 2838 5235 nos
2864 5188 3089 5265 omnes
3114 5167 3405 5265 adipisci,

133 5255 327 5327 gratia
358 5257 425 5313 et
453 5246 903 5331 misericordia
933 5246 1185 5307 Domini
1223 5247 1423 5307 nostri
1454 5248 1607 5308 Jesu
1642 5248 1902 5331 Christi,
1937 5269 2083 5312 cum
2124 5246 2255 5331 quo
2286 5254 2456 5316 Patri
2494 5246 2627 5315 una
2669 5270 2816 5315 cum
2852 5256 3076 5314 sancto
3140 5247 3406 5329 Spiritu,

134 5326 350 5407 gloria,
383 5330 762 5411 imperium,
792 5326 1027 5401 honor,
1054 5342 1228 5388 nunc
1252 5332 1313 5387 et
1338 5344 1614 5405 semper,
1648 5328 1803 5390 etin
1836 5331 2076 5393 saecula
2105 5326 2515 5395 saeculorum.
2550 5335 2775 5395 Amen.

1434 5628 1967 5672 ν--ςοῧει--δ
