3892 6402
559 325 655 380 361
1284 323 1339 377 S.
1374 321 1421 379 J.
1460 320 1954 381 CilRYSOS'l'OilI
1997 312 2307 379 llOMlleE
2350 317 2416 375 IN
2455 316 2673 375 EPIS‘l'.
2718 316 2808 372 AD
2852 315 3056 374 llEBB.
3626 328 3707 384 ut:

1908 606 2247 668 HOMILIA
2298 609 2443 668 ΧΧ.

620 741 857 827 Sponte
884 756 1146 827 namque
1178 734 1583 827 pgccantibus
1602 734 1785 827 nobis
1804 743 2140 827 postquam
2165 738 2512 827 accepimus
2532 737 3255 827 feritatisagnitionem,
3272 760 3397 804 non
3414 743 3713 827 relinquite

539 816 744 882 hostia
762 838 886 901 pro
906 816 1199 899 peccatis}
1228 816 1560 901 Terribilis
1588 822 1793 901 autem
1822 824 1910 875 est
1932 816 2593 901 exspectatio—judicii,
2618 826 2675 901 et
2701 818 2870 901 ignis
2887 816 3059 901 belus
3082 832 3539 901 consumpturus
3561 816 3717 890 adscr.

538 896 922 982 sariosfetci
946 901 1224 982 Arbores
1243 915 1387 975 quae
1416 897 1579 982 bene
1608 896 2124 982 institutzesunt,
2149 902 2210 957 et
2236 896 2527 982 casteram
2557 897 2904 982 habuerint
2932 896 3349 982 diligentiam}
3371 904 3697 982 agricolam:

539 980 890 1041 adhibitam
934 979 1234 1038 manibus
1270 981 1466 1052 atque
1496 975 1855 1048 laboribus,
1893 975 1945 1036 si
1990 976 2238 1036 nullam
2272 976 2557 1037 referant
2583 977 2881 1038 laborum
2925 975 3449 1053 vicissitudinem:
3487 984 3704 1049 radicitn

539 1059 778 1147 evulsa:
798 1058 928 1147 igni
953 1057 1313 1147 traduntur,
1337 1056 1492 1116 Tale
1514 1054 1816 1147 quiddam
2021 1071 2221 1147 causa
2249 1055 2970 1147 contigit‘baptismatis.
2999 1056 3157 1147 Cum
3178 1059 3347 1147 enim
3369 1061 3719 1147 nos_Christun

538 1133 916 1208 instituerit,
949 1142 1013 1198 et
1053 1137 1429 1216 irrigatione
1469 1133 1740 1212 spiritali
1772 1134 1975 1216 potiti
2032 1133 2474 1216 fuerimuszsi
2510 1134 2739 1216 deinde
2795 1137 3049 1216 nullum
3103 1138 3376 1199 fructum
3424 1138 3713 1207 aﬂeramus

539 1218 709 1296 ignis
732 1214 1289 1296 'nosiexspecta'bit
1330 1214 1640 1296 gehennae
1680 1217 1743 1274 et
1765 1214 2022 1275 ﬂamma
2060 1214 2637 1296 inexstinguibilis.
2675 1215 2914 1296 Paulus
2953 1216 3152 1295 igitur
3186 1218 3477 1278 hortatur
3508 1219 3577 1281 ad
3601 1226 3702 1284 cari

538 1293 736 1358 tatem
766 1300 829 1358 et
856 1294 1411 1356 fructiﬁcationem
1444 1293 1763 1353 bonorum
1792 1309 2087 1371 operum,
2112 1310 2194 1354 ex
2221 1295 2488 1354 utilibus
2511 1293 2816 1356 invitans.
2836 1293 3394 1369 Quae—sontantem
3414 1296 3536 1360 haec
3558 1301 3700 1364 utilia

536 1376 861 1450 Quoniam
912 1375 1245 1455 introitum
1285 1373 1597 1455 habemus
1638 1371 1718 1433 ad
1748 1375 1996 1455 sancta,
2027 1388 2224 1449 quam
2269 1371 2585 1434 dedicavit
2627 1374 2814 1455 nobis
2854 1374 3026 1455 viam
3057 1377 3650 1455 novam.Postquam
3671 1400 3713 1443 e3

539 1456 809 1516 utilibus
834 1453 1130 1514 invitavit
1165 1452 1243 1512 ad
1276 1466 1476 1532 Opera
1499 1452 1701 1532 bona,
1736 1451 1873 1512 vult
1897 1450 2090 1512 etiam
2120 1469 2295 1513 nunc
2320 1470 2404 1513 ex
2436 1453 2799 1513 metuendis
2834 1457 2898 1514 et
2924 1454 3215 1515 tristibus
3252 1450 3521 1532 idipsuni
3546 1457 3708 1522 facere

536 1535 883 1612 Postquam
898 1532 1285 1613 enimdixit:
1310 1530 1459 1591 Non
1476 1528 1965 1613 derelinquentes
1996 1532 2539 1613 congregationem
2566 1540 2873 1613 nostram,
2902 1528 3407 1612 quemadmodum
3433 1534 3712 1613 quibusdm.

535 1609 816 1680 ususest,
852 1612 955 1672 sed
982 1611 1399 1691 exhortantes,
1424 1616 1609 1691 tanto
1633 1609 1922 1691 amplius,
1954 1618 2186 1688 quanto
2215 1609 2442 1691 videtis
2468 1609 3077 1691 appropinquantem
3090 1613 3282 1679 diem;
3306 1609 3702 1678 intulitdicens

536 1695 774 1773 Sponte
805 1709 1065 1773 namque
1082 1687 1483 1768 peccantibus
1501 1686 2084 1773 nobis,_postquam_
2098 1690 2443 1768 accepimus
2480 1686 2766 1751 ueritatis
2794 1686 3197 1773 agnitionem.
3219 1691 3391 1770 Opus
3412 1697 3521 1762 est,
3550 1694 3710 1773 inquit

537 1768 725 1833 bonis
778 1768 1105 1851 operibus,
1157 1786 1319 1851 opus
1345 1773 1463 1839 est,
1496 1772 1560 1829 et
1579 1768 1765 1851 valde
1800 1786 1989 1851 opus_._
2036 1768 2271 1851 Sponte
2291 1787 2561 1851 namque
2594 1768 2997 1851 peccantibus
3033 1769 3214 1851 nobis
3249 1768 3568 1851 postquam
3591 1768 3716 1834 accc-

533 1852 741 1930 pimus
768 1846 1055 1930 veritatis
1086 1847 1492 1930 agnitionem,
1519 1846 1697 1930 nitro
1715 1865 1845 1930 non
1872 1846 2257 1930 relinquitur
2285 1846 2491 1930 hostia
2515 1846 2639 1926 pro
2660 1849 2959 1930 peccatis.
2995 1846 3343 1930 Mundatus
3372 1846 3462 1923 es,
3483 1851 3705 1915 liberale

536 1926 603 1991 1's
640 1948 674 1991 a
713 1926 1360 2009 criminibus,ifactus
1398 1945 1465 1987 es
1499 1926 1701 2009 illius.
1745 1926 1804 1986 Si
1822 1926 1910 2009 ad
1937 1927 2224 2009 primum
2251 1926 2890 2009 vomitumre'versus
2929 1928 3152 2003 fueris,
3194 1930 3433 2009 iterum
3469 1935 3527 1992 te
3553 1950 3731 2009 repro-

535 2010 711 2071 hatio
735 2012 1068 2087 exspectat
1094 2011 1157 2067 et
1184 2006 1376 2085 ignis,
1414 2004 1865 2087 et‘hujusmodi
1895 2006 2024 2087 alia
2050 2023 2216 2087 :_non
2248 2007 2421 2067 enim
2454 2010 2551 2067 est
2573 2006 2784 2068 hostia
2814 2008 3121 2069 secunda.
3153 2008 3272 2070 Hic
3298 2009 3527 2069 iterum
3548 2004 3733 2071 exsur-

534 2093 696 2165 gunt
738 2084 1329 2169 qui'pmnitenti’am
1386 2084 1715 2157 auferunt,
1762 2090 1826 2146 et
1867 2084 2084 2169 quiad
2139 2086 2530 2169 baptismum
2585 2103 2814 2169 segnes
2855 2087 3489 2169 sunt_accedere:illi
3526 2090 3732 2169 quidem

532 2163 841 2240 dicentes,
872 2163 1195 2241 Quoniam
1226 2183 1355 2225 non
1395 2170 1490 2225 est
1522 2169 1729 2224 tutum
1764 2182 1883 2225 nos
1914 2164 1995 2225 ad
2019 2163 2409 2244 baptismum
2452 2163 2782 2237 accedere,
2828 2166 3143 2244 siquidem
3189 2185 3325 2227 non
3370 2172 3465 2228 est
3508 2163 3730 2231 secunda

534 2247 991 2308 remissiozisti
1031 2250 1247 2308 autem
1283 2244 1586 2325 dicentes,
1625 2245 1763 2304 Non
1794 2248 1892 2325 est
1922 2248 2132 2304 tutum
2177 2243 2330 2325 dare
2364 2245 2810 2322 peccatoribus
2849 2243 3279 2317 sacramenta,
3300 2247 3356 2307 si
3379 2247 3614 2325 quidem
3638 2266 3733 2307 non

533 2334 631 2387 est
660 2325 943 2388 secunda
977 2325 1297 2404 remissio.
1342 2324 1512 2404 Quid
1557 2341 1710 2402 ergo
1750 2323 1828 2384 ad
1850 2328 2178 2404 _utrosque
2220 2323 2548 2404 dicemus?
2570 2325 2888 2397 Quoniam
2927 2326 2989 2385 in
3032 2325 3153 2386 hoc
3188 2343 3321 2385 non
3360 2323 3735 2404 pmnitcntiam

533 2405 840 2475 excludit,
875 2422 1085 2481 neque
1119 2403 1640 2482 propitiationem
1662 2420 1807 2480 qua:
1835 2402 1905 2462 ﬁt
1930 2420 2045 2483 per
2076 2403 2537 2479 paenitentiam,
2563 2421 2774 2481 neque
2805 2405 3059 2482 repellit
3084 2410 3147 2465 et
3174 2402 3396 2483 dejici't
3422 2425 3530 2483 per
3554 2407 3735 2481 despe-

532 2485 851 2546 rationem
891 2484 1411 2561 delinquentem;
1444 2500 1575 2543 non
1618 2484 1790 2563 enim
1821 2482 2240 2563 itaiinimicus
2279 2488 2378 2543 est
2415 2483 2641 2563 salutis
2688 2490 2959 2556 nostrae;
3011 2483 3122 2546 sed
3177 2482 3380 2563 quid?
3426 2482 3731 2546 secundum

531 2562 814 2624 excludit
855 2564 1206 2625 lavacrum.
1258 2563 1397 2621 Non
1435 2563 1608 2623 enim
1653 2561 1853 2641 dixit,
1878 2562 2021 2621 Non
2054 2567 2150 2623 est
2179 2561 2350 2641 ultra
2382 2562 2789 2640 pmnitentia;
2834 2581 3046 2641 neque
3076 2561 3247 2623 enim
3278 2564 3468 2634 dixit,
3506 2566 3627 2625 Non
3661 2569 3736 2625 est

526 2643 700 2704 ultra
724 2642 1052 2713 remissio;
1083 2641 1216 2715 sed,
1247 2641 1497 2710 Hostia,
1530 2641 1763 2718 inquit,
1796 2640 1968 2702 ultra
2005 2657 2136 2700 non
2181 2646 2310 2701 est:
2334 2640 2456 2701 hoc
2494 2648 2614 2711 est,
2657 2660 2820 2703 crux
2855 2640 3139 2704 secunda
3169 2643 3346 2705 ultra
3379 2662 3506 2704 non
3532 2649 3615 2705 est
3640 2645 3735 2703 ho-

524 2722 715 2783 stiam
740 2721 980 2800 quippe
1009 2721 1178 2782 hanc
1216 2724 1421 2783 vocat.
1454 2720 1595 2783 Una
1620 2738 1880 2801 namque
1900 2720 2107 2783 hostia
2119 2721 2366 2801 perﬁcit
2389 2720 2459 2781 in
2484 2730 2854 2800 perpetuum
2873 2740 2973 2783 eos
2999 2722 3110 2801 qui
3129 2724 3614 2798 sanctiﬁcantur,
3642 2738 3735 2782 non

521 2810 689 2872 sicut
716 2807 1383 2888 JudaicasprOpterea
1411 2808 1583 2888 enim
1612 2826 1886 2888 sursum
1905 2815 2100 2887 atque
2130 2810 2432 2871 deorsum
2449 2815 2697 2888 tantum
2728 2808 3175 2888 disputavitde
3196 2810 3451 2883 hostiis,
3486 2812 3741 2888 quoniam

523 2904 659 2950 una
689 2890 969 2949 estznon
1008 2886 1131 2947 hoc
1174 2886 1383 2946 solum
1414 2887 1637 2947 volens
1668 2886 2027 2960 ostendere,
2070 2890 2382 2965 quoniam
2426 2886 2635 2949 ditl‘ert
2668 2903 2706 2949 a
2737 2887 3019 2949 Judaicis
3052 2889 3175 2949 isto
3207 2890 3438 2961 modo;
3466 2886 3565 2950 sed
3589 2891 3739 2951 etiam

521 2972 745 3029 cautos
779 2982 912 3047 nos
937 2966 1156 3026 volens
1187 2965 1467 3047 efﬁcere,
1515 2983 1596 3025 ne
1621 2983 1968 3047 speremus
2014 2968 2187 3047 ultra
2230 2967 2588 3047 secundum
2628 2966 2963 3028 Iudaicam
3008 2968 3215 3047 legem
3248 2969 3450 3029 aliam
3490 2969 3739 3028 hostiam.

516 3048 756 3124 Sponte
803 3045 1031 3124 quippe
1064 3043 1469 3123 peccantibus
1527 3044 1729 3110 nobis.
1785 3044 2020 3124 inquit.
2075 3046 2235 3107 Vide
2255 3046 2581 3124 quomodo
2637 3063 2917 3123 pronum
2972 3064 3041 3108 se
3079 3043 3380 3107 'ostendit
3423 3047 3497 3107 ad
3536 3049 3741 3109 veniam

517 3123 947 3186 tribuendam.
976 3125 1236 3203 Sponte,
1263 3124 1496 3200 inquit,
1516 3123 1921 3202 peccantibus
1956 3124 2160 3185 nobis.
2199 3123 2468 3187 Proinde
2500 3142 2629 3185 non
2666 3132 2894 3202 sponte
2925 3127 3345 3202 peccantibus
3368 3126 3553 3187 datur
3577 3129 3739 3187 venia.

514 3205 672 3265 Post
732 3203 1136 3284 agnitionem,
1196 3203 1992 3284 inquit,gveritatis,_sive
2039 3204 2301 3284 Christi,
2358 3205 2495 3266 sive
2549 3212 2931 3265 cunctorum
2965 3204 3388 3284 rdogmatum.
3440 3206 3612 3267 Ultra
3644 3223 3741 3263 non

514 3292 787 3343 remanet
823 3282 1035 3343 hostia
1064 3300 1187 3360 pro
1217 3282 1515 3363 peccatis.
1566 3282 1685 3363 Se_d
1715 3282 1911 3360 quid?
1960 3283 2315 3352 Terribilis,
2354 3284 2605 3363 inquit,
2630 3283 3009 3363 exspectatio
3056 3282 3144 3343 est
3176 3284 3425 3363 judicii
3463 3331 3477 3352 ,
3519 3284 3743 3363 etignis

514 3363 687 3424 zelus
710 3370 1191 3441 consumpturus
1220 3361 1598 3421 contrarios.
1619 3361 1852 3423 Contra
1865 3363 1993 3423 rios
2018 3363 2215 3435 enim,
2239 3381 2370 3424 non
2401 3362 2685 3424 infideles
2712 3361 2863 3422 dicit
2894 3361 3318 3435 tantum,'sed
3350 3365 3541 3424 etiam
3571 3362 3741 3422 ﬁdeles

518 3442 846 3503 contraria
881 3440 1098 3522 virtuti
1124 3446 1388 3522 agentes
1412 3461 1427 3499 :
1451 3441 1587 3502 sive
1610 3440 1764 3518 quia
1793 3446 1856 3502 et
1884 3441 2268 3504 domesticos
2299 3459 2376 3522 ac
2407 3442 2755 3522 familiares
2773 3442 2957 3522 fidem
2989 3442 3127 3520 ipse
3154 3442 3326 3522 ignis
3354 3443 3633 3521 accipiet,
3657 3443 3742 3519 qui

515 3521 708 3583 etiam
741 3519 1387 3601 contrarios.Deinde
1416 3525 1952 3601 consumpturum
1996 3538 2106 3582 eos
2139 3521 2438 3601 ostendit,
2484 3520 2726 3593 dicens,
2756 3520 2938 3600 Ignis
2966 3519 3137 3582 zelus
3177 3519 3653 3601 consumpturus
3679 3530 3743 3580 ut

518 3600 898 3661 contrarios.
920 3599 1095 3660 Sicut
1129 3599 1301 3659 enim
1345 3599 1546 3679 bestia
1572 3605 1944 3677 provocata,
1977 3618 2122 3678 quae
2153 3606 2249 3661 est
2277 3600 2460 3662 valde
2489 3617 2663 3662 saeva
2704 3606 2766 3661 et
2802 3601 3103 3679 agrestis,
3133 3617 3266 3661 non
3302 3599 3541 3673 cessat,
3579 3600 3743 3659 donec

513 3680 957 3757 apprehendat
1012 3680 1299 3755 aliquem
1354 3684 1417 3738 et
1467 3678 1880 3758 devoret:sic
1928 3681 2124 3741 etiam
2179 3681 2286 3741 ille
2314 3680 2479 3758 ignis
2539 3678 2867 3757 tamquam
2919 3680 3155 3757 aliquis
3210 3681 3358 3740 zelo
3419 3681 3739 3741 stimulatus

512 3758 815 3837 alicujus,
843 3776 1316 3837 quemcumque
1347 3757 1868 3835 apprehenderit,
1906 3776 2038 3819 non
2069 3759 2347 3831 dimittit,
2380 3758 2488 3837 sed
2533 3758 2798 3821 devorat
2832 3764 2894 3837 et
2930 3758 3260 3820 dilacerat.
3302 3759 3551 3821 Deinde
3586 3759 3741 3819 etiam

515 3836 880 3899 sermonem
924 3836 1115 3897 infert
1162 3836 1725 3917 comminationis,_
1758 3839 1913 3914 quia
1955 3838 2206 3910 merito,
2261 3839 2414 3916 quia
2438 3836 2853 3917 justezquod
2884 3838 2996 3917 ad
3055 3837 3242 3899 (idem
3301 3838 3575 3917 proiicit,
3628 3855 3741 3898 cum

512 3917 982 3978 ostenderimus
1024 3917 1181 3994 quia
1212 3915 1389 3997 juste
1419 3915 1785 3997 aliquidﬁt.
1817 3918 2085 3997 Irritam
2122 3915 2381 3996 namque
2425 3915 2564 3997 quis
2602 3917 2843 3997 faciens
2873 3915 3062 3997 legem
3105 3915 3319 3997 Mosi,
3369 3918 3596 3995 inquit,
3644 3917 3742 3975 sine

514 3997 915 4058 miseratione
950 4012 1160 4056 coram
1187 3993 1430 4054 duobus
1459 3996 1552 4056 vel
1579 3995 1780 4055 tribus
1811 3996 2069 4057 testibus
2114 3993 2409 4057 moritur.
2434 3993 2611 4058 _Sine'
2637 3993 3055 4064 miseratione,
3098 3996 3332 4073 inquit,
3390 3993 3661 4057 utnulla
3681 3997 3741 4056 sit

520 4076 732 4149 venia,
769 4076 950 4136 nulla
972 4074 1434 4153 misericordia,
1463 4091 1861 4153 quamquam
1891 4076 2052 4137 Mosi
2076 4083 2244 4136 esset
2271 4076 2380 4136 illa
2406 4076 2549 4135 lex:
2578 4076 2857 4152 plurima
2884 4092 3165 4153 namque
3192 4077 3331 4153 ipse
3355 4075 3738 4153 disposuerat.

508 4155 679 4231 Quid
708 4157 826 4223 est,
846 4153 1075 4233 Coram
1097 4152 1337 4213 duobus
1360 4155 1465 4233 vel,
1484 4152 1729 4233 tribus?
1755 4155 1841 4229 [et
1870 4155 2194 4233 quomodo
2224 4155 2559 4217 conculcat
2588 4155 2935 4232 quisquam
2962 4152 3198 4215 Filium
3222 4152 3345 4216 Dei
3367 4158 3421 4233 ‘2]
3449 4155 3509 4215 Si
3538 4156 3649 4213 duo
3669 4152 3738 4211 vel

515 4240 648 4294 tres
675 4233 993 4296 testiﬁcati
1025 4232 1285 4305 fuerint,
1317 4232 1651 4294 confestim
1675 4232 1989 4312 judicium
2023 4233 2198 4295 dant.
2228 4234 2291 4294 Si
2317 4234 2491 4294 enim
2516 4235 2579 4293 in
2608 4234 2805 4295 veteri
2828 4234 3262 4307 Testamento,
3302 4236 3417 4295 ubi
3450 4234 3552 4296 lex
3586 4233 3739 4312 Mosis

406 4330 413 4335 '
514 4312 700 4399 irrita
727 4312 832 4399 ﬁt,_
854 4318 1104 4399 ta_nt_um
1137 4314 1233 4399 es_t
1257 4329 1333 4399 ac
1361 4312 1490 4373 tale
1524 4310 1912 4399 supplicium
1936 4333 1951 4372 :
1976 4312 2228 4399 Quanto
2269 4314 2467 4392 magis
2494 4313 2745 4399 putatis
2775 4313 2925 4391 quia
2949 4314 3129 4393 pejus
3156 4312 3498 4399 merebitur
3533 4310 3737 4399 suppli-

512 4392 681 4453 cium
722 4392 832 4473 qui
878 4391 1127 4473 Filium
1167 4391 1288 4473 ADei
1337 4391 1751 4473 conculcavit,
1791 4399 1846 4453 et
1890 4393 2253 4472 sanguinem
2295 4391 2640 4454 testamenti
2687 4391 3060 4454 communem
3102 4392 3520 4461 existimavit.
3558 4400 3608 4453 et
3644 4391 3738 4471 apio

507 4472 708 4534 ritum
728 4470 957 4551 gratia:
974 4470 1310 4551 injuriavit
1329 4471 1361 4531 ?

588 4552 670 4613 Et
711 4550 1043 4631 quomodo
1068 4551 1427 4631 conculcati
1449 4551 1797 4630 quisquam
1831 4552 2068 4613 Filium
2099 4553 2259 4613 Dei?
2304 4551 2575 4626 Quando
2600 4552 2771 4612 enim
2795 4569 2877 4613 ex
2907 4568 2985 4613 eo
3027 4551 3461 4630 participatur
3501 4551 3734 4630 quisque

511 4650 631 4711 per
655 4635 1092 4703 sacramenta,
1132 4647 1348 4691 nonne
1383 4630 1450 4707 [ι.
1483 4634 1567 4707 et]
1600 4637 1863 4709 peccata
1895 4632 2268 4693 committit?
2314 4634 2384 4708 [,]
2431 4649 2647 4692 nonne
2693 4632 2873 4691 illum
2915 4632 3292 4692 conculcat?
3318 4649 3540 4694 nonne
3562 4631 3737 4711 ipsum

507 4710 901 4775 contemnit?
934 4712 1111 4771 Sicut
1144 4712 1315 4771 enim
1346 4727 1426 4771 ea
1470 4728 1615 4787 qua:
1659 4712 2151 4783 conculeamus,
2186 4712 2429 4772 nullius
2461 4710 2766 4771 momenti
2805 4711 3141 4787 pendimus
3176 4731 3191 4768 :
3225 4711 3318 4771 sic
3356 4717 3423 4772 et
3463 4710 3571 4787 qui
3614 4726 3736 4785 pec-

508 4796 662 4852 cant
688 4792 753 4851 in
785 4791 1110 4853 Christum
1133 4834 1149 4861 ,
1181 4790 1421 4849 nullius
1452 4789 1758 4851 momenti
1808 4791 2210 4862 existimant,
2247 4796 2310 4852 et
2340 4792 2431 4852 sic
2462 4797 2751 4868 peccant.
2783 4789 3016 4850 Factus
3048 4808 3116 4850 es
3145 4808 3382 4866 corpus
3414 4788 3669 4868 Christi,
3694 4790 3739 4846 et

506 4871 709 4933 tradis
740 4871 1018 4948 teipsum
1057 4869 1347 4941 diabolo,
1378 4875 1449 4929 ut
1478 4870 1821 4931 conculces
1849 4870 2217 4931 Christum?
2255 4870 2347 4930 Et
2382 4867 2782 4947 sanguinem,
2817 4868 3060 4945 inquit,
3096 4887 3474 4929 communem
3502 4867 3734 4948 judicas.

508 4946 862 5011 Commune
901 4949 1055 5027 quid
1086 4950 1209 5010 hoc
1237 4951 1374 5010 est?
1401 4948 1843 5022 immundum,
1879 4951 2017 5011 sive
2062 4949 2235 5027 quod
2266 4949 2426 5010 nihil
2454 4946 2732 5026 amplius
2763 4964 2800 5009 a
2831 4949 3072 5009 caeteris
3118 4948 3333 5027 habet.
3368 4948 3461 5007 Et
3490 4946 3734 5027 spiritum

508 5022 1110 5111 gratiw‘injurians,
1143 5028 1533 5111 inquit.‘Qui
1562 5029 1735 5111 enim
1766 5022 2149 5111 beneficium
2181 5048 2311 5111 non
2355 5022 2672 5111 suscepit,
2724 5027 3059 5111 injuriavit
3096 5022 3737 5111 benefacient_é_m._l"ef

510 5104 595 5168 cit
625 5112 686 5167 te
714 5104 950 5178 tilium;
986 5113 1055 5167 tu
1085 5104 1301 5169 autem
1345 5108 1440 5169 vis
1471 5108 1609 5169 fieri
1647 5111 1917 5170 servus?
1950 5110 2121 5170 venit
2160 5109 2239 5171 ad
2271 5104 2691 5170 habitandum
2718 5104 2890 5186 apud
2922 5113 3018 5179 te;
3052 5112 3119 5166 tu
3159 5114 3375 5186 autem
3424 5104 3666 5167 adducis
3690 5104 3732 5160 ei

508 5186 932 5265 cogitationes
963 5187 1319 5265 malignas?
1344 5187 1635 5249 Christus
1664 5188 1864 5248 voluit
1899 5188 2160 5251 solidari
2193 5188 2363 5266 apud
2390 5195 2483 5258 te;
2517 5192 2584 5247 tu
2611 5191 2823 5248 autem
2851 5204 2997 5247 eum
3028 5185 3367 5266 conculcas
3397 5203 3515 5262 per
3540 5198 3733 5266 crapu-

510 5259 638 5326 lam
659 5311 674 5336 ,
704 5282 820 5346 per
844 5259 1260 5346 ebrietatem?
1292 5267 1644 5327 Audiamus
1676 5269 1786 5344 qui
1813 5268 2072 5346 indigne
2102 5259 2525 5330 sacramentis
2564 5265 3059 5346 participamur,
3094 5259 3434 5346 audiamus
3465 5262 3573 5346 qui
3602 5259 3723 5323 indi—

509 5363 634 5423 gne
664 5345 742 5406 ad
775 5362 1065 5405 mensam
1096 5345 1271 5405 illam
1301 5343 2237 5426 accedimus.’Nolilefinquit,
2265 5356 2544 5426 sanctum
2566 5343 3052 5426 idarecanibus,
3079 5362 3271 5423 neque
3306 5343 3569 5403 mittatis
3599 5353 3733 5426 mat-

506 5426 753 5502 garitas
798 5433 1035 5504 vestras
1058 5434 1197 5504 ante
1225 5442 1483 5501 porcos,
1534 5444 1607 5485 ne
1641 5427 1806 5504 forte
1841 5424 2205 5488 conculcent
2234 5447 2332 5487 eas
2368 5424 2625 5503 pedibus
2654 5424 2785 5484 suis
2827 5443 2845 5504 .f
2888 5424 3009 5504 hoc
3038 5427 3165 5504 est,
3209 5441 3290 5483 ne
3323 5424 3733 5504 contemnant.

513 5498 593 5565 ne
622 5508 954 5582 respuant.
988 5498 1269 5583 Seduoh
1305 5504 1425 5565 hoc
1454 5498 1654 5575 dixit,
1683 5505 1793 5566 sed
1829 5506 2000 5583 quod
2033 5498 2383 5568 terribilius
2416 5511 2534 5567 est.
2564 5505 2662 5564 Ex
2692 5502 3189 5564 terribilioribus
3212 5507 3493 5583 coarctat
3521 5498 3730 5583 animas

508 5577 910 5645 audientium
946 5602 961 5642 :
991 5582 1322 5645 sufﬁciens
1361 5584 1533 5644 enim
1568 5590 1706 5646 erat
1736 5577 1927 5646 etiam
1970 5586 2091 5647 hoc
2138 5587 2219 5648 ad
2247 5583 2751 5647 convertendum
2783 5601 2925 5657 eos,
2976 5599 3107 5642 non
3138 5582 3350 5642 minus
3387 5597 3425 5641 a
3472 5577 3726 5641 consola-

512 5682 708 5742 tione.
739 5678 818 5739 Et
843 5677 1038 5738 simul
1065 5690 1128 5738 et
1150 5672 1572 5760 differentiam
1598 5679 1660 5760 et
1687 5676 2074 5760 supplicium
2102 5676 2429 5760 ostendit,
2449 5679 2513 5738 et
2548 5674 2861 5760 judicium
2888 5676 3044 5760 ipsis
3075 5680 3400 5760 relinquit,
3441 5687 3642 5760 utpote
3662 5680 3721 5738 de

510 5778 581 5848 re
612 5760 789 5848 clara
810 5760 873 5848 e_t
897 5774 1043 5848 quae
1066 5755 1406 5848 manifesta
1448 5759 1793 5848 constaret.
1822 5755 2073 5830 Quanto
2106 5774 2260 5848 ergo
2292 5755 3019 5848 ιιςχὶὶίεζ·‹ρηιιίηἰ’,Λὶῐιίιιιίι-ζ
3045 5758 3225 5848 pejus
3262 5755 3479 5848 mereri
3514 5755 3723 5848 suppli—

513 5841 697 5928 cium.
730 5838 805 5900 In
835 5833 957 5900 hoc
985 5837 1125 5899 loco
1157 5836 1407 5915 videtur
1434 5833 1589 5932 mihi
1635 5840 1697 5895 et
1723 5836 1797 5896 de
1827 5833 2248 5898 sacramentis
2291 5835 2534 5917 aliquid
2562 5833 2943 5916 signiﬁcare.
2974 5833 3212 5903 Deinde
3241 5850 3301 5902 et
3326 5833 3719 5903 testimonium
