3892 6402
555 302 654 361 3st
1299 292 1362 352 8.
1399 291 1449 349 J.
1489 285 1972 349 CHRYSOSTOMI
2012 282 2325 344 HOlllLlE
2362 276 2434 341 IN
2465 281 2685 340 EPIST.
2723 279 2816 336 AD
2852 278 3063 344 IlEBR.
3640 294 3723 351 su

551 406 846 470 serabilis
884 402 1249 485 iudicatur;
1272 409 1343 485 et
1383 405 1680 482 quisquis
1731 405 2155 485 hereditatem
2190 404 2500 485 amiserit,
2531 401 2787 485 videtur
2807 399 3107 485 omnibus
3134 392 3613 485 essehdolendus:
3632 407 3719 485 qui

551 489 708 574 caelo
734 474 1045 574 privatur,
1077 484 1352 574 qui_ill_ic
1384 474 1678 574 repositis
1709 484 2197 574 b9nis,_quantis
2240 482 2538 574 lacrymis
2574 482 2693 540 iste.
2729 475 3299 574 plangendugesgt‘?
3314 474 3527 574 magis)
3556 482 3722 574 autem

550 570 570 642 [
598 566 641 625 Ι.
692 552 902 643 neque
947 552 1164 642 plang.
1189 566 1208 639 ]
1236 552 1633 642 plangendus
1665 583 1679 621 :
1713 552 2036 646 plangitur
2079 563 2250 646 enim
2282 552 2625 646 quisquam
2654 552 2798 646 cum
2830 552 3057 646 passus
3093 554 3279 614 fuerit
3309 552 3558 646 aliquid,
3584 554 3723 645 cuius

555 633 690 721 ipse
718 633 913 706 causa
948 633 1078 702 non
1105 633 1256 713 csti
1280 633 1424 703 curn
1455 649 1667 702 autem
1697 633 1775 702 éx
1820 633 2081 720 pFopria
2116 633 2898 721 voluntate-semetipsum
2939 636 3300 721 quisquam
3330 633 3519 721 iptigit
3544 633 3726 709 iniqui-

553 711 688 788 tati,
729 740 938 800 neque
969 711 1268 800 lacrymis
1299 721 1553 800 dignus,
1586 721 1693 781 sed
1731 711 2316 791 lameniationibus,
2352 722 2553 800 magis
2584 711 2797 800 autem
2818 716 3029 800 luctu.
3060 714 3219 800 Nam
3248 711 3617 800 et_Dominus
3642 730 3727 800 no-

551 810 682 862 ster
708 791 893 882 Jesus
924 791 1215 882 Christus
1244 791 1736 882 .lero'solymam,
1767 800 1913 873 licet
1942 801 2133 882 impie
2164 791 2490 882 agentem:
2517 797 2698 882 iuxit.
2719 794 3209 882 etiacrymattis
3252 797 3369 851 est.
3407 791 3729 882 fleui-ade-

549 900 685 941 cem
733 881 1012 941 millibus
1059 880 1357 959 lacrymis
1403 868 1575 958 dig'ni
1622 868 1884 960 sumus,
1933 868 2149 960 decem
2196 868 2476 960 millibus
2520 868 3113 960 lamentationibus.
3149 868 3455 960 Siomnis
3484 868 3732 960 habitatio

550 965 735 1020 terrm
764 962 1030 1019 extollat
1066 948 1281 1018 vocem
1315 948 1519 1025 suain,
1548 964 1609 1017 et
1637 948 1902 1035 lapides.
1936 964 1993 1016 et
2022 959 2220 1034 ligna,
2249 961 2311 1013 et
2338 957 2629 1019 arbores,
2660 957 2725 1013 et
2756 952 2998 1015 bestias.
3031 954 3091 1009 et
3129 948 3408 1008 volatilia
3428 992 3442 1010 .
3469 952 3527 1006 et
3552 948 3732 1023 pisces.

549 1058 610 1105 et
643 1051 709 1104 ut
734 1046 924 1105 simul
952 1044 1184 1114 dicam,
1218 1047 1389 1105 totus
1427 1045 1702 1105 mundus
1740 1046 1790 1104 si
1830 1064 2046 1106 vocem
2079 1048 2348 1109 extollat
2377 1045 2454 1107 ad
2482 1044 2969 1105 lamentandnm
3001 1062 3120 1104 nos
3148 1089 3163 1115 ,
3201 1045 3310 1121 qui
3356 1048 3434 1107 ab
3476 1048 3585 1109 illis
3612 1052 3747 1111 bonis

553 1126 935 1191 excidimus,
975 1124 1135 1183 nihil
1162 1124 1427 1202 dignum
1458 1125 2005 1197 lamentahuntur.
2037 1130 2257 1199 Qualis
2290 1127 2459 1185 enim
2497 1143 2707 1184 sermo
2739 1124 3102 1201 eXprimere
3135 1125 3595 1203 poterit,qualis
3617 1149 3749 1193 mens

553 1208 730 1265 illam
766 1204 1223 1265 beatitudinem
1259 1204 1566 1283 illamque
1594 1205 1913 1283 virtutem,
1945 1206 2119 1265 illam
2151 1205 2674 1273 delectationem,
2709 1203 2885 1263 illam
2915 1203 3184 1283 gloriam
3208 1247 3223 1267 ,
3254 1203 3427 1263 illam
3453 1206 3749 1283 jucundiu-

554 1292 706 1353 tem,
755 1284 951 1362 illam
979 1283 1379 1362 claritatem?
1418 1280 1566 1362 Qua?
1613 1282 1849 1350 oculus,
1904 1285 2136 1362 inquit,
2184 1304 2314 1345 non
2345 1284 2529 1358 cidit.
2562 1301 2672 1362 nec
2707 1282 2880 1362 auris
2910 1280 3179 1347 audivit,
3216 1291 3269 1340 et
3300 1283 3365 1342 in
3400 1280 3503 1342 cor
3550 1286 3750 1348 homini:

550 1383 681 1424 non
728 1359 1029 1443 ascendit.
1059 1362 1195 1421 Non
1247 1360 1407 1419 dixit
1456 1361 1606 1443 quia
1632 1359 2028 1443 transcendit
2066 1383 2177 1423 cor
2216 1363 2520 1429 hominis,
2568 1361 2678 1421 sed
2709 1361 2865 1438 quia
2899 1379 3112 1438 neque
3143 1362 3453 1421 intellexit
3479 1366 3748 1443 quisquam

556 1442 938 1522 aliquando,
971 1458 1115 1522 quae
1146 1441 1531 1517 prazparavit
1563 1440 1734 1522 Deus
1782 1442 2194 1522 diligentibus
2244 1461 2334 1503 se.
2388 1442 2679 1522 Quorum
2709 1443 3041 1522 bonorum
3082 1447 3476 1522 prmparator
3507 1449 3562 1502 et
3595 1440 3747 1522 opifex

555 1519 724 1584 Deus
752 1527 869 1590 est,
900 1521 1121 1596 qualia
1154 1537 1294 1579 esse
1326 1522 1647 1596 possunt?
1671 1520 1729 1579 Si
1760 1519 1927 1579 enim
1957 1521 2196 1583 faciens
2228 1541 2370 1589 nos,
2404 1521 2619 1581 statim
2649 1519 2857 1580 adhuc
2886 1520 3070 1579 nobis
3097 1520 3256 1579 nihil
3286 1522 3601 1598 agentibus
3624 1519 3747 1597 tanta

557 1604 725 1662 bona
776 1599 1047 1677 largitus
1101 1604 1218 1667 est,
1282 1598 1677 1674 paradisum,
1737 1600 2323 1662 confabulationem
2389 1618 2599 1669 suam,
2656 1599 3225 1663 immortalitatem.
3287 1602 3569 1675 promisit
3609 1605 3748 1664 vitam

556 1684 809 1741 beatam
856 1686 919 1738 et
961 1695 997 1739 a
1035 1680 1219 1737 curis'
1240 1678 1509 1738 liberam
1544 1698 1557 1736 :
1589 1679 1679 1738 eis
1713 1680 1822 1755 qui
1862 1685 2039 1741 tanta
2067 1680 2335 1741 fecerint
2364 1685 2426 1739 et
2455 1679 2566 1756 qui
2598 1679 2991 1738 certaverint
3022 1684 3083 1737 et
3114 1679 3223 1756 qui
3260 1696 3375 1755 pro
3402 1696 3476 1737 eo
3504 1684 3750 1743 sustinue-

557 1761 708 1827 rint,
741 1758 895 1836 quid
926 1774 1055 1817 non
1087 1762 1510 1834 praestaturus
1547 1759 1687 1817 est?
1712 1758 2054 1836 Unigenito
2077 1757 2364 1819 Filiosuo
2392 1776 2519 1818 non
2551 1759 2858 1835 pepercit,
2901 1764 3167 1834 propter
3202 1776 3320 1817 nos
3364 1758 3578 1818 Filium
3614 1781 3748 1821 suum

560 1842 893 1916 prOprium
944 1837 1010 1895 in
1056 1842 1326 1896 mortem
1373 1837 1651 1903 tradidit,
1691 1844 1956 1913 prapter
1998 1857 2115 1899 nos
2172 1840 2467 1899 inimicos
2510 1838 2663 1896 dum
2702 1837 2939 1897 inimici
2987 1855 3274 1896 essemus
3314 1856 3329 1893 :
3367 1839 3585 1914 quibus
3612 1843 3751 1900 rebus

557 1936 683 1979 non
734 1935 848 1977 nos
891 1916 1285 1992 dignabitur,
1332 1916 1384 1975 si
1430 1916 1615 1976 amici
1664 1916 1971 1976 fuerimus
2006 1918 2209 1979 effecti
2237 1920 2267 1975 ?
2295 1918 2447 1995 quid
2478 1917 2662 1976 nobis
2693 1934 2821 1975 non
2861 1918 3138 1976 tribuet?
3169 1917 3277 1975 Est
3319 1918 3487 1995 enim
3521 1917 3683 1987 dives,
3711 1932 3753 1980 cl

561 1998 876 2064 infinitus,
922 2002 983 2055 et
1022 1996 1341 2054 desiderat
1370 2002 1431 2057 et
1460 1996 1719 2055 festinat
1763 2003 2049 2057 nostram
2079 1994 2424 2059 amicitiam
2454 1997 2716 2062 habere,
2755 2012 2873 2055 nos
2902 2002 3116 2055 autem
3149 2012 3279 2054 non
3315 1994 3658 2057 festinamus
3680 2020 3691 2055 :
3713 2010 3752 2058 cl

540 2077 712 2169 quid
760 2077 925 2147 dico,
974 2072 1582 2169 nonnfestinampsg
1608 2094 1819 2152 neque
1851 2077 2152 2169 _volu‘mus
2183 2076 2447 2169 adipisci
2480 2075 2862 2169 ejus‘hona,
2896 2076 3062 2167 sicut
3108 2075 3216 2134 ille
3250 2076 3425 2143 vult,
3462 2082 3518 2135 et
3543 2078 3753 2169 amplius

562 2158 745 2216 vult:
783 2173 930 2216 nam
982 2172 1065 2213 ex
1116 2154 1192 2212 iis
1246 2171 1392 2230 quae
1445 2156 1589 2215 fecit
1642 2156 1939 2214 ostendit.
1988 2158 2114 2217 Nos
2164 2157 2337 2217 enim
2382 2171 2498 2232 pro
2545 2155 2888 2231 nobisipsis
2932 2156 3043 2215 vix
3082 2171 3326 2232 paucos
3360 2154 3752 2216 contemnimus

557 2253 792 2297 aureos
824 2255 839 2294 :
877 2235 1012 2312 ipse
1064 2238 1279 2293 autem
1324 2250 1440 2310 pro
1487 2234 1669 2293 nobis
1714 2234 1908 2295 etiam
1956 2236 2186 2296 Filium
2230 2253 2420 2295 suum
2464 2233 2742 2293 tradidit.
2775 2235 3043 2295 Utamur
3086 2233 3286 2311 igitur
3326 2234 3403 2294 ad
3431 2236 3755 2295 commodum

557 2321 850 2375 nas-trum
878 2312 1309 2393 caritategDei,
1344 2313 1634 2372 fruamur
1663 2313 1802 2392 ejus
1832 2315 2135 2376 amicitia.
2182 2316 2306 2375 Vos
2343 2314 2527 2379 enim.
2563 2314 2796 2393 inquit,
2838 2314 3026 2373 amici
3070 2313 3190 2372 mei
3236 2314 3422 2379 estis,
3469 2315 3522 2374 si
3556 2315 3756 2393 [cerritis

560 2414 697 2473 qua:
728 2394 866 2454 dico
899 2391 1097 2453 vobis.
1130 2392 1184 2451 Ο
1216 2392 1668 2473 inenarrabilis
1705 2394 2179 2473 misericordial
2215 2394 2505 2473 inimicos
2536 2400 2596 2451 et
2628 2392 2877 2452 infinito
2908 2393 3252 2473 intervallo
3279 2395 3363 2453 ab
3392 2410 3467 2453 eo
3492 2391 3755 2457 distantes.
3792 2446 3795 2447 ν

558 2471 593 2534 a
628 2474 863 2552 quibus
901 2471 1387 2552 incomparabili
1423 2472 1769 2533 eminentia
1798 2473 1862 2531 in
1896 2475 2195 2552 omnibus
2221 2472 2574 2539 differebat,
2608 2473 2723 2532 hos
2749 2473 2987 2552 amicos
3012 2480 3071 2531 et
3095 2472 3241 2552 facit
3272 2477 3338 2531 et
3363 2476 3537 2532 vocat
3559 2475 3757 2534 amicos.

556 2548 721 2627 Quid
754 2554 948 2631 igitur
977 2552 1110 2629 pati
1144 2568 1272 2609 non
1304 2550 1653 2611 debemus?
1682 2552 1834 2628 quid
1864 2570 1992 2611 non
2039 2548 2313 2613 libenter
2359 2553 2638 2612 tolerare
2690 2568 2805 2629 pro
2847 2551 2964 2611 hac
3007 2551 3339 2631 amicitia?
3388 2554 3504 2611 Pro
3544 2553 3758 2611 amicitia

560 2630 799 2693 etenim
847 2632 1179 2691 hominum
1232 2646 1399 2707 saepe
1443 2631 1913 2706 periclitamur,
1949 2649 2066 2709 pro
2098 2633 2207 2692 Dei
2240 2631 2519 2692 amicitia
2566 2649 2683 2690 nec
2731 2632 3037 2707 pecunias
3088 2630 3413 2707 patienter
3455 2632 3758 2691 amittimus.

564 2714 766 2773 Luctu
810 2728 962 2770 vero
993 2710 1199 2790 dignae
1237 2727 1339 2769 res
1378 2716 1611 2790 nostra:
1642 2716 1829 2782 sunt,
1874 2712 2051 2771 luctu
2093 2717 2155 2771 et
2191 2711 2494 2790 lacrymis
2542 2716 2604 2769 et
2650 2710 3218 2790 lamentationibus
3266 2716 3334 2769 et
3370 2711 3761 2770 ululationibus

560 2791 833 2869 magnis.
862 2789 1194 2849 Humiliati
1228 2806 1455 2848 sumus
1486 2789 1561 2849 de
1589 2790 1976 2851 Sublimitate
2004 2796 2247 2862 nostra,
2283 2789 2523 2867 indigni
2561 2790 2803 2848 honore
2831 2789 2939 2850 Dei
2973 2789 3359 2869 claruimus,
3393 2790 3606 2865 ingrati
3632 2796 3760 2848 tanto

561 2868 871 2960 beneficio
910 2868 1054 2929 facti
1102 2886 1326 2928 sumus
1367 2874 1430 2926 et
1473 2869 1879 2960 sipegratia,
1904 2870 2197 2960 nudavit
2238 2888 2352 2929 nos
2382 2870 2692 2960 omnibus.
2726 2868 2917 2960 bonis
2946 2868 3241 2960 diabolus
3273 2869 3761 2960 §.qui_dignitatem

559 2949 837 3010 filiorum
869 2964 1346 3025 acceperamus,
1380 2948 1490 3023 qui
1521 2946 1775 3016 fratres,
1806 2949 1917 3026 qui
1953 2949 2216 3009 heredes
2248 2966 2535 3015 eramus,
2570 2950 2652 3007 ab
2678 2946 2953 3007 inimicis
2984 2948 3124 3024 ejus
3155 2947 3317 3006 nihil
3351 2946 3669 3007 differimus
3694 2949 3759 3006 in-

555 3029 950 3108 juriantibus
979 3045 1147 3108 eum.
1180 3027 1361 3099 Quod
1396 3027 1577 3108 nobis
1607 3028 1726 3086 erit
1756 3029 2054 3088 solatium
2085 3029 2161 3089 de
2192 3036 2422 3088 czetero
2444 3028 2638 3108 ?Alpse
2664 3044 2779 3108 nos
2817 3028 3069 3108 vocavit
3098 3026 3174 3087 ad
3198 3027 3454 3108 exciam,
3480 3045 3582 3087 nos
3604 3032 3761 3087 autem

564 3105 858 3186 nosipsos
908 3109 969 3167 in
1016 3106 1375 3186 gehennam
1424 3107 1818 3183 impulimus.
1867 3108 2272 3167 Mendacium
2318 3112 2379 3166 et
2422 3106 2806 3186 adulterium
2837 3112 2899 3165 et
2936 3106 3175 3166 furtum
3204 3105 3439 3167 dilfusa
3469 3112 3603 3167 sunt
3624 3125 3758 3183 super

561 3185 798 3249 terram
834 3207 848 3246 :
878 3186 984 3246 alii
1042 3185 1299 3262 quidem
1354 3186 1737 3264 sanguinem
1787 3205 1984 3264 super
2033 3187 2415 3265 sanguinem
2477 3185 2784 3254 fundunt,
2834 3186 2941 3247 alii
2992 3202 3222 3247 causas
3272 3192 3476 3263 agunt
3520 3186 3763 3264 sanguine

559 3270 834 3347 pejores.
869 3265 1129 3347 Plurimi
1168 3283 1318 3324 vero
1349 3283 1571 3325 eorum
1599 3267 1709 3342 qui
1740 3267 2164 3347 injuriantur,
2200 3265 2461 3347 plurimi
2484 3283 3023 3347 eorum_quorum
3048 3283 3152 3325 res
3183 3265 3585 3347 auferuntur,
3604 3265 3764 3347 decem

530 3345 760 3411 ‘millia
791 3352 1027 3406 mortes
1062 3345 1521 3421 imprecantur,
1555 3361 1751 3421 quam
1780 3346 1884 3406 illa
1914 3347 2080 3419 pati;
2114 3352 2175 3405 et
2205 3346 2257 3404 si
2292 3363 2419 3404 non
2455 3346 2678 3403 timore
2710 3345 2820 3403 Dei
2855 3352 3365 3414 revOcarenlur,
3396 3346 3620 3421 seipsos
3646 3345 3767 3421 inte-

558 3428 886 3487 rimerent.
923 3425 1068 3485 Haec
1099 3420 1293 3502 igitur
1325 3441 1449 3483 non
1482 3420 1797 3499 sanguine
1832 3425 2053 3502 pejora
2088 3426 2286 3484 sunt?
2318 3425 2462 3483 lIcu
2500 3425 2652 3484 mihi
2678 3425 2909 3489 anima,
2940 3424 3237 3503 quoniam
3279 3425 3470 3502 periit
3494 3420 3687 3503 justus
3719 3420 3768 3479 de

564 3519 753 3572 terra.
784 3514 839 3564 et
867 3514 1101 3563 rectum
1130 3521 1314 3579 agens
1338 3503 1403 3562 in
1425 3503 1778 3563 hominibus
1798 3522 1927 3562 non
1954 3513 2062 3562 est.
2096 3505 2278 3565 Nunc
2302 3504 2493 3563 etiam
2522 3521 2636 3561 nos
2665 3504 3022 3563 clamamus
3047 3502 3123 3561 de
3155 3502 3763 3576 nobisipsisprimum.

555 3584 673 3645 Sed
704 3584 856 3644 mihi
884 3584 1338 3664 consociamini
1370 3583 1449 3664 ad
1485 3583 1749 3644 luctum.
1789 3585 2109 3648 Fortassis
2146 3590 2317 3651 enim
2351 3585 2611 3664 quidam
2642 3585 3054 3664 augurantur
3078 3585 3139 3641 et
3164 3580 3462 3641 irrident.
3491 3582 3763 3664 Propterea

554 3668 807 3742 oportet
829 3666 1029 3743 magis
1059 3663 1405 3743 extendere
1437 3663 1701 3743 luctum,
1734 3666 1887 3741 quia
1922 3668 2007 3728 ita
2039 3660 2402 3730 insanimus
2435 3669 2497 3724 et
2527 3663 2852 3743 dementes
2886 3660 3032 3721 facti
3065 3678 3328 3743 sumus;
3354 3666 3419 3743 _et
3449 3678 3637 3743 neque
3653 3660 3763 3737 quia

556 3739 646 3825 ita
674 3739 1058 3825 insanimus.
1087 3742 1523 3820 agnoscimus.
1558 3742 1665 3825 sed
1693 3739 2023 3825 inquibus
2056 3750 2696 3825 oportebatgemere,
2727 3740 3031 3825 ridemus.
3069 3739 3501 3825 Revelahitur,
3544 3758 3573 3797 ο
3601 3739 3764 3825 Itomo.

557 3824 659 3907 ira
685 3823 805 3907 _Dei
828 3822 903 3881 de
936 3822 1083 3907 _ctclo
1113 3819 1302 3899 super
1347 3838 1582 3907 omnem
1618 3819 1989 3907 impietatem
2037 3819 2553 3907 et'iniquitatcm._
2574 3819 3072 3907 OmnibasDeus
3106 3819 3476 3907 manifest-us
3502 3820 3697 3880 cmict.
3730 3826 3765 3875 rt

559 3903 726 3981 ignis
754 3908 899 3984 ante
926 3898 1492 3984 ipsumprwcedei.
1536 3908 1591 3958 ct
1632 3898 1801 3961 circa
1845 3922 1979 3984 eum
2027 3898 2351 3984 tempestas
2382 3902 2612 3984 valida.
2653 3899 2833 3984 Ignis
2873 3898 2940 3959 in
2986 3908 3325 3984 conspecti:
3354 3899 3483 3977 ejus
3522 3908 3764 3984 consumet

559 3977 616 4040 εὶ
646 3977 1103 4060 conﬂamniabit
1131 3977 1421 4060 inimicos
1449 3979 1517 4060 in
1546 3996 1792 4060 gyrum.
1834 3983 1986 4042 Dies
2014 3977 2271 4047 Domini
2299 3982 2526 4050 veniet,
2558 3988 2629 4039 ut
2660 3977 3233 4060 clibangueardens.
3268 3978 3349 4037 Et
3384 3978 3694 4060 nemohiec
3724 3977 3765 4033 in

563 4057 839 4119 mentem
871 4074 1056 4119 suam
1101 4059 1329 4129 mittit,
1376 4058 1483 4118 sed
1519 4059 1710 4118 veluti
1752 4060 2000 4124 fabulas
2033 4064 2505 4126 contemnimus
2552 4060 2683 4119 haec
2723 4057 3037 4118 terribilia
3078 4062 3141 4115 et
3180 4058 3523 4119 metuenda
3549 4058 3763 4115 decreta.

561 4139 789 4199 Nullus
816 4137 1082 4198 audiens
1111 4138 1508 4214 obstupescit
1538 4138 1635 4198 vel
1667 4142 2084 4213 congelascit,
2115 4161 2338 4206 omnes
2368 4142 2665 4201 irrisores
2686 4142 2747 4198 et
2769 4137 3067 4196 illusores
3094 4135 3238 4196 facti
3263 4143 3439 4196 sunt.
3463 4138 3604 4210 Quis
3629 4136 3759 4214 nobis

563 4218 687 4278 erit
733 4216 966 4288 aditus,
1013 4216 1182 4277 unde
1227 4212 1497 4277 salutem
1549 4212 1988 4295 reperiemus?
2030 4212 2414 4292 Perivimus,
2462 4216 2826 4295 consumpti
2870 4232 3117 4287 sumus,
3152 4216 3301 4276 facti
3351 4234 3566 4277 sumus
3604 4212 3763 4274 irrisio

566 4296 973 4379 inimicorum
1003 4300 1394 4379 nostrorum,
1419 4302 1481 4355 et
1506 4294 1721 4379 illusio
1748 4316 2172 4379 paganorum,
2204 4302 2398 4361 simul
2425 4304 2487 4360 et
2511 4294 2997 4379 dmmoniorum.

643 4376 969 4450 Quantum
1001 4376 1282 4455 exsultat
1310 4394 1480 4436 nunc
1506 4382 1568 4436 et
1595 4372 1923 4453 diabolus,
1951 4386 2015 4441 et
2041 4382 2321 4455 gestiens
2354 4381 2646 4439 laetatur:
2684 4376 2895 4455 angeli
2926 4391 3080 4455 vero
3104 4374 3348 4451 quibus
3379 4372 3670 4436 commissi
3694 4387 3764 4430 su-

567 4472 750 4537 mus,
780 4455 846 4513 in
874 4453 1252 4516 confusione
1281 4464 1453 4515 sunt.
1491 4455 1730 4518 Omnes
1782 4459 1845 4517 in
1882 4453 2173 4537 proclivo
2217 4476 2479 4529 sumus,
2518 4455 2739 4537 nullus
2788 4454 3219 4522 convertitur,
3252 4454 3575 4537 superfluo
3598 4455 3763 4537 cuncta

566 4534 752 4595 nobis
787 4550 1072 4611 expensa
1103 4540 1286 4603 sunt,
1320 4552 1435 4595 nos
1459 4552 1722 4614 quoque
1756 4530 2047 4599 videmur
2070 4539 2248 4601 vobis
2272 4538 2573 4599 delirare.
2608 4534 3063 4612 Opportunum
3081 4539 3185 4614 _est
3209 4530 3406 4614 etiam
3436 4550 3593 4593 nunc
3614 4530 3765 4614 adio—

542 4632 716 4676 care
744 4607 1003 4683 caelum,
1047 4614 1359 4691 quoniam
1412 4607 1635 4675 nullus
1680 4622 1778 4676 est
1820 4617 2124 4689 audiens,
2176 4616 2504 4679 testificari
2552 4607 2868 4675 elementa
2902 4632 2917 4670 :
2954 4612 3123 4673 Audi
3138 4659 3151 4679 ,
3203 4613 3448 4680 malum,
3487 4622 3538 4672 et
3574 4607 3765 4691 attribui

564 4694 850 4774 percipe,
886 4687 1089 4774 terra;
1115 4693 1266 4774 quia
1294 4692 1588 4774 loquutus
1620 4704 1706 4755 est
1735 4697 2066 4757 Dominus.
2096 4687 2257 4759 Date
2285 4713 2584 4767 manum,
2616 4692 2922 4774 porrigite
2951 4692 3061 4774 qui
3092 4692 3366 4774 necdum
3391 4691 3627 4774 dimersi
3662 4687 3766 4774 esti}

567 4767 825 4854 cum'iis
857 4772 1064 4854 quiin
1096 4767 1406 4854 ebrietate
1440 4773 1804 4850 iniquitatis
1846 4774 2216 4854 perierunt,
2250 4793 2365 4838 vos
2410 4774 2521 4852 qui
2574 4767 2736 4854 sani
2764 4767 2916 4854 estis
2961 4767 3408 4854 laborantibus
3430 4817 3446 4845 ,
3489 4770 3589 4849 qui
3624 4767 3764 4854 sobrii

568 4854 721 4935 estis
755 4845 1115 4935 furentibus
1138 4856 1201 4935 et
1226 4845 1709 4935 bacchantibus.
1739 4845 1939 4915 Nemo
1960 4901 1976 4929 ,
2005 4845 2275 4917 obsecro
2294 4899 2311 4928 ,
2345 4845 2618 4935 gratiam
2645 4851 2836 4935 saiuti
2876 4849 3231 4935 amicorum
3250 4845 3581 4935 praeponat
3603 4845 3766 4935 :ctin-

565 4932 739 5011 juria
771 4936 830 4990 et
853 4930 1210 5011 increpatio
1235 4930 1314 4991 ad
1339 4948 1539 5011 unum
1570 4936 1818 4993 tantum
1844 4927 2128 4996 attendat
2150 4980 2166 5005 ,
2201 4935 2324 5011 hoc
2348 4927 2480 5002 cst,
2512 4931 2590 4993 ad
2621 4931 2961 5011 utilitatem
2988 4930 3288 5011 proximi.
3314 4927 3470 5011 Cum
3501 4927 3663 4989 febris
3683 4940 3767 5011 ρεα-

571 5005 905 5088 cupaverit
943 5005 1370 5086 quemquam,
1399 5010 1591 5072 etiam
1640 5014 1809 5073 servi
1851 5008 2271 5076 dominantur
2304 5012 2602 5073 dominis.
2646 5010 2803 5070 Cum
2846 5005 3017 5067 enim
3061 5009 3166 5068 ille
3195 5008 3575 5075 incenditur,
3613 5005 3764 5088 anima

573 5082 714 5170 ejus
731 5082 1180 5170 confunditur:
1210 5089 1434 5170 Adstat
1476 5108 1632 5170 ergo
1662 5092 1818 5151 ordo
1848 5110 2184 5154 servorum
2207 5138 2223 5167 ,
2275 5093 2438 5153 nulli
2482 5092 2980 5170 obsequuntur!
3016 5090 3635 5170 nequecognoscunt
3662 5082 3765 5170 jura

579 5161 1004 5251 dominicaad
1035 5168 1360 5251 lwsionem
1388 5161 1654 5251 domini.
1686 5170 2080 5234 Convertant
2109 5161 2222 5233 vos
2251 5172 2483 5251 igitur,
2516 5161 2826 5251 obsecro,
2858 5166 3027 5251 bella
3070 5161 3446 5251 quotidiana
3466 5211 3482 5237 ,
3507 5161 3766 5226 dimersio—

580 5264 689 5329 nes
710 5292 725 5315 ,
762 5246 1155 5329 perd‘itiones
1177 5247 1395 5329 decem
1419 5249 1616 5310 millia
1642 5251 2058 5314 circumcirca
2089 5273 2104 5312 :
2136 5246 2425 5329 undique
2454 5251 2553 5311 ira
2580 5248 2694 5329 Dei
2735 5264 2853 5329 nos
2884 5246 3350 5329 circumscpsit.
3383 5247 3504 5307 Nos
3533 5260 3662 5305 vero
3686 5257 3767 5329 te:

582 5327 692 5387 luti
715 5313 1197 5403 complacentes
1232 5327 1399 5396 Deo,
1428 5345 1680 5391 summa
1707 5348 1851 5390 cum
1882 5313 2269 5393 confidentia
2301 5313 2529 5392 manus
2559 5328 2636 5389 ad
2674 5326 3015 5388 avaritiam
3051 5313 3521 5403 prieparamus;
3547 5336 3697 5385 nemo
3715 5313 3767 5403 qd

582 5395 933 5489 iuvandum
967 5423 1231 5465 :omnes
1257 5395 1691 5489 adrapinam,
1726 5411 1943 5471 nullus
1976 5411 2055 5472 ad
2099 5407 2642 5489 patrocinandum
2679 5426 2693 5465 ε
2728 5395 3204 5489 unusquisque
3229 5404 3483 5465 festinat
3511 5395 3767 5487 juomo'do

578 5484 1010 5568 substantiam
1033 5501 1217 5568 suam
1250 5484 1440 5546 faciat
1462 5487 1869 5568 ampliorem;
1900 5484 2120 5565 nullus
2151 5487 2697 5568 quemadmodum
2728 5484 2987 5568 adjuvet
3012 5484 3400 5568 indigentem
3422 5504 3461 5568 _:_
3482 5484 3767 5568 unusquis-

577 5582 706 5649 que
734 5564 1057 5642 quomodo
1085 5563 1273 5649 addat
1300 5559 1592 5649 pecuniis
1625 5568 1758 5628 suis
1785 5559 2144 5649 excogitat,
2169 5559 2231 5629 et
2256 5570 2529 5649 multam
2557 5567 2750 5627 habet
2776 5559 3307 5649 sollicitudinem;
3330 5564 3537 5649 nullus
3560 5559 3767 5649 qualiter

577 5642 863 5724 animam
898 5660 1083 5724 suam
1113 5645 1318 5724 salvet
1360 5664 1375 5703 :
1421 5646 1613 5706 timor
1641 5642 1981 5708 continuit'
1998 5666 2222 5710 omnes
2243 5692 2259 5720 ,
2309 5666 2391 5710 ne
2422 5646 2501 5708 ad
2534 5644 2911 5724 pauperiem
2937 5642 3349 5724 redigantur;
3378 5648 3449 5704 ut
3473 5647 3654 5724 autem
3680 5646 3765 5693 non

581 5722 941 5784 incidamus
976 5723 1042 5783 in
1067 5723 1461 5803 gehennam,
1500 5725 1719 5787 nullus
1749 5728 2037 5801 laborat,
2070 5728 2291 5790 nullus
2344 5719 2583 5787 tremit.
2630 5719 2781 5784 Haec
2810 5719 3108 5803 luctibus
3138 5721 3329 5801 digna
3368 5726 3537 5803 sunt,
3567 5719 3672 5803 huic
3692 5729 3767 5803 ας·

580 5804 949 5888 cusatione,
978 5796 1111 5883 haec
1144 5804 1572 5868 incusatione.
1600 5806 1742 5871 Non
1765 5807 1900 5869 haec
1923 5796 2201 5871 dicerem
2220 5852 2236 5879 ,
2265 5806 2376 5884 sed
2402 5806 2629 5867 dolore
2659 5802 3036 5881 compellor.
3072 5796 3417 5880 Ignoscite,
3445 5799 3619 5861 nimio
3642 5796 3764 5854 luctu
