  <div class='ocr_page' id='page_1' title='image "/cluster/home/n/w/nwhite01/storage/ocr_20150623/63/hvd.32044013655725/320.png"; bbox 0 0 3892 6402; ppageno 0'>
   <div class='ocr_carea' id='block_1_1' title="bbox 251 340 3455 428">
    <p class='ocr_par' dir='ltr' id='par_1_1' title="bbox 251 340 3455 428">
     <span class='ocr_line' id='line_1_1' title="bbox 251 340 3455 428; baseline -0.002 -1"><span class='ocrx_word' id='word_1_1' title='bbox 251 372 342 428; x_wconf 81' lang='lat'><strong>587</strong></span> <span class='ocrx_word' id='word_1_2' title='bbox 813 363 1126 422; x_wconf 64' lang='grc' dir='ltr'><strong>ΜΗΤΗΝο</strong></span> <span class='ocrx_word' id='word_1_3' title='bbox 1162 362 1407 420; x_wconf 78' lang='lat' dir='ltr'><strong>SCHOL.</strong></span> <span class='ocrx_word' id='word_1_4' title='bbox 1448 362 1904 421; x_wconf 77' lang='lat' dir='ltr'><strong>lN&#39;fERl&#39;llETE.</strong></span> <span class='ocrx_word' id='word_1_5' title='bbox 1946 392 2017 407; x_wconf 85' lang='lat'><em>--</em></span> <span class='ocrx_word' id='word_1_6' title='bbox 2044 363 2197 421; x_wconf 60' lang='lat' dir='ltr'><strong>CAP.</strong></span> <span class='ocrx_word' id='word_1_7' title='bbox 2240 362 2337 418; x_wconf 64' lang='lat' dir='ltr'><strong>XI.</strong></span> <span class='ocrx_word' id='word_1_8' title='bbox 2373 362 2604 422; x_wconf 78' lang='lat' dir='ltr'><strong>llOMlL.</strong></span> <span class='ocrx_word' id='word_1_9' title='bbox 2646 340 2864 422; x_wconf 38' lang='lat' dir='ltr'><strong>XXIV.‘</strong></span> <span class='ocrx_word' id='word_1_10' title='bbox 3347 360 3455 419; x_wconf 62' lang='lat'><strong>339.</strong></span> 
     </span>
    </p>
   </div>
   <div class='ocr_carea' id='block_1_2' title="bbox 247 454 3449 548">
    <p class='ocr_par' dir='ltr' id='par_1_2' title="bbox 247 454 3449 548">
     <span class='ocr_line' id='line_1_2' title="bbox 247 454 3449 548; baseline -0.002 -6"><span class='ocrx_word' id='word_1_11' title='bbox 247 475 433 542; x_wconf 85' lang='lat' dir='ltr'><strong>vocari</strong></span> <span class='ocrx_word' id='word_1_12' title='bbox 459 471 647 532; x_wconf 89' lang='lat' dir='ltr'><strong>Deus.</strong></span> <span class='ocrx_word' id='word_1_13' title='bbox 680 468 818 548; x_wconf 84' lang='lat' dir='ltr'><strong>Non</strong></span> <span class='ocrx_word' id='word_1_14' title='bbox 843 468 1053 529; x_wconf 89' lang='lat' dir='ltr'><strong>solum</strong></span> <span class='ocrx_word' id='word_1_15' title='bbox 1084 470 1321 530; x_wconf 90' lang='lat' dir='ltr'><strong>mundo</strong></span> <span class='ocrx_word' id='word_1_16' title='bbox 1350 454 1654 548; x_wconf 71' lang='lat' dir='ltr'><strong>aequales,</strong></span> <span class='ocrx_word' id='word_1_17' title='bbox 1686 471 1795 532; x_wconf 89' lang='lat' dir='ltr'><strong>sed</strong></span> <span class='ocrx_word' id='word_1_18' title='bbox 1824 459 1997 530; x_wconf 81' lang='lat' dir='ltr'><strong>mille</strong></span> <span class='ocrx_word' id='word_1_19' title='bbox 2029 469 2262 529; x_wconf 75' lang='lat' dir='ltr'><strong>talibus</strong></span> <span class='ocrx_word' id='word_1_20' title='bbox 2289 479 2694 546; x_wconf 66' lang='lat' dir='ltr'><strong>aequiparant</strong></span> <span class='ocrx_word' id='word_1_21' title='bbox 2720 466 3093 548; x_wconf 83' lang='lat' dir='ltr'><strong>meritorum</strong></span> <span class='ocrx_word' id='word_1_22' title='bbox 3124 480 3449 538; x_wconf 87' lang='lat' dir='ltr'><strong>momenta</strong></span> 
     </span>
    </p>
   </div>
   <div class='ocr_carea' id='block_1_3' title="bbox 242 547 3452 629">
    <p class='ocr_par' dir='ltr' id='par_1_3' title="bbox 242 547 3452 629">
     <span class='ocr_line' id='line_1_3' title="bbox 242 547 3452 629; baseline -0.001 -13"><span class='ocrx_word' id='word_1_23' title='bbox 242 563 575 620; x_wconf 87' lang='lat' dir='ltr'><strong>sanctorum</strong></span> <span class='ocrx_word' id='word_1_24' title='bbox 606 569 620 607; x_wconf 92' lang='lat'><strong>:</strong></span> <span class='ocrx_word' id='word_1_25' title='bbox 650 547 886 629; x_wconf 81' lang='lat' dir='ltr'><strong>Melior</strong></span> <span class='ocrx_word' id='word_1_26' title='bbox 912 549 1149 625; x_wconf 85' lang='lat' dir='ltr'><strong>quippe</strong></span> <span class='ocrx_word' id='word_1_27' title='bbox 1177 568 1340 608; x_wconf 83' lang='lat' dir='ltr'><strong>unus</strong></span> <span class='ocrx_word' id='word_1_28' title='bbox 1366 547 1599 629; x_wconf 72' lang='lat' dir='ltr'><strong>faciens</strong></span> <span class='ocrx_word' id='word_1_29' title='bbox 1627 549 2316 629; x_wconf 75' lang='lat' dir='ltr'><strong>voluntatemDomini,</strong></span> <span class='ocrx_word' id='word_1_30' title='bbox 2352 565 2533 629; x_wconf 77' lang='lat' dir='ltr'><strong>quam</strong></span> <span class='ocrx_word' id='word_1_31' title='bbox 2559 548 2759 608; x_wconf 86' lang='lat' dir='ltr'><strong>decem</strong></span> <span class='ocrx_word' id='word_1_32' title='bbox 2787 547 2987 608; x_wconf 80' lang='lat' dir='ltr'><strong>millia</strong></span> <span class='ocrx_word' id='word_1_33' title='bbox 3014 548 3239 629; x_wconf 83' lang='lat' dir='ltr'><strong>iniqui.</strong></span> <span class='ocrx_word' id='word_1_34' title='bbox 3269 550 3452 627; x_wconf 85' lang='lat' dir='ltr'><strong>Quod</strong></span> 
     </span>
    </p>
   </div>
   <div class='ocr_carea' id='block_1_4' title="bbox 244 626 3453 706">
    <p class='ocr_par' dir='ltr' id='par_1_4' title="bbox 244 626 3453 706">
     <span class='ocr_line' id='line_1_4' title="bbox 244 626 3453 706; baseline -0.002 -9"><span class='ocrx_word' id='word_1_35' title='bbox 244 652 378 697; x_wconf 88' lang='lat' dir='ltr'><strong>vero</strong></span> <span class='ocrx_word' id='word_1_36' title='bbox 399 633 485 691; x_wconf 92' lang='lat' dir='ltr'><strong>sic</strong></span> <span class='ocrx_word' id='word_1_37' title='bbox 509 647 574 688; x_wconf 91' lang='lat' dir='ltr'><strong>se</strong></span> <span class='ocrx_word' id='word_1_38' title='bbox 596 627 968 705; x_wconf 84' lang='lat' dir='ltr'><strong>peregrinos</strong></span> <span class='ocrx_word' id='word_1_39' title='bbox 1002 629 1315 688; x_wconf 87' lang='lat' dir='ltr'><strong>vocabant</strong></span> <span class='ocrx_word' id='word_1_40' title='bbox 1342 626 1748 690; x_wconf 87' lang='lat' dir='ltr'><strong>manifestum</strong></span> <span class='ocrx_word' id='word_1_41' title='bbox 1774 634 1893 690; x_wconf 90' lang='lat' dir='ltr'><strong>est.</strong></span> <span class='ocrx_word' id='word_1_42' title='bbox 1920 627 2039 688; x_wconf 85' lang='lat' dir='ltr'><strong>Sed</strong></span> <span class='ocrx_word' id='word_1_43' title='bbox 2063 634 2225 697; x_wconf 89' lang='lat' dir='ltr'><strong>esto,</strong></span> <span class='ocrx_word' id='word_1_44' title='bbox 2256 628 2359 687; x_wconf 91' lang='lat' dir='ltr'><strong>isti</strong></span> <span class='ocrx_word' id='word_1_45' title='bbox 2392 626 2551 686; x_wconf 86' lang='lat' dir='ltr'><strong>forte</strong></span> <span class='ocrx_word' id='word_1_46' title='bbox 2582 632 2844 704; x_wconf 82' lang='lat' dir='ltr'><strong>propter</strong></span> <span class='ocrx_word' id='word_1_47' title='bbox 2864 626 3453 706; x_wconf 77' lang='lat' dir='ltr'><strong>peregrinationem</strong></span> 
     </span>
    </p>
   </div>
   <div class='ocr_carea' id='block_1_5' title="bbox 240 706 3457 786">
    <p class='ocr_par' dir='ltr' id='par_1_5' title="bbox 240 706 3457 786">
     <span class='ocr_line' id='line_1_5' title="bbox 240 706 3457 786; baseline -0.001 -11"><span class='ocrx_word' id='word_1_48' title='bbox 240 713 510 775; x_wconf 88' lang='lat' dir='ltr'><strong>dicebant</strong></span> <span class='ocrx_word' id='word_1_49' title='bbox 535 709 779 783; x_wconf 84' lang='lat' dir='ltr'><strong>seipsos</strong></span> <span class='ocrx_word' id='word_1_50' title='bbox 810 706 1183 786; x_wconf 86' lang='lat' dir='ltr'><strong>peregrinos</strong></span> <span class='ocrx_word' id='word_1_51' title='bbox 1215 726 1229 764; x_wconf 91' lang='lat'><strong>:</strong></span> <span class='ocrx_word' id='word_1_52' title='bbox 1259 706 1411 784; x_wconf 90' lang='lat' dir='ltr'><strong>quid</strong></span> <span class='ocrx_word' id='word_1_53' title='bbox 1455 716 1671 769; x_wconf 89' lang='lat' dir='ltr'><strong>autem</strong></span> <span class='ocrx_word' id='word_1_54' title='bbox 1714 710 1908 769; x_wconf 88' lang='lat' dir='ltr'><strong>etiam</strong></span> <span class='ocrx_word' id='word_1_55' title='bbox 1936 706 2136 768; x_wconf 88' lang='lat' dir='ltr'><strong>David</strong></span> <span class='ocrx_word' id='word_1_56' title='bbox 2158 708 2186 765; x_wconf 86' lang='lat'><strong>?</strong></span> <span class='ocrx_word' id='word_1_57' title='bbox 2214 720 2428 767; x_wconf 84' lang='lat' dir='ltr'>nonne</span> <span class='ocrx_word' id='word_1_58' title='bbox 2448 723 2573 786; x_wconf 78' lang='lat' dir='ltr'><strong>rex</strong></span> <span class='ocrx_word' id='word_1_59' title='bbox 2616 707 2798 766; x_wconf 85' lang='lat' dir='ltr'><strong>erat?</strong></span> <span class='ocrx_word' id='word_1_60' title='bbox 2835 724 3049 786; x_wconf 84' lang='lat' dir='ltr'><strong>nonne</strong></span> <span class='ocrx_word' id='word_1_61' title='bbox 3094 710 3407 786; x_wconf 85' lang='lat' dir='ltr'><strong>propheta</strong></span> <span class='ocrx_word' id='word_1_62' title='bbox 3427 712 3457 771; x_wconf 75' lang='grc' dir='ltr'>τ</span> 
     </span>
    </p>
   </div>
   <div class='ocr_carea' id='block_1_6' title="bbox 240 784 3457 866">
    <p class='ocr_par' dir='ltr' id='par_1_6' title="bbox 240 784 3457 866">
     <span class='ocr_line' id='line_1_6' title="bbox 240 784 3457 866; baseline -0.002 -12"><span class='ocrx_word' id='word_1_63' title='bbox 240 807 433 854; x_wconf 86' lang='lat' dir='ltr'><strong>nonne</strong></span> <span class='ocrx_word' id='word_1_64' title='bbox 465 787 527 845; x_wconf 90' lang='lat' dir='ltr'><strong>in</strong></span> <span class='ocrx_word' id='word_1_65' title='bbox 558 802 675 866; x_wconf 83' lang='lat' dir='ltr'><strong>sua</strong></span> <span class='ocrx_word' id='word_1_66' title='bbox 710 785 917 863; x_wconf 86' lang='lat' dir='ltr'><strong>patria</strong></span> <span class='ocrx_word' id='word_1_67' title='bbox 945 786 1252 866; x_wconf 85' lang='lat' dir='ltr'><strong>degebat?</strong></span> <span class='ocrx_word' id='word_1_68' title='bbox 1274 804 1477 866; x_wconf 89' lang='lat' dir='ltr'><strong>quare</strong></span> <span class='ocrx_word' id='word_1_69' title='bbox 1503 806 1659 866; x_wconf 88' lang='lat' dir='ltr'><strong>ergo</strong></span> <span class='ocrx_word' id='word_1_70' title='bbox 1685 788 1848 848; x_wconf 77' lang='lat' dir='ltr'><strong>dixit</strong></span> <span class='ocrx_word' id='word_1_71' title='bbox 1881 806 1896 845; x_wconf 89' lang='lat'><strong>:</strong></span> <span class='ocrx_word' id='word_1_72' title='bbox 1928 787 2306 866; x_wconf 71' lang='lat' dir='ltr'><strong>Peregrinus</strong></span> <span class='ocrx_word' id='word_1_73' title='bbox 2333 793 2407 866; x_wconf 78' lang='lat' dir='ltr'><strong>et</strong></span> <span class='ocrx_word' id='word_1_74' title='bbox 2440 784 2656 866; x_wconf 79' lang='lat' dir='ltr'><strong>hospes</strong></span> <span class='ocrx_word' id='word_1_75' title='bbox 2690 804 2822 844; x_wconf 80' lang='lat' dir='ltr'><strong>sum</strong></span> <span class='ocrx_word' id='word_1_76' title='bbox 2841 784 2870 841; x_wconf 74' lang='grc' dir='ltr'><strong><em>Ῡ</em></strong></span> <span class='ocrx_word' id='word_1_77' title='bbox 2883 785 3034 866; x_wconf 82' lang='lat' dir='ltr'><strong>Dic,</strong></span> <span class='ocrx_word' id='word_1_78' title='bbox 3070 784 3289 866; x_wconf 21' lang='lat' dir='ltr'><strong>sancite</strong></span> <span class='ocrx_word' id='word_1_79' title='bbox 3316 791 3457 850; x_wconf 82' lang='lat' dir='ltr'><strong>Da—</strong></span> 
     </span>
    </p>
   </div>
   <div class='ocr_carea' id='block_1_7' title="bbox 238 863 3441 945">
    <p class='ocr_par' dir='ltr' id='par_1_7' title="bbox 238 863 3441 945">
     <span class='ocr_line' id='line_1_7' title="bbox 238 863 3441 945; baseline 0.001 -20"><span class='ocrx_word' id='word_1_80' title='bbox 238 870 365 940; x_wconf 83' lang='lat' dir='ltr'><strong>vid,</strong></span> <span class='ocrx_word' id='word_1_81' title='bbox 392 865 707 945; x_wconf 89' lang='lat' dir='ltr'><strong>quomodo</strong></span> <span class='ocrx_word' id='word_1_82' title='bbox 739 881 809 925; x_wconf 88' lang='lat' dir='ltr'><strong>es</strong></span> <span class='ocrx_word' id='word_1_83' title='bbox 837 865 1261 942; x_wconf 87' lang='lat' dir='ltr'><strong>peregrinus?</strong></span> <span class='ocrx_word' id='word_1_84' title='bbox 1289 865 1467 926; x_wconf 81' lang='lat' dir='ltr'><strong>Sicut</strong></span> <span class='ocrx_word' id='word_1_85' title='bbox 1484 863 1703 945; x_wconf 12' lang='lat' dir='ltr'><strong>ipaires</strong></span> <span class='ocrx_word' id='word_1_86' title='bbox 1727 910 1743 938; x_wconf 95' lang='lat'><strong>,</strong></span> <span class='ocrx_word' id='word_1_87' title='bbox 1776 867 2023 943; x_wconf 85' lang='lat' dir='ltr'><strong>inquit,</strong></span> <span class='ocrx_word' id='word_1_88' title='bbox 2053 865 2207 933; x_wconf 87' lang='lat' dir='ltr'><strong>mei,</strong></span> <span class='ocrx_word' id='word_1_89' title='bbox 2233 864 2389 942; x_wconf 85' lang='lat' dir='ltr'><strong>quia</strong></span> <span class='ocrx_word' id='word_1_90' title='bbox 2420 869 2483 925; x_wconf 88' lang='lat' dir='ltr'><strong>et</strong></span> <span class='ocrx_word' id='word_1_91' title='bbox 2513 864 2603 922; x_wconf 91' lang='lat' dir='ltr'><strong>illi</strong></span> <span class='ocrx_word' id='word_1_92' title='bbox 2645 863 2963 945; x_wconf 59' lang='lat' dir='ltr'><strong>peregrini</strong></span> <span class='ocrx_word' id='word_1_93' title='bbox 2994 873 3198 924; x_wconf 88' lang='lat' dir='ltr'><strong>erant.</strong></span> <span class='ocrx_word' id='word_1_94' title='bbox 3232 864 3441 930; x_wconf 86' lang='lat' dir='ltr'><strong>Habe-</strong></span> 
     </span>
    </p>
   </div>
   <div class='ocr_carea' id='block_1_8' title="bbox 236 942 3449 1024">
    <p class='ocr_par' dir='ltr' id='par_1_8' title="bbox 236 942 3449 1024">
     <span class='ocr_line' id='line_1_8' title="bbox 236 942 3449 1024; baseline -0.003 -14"><span class='ocrx_word' id='word_1_95' title='bbox 236 964 387 1017; x_wconf 84' lang='lat' dir='ltr'><strong>mus,</strong></span> <span class='ocrx_word' id='word_1_96' title='bbox 414 942 664 1020; x_wconf 64' lang='lat' dir='ltr'><strong>inquit,</strong></span> <span class='ocrx_word' id='word_1_97' title='bbox 718 944 1018 1024; x_wconf 87' lang='lat' dir='ltr'><strong>patriam,</strong></span> <span class='ocrx_word' id='word_1_98' title='bbox 1068 960 1295 1006; x_wconf 79' lang='lat' dir='ltr'><strong>revera</strong></span> <span class='ocrx_word' id='word_1_99' title='bbox 1320 942 1616 1023; x_wconf 74' lang='lat' dir='ltr'><strong>patriam.</strong></span> <span class='ocrx_word' id='word_1_100' title='bbox 1648 942 1983 1020; x_wconf 78' lang='lat' dir='ltr'><strong>Quomodo</strong></span> <span class='ocrx_word' id='word_1_101' title='bbox 2026 958 2180 1020; x_wconf 81' lang='lat' dir='ltr'><strong>ergo</strong></span> <span class='ocrx_word' id='word_1_102' title='bbox 2209 949 2278 1003; x_wconf 91' lang='lat' dir='ltr'><strong>tu</strong></span> <span class='ocrx_word' id='word_1_103' title='bbox 2330 945 2711 1020; x_wconf 87' lang='lat' dir='ltr'><strong>peregrinus</strong></span> <span class='ocrx_word' id='word_1_104' title='bbox 2750 946 2863 1004; x_wconf 85' lang='lat' dir='ltr'><strong>es?</strong></span> <span class='ocrx_word' id='word_1_105' title='bbox 2892 942 2965 1002; x_wconf 88' lang='lat' dir='ltr'><strong>In</strong></span> <span class='ocrx_word' id='word_1_106' title='bbox 2996 947 3189 1016; x_wconf 90' lang='lat' dir='ltr'><strong>terra,</strong></span> <span class='ocrx_word' id='word_1_107' title='bbox 3221 946 3449 1024; x_wconf 87' lang='lat' dir='ltr'><strong>inquit.</strong></span> 
     </span>
    </p>
   </div>
   <div class='ocr_carea' id='block_1_9' title="bbox 232 1023 3474 1117">
    <p class='ocr_par' dir='ltr' id='par_1_9' title="bbox 232 1023 3474 1117">
     <span class='ocr_line' id='line_1_9' title="bbox 232 1023 3474 1117; baseline 0 -31"><span class='ocrx_word' id='word_1_108' title='bbox 232 1027 486 1117; x_wconf 63' lang='lat' dir='ltr'><strong>Proinde</strong></span> <span class='ocrx_word' id='word_1_109' title='bbox 518 1024 847 1117; x_wconf 48' lang='lat' dir='ltr'><strong>etiamhilli</strong></span> <span class='ocrx_word' id='word_1_110' title='bbox 881 1023 947 1083; x_wconf 91' lang='lat' dir='ltr'><strong>in</strong></span> <span class='ocrx_word' id='word_1_111' title='bbox 976 1028 1170 1117; x_wconf 71' lang='lat' dir='ltr'><strong>terra.</strong></span> <span class='ocrx_word' id='word_1_112' title='bbox 1208 1024 1384 1085; x_wconf 91' lang='lat' dir='ltr'><strong>Sicut</strong></span> <span class='ocrx_word' id='word_1_113' title='bbox 1416 1024 1534 1096; x_wconf 91' lang='lat' dir='ltr'><strong>illi,</strong></span> <span class='ocrx_word' id='word_1_114' title='bbox 1565 1025 1796 1117; x_wconf 69' lang='lat' dir='ltr'><strong>inquit,</strong></span> <span class='ocrx_word' id='word_1_115' title='bbox 1830 1027 1923 1087; x_wconf 91' lang='lat' dir='ltr'><strong>sic</strong></span> <span class='ocrx_word' id='word_1_116' title='bbox 1950 1028 2145 1117; x_wconf 43' lang='lat' dir='ltr'><strong>entiam</strong></span> <span class='ocrx_word' id='word_1_117' title='bbox 2172 1042 2356 1117; x_wconf 54' lang='lat' dir='ltr'><strong>ego.“</strong></span> <span class='ocrx_word' id='word_1_118' title='bbox 2385 1024 2560 1085; x_wconf 89' lang='lat' dir='ltr'><strong>Sicut</strong></span> <span class='ocrx_word' id='word_1_119' title='bbox 2601 1025 2945 1117; x_wconf 52' lang='lat' dir='ltr'><strong>ergohiste,</strong></span> <span class='ocrx_word' id='word_1_120' title='bbox 2995 1026 3093 1117; x_wconf 76' lang='lat' dir='ltr'><strong>sic</strong></span> <span class='ocrx_word' id='word_1_121' title='bbox 3138 1028 3327 1117; x_wconf 64' lang='lat' dir='ltr'><strong>etiam</strong></span> <span class='ocrx_word' id='word_1_122' title='bbox 3357 1027 3474 1117; x_wconf 64' lang='lat' dir='ltr'><strong>illi.</strong></span> 
     </span>
    </p>
   </div>
   <div class='ocr_carea' id='block_1_10' title="bbox 297 1103 3477 1180">
    <p class='ocr_par' dir='ltr' id='par_1_10' title="bbox 297 1103 3477 1180">
     <span class='ocr_line' id='line_1_10' title="bbox 297 1103 3477 1180; baseline -0.001 -10"><span class='ocrx_word' id='word_1_123' title='bbox 297 1106 658 1170; x_wconf 84' lang='lat' dir='ltr'><strong>Efﬁciamur</strong></span> <span class='ocrx_word' id='word_1_124' title='bbox 704 1104 922 1180; x_wconf 82' lang='lat' dir='ltr'><strong>itaque</strong></span> <span class='ocrx_word' id='word_1_125' title='bbox 966 1103 1158 1163; x_wconf 87' lang='lat' dir='ltr'><strong>etiam</strong></span> <span class='ocrx_word' id='word_1_126' title='bbox 1200 1119 1316 1162; x_wconf 92' lang='lat' dir='ltr'><strong>nos</strong></span> <span class='ocrx_word' id='word_1_127' title='bbox 1349 1103 1702 1180; x_wconf 81' lang='lat' dir='ltr'><strong>peregrini,</strong></span> <span class='ocrx_word' id='word_1_128' title='bbox 1736 1121 1815 1164; x_wconf 92' lang='lat' dir='ltr'><strong>ne</strong></span> <span class='ocrx_word' id='word_1_129' title='bbox 1844 1103 2273 1165; x_wconf 87' lang='lat' dir='ltr'><strong>confundatur</strong></span> <span class='ocrx_word' id='word_1_130' title='bbox 2310 1105 2480 1165; x_wconf 89' lang='lat' dir='ltr'><strong>Deus</strong></span> <span class='ocrx_word' id='word_1_131' title='bbox 2513 1104 2724 1163; x_wconf 88' lang='lat' dir='ltr'><strong>vocari</strong></span> <span class='ocrx_word' id='word_1_132' title='bbox 2757 1104 2925 1180; x_wconf 90' lang='lat' dir='ltr'><strong>Deus</strong></span> <span class='ocrx_word' id='word_1_133' title='bbox 2956 1110 3194 1164; x_wconf 89' lang='lat' dir='ltr'><strong>noster.</strong></span> <span class='ocrx_word' id='word_1_134' title='bbox 3230 1105 3477 1166; x_wconf 78' lang='lat' dir='ltr'><strong>Confu-</strong></span> 
     </span>
    </p>
   </div>
   <div class='ocr_carea' id='block_1_11' title="bbox 223 1178 3470 1264">
    <p class='ocr_par' dir='ltr' id='par_1_11' title="bbox 223 1178 3470 1264">
     <span class='ocr_line' id='line_1_11' title="bbox 223 1178 3470 1264; baseline -0.002 -17"><span class='ocrx_word' id='word_1_135' title='bbox 223 1192 311 1253; x_wconf 72' lang='grc' dir='ltr'><strong>δίο</strong></span> <span class='ocrx_word' id='word_1_136' title='bbox 338 1186 571 1264; x_wconf 90' lang='lat' dir='ltr'><strong>quippe</strong></span> <span class='ocrx_word' id='word_1_137' title='bbox 613 1183 705 1242; x_wconf 90' lang='lat' dir='ltr'><strong>illi</strong></span> <span class='ocrx_word' id='word_1_138' title='bbox 751 1178 880 1264; x_wconf 76' lang='lat' dir='ltr'><strong>est,</strong></span> <span class='ocrx_word' id='word_1_139' title='bbox 917 1181 1175 1258; x_wconf 91' lang='lat' dir='ltr'><strong>quando</strong></span> <span class='ocrx_word' id='word_1_140' title='bbox 1208 1178 1635 1264; x_wconf 63' lang='lat' dir='ltr'><strong>malignorum</strong></span> <span class='ocrx_word' id='word_1_141' title='bbox 1675 1182 2008 1243; x_wconf 88' lang='lat' dir='ltr'><strong>hominum</strong></span> <span class='ocrx_word' id='word_1_142' title='bbox 2045 1187 2347 1264; x_wconf 77' lang='lat' dir='ltr'><strong>vocatur,</strong></span> <span class='ocrx_word' id='word_1_143' title='bbox 2396 1188 2458 1243; x_wconf 89' lang='lat' dir='ltr'><strong>et</strong></span> <span class='ocrx_word' id='word_1_144' title='bbox 2487 1181 2820 1264; x_wconf 82' lang='lat' dir='ltr'><strong>confundit</strong></span> <span class='ocrx_word' id='word_1_145' title='bbox 2864 1178 3008 1243; x_wconf 88' lang='lat' dir='ltr'><strong>illos</strong></span> <span class='ocrx_word' id='word_1_146' title='bbox 3054 1183 3242 1264; x_wconf 85' lang='lat' dir='ltr'><strong>etiam</strong></span> <span class='ocrx_word' id='word_1_147' title='bbox 3286 1185 3421 1261; x_wconf 89' lang='lat' dir='ltr'><strong>ipse</strong></span> <span class='ocrx_word' id='word_1_148' title='bbox 3456 1205 3470 1242; x_wconf 91' lang='lat'>:</span> 
     </span>
    </p>
   </div>
   <div class='ocr_carea' id='block_1_12' title="bbox 223 1260 3475 1341">
    <p class='ocr_par' dir='ltr' id='par_1_12' title="bbox 223 1260 3475 1341">
     <span class='ocr_line' id='line_1_12' title="bbox 223 1260 3475 1341; baseline -0.003 -10"><span class='ocrx_word' id='word_1_149' title='bbox 223 1260 374 1332; x_wconf 81' lang='lat' dir='ltr'><strong>sicut</strong></span> <span class='ocrx_word' id='word_1_150' title='bbox 398 1260 588 1325; x_wconf 80' lang='lat' dir='ltr'><strong>etiam</strong></span> <span class='ocrx_word' id='word_1_151' title='bbox 611 1260 1039 1341; x_wconf 82' lang='lat' dir='ltr'><strong>giorilicatur,</strong></span> <span class='ocrx_word' id='word_1_152' title='bbox 1068 1260 1326 1341; x_wconf 86' lang='lat' dir='ltr'><strong>quando</strong></span> <span class='ocrx_word' id='word_1_153' title='bbox 1363 1260 1789 1341; x_wconf 87' lang='lat' dir='ltr'><strong>benignorum</strong></span> <span class='ocrx_word' id='word_1_154' title='bbox 1818 1268 1881 1323; x_wconf 91' lang='lat' dir='ltr'><strong>et</strong></span> <span class='ocrx_word' id='word_1_155' title='bbox 1907 1263 2297 1341; x_wconf 83' lang='lat' dir='ltr'><strong>Optimorum</strong></span> <span class='ocrx_word' id='word_1_156' title='bbox 2330 1262 2667 1321; x_wconf 88' lang='lat' dir='ltr'><strong>hominum</strong></span> <span class='ocrx_word' id='word_1_157' title='bbox 2702 1269 2968 1322; x_wconf 88' lang='lat' dir='ltr'><strong>vocatur</strong></span> <span class='ocrx_word' id='word_1_158' title='bbox 3019 1267 3081 1321; x_wconf 86' lang='lat' dir='ltr'><strong>ct</strong></span> <span class='ocrx_word' id='word_1_159' title='bbox 3125 1260 3475 1323; x_wconf 78' lang='lat' dir='ltr'><strong>colentium</strong></span> 
     </span>
    </p>
   </div>
   <div class='ocr_carea' id='block_1_13' title="bbox 223 1339 3478 1418">
    <p class='ocr_par' dir='ltr' id='par_1_13' title="bbox 223 1339 3478 1418">
     <span class='ocr_line' id='line_1_13' title="bbox 223 1339 3478 1418; baseline -0.002 -9"><span class='ocrx_word' id='word_1_160' title='bbox 223 1350 529 1409; x_wconf 84' lang='lat' dir='ltr'><strong>virtutem.</strong></span> <span class='ocrx_word' id='word_1_161' title='bbox 555 1339 630 1401; x_wconf 81' lang='lat' dir='ltr'><strong>Si</strong></span> <span class='ocrx_word' id='word_1_162' title='bbox 648 1342 822 1403; x_wconf 87' lang='lat' dir='ltr'><strong>enim</strong></span> <span class='ocrx_word' id='word_1_163' title='bbox 853 1357 968 1399; x_wconf 85' lang='lat' dir='ltr'><strong>nos</strong></span> <span class='ocrx_word' id='word_1_164' title='bbox 1010 1339 1329 1399; x_wconf 87' lang='lat' dir='ltr'><strong>evitamus</strong></span> <span class='ocrx_word' id='word_1_165' title='bbox 1360 1339 1576 1399; x_wconf 89' lang='lat' dir='ltr'><strong>vocari</strong></span> <span class='ocrx_word' id='word_1_166' title='bbox 1605 1339 1849 1400; x_wconf 89' lang='lat' dir='ltr'><strong>domini</strong></span> <span class='ocrx_word' id='word_1_167' title='bbox 1876 1339 2217 1402; x_wconf 70' lang='lat' dir='ltr'><strong>malorum&#39;</strong></span> <span class='ocrx_word' id='word_1_168' title='bbox 2245 1358 2617 1411; x_wconf 87' lang='lat' dir='ltr'><strong>servorum,</strong></span> <span class='ocrx_word' id='word_1_169' title='bbox 2671 1345 2733 1399; x_wconf 88' lang='lat' dir='ltr'><strong>et</strong></span> <span class='ocrx_word' id='word_1_170' title='bbox 2759 1340 3189 1418; x_wconf 87' lang='lat' dir='ltr'><strong>relinquimus</strong></span> <span class='ocrx_word' id='word_1_171' title='bbox 3226 1359 3376 1415; x_wconf 88' lang='lat' dir='ltr'><strong>eos;</strong></span> <span class='ocrx_word' id='word_1_172' title='bbox 3415 1347 3478 1401; x_wconf 92' lang='lat' dir='ltr'><strong>et</strong></span> 
     </span>
    </p>
   </div>
   <div class='ocr_carea' id='block_1_14' title="bbox 224 1418 3460 1500">
    <p class='ocr_par' dir='ltr' id='par_1_14' title="bbox 224 1418 3460 1500">
     <span class='ocr_line' id='line_1_14' title="bbox 224 1418 3460 1500; baseline -0.002 -13"><span class='ocrx_word' id='word_1_173' title='bbox 224 1432 265 1489; x_wconf 85' lang='lat' dir='ltr'><strong>si</strong></span> <span class='ocrx_word' id='word_1_174' title='bbox 296 1441 406 1485; x_wconf 91' lang='lat' dir='ltr'><strong>nos</strong></span> <span class='ocrx_word' id='word_1_175' title='bbox 434 1421 767 1500; x_wconf 85' lang='lat' dir='ltr'><strong>appellans</strong></span> <span class='ocrx_word' id='word_1_176' title='bbox 794 1418 1029 1500; x_wconf 89' lang='lat' dir='ltr'><strong>aliquis</strong></span> <span class='ocrx_word' id='word_1_177' title='bbox 1055 1418 1257 1490; x_wconf 89' lang='lat' dir='ltr'><strong>dicat,</strong></span> <span class='ocrx_word' id='word_1_178' title='bbox 1289 1418 1444 1495; x_wconf 90' lang='lat' dir='ltr'><strong>quia</strong></span> <span class='ocrx_word' id='word_1_179' title='bbox 1476 1418 1680 1500; x_wconf 81' lang='lat' dir='ltr'><strong>multa</strong></span> <span class='ocrx_word' id='word_1_180' title='bbox 1708 1421 1878 1481; x_wconf 87' lang='lat' dir='ltr'><strong>mala</strong></span> <span class='ocrx_word' id='word_1_181' title='bbox 1901 1426 2212 1498; x_wconf 88' lang='lat' dir='ltr'><strong>operatur</strong></span> <span class='ocrx_word' id='word_1_182' title='bbox 2232 1464 2247 1491; x_wconf 97' lang='lat'><strong>,</strong></span> <span class='ocrx_word' id='word_1_183' title='bbox 2279 1438 2434 1500; x_wconf 89' lang='lat' dir='ltr'><strong>num</strong></span> <span class='ocrx_word' id='word_1_184' title='bbox 2456 1437 2679 1500; x_wconf 77' lang='lat' dir='ltr'><strong>servus</strong></span> <span class='ocrx_word' id='word_1_185' title='bbox 2712 1424 2859 1500; x_wconf 79' lang='lat' dir='ltr'><strong>tuus</strong></span> <span class='ocrx_word' id='word_1_186' title='bbox 2893 1421 3029 1500; x_wconf 78' lang='lat' dir='ltr'><strong>est?</strong></span> <span class='ocrx_word' id='word_1_187' title='bbox 3060 1438 3275 1481; x_wconf 89' lang='lat' dir='ltr'><strong>nonne</strong></span> <span class='ocrx_word' id='word_1_188' title='bbox 3306 1439 3460 1481; x_wconf 86' lang='lat' dir='ltr'><strong>con-</strong></span> 
     </span>
    </p>
   </div>
   <div class='ocr_carea' id='block_1_15' title="bbox 220 1497 3474 1577">
    <p class='ocr_par' dir='ltr' id='par_1_15' title="bbox 220 1497 3474 1577">
     <span class='ocr_line' id='line_1_15' title="bbox 220 1497 3474 1577; baseline -0.003 -9"><span class='ocrx_word' id='word_1_189' title='bbox 220 1506 414 1568; x_wconf 87' lang='lat' dir='ltr'><strong>festim</strong></span> <span class='ocrx_word' id='word_1_190' title='bbox 435 1497 704 1561; x_wconf 81' lang='lat' dir='ltr'><strong>dicimus</strong></span> <span class='ocrx_word' id='word_1_191' title='bbox 736 1499 892 1576; x_wconf 92' lang='lat' dir='ltr'><strong>quia</strong></span> <span class='ocrx_word' id='word_1_192' title='bbox 918 1514 1325 1577; x_wconf 88' lang='lat' dir='ltr'><strong>nequaquam</strong></span> <span class='ocrx_word' id='word_1_193' title='bbox 1349 1541 1364 1566; x_wconf 95' lang='lat'><strong>,</strong></span> <span class='ocrx_word' id='word_1_194' title='bbox 1397 1497 1779 1574; x_wconf 88' lang='lat' dir='ltr'><strong>repellentes</strong></span> <span class='ocrx_word' id='word_1_195' title='bbox 1808 1497 2226 1577; x_wconf 85' lang='lat' dir='ltr'><strong>opprobrium</strong></span> <span class='ocrx_word' id='word_1_196' title='bbox 2248 1500 2277 1557; x_wconf 87' lang='lat'><strong>?</strong></span> <span class='ocrx_word' id='word_1_197' title='bbox 2301 1498 2609 1559; x_wconf 86' lang='lat' dir='ltr'><strong>habitudo</strong></span> <span class='ocrx_word' id='word_1_198' title='bbox 2639 1498 2809 1558; x_wconf 92' lang='lat' dir='ltr'><strong>enim</strong></span> <span class='ocrx_word' id='word_1_199' title='bbox 2839 1498 3129 1576; x_wconf 61' lang='lat' dir='ltr'><strong>quaedam</strong></span> <span class='ocrx_word' id='word_1_200' title='bbox 3162 1505 3255 1559; x_wconf 90' lang='lat' dir='ltr'><strong>est</strong></span> <span class='ocrx_word' id='word_1_201' title='bbox 3287 1519 3474 1560; x_wconf 84' lang='lat' dir='ltr'><strong>servo</strong></span> 
     </span>
    </p>
   </div>
   <div class='ocr_carea' id='block_1_16' title="bbox 215 1576 3473 1655">
    <p class='ocr_par' dir='ltr' id='par_1_16' title="bbox 215 1576 3473 1655">
     <span class='ocr_line' id='line_1_16' title="bbox 215 1576 3473 1655; baseline -0.002 -9"><span class='ocrx_word' id='word_1_202' title='bbox 215 1586 287 1647; x_wconf 87' lang='lat' dir='ltr'><strong>ad</strong></span> <span class='ocrx_word' id='word_1_203' title='bbox 329 1581 695 1651; x_wconf 84' lang='lat' dir='ltr'><strong>dominum,</strong></span> <span class='ocrx_word' id='word_1_204' title='bbox 728 1583 791 1639; x_wconf 90' lang='lat' dir='ltr'><strong>et</strong></span> <span class='ocrx_word' id='word_1_205' title='bbox 833 1576 1065 1639; x_wconf 87' lang='lat' dir='ltr'><strong>transit</strong></span> <span class='ocrx_word' id='word_1_206' title='bbox 1094 1576 1445 1655; x_wconf 85' lang='lat' dir='ltr'><strong>ignominia</strong></span> <span class='ocrx_word' id='word_1_207' title='bbox 1471 1578 1553 1637; x_wconf 91' lang='lat' dir='ltr'><strong>ab</strong></span> <span class='ocrx_word' id='word_1_208' title='bbox 1584 1577 1695 1638; x_wconf 90' lang='lat' dir='ltr'><strong>illo</strong></span> <span class='ocrx_word' id='word_1_209' title='bbox 1743 1578 1823 1639; x_wconf 91' lang='lat' dir='ltr'><strong>ad</strong></span> <span class='ocrx_word' id='word_1_210' title='bbox 1854 1576 2139 1639; x_wconf 81' lang='lat' dir='ltr'><strong>illum&#39;“</strong></span> <span class='ocrx_word' id='word_1_211' title='bbox 2186 1577 2306 1638; x_wconf 90' lang='lat' dir='ltr'><strong>Sed</strong></span> <span class='ocrx_word' id='word_1_212' title='bbox 2348 1578 2437 1637; x_wconf 93' lang='lat' dir='ltr'><strong>illi</strong></span> <span class='ocrx_word' id='word_1_213' title='bbox 2478 1584 2664 1637; x_wconf 89' lang='lat' dir='ltr'><strong>erant</strong></span> <span class='ocrx_word' id='word_1_214' title='bbox 2702 1578 2902 1649; x_wconf 91' lang='lat' dir='ltr'><strong>clari,</strong></span> <span class='ocrx_word' id='word_1_215' title='bbox 2948 1578 3037 1639; x_wconf 89' lang='lat' dir='ltr'><strong>ita</strong></span> <span class='ocrx_word' id='word_1_216' title='bbox 3087 1579 3473 1640; x_wconf 83' lang='lat' dir='ltr'><strong>conﬁdentia</strong></span> 
     </span>
    </p>
   </div>
   <div class='ocr_carea' id='block_1_17' title="bbox 218 1654 3474 1744">
    <p class='ocr_par' dir='ltr' id='par_1_17' title="bbox 218 1654 3474 1744">
     <span class='ocr_line' id='line_1_17' title="bbox 218 1654 3474 1744; baseline -0 -23"><span class='ocrx_word' id='word_1_217' title='bbox 218 1663 375 1744; x_wconf 85' lang='lat' dir='ltr'><strong>pleni</strong></span> <span class='ocrx_word' id='word_1_218' title='bbox 402 1664 521 1744; x_wconf 89' lang='lat' dir='ltr'><strong>,_ut</strong></span> <span class='ocrx_word' id='word_1_219' title='bbox 548 1676 678 1744; x_wconf 79' lang='lat' dir='ltr'><strong>non</strong></span> <span class='ocrx_word' id='word_1_220' title='bbox 707 1657 927 1744; x_wconf 74' lang='lat' dir='ltr'><strong>solum</strong></span> <span class='ocrx_word' id='word_1_221' title='bbox 961 1673 1088 1715; x_wconf 90' lang='lat' dir='ltr'><strong>non</strong></span> <span class='ocrx_word' id='word_1_222' title='bbox 1130 1654 1671 1744; x_wconf 36' lang='lat' dir='ltr'><strong>conluuie-retur,</strong></span> <span class='ocrx_word' id='word_1_223' title='bbox 1712 1675 1859 1719; x_wconf 92' lang='lat' dir='ltr'><strong>cum</strong></span> <span class='ocrx_word' id='word_1_224' title='bbox 1897 1660 1980 1744; x_wconf 72' lang='lat' dir='ltr'><strong>ab</strong></span> <span class='ocrx_word' id='word_1_225' title='bbox 2020 1657 2145 1744; x_wconf 68' lang='lat' dir='ltr'><strong>illis</strong></span> <span class='ocrx_word' id='word_1_226' title='bbox 2185 1659 2537 1744; x_wconf 67' lang='lat' dir='ltr'><strong>vocabatur</strong></span> <span class='ocrx_word' id='word_1_227' title='bbox 2574 1657 3176 1744; x_wconf 53' lang='lat' dir='ltr'><strong>Deus,_se(_l“et_iam</strong></span> <span class='ocrx_word' id='word_1_228' title='bbox 3218 1659 3361 1744; x_wconf 78' lang='lat' dir='ltr'><strong>ipse</strong></span> <span class='ocrx_word' id='word_1_229' title='bbox 3395 1661 3474 1719; x_wconf 90' lang='lat' dir='ltr'><strong>ad</strong></span> 
     </span>
    </p>
   </div>
   <div class='ocr_carea' id='block_1_18' title="bbox 215 1734 3476 1821">
    <p class='ocr_par' dir='ltr' id='par_1_18' title="bbox 215 1734 3476 1821">
     <span class='ocr_line' id='line_1_18' title="bbox 215 1734 3476 1821; baseline -0.002 -17"><span class='ocrx_word' id='word_1_230' title='bbox 215 1734 375 1821; x_wconf 85' lang='lat' dir='ltr'><strong>ipsos</strong></span> <span class='ocrx_word' id='word_1_231' title='bbox 406 1738 659 1821; x_wconf 70' lang='lat' dir='ltr'><strong>dicebat</strong></span> <span class='ocrx_word' id='word_1_232' title='bbox 695 1756 710 1821; x_wconf 68' lang='grc' dir='ltr'>ς</span> <span class='ocrx_word' id='word_1_233' title='bbox 744 1736 911 1821; x_wconf 80' lang='lat' dir='ltr'><strong>Quia</strong></span> <span class='ocrx_word' id='word_1_234' title='bbox 929 1753 1199 1821; x_wconf 44' lang='lat' dir='ltr'><strong>egoAsum</strong></span> <span class='ocrx_word' id='word_1_235' title='bbox 1230 1736 1391 1794; x_wconf 82' lang='lat' dir='ltr'><strong>Deus</strong></span> <span class='ocrx_word' id='word_1_236' title='bbox 1417 1734 1719 1821; x_wconf 65' lang='lat' dir='ltr'><strong>Abraham</strong></span> <span class='ocrx_word' id='word_1_237' title='bbox 1742 1782 1757 1803; x_wconf 89' lang='lat'><strong>,</strong></span> <span class='ocrx_word' id='word_1_238' title='bbox 1796 1744 1851 1821; x_wconf 82' lang='lat' dir='ltr'><strong>et</strong></span> <span class='ocrx_word' id='word_1_239' title='bbox 1887 1738 2050 1799; x_wconf 84' lang='lat' dir='ltr'><strong>Deus</strong></span> <span class='ocrx_word' id='word_1_240' title='bbox 2084 1738 2265 1821; x_wconf 65' lang='lat' dir='ltr'><strong>Isaac</strong></span> <span class='ocrx_word' id='word_1_241' title='bbox 2290 1744 2395 1821; x_wconf 73' lang='lat' dir='ltr'><strong>,_et</strong></span> <span class='ocrx_word' id='word_1_242' title='bbox 2432 1736 2596 1821; x_wconf 81' lang='lat' dir='ltr'><strong>Deus</strong></span> <span class='ocrx_word' id='word_1_243' title='bbox 2624 1734 3258 1821; x_wconf 34' lang='lat' dir='ltr'><strong>JacobLEfliciamur&#39;</strong></span> <span class='ocrx_word' id='word_1_244' title='bbox 3282 1739 3476 1815; x_wconf 84' lang='lat' dir='ltr'><strong>igitur</strong></span> 
     </span>
    </p>
   </div>
   <div class='ocr_carea' id='block_1_19' title="bbox 213 1812 3474 1896">
    <p class='ocr_par' dir='ltr' id='par_1_19' title="bbox 213 1812 3474 1896">
     <span class='ocr_line' id='line_1_19' title="bbox 213 1812 3474 1896; baseline -0.006 -14"><span class='ocrx_word' id='word_1_245' title='bbox 213 1812 319 1882; x_wconf 74' lang='lat' dir='ltr'><strong>nos</strong></span> <span class='ocrx_word' id='word_1_246' title='bbox 345 1864 361 1891; x_wconf 92' lang='lat'><strong>,</strong></span> <span class='ocrx_word' id='word_1_247' title='bbox 406 1835 445 1877; x_wconf 88' lang='grc' dir='ltr'><strong>ο</strong></span> <span class='ocrx_word' id='word_1_248' title='bbox 498 1816 893 1896; x_wconf 87' lang='lat' dir='ltr'><strong>dilectissimi</strong></span> <span class='ocrx_word' id='word_1_249' title='bbox 918 1812 1323 1896; x_wconf 12' lang='lat' dir='ltr'><strong>,_eflicia‘mur</strong></span> <span class='ocrx_word' id='word_1_250' title='bbox 1354 1816 1711 1896; x_wconf 78' lang='lat' dir='ltr'><strong>peregrini,</strong></span> <span class='ocrx_word' id='word_1_251' title='bbox 1753 1820 1825 1896; x_wconf 85' lang='lat' dir='ltr'><strong>ut</strong></span> <span class='ocrx_word' id='word_1_252' title='bbox 1861 1833 2001 1896; x_wconf 80' lang='lat' dir='ltr'><strong>non</strong></span> <span class='ocrx_word' id='word_1_253' title='bbox 2043 1815 2478 1896; x_wconf 85' lang='lat' dir='ltr'><strong>confundatur</strong></span> <span class='ocrx_word' id='word_1_254' title='bbox 2520 1814 2595 1875; x_wconf 87' lang='lat' dir='ltr'><strong>de</strong></span> <span class='ocrx_word' id='word_1_255' title='bbox 2629 1815 2812 1896; x_wconf 85' lang='lat' dir='ltr'><strong>nobis</strong></span> <span class='ocrx_word' id='word_1_256' title='bbox 2850 1816 3021 1876; x_wconf 90' lang='lat' dir='ltr'><strong>Deus</strong></span> <span class='ocrx_word' id='word_1_257' title='bbox 3047 1861 3062 1885; x_wconf 96' lang='lat'><strong>,</strong></span> <span class='ocrx_word' id='word_1_258' title='bbox 3096 1821 3157 1875; x_wconf 89' lang='lat' dir='ltr'><strong>et</strong></span> <span class='ocrx_word' id='word_1_259' title='bbox 3213 1812 3331 1877; x_wconf 75' lang='lat' dir='ltr'><strong>nos</strong></span> <span class='ocrx_word' id='word_1_260' title='bbox 3364 1836 3474 1896; x_wconf 78' lang='lat' dir='ltr'><strong>ge-</strong></span> 
     </span>
    </p>
   </div>
   <div class='ocr_carea' id='block_1_20' title="bbox 214 1893 3477 1972">
    <p class='ocr_par' dir='ltr' id='par_1_20' title="bbox 214 1893 3477 1972">
     <span class='ocr_line' id='line_1_20' title="bbox 214 1893 3477 1972; baseline -0.002 -11"><span class='ocrx_word' id='word_1_261' title='bbox 214 1904 430 1961; x_wconf 72' lang='lat' dir='ltr'><strong>hennze</strong></span> <span class='ocrx_word' id='word_1_262' title='bbox 458 1895 818 1957; x_wconf 90' lang='lat' dir='ltr'><strong>contradat.</strong></span> <span class='ocrx_word' id='word_1_263' title='bbox 852 1894 1039 1953; x_wconf 86' lang='lat' dir='ltr'><strong>Tales</strong></span> <span class='ocrx_word' id='word_1_264' title='bbox 1071 1893 1310 1970; x_wconf 89' lang='lat' dir='ltr'><strong>quippe</strong></span> <span class='ocrx_word' id='word_1_265' title='bbox 1339 1900 1522 1955; x_wconf 89' lang='lat' dir='ltr'><strong>erant</strong></span> <span class='ocrx_word' id='word_1_266' title='bbox 1549 1894 1673 1966; x_wconf 91' lang='lat' dir='ltr'><strong>illi,</strong></span> <span class='ocrx_word' id='word_1_267' title='bbox 1702 1894 1813 1972; x_wconf 91' lang='lat' dir='ltr'><strong>qui</strong></span> <span class='ocrx_word' id='word_1_268' title='bbox 1839 1895 2137 1957; x_wconf 88' lang='lat' dir='ltr'><strong>dicebant</strong></span> <span class='ocrx_word' id='word_1_269' title='bbox 2168 1916 2182 1954; x_wconf 92' lang='lat'><strong>:</strong></span> <span class='ocrx_word' id='word_1_270' title='bbox 2216 1895 2481 1955; x_wconf 79' lang='lat' dir='ltr'><strong>Domine</strong></span> <span class='ocrx_word' id='word_1_271' title='bbox 2501 1939 2516 1961; x_wconf 89' lang='lat'><strong>,</strong></span> <span class='ocrx_word' id='word_1_272' title='bbox 2547 1912 2752 1953; x_wconf 84' lang='lat' dir='ltr'><strong>nonne</strong></span> <span class='ocrx_word' id='word_1_273' title='bbox 2782 1894 2849 1956; x_wconf 83' lang='lat' dir='ltr'><strong>in</strong></span> <span class='ocrx_word' id='word_1_274' title='bbox 2878 1896 3123 1955; x_wconf 80' lang='lat' dir='ltr'><strong>nomine</strong></span> <span class='ocrx_word' id='word_1_275' title='bbox 3165 1904 3272 1954; x_wconf 87' lang='lat' dir='ltr'><strong>tuo</strong></span> <span class='ocrx_word' id='word_1_276' title='bbox 3314 1893 3477 1972; x_wconf 64' lang='lat' dir='ltr'><strong>pro-</strong></span> 
     </span>
    </p>
   </div>
   <div class='ocr_carea' id='block_1_21' title="bbox 207 1971 3473 2059">
    <p class='ocr_par' dir='ltr' id='par_1_21' title="bbox 207 1971 3473 2059">
     <span class='ocr_line' id='line_1_21' title="bbox 207 1971 3473 2059; baseline -0.001 -21"><span class='ocrx_word' id='word_1_277' title='bbox 207 1976 641 2059; x_wconf 47' lang='lat' dir='ltr'><strong>(iheronimus?</strong></span> <span class='ocrx_word' id='word_1_278' title='bbox 685 1992 899 2059; x_wconf 76' lang='lat' dir='ltr'><strong>nonne</strong></span> <span class='ocrx_word' id='word_1_279' title='bbox 938 1974 1006 2033; x_wconf 85' lang='lat' dir='ltr'><strong>in</strong></span> <span class='ocrx_word' id='word_1_280' title='bbox 1044 1974 1441 2059; x_wconf 38' lang='lat' dir='ltr'><strong>nominatae</strong></span> <span class='ocrx_word' id='word_1_281' title='bbox 1470 1971 1735 2059; x_wconf 69' lang='lat' dir='ltr'><strong>virtutes</strong></span> <span class='ocrx_word' id='word_1_282' title='bbox 1776 1977 2001 2059; x_wconf 79' lang='lat' dir='ltr'><strong>multas</strong></span> <span class='ocrx_word' id='word_1_283' title='bbox 2029 1974 2334 2059; x_wconf 76' lang='lat' dir='ltr'><strong>fecimus?</strong></span> <span class='ocrx_word' id='word_1_284' title='bbox 2377 1973 2495 2059; x_wconf 78' lang='lat' dir='ltr'><strong>sed</strong></span> <span class='ocrx_word' id='word_1_285' title='bbox 2542 1972 2844 2059; x_wconf 73' lang='lat' dir='ltr'><strong>attendite</strong></span> <span class='ocrx_word' id='word_1_286' title='bbox 2876 1974 3027 2051; x_wconf 92' lang='lat' dir='ltr'><strong>quid</strong></span> <span class='ocrx_word' id='word_1_287' title='bbox 3065 1971 3228 2059; x_wconf 69' lang='lat' dir='ltr'><strong>dicit</strong></span> <span class='ocrx_word' id='word_1_288' title='bbox 3258 1971 3336 2059; x_wconf 80' lang='lat' dir='ltr'><strong>ad</strong></span> <span class='ocrx_word' id='word_1_289' title='bbox 3362 1993 3473 2037; x_wconf 85' lang='lat' dir='ltr'><strong>eos</strong></span> 
     </span>
    </p>
   </div>
   <div class='ocr_carea' id='block_1_22' title="bbox 209 2051 3470 2130">
    <p class='ocr_par' dir='ltr' id='par_1_22' title="bbox 209 2051 3470 2130">
     <span class='ocr_line' id='line_1_22' title="bbox 209 2051 3470 2130; baseline -0.001 -12"><span class='ocrx_word' id='word_1_290' title='bbox 209 2051 493 2119; x_wconf 70' lang='lat' dir='ltr'><strong>Christus</strong></span> <span class='ocrx_word' id='word_1_291' title='bbox 531 2054 723 2115; x_wconf 83' lang='lat' dir='ltr'><strong>:Non</strong></span> <span class='ocrx_word' id='word_1_292' title='bbox 753 2052 1023 2112; x_wconf 80' lang='lat' dir='ltr'><strong>novivos</strong></span> <span class='ocrx_word' id='word_1_293' title='bbox 1051 2051 1263 2128; x_wconf 90' lang='lat' dir='ltr'><strong>:quod</strong></span> <span class='ocrx_word' id='word_1_294' title='bbox 1292 2051 1777 2130; x_wconf 85' lang='lat' dir='ltr'><strong>faciuntulique</strong></span> <span class='ocrx_word' id='word_1_295' title='bbox 1803 2051 2046 2115; x_wconf 84' lang='lat' dir='ltr'><strong>domini</strong></span> <span class='ocrx_word' id='word_1_296' title='bbox 2080 2055 2285 2114; x_wconf 88' lang='lat' dir='ltr'><strong>servis</strong></span> <span class='ocrx_word' id='word_1_297' title='bbox 2329 2052 2629 2130; x_wconf 81' lang='lat' dir='ltr'><strong>malignis</strong></span> <span class='ocrx_word' id='word_1_298' title='bbox 2668 2054 3203 2114; x_wconf 87' lang='lat' dir='ltr'><strong>concurrentibus</strong></span> <span class='ocrx_word' id='word_1_299' title='bbox 3254 2054 3333 2115; x_wconf 91' lang='lat' dir='ltr'><strong>ad</strong></span> <span class='ocrx_word' id='word_1_300' title='bbox 3364 2073 3470 2127; x_wconf 90' lang='lat' dir='ltr'><strong>se,</strong></span> 
     </span>
    </p>
   </div>
   <div class='ocr_carea' id='block_1_23' title="bbox 211 2072 3475 2211">
    <p class='ocr_par' dir='ltr' id='par_1_23' title="bbox 211 2072 3475 2211">
     <span class='ocr_line' id='line_1_23' title="bbox 211 2072 3470 2130; baseline -0.001 -12"><span class='ocrx_word' id='word_1_301' title='bbox 211 2072 493 2119; x_wconf 77' lang='lat' dir='ltr'><strong>Ull‘lSluS</strong></span> <span class='ocrx_word' id='word_1_302' title='bbox 531 2072 723 2115; x_wconf 74' lang='lat' dir='ltr'><strong>:n&#39;on</strong></span> <span class='ocrx_word' id='word_1_303' title='bbox 753 2072 894 2112; x_wconf 81' lang='lat' dir='ltr'><strong>novi</strong></span> <span class='ocrx_word' id='word_1_304' title='bbox 915 2072 1023 2112; x_wconf 80' lang='lat' dir='ltr'><strong>vos</strong></span> <span class='ocrx_word' id='word_1_305' title='bbox 1051 2072 1263 2128; x_wconf 88' lang='lat' dir='ltr'><strong>:quou</strong></span> <span class='ocrx_word' id='word_1_306' title='bbox 1292 2072 1777 2130; x_wconf 77' lang='lat' dir='ltr'><strong>iaciuntuuque</strong></span> <span class='ocrx_word' id='word_1_307' title='bbox 1803 2072 2043 2115; x_wconf 83' lang='lat' dir='ltr'><strong>aomim</strong></span> <span class='ocrx_word' id='word_1_308' title='bbox 2080 2072 2285 2114; x_wconf 73' lang='lat' dir='ltr'><strong>servns</strong></span> <span class='ocrx_word' id='word_1_309' title='bbox 2329 2072 2477 2113; x_wconf 88' lang='lat' dir='ltr'><strong>man</strong></span> <span class='ocrx_word' id='word_1_310' title='bbox 2531 2072 2629 2112; x_wconf 88' lang='lat' dir='ltr'><strong>ms</strong></span> <span class='ocrx_word' id='word_1_311' title='bbox 2668 2072 3203 2114; x_wconf 81' lang='lat' dir='ltr'><strong>concurrentibus</strong></span> <span class='ocrx_word' id='word_1_312' title='bbox 3254 2072 3333 2115; x_wconf 90' lang='lat' dir='ltr'><strong>au</strong></span> <span class='ocrx_word' id='word_1_313' title='bbox 3364 2073 3470 2127; x_wconf 90' lang='lat' dir='ltr'><strong>se,</strong></span> 
     </span>
     <span class='ocr_line' id='line_1_24' title="bbox 211 2072 3475 2211; baseline -0.002 -13"><span class='ocrx_word' id='word_1_314' title='bbox 211 2138 492 2198; x_wconf 86' lang='lat' dir='ltr'><strong>volentes</strong></span> <span class='ocrx_word' id='word_1_315' title='bbox 526 2150 569 2194; x_wconf 89' lang='lat' dir='ltr'><strong>a</strong></span> <span class='ocrx_word' id='word_1_316' title='bbox 598 2150 668 2193; x_wconf 90' lang='lat' dir='ltr'><strong>se</strong></span> <span class='ocrx_word' id='word_1_317' title='bbox 698 2132 1119 2209; x_wconf 87' lang='lat' dir='ltr'><strong>opprobrium</strong></span> <span class='ocrx_word' id='word_1_318' title='bbox 1162 2132 1413 2191; x_wconf 90' lang='lat' dir='ltr'><strong>amoliri</strong></span> <span class='ocrx_word' id='word_1_319' title='bbox 1450 2148 1466 2189; x_wconf 86' lang='lat'><strong>:</strong></span> <span class='ocrx_word' id='word_1_320' title='bbox 1505 2132 1729 2192; x_wconf 88' lang='lat' dir='ltr'><strong>Nescio</strong></span> <span class='ocrx_word' id='word_1_321' title='bbox 1780 2152 1929 2207; x_wconf 90' lang='lat' dir='ltr'><strong>vos,</strong></span> <span class='ocrx_word' id='word_1_322' title='bbox 1987 2128 2309 2211; x_wconf 89' lang='lat' dir='ltr'><strong>inquiunt.</strong></span> <span class='ocrx_word' id='word_1_323' title='bbox 2353 2072 2525 2206; x_wconf 50' lang='lat' dir='ltr'><strong>Quit‘iY</strong></span> <span class='ocrx_word' id='word_1_324' title='bbox 2553 2149 2706 2210; x_wconf 87' lang='lat' dir='ltr'><strong>ergo</strong></span> <span class='ocrx_word' id='word_1_325' title='bbox 2753 2132 2945 2209; x_wconf 92' lang='lat' dir='ltr'><strong>punis</strong></span> <span class='ocrx_word' id='word_1_326' title='bbox 2996 2151 3161 2210; x_wconf 85' lang='lat' dir='ltr'><strong>quos</strong></span> <span class='ocrx_word' id='word_1_327' title='bbox 3221 2134 3475 2195; x_wconf 83' lang='lat' dir='ltr'><strong>nescis?</strong></span> 
     </span>
    </p>
   </div>
   <div class='ocr_carea' id='block_1_24' title="bbox 210 2211 3475 2289">
    <p class='ocr_par' dir='ltr' id='par_1_24' title="bbox 210 2211 3475 2289">
     <span class='ocr_line' id='line_1_25' title="bbox 210 2211 3475 2289; baseline -0.001 -13"><span class='ocrx_word' id='word_1_328' title='bbox 210 2215 424 2277; x_wconf 90' lang='lat' dir='ltr'><strong>Nescio</strong></span> <span class='ocrx_word' id='word_1_329' title='bbox 454 2211 647 2273; x_wconf 87' lang='lat' dir='ltr'><strong>aliter</strong></span> <span class='ocrx_word' id='word_1_330' title='bbox 675 2212 835 2270; x_wconf 77' lang='lat' dir='ltr'><strong>dixit</strong></span> <span class='ocrx_word' id='word_1_331' title='bbox 863 2230 876 2269; x_wconf 92' lang='lat'><strong>:</strong></span> <span class='ocrx_word' id='word_1_332' title='bbox 914 2211 1035 2269; x_wconf 89' lang='lat' dir='ltr'><strong>hoc</strong></span> <span class='ocrx_word' id='word_1_333' title='bbox 1064 2214 1159 2270; x_wconf 90' lang='lat' dir='ltr'><strong>est</strong></span> <span class='ocrx_word' id='word_1_334' title='bbox 1178 2254 1193 2280; x_wconf 97' lang='lat'><strong>,</strong></span> <span class='ocrx_word' id='word_1_335' title='bbox 1220 2211 1469 2289; x_wconf 82' lang='lat' dir='ltr'><strong>abnego</strong></span> <span class='ocrx_word' id='word_1_336' title='bbox 1495 2228 1603 2271; x_wconf 90' lang='lat' dir='ltr'><strong>vos</strong></span> <span class='ocrx_word' id='word_1_337' title='bbox 1633 2216 1695 2271; x_wconf 89' lang='lat' dir='ltr'><strong>et</strong></span> <span class='ocrx_word' id='word_1_338' title='bbox 1724 2213 1915 2273; x_wconf 89' lang='lat' dir='ltr'><strong>evito.</strong></span> <span class='ocrx_word' id='word_1_339' title='bbox 1938 2212 2055 2273; x_wconf 90' lang='lat' dir='ltr'><strong>Sed</strong></span> <span class='ocrx_word' id='word_1_340' title='bbox 2086 2212 2252 2273; x_wconf 90' lang='lat' dir='ltr'><strong>absit</strong></span> <span class='ocrx_word' id='word_1_341' title='bbox 2272 2229 2311 2274; x_wconf 92' lang='lat' dir='ltr'><strong>a</strong></span> <span class='ocrx_word' id='word_1_342' title='bbox 2343 2212 2526 2271; x_wconf 91' lang='lat' dir='ltr'><strong>nobis</strong></span> <span class='ocrx_word' id='word_1_343' title='bbox 2552 2256 2568 2283; x_wconf 95' lang='lat'><strong>,</strong></span> <span class='ocrx_word' id='word_1_344' title='bbox 2598 2219 2669 2271; x_wconf 89' lang='lat' dir='ltr'><strong>ut</strong></span> <span class='ocrx_word' id='word_1_345' title='bbox 2698 2211 2863 2272; x_wconf 87' lang='lat' dir='ltr'><strong>hanc</strong></span> <span class='ocrx_word' id='word_1_346' title='bbox 2886 2212 3225 2274; x_wconf 90' lang='lat' dir='ltr'><strong>audiamus</strong></span> <span class='ocrx_word' id='word_1_347' title='bbox 3255 2231 3475 2274; x_wconf 90' lang='lat' dir='ltr'><strong>vocem</strong></span> 
     </span>
    </p>
   </div>
   <div class='ocr_carea' id='block_1_25' title="bbox 206 2289 3475 2372">
    <p class='ocr_par' dir='ltr' id='par_1_25' title="bbox 206 2289 3475 2372">
     <span class='ocr_line' id='line_1_26' title="bbox 206 2289 3475 2372; baseline -0.001 -17"><span class='ocrx_word' id='word_1_348' title='bbox 206 2289 691 2372; x_wconf 81' lang='lat' dir='ltr'><strong>abnegatoriam</strong></span> <span class='ocrx_word' id='word_1_349' title='bbox 720 2294 782 2350; x_wconf 92' lang='lat' dir='ltr'><strong>et</strong></span> <span class='ocrx_word' id='word_1_350' title='bbox 810 2290 1293 2372; x_wconf 83' lang='lat' dir='ltr'><strong>peremptricem</strong></span> <span class='ocrx_word' id='word_1_351' title='bbox 1320 2295 1381 2349; x_wconf 88' lang='lat' dir='ltr'><strong>et</strong></span> <span class='ocrx_word' id='word_1_352' title='bbox 1411 2290 1829 2372; x_wconf 76' lang='lat' dir='ltr'><strong>tremendam.</strong></span> <span class='ocrx_word' id='word_1_353' title='bbox 1859 2292 1922 2351; x_wconf 93' lang='lat' dir='ltr'><strong>Si</strong></span> <span class='ocrx_word' id='word_1_354' title='bbox 1953 2291 2122 2372; x_wconf 89' lang='lat' dir='ltr'><strong>enim</strong></span> <span class='ocrx_word' id='word_1_355' title='bbox 2141 2292 2251 2369; x_wconf 90' lang='lat' dir='ltr'><strong>qui</strong></span> <span class='ocrx_word' id='word_1_356' title='bbox 2274 2292 2594 2372; x_wconf 70' lang='lat' dir='ltr'><strong>daemones</strong></span> <span class='ocrx_word' id='word_1_357' title='bbox 2625 2289 3075 2372; x_wconf 62' lang='lat' dir='ltr'><strong>excludebant,</strong></span> <span class='ocrx_word' id='word_1_358' title='bbox 3102 2294 3162 2352; x_wconf 87' lang='lat' dir='ltr'><strong>et</strong></span> <span class='ocrx_word' id='word_1_359' title='bbox 3188 2292 3475 2370; x_wconf 81' lang='lat' dir='ltr'><strong>pr0phe—</strong></span> 
     </span>
    </p>
   </div>
   <div class='ocr_carea' id='block_1_26' title="bbox 207 2368 3471 2449">
    <p class='ocr_par' dir='ltr' id='par_1_26' title="bbox 207 2368 3471 2449">
     <span class='ocr_line' id='line_1_27' title="bbox 207 2368 3471 2449; baseline -0 -16"><span class='ocrx_word' id='word_1_360' title='bbox 207 2376 320 2435; x_wconf 90' lang='lat' dir='ltr'><strong>tias</strong></span> <span class='ocrx_word' id='word_1_361' title='bbox 344 2368 831 2449; x_wconf 60' lang='lat' dir='ltr'><strong>o&#39;perabantur,</strong></span> <span class='ocrx_word' id='word_1_362' title='bbox 869 2368 1021 2449; x_wconf 84' lang='lat' dir='ltr'><strong>quia</strong></span> <span class='ocrx_word' id='word_1_363' title='bbox 1060 2368 1251 2428; x_wconf 89' lang='lat' dir='ltr'><strong>vitam</strong></span> <span class='ocrx_word' id='word_1_364' title='bbox 1280 2386 1427 2449; x_wconf 72' lang='lat' dir='ltr'><strong>non</strong></span> <span class='ocrx_word' id='word_1_365' title='bbox 1476 2370 1799 2449; x_wconf 86' lang='lat' dir='ltr'><strong>habebant</strong></span> <span class='ocrx_word' id='word_1_366' title='bbox 1837 2371 2363 2443; x_wconf 86' lang='lat' dir='ltr'><strong>convenientem,</strong></span> <span class='ocrx_word' id='word_1_367' title='bbox 2404 2369 2906 2449; x_wconf 13' lang='lat' dir='ltr'><strong>abnegatigsunt</strong></span> <span class='ocrx_word' id='word_1_368' title='bbox 2934 2388 2948 2428; x_wconf 91' lang='lat'><strong>:</strong></span> <span class='ocrx_word' id='word_1_369' title='bbox 2975 2368 3219 2447; x_wconf 87' lang='lat' dir='ltr'><strong>quanto</strong></span> <span class='ocrx_word' id='word_1_370' title='bbox 3266 2368 3471 2449; x_wconf 83' lang='lat' dir='ltr'><strong>magis</strong></span> 
     </span>
    </p>
   </div>
   <div class='ocr_carea' id='block_1_27' title="bbox 208 2389 3472 2528">
    <p class='ocr_par' dir='ltr' id='par_1_27' title="bbox 208 2389 3472 2528">
     <span class='ocr_line' id='line_1_28' title="bbox 208 2389 3471 2449; baseline -0 -16"><span class='ocrx_word' id='word_1_371' title='bbox 208 2389 384 2435; x_wconf 78' lang='lat' dir='ltr'><strong>uaso</strong></span> <span class='ocrx_word' id='word_1_372' title='bbox 434 2389 831 2440; x_wconf 82' lang='lat' dir='ltr'><strong>eraoantur,</strong></span> <span class='ocrx_word' id='word_1_373' title='bbox 869 2389 1021 2445; x_wconf 81' lang='lat' dir='ltr'><strong>quia</strong></span> <span class='ocrx_word' id='word_1_374' title='bbox 1060 2389 1251 2428; x_wconf 85' lang='lat' dir='ltr'><strong>vnam</strong></span> <span class='ocrx_word' id='word_1_375' title='bbox 1300 2389 1427 2427; x_wconf 91' lang='lat' dir='ltr'><strong>non</strong></span> <span class='ocrx_word' id='word_1_376' title='bbox 1477 2389 1799 2431; x_wconf 83' lang='lat' dir='ltr'><strong>uaoenant</strong></span> <span class='ocrx_word' id='word_1_377' title='bbox 1837 2389 2363 2443; x_wconf 77' lang='lat' dir='ltr'><strong>convenientem,</strong></span> <span class='ocrx_word' id='word_1_378' title='bbox 2404 2389 2703 2449; x_wconf 72' lang='lat' dir='ltr'><strong>abnegat:</strong></span> <span class='ocrx_word' id='word_1_379' title='bbox 2755 2389 2906 2430; x_wconf 78' lang='lat' dir='ltr'><strong>sunt</strong></span> <span class='ocrx_word' id='word_1_380' title='bbox 2934 2389 2948 2428; x_wconf 91' lang='lat'><strong>:</strong></span> <span class='ocrx_word' id='word_1_381' title='bbox 2975 2389 3219 2447; x_wconf 76' lang='lat' dir='ltr'><strong>quanto</strong></span> <span class='ocrx_word' id='word_1_382' title='bbox 3266 2389 3471 2449; x_wconf 82' lang='lat' dir='ltr'><strong>magis</strong></span> 
     </span>
     <span class='ocr_line' id='line_1_29' title="bbox 208 2389 3472 2528; baseline -0.001 -15"><span class='ocrx_word' id='word_1_383' title='bbox 208 2468 339 2513; x_wconf 85' lang='lat' dir='ltr'><strong>nos.</strong></span> <span class='ocrx_word' id='word_1_384' title='bbox 373 2389 717 2523; x_wconf 49' lang='lat' dir='ltr'><strong>Quomodo</strong></span> <span class='ocrx_word' id='word_1_385' title='bbox 759 2447 1064 2526; x_wconf 88' lang='lat' dir='ltr'><strong>possibile</strong></span> <span class='ocrx_word' id='word_1_386' title='bbox 1095 2454 1232 2528; x_wconf 72' lang='lat' dir='ltr'><strong>est_,</strong></span> <span class='ocrx_word' id='word_1_387' title='bbox 1261 2447 1409 2506; x_wconf 81' lang='lat' dir='ltr'><strong>dicit</strong></span> <span class='ocrx_word' id='word_1_388' title='bbox 1438 2448 1711 2528; x_wconf 88' lang='lat' dir='ltr'><strong>aliquis,</strong></span> <span class='ocrx_word' id='word_1_389' title='bbox 1745 2454 1815 2509; x_wconf 91' lang='lat' dir='ltr'><strong>ut</strong></span> <span class='ocrx_word' id='word_1_390' title='bbox 1841 2450 1951 2527; x_wconf 92' lang='lat' dir='ltr'><strong>qui</strong></span> <span class='ocrx_word' id='word_1_391' title='bbox 1987 2450 2354 2527; x_wconf 82' lang='lat' dir='ltr'><strong>prOphetias</strong></span> <span class='ocrx_word' id='word_1_392' title='bbox 2392 2457 2453 2509; x_wconf 92' lang='lat' dir='ltr'><strong>et</strong></span> <span class='ocrx_word' id='word_1_393' title='bbox 2497 2450 2675 2528; x_wconf 88' lang='lat' dir='ltr'><strong>signa</strong></span> <span class='ocrx_word' id='word_1_394' title='bbox 2713 2447 3000 2528; x_wconf 81' lang='lat' dir='ltr'><strong>fecerunt</strong></span> <span class='ocrx_word' id='word_1_395' title='bbox 3037 2455 3100 2510; x_wconf 89' lang='lat' dir='ltr'><strong>et</strong></span> <span class='ocrx_word' id='word_1_396' title='bbox 3150 2449 3472 2511; x_wconf 65' lang='lat' dir='ltr'><strong>daemones</strong></span> 
     </span>
    </p>
   </div>
   <div class='ocr_carea' id='block_1_28' title="bbox 202 2526 3470 2607">
    <p class='ocr_par' dir='ltr' id='par_1_28' title="bbox 202 2526 3470 2607">
     <span class='ocr_line' id='line_1_30' title="bbox 202 2526 3470 2607; baseline -0.002 -13"><span class='ocrx_word' id='word_1_397' title='bbox 202 2530 671 2599; x_wconf 75' lang='lat' dir='ltr'><strong>excludebant,</strong></span> <span class='ocrx_word' id='word_1_398' title='bbox 703 2526 1484 2607; x_wconf 75' lang='lat' dir='ltr'><strong>abnegentur?Fortassis</strong></span> <span class='ocrx_word' id='word_1_399' title='bbox 1518 2527 1730 2589; x_wconf 84' lang='lat' dir='ltr'><strong>ﬁdeles</strong></span> <span class='ocrx_word' id='word_1_400' title='bbox 1752 2526 1937 2599; x_wconf 77' lang='lat' dir='ltr'><strong>erant</strong></span> <span class='ocrx_word' id='word_1_401' title='bbox 1962 2526 2073 2601; x_wconf 20' lang='lat' dir='ltr'><strong>,iet</strong></span> <span class='ocrx_word' id='word_1_402' title='bbox 2104 2526 2321 2605; x_wconf 86' lang='lat' dir='ltr'><strong>postea</strong></span> <span class='ocrx_word' id='word_1_403' title='bbox 2365 2526 2592 2589; x_wconf 84' lang='lat' dir='ltr'><strong>mutati</strong></span> <span class='ocrx_word' id='word_1_404' title='bbox 2623 2530 2774 2588; x_wconf 91' lang='lat' dir='ltr'><strong>sunt</strong></span> <span class='ocrx_word' id='word_1_405' title='bbox 2804 2532 2863 2587; x_wconf 88' lang='lat' dir='ltr'><strong>et</strong></span> <span class='ocrx_word' id='word_1_406' title='bbox 2896 2526 3040 2589; x_wconf 87' lang='lat' dir='ltr'><strong>facti</strong></span> <span class='ocrx_word' id='word_1_407' title='bbox 3069 2533 3221 2589; x_wconf 89' lang='lat' dir='ltr'><strong>sunt</strong></span> <span class='ocrx_word' id='word_1_408' title='bbox 3246 2530 3430 2607; x_wconf 89' lang='lat' dir='ltr'><strong>pravi</strong></span> <span class='ocrx_word' id='word_1_409' title='bbox 3456 2551 3470 2589; x_wconf 90' lang='lat'><strong>:</strong></span> 
     </span>
    </p>
   </div>
   <div class='ocr_carea' id='block_1_29' title="bbox 202 2604 3472 2689">
    <p class='ocr_par' dir='ltr' id='par_1_29' title="bbox 202 2604 3472 2689">
     <span class='ocr_line' id='line_1_31' title="bbox 202 2604 3472 2689; baseline -0 -20"><span class='ocrx_word' id='word_1_410' title='bbox 202 2617 462 2689; x_wconf 85' lang='lat' dir='ltr'><strong>propter</strong></span> <span class='ocrx_word' id='word_1_411' title='bbox 486 2607 667 2685; x_wconf 93' lang='lat' dir='ltr'><strong>quod</strong></span> <span class='ocrx_word' id='word_1_412' title='bbox 694 2606 852 2689; x_wconf 78' lang='lat' dir='ltr'><strong>nihil</strong></span> <span class='ocrx_word' id='word_1_413' title='bbox 885 2604 1851 2689; x_wconf 76' lang='lat' dir='ltr'><strong>eisprofuitde_p_rima_virtute.</strong></span> <span class='ocrx_word' id='word_1_414' title='bbox 1884 2610 2023 2668; x_wconf 92' lang='lat' dir='ltr'><strong>Non</strong></span> <span class='ocrx_word' id='word_1_415' title='bbox 2051 2604 2222 2689; x_wconf 85' lang='lat' dir='ltr'><strong>enim</strong></span> <span class='ocrx_word' id='word_1_416' title='bbox 2257 2607 2521 2689; x_wconf 83' lang='lat' dir='ltr'><strong>exordia</strong></span> <span class='ocrx_word' id='word_1_417' title='bbox 2551 2608 2691 2689; x_wconf 76' lang='lat' dir='ltr'><strong>sola</strong></span> <span class='ocrx_word' id='word_1_418' title='bbox 2721 2612 2973 2685; x_wconf 89' lang='lat' dir='ltr'><strong>oportet</strong></span> <span class='ocrx_word' id='word_1_419' title='bbox 3001 2604 3472 2689; x_wconf 45' lang='lat' dir='ltr'><strong>habere—clara,</strong></span> 
     </span>
    </p>
   </div>
   <div class='ocr_carea' id='block_1_30' title="bbox 201 2685 3477 2759">
    <p class='ocr_par' dir='ltr' id='par_1_30' title="bbox 201 2685 3477 2759">
     <span class='ocr_line' id='line_1_32' title="bbox 201 2685 3477 2759; baseline -0.001 -8"><span class='ocrx_word' id='word_1_420' title='bbox 201 2685 533 2751; x_wconf 43' lang='lat' dir='ltr'><strong>scd—ctiam</strong></span> <span class='ocrx_word' id='word_1_421' title='bbox 587 2691 650 2747; x_wconf 90' lang='lat' dir='ltr'><strong>et</strong></span> <span class='ocrx_word' id='word_1_422' title='bbox 700 2686 891 2747; x_wconf 86' lang='lat' dir='ltr'><strong>linem</strong></span> <span class='ocrx_word' id='word_1_423' title='bbox 944 2685 1307 2746; x_wconf 85' lang='lat' dir='ltr'><strong>clariorem.</strong></span> <span class='ocrx_word' id='word_1_424' title='bbox 1338 2685 1450 2747; x_wconf 89' lang='lat' dir='ltr'><strong>Dic</strong></span> <span class='ocrx_word' id='word_1_425' title='bbox 1479 2686 1648 2745; x_wconf 88' lang='lat' dir='ltr'><strong>enim</strong></span> <span class='ocrx_word' id='word_1_426' title='bbox 1691 2688 1885 2759; x_wconf 92' lang='lat' dir='ltr'><strong>mihi,</strong></span> <span class='ocrx_word' id='word_1_427' title='bbox 1922 2706 2135 2749; x_wconf 87' lang='lat' dir='ltr'><strong>nonne</strong></span> <span class='ocrx_word' id='word_1_428' title='bbox 2165 2687 2385 2747; x_wconf 78' lang='lat' dir='ltr'><strong>rhetor</strong></span> <span class='ocrx_word' id='word_1_429' title='bbox 2420 2686 2589 2748; x_wconf 91' lang='lat' dir='ltr'><strong>circa</strong></span> <span class='ocrx_word' id='word_1_430' title='bbox 2638 2686 2829 2746; x_wconf 87' lang='lat' dir='ltr'><strong>linem</strong></span> <span class='ocrx_word' id='word_1_431' title='bbox 2863 2686 3172 2747; x_wconf 88' lang='lat' dir='ltr'><strong>orationis</strong></span> <span class='ocrx_word' id='word_1_432' title='bbox 3220 2686 3477 2748; x_wconf 76' lang='lat' dir='ltr'><strong>festinat</strong></span> 
     </span>
    </p>
   </div>
   <div class='ocr_carea' id='block_1_31' title="bbox 200 2762 3473 2845">
    <p class='ocr_par' dir='ltr' id='par_1_31' title="bbox 200 2762 3473 2845">
     <span class='ocr_line' id='line_1_33' title="bbox 200 2762 3473 2845; baseline -0.001 -16"><span class='ocrx_word' id='word_1_433' title='bbox 200 2769 433 2830; x_wconf 89' lang='lat' dir='ltr'><strong>clarior</strong></span> <span class='ocrx_word' id='word_1_434' title='bbox 465 2783 823 2843; x_wconf 89' lang='lat' dir='ltr'><strong>apparere,</strong></span> <span class='ocrx_word' id='word_1_435' title='bbox 880 2768 948 2845; x_wconf 90' lang='lat' dir='ltr'><strong>ut</strong></span> <span class='ocrx_word' id='word_1_436' title='bbox 981 2782 1125 2845; x_wconf 77' lang='lat' dir='ltr'><strong>cum</strong></span> <span class='ocrx_word' id='word_1_437' title='bbox 1173 2764 1507 2845; x_wconf 88' lang='lat' dir='ltr'><strong>plausibus</strong></span> <span class='ocrx_word' id='word_1_438' title='bbox 1536 2765 1862 2828; x_wconf 85' lang='lat' dir='ltr'><strong>discedat?</strong></span> <span class='ocrx_word' id='word_1_439' title='bbox 1892 2784 2109 2827; x_wconf 90' lang='lat' dir='ltr'><strong>nonne</strong></span> <span class='ocrx_word' id='word_1_440' title='bbox 2156 2765 2525 2842; x_wconf 85' lang='lat' dir='ltr'><strong>perfunctor</strong></span> <span class='ocrx_word' id='word_1_441' title='bbox 2570 2765 2739 2827; x_wconf 88' lang='lat' dir='ltr'><strong>circa</strong></span> <span class='ocrx_word' id='word_1_442' title='bbox 2771 2765 2962 2845; x_wconf 80' lang='lat' dir='ltr'><strong>linem</strong></span> <span class='ocrx_word' id='word_1_443' title='bbox 3005 2762 3473 2845; x_wconf 89' lang='lat' dir='ltr'><strong>perfunctionis</strong></span> 
     </span>
    </p>
   </div>
   <div class='ocr_carea' id='block_1_32' title="bbox 200 2843 3474 2924">
    <p class='ocr_par' dir='ltr' id='par_1_32' title="bbox 200 2843 3474 2924">
     <span class='ocr_line' id='line_1_34' title="bbox 200 2843 3474 2924; baseline -0.001 -16"><span class='ocrx_word' id='word_1_444' title='bbox 200 2865 327 2908; x_wconf 73' lang='lat' dir='ltr'><strong>sua:</strong></span> <span class='ocrx_word' id='word_1_445' title='bbox 357 2864 566 2924; x_wconf 91' lang='lat' dir='ltr'><strong>opera</strong></span> <span class='ocrx_word' id='word_1_446' title='bbox 599 2862 713 2906; x_wconf 90' lang='lat' dir='ltr'><strong>sua</strong></span> <span class='ocrx_word' id='word_1_447' title='bbox 738 2844 1014 2905; x_wconf 90' lang='lat' dir='ltr'><strong>clariora</strong></span> <span class='ocrx_word' id='word_1_448' title='bbox 1043 2843 1477 2903; x_wconf 83' lang='lat' dir='ltr'><strong>demonstrat?</strong></span> <span class='ocrx_word' id='word_1_449' title='bbox 1503 2862 1716 2905; x_wconf 91' lang='lat' dir='ltr'><strong>nonne</strong></span> <span class='ocrx_word' id='word_1_450' title='bbox 1743 2846 2020 2918; x_wconf 89' lang='lat' dir='ltr'><strong>athleta,</strong></span> <span class='ocrx_word' id='word_1_451' title='bbox 2057 2846 2179 2907; x_wconf 90' lang='lat' dir='ltr'><strong>nisi</strong></span> <span class='ocrx_word' id='word_1_452' title='bbox 2210 2845 2401 2905; x_wconf 85' lang='lat' dir='ltr'><strong>linem</strong></span> <span class='ocrx_word' id='word_1_453' title='bbox 2431 2845 2725 2905; x_wconf 88' lang='lat' dir='ltr'><strong>ostendat</strong></span> <span class='ocrx_word' id='word_1_454' title='bbox 2756 2843 3093 2907; x_wconf 81' lang='lat' dir='ltr'><strong>clariorem</strong></span> <span class='ocrx_word' id='word_1_455' title='bbox 3115 2890 3132 2918; x_wconf 95' lang='lat'><strong>,</strong></span> <span class='ocrx_word' id='word_1_456' title='bbox 3166 2850 3227 2905; x_wconf 90' lang='lat' dir='ltr'><strong>et</strong></span> <span class='ocrx_word' id='word_1_457' title='bbox 3264 2864 3474 2922; x_wconf 89' lang='lat' dir='ltr'><strong>usque</strong></span> 
     </span>
    </p>
   </div>
   <div class='ocr_carea' id='block_1_33' title="bbox 198 2924 3471 3000">
    <p class='ocr_par' dir='ltr' id='par_1_33' title="bbox 198 2924 3471 3000">
     <span class='ocr_line' id='line_1_35' title="bbox 198 2924 3471 3000; baseline -0.001 -13"><span class='ocrx_word' id='word_1_458' title='bbox 198 2928 271 2987; x_wconf 90' lang='lat' dir='ltr'><strong>ad</strong></span> <span class='ocrx_word' id='word_1_459' title='bbox 305 2924 937 2985; x_wconf 88' lang='lat' dir='ltr'><strong>consummationem</strong></span> <span class='ocrx_word' id='word_1_460' title='bbox 964 2940 1216 3000; x_wconf 89' lang='lat' dir='ltr'><strong>semper</strong></span> <span class='ocrx_word' id='word_1_461' title='bbox 1243 2929 1629 2999; x_wconf 81' lang='lat' dir='ltr'><strong>exsuperet,</strong></span> <span class='ocrx_word' id='word_1_462' title='bbox 1660 2941 1736 2985; x_wconf 91' lang='lat' dir='ltr'><strong>ac</strong></span> <span class='ocrx_word' id='word_1_463' title='bbox 1764 2925 1816 2985; x_wconf 93' lang='lat' dir='ltr'><strong>si</strong></span> <span class='ocrx_word' id='word_1_464' title='bbox 1847 2942 2070 2985; x_wconf 88' lang='lat' dir='ltr'><strong>omnes</strong></span> <span class='ocrx_word' id='word_1_465' title='bbox 2101 2924 2361 2997; x_wconf 90' lang='lat' dir='ltr'><strong>vicerit,</strong></span> <span class='ocrx_word' id='word_1_466' title='bbox 2401 2924 2697 2983; x_wconf 83' lang='lat' dir='ltr'><strong>vincatur</strong></span> <span class='ocrx_word' id='word_1_467' title='bbox 2737 2930 2951 2983; x_wconf 88' lang='lat' dir='ltr'><strong>autem</strong></span> <span class='ocrx_word' id='word_1_468' title='bbox 2996 2942 3032 2986; x_wconf 91' lang='lat' dir='ltr'><strong>a</strong></span> <span class='ocrx_word' id='word_1_469' title='bbox 3082 2925 3433 2985; x_wconf 86' lang='lat' dir='ltr'><strong>novissimo</strong></span> <span class='ocrx_word' id='word_1_470' title='bbox 3454 2969 3471 2996; x_wconf 96' lang='lat'><strong>,</strong></span> 
     </span>
    </p>
   </div>
   <div class='ocr_carea' id='block_1_34' title="bbox 199 3000 3476 3081">
    <p class='ocr_par' dir='ltr' id='par_1_34' title="bbox 199 3000 3476 3081">
     <span class='ocr_line' id='line_1_36' title="bbox 199 3000 3476 3081; baseline 0.001 -17"><span class='ocrx_word' id='word_1_471' title='bbox 199 3024 409 3065; x_wconf 89' lang='lat' dir='ltr'><strong>nonne</strong></span> <span class='ocrx_word' id='word_1_472' title='bbox 440 3005 668 3064; x_wconf 91' lang='lat' dir='ltr'><strong>omnia</strong></span> <span class='ocrx_word' id='word_1_473' title='bbox 698 3003 788 3062; x_wconf 92' lang='lat' dir='ltr'><strong>illi</strong></span> <span class='ocrx_word' id='word_1_474' title='bbox 820 3001 1217 3081; x_wconf 78' lang='lat' dir='ltr'><strong>infructuosa</strong></span> <span class='ocrx_word' id='word_1_475' title='bbox 1244 3000 1444 3062; x_wconf 86' lang='lat' dir='ltr'><strong>lient?</strong></span> <span class='ocrx_word' id='word_1_476' title='bbox 1479 3018 1693 3064; x_wconf 90' lang='lat' dir='ltr'><strong>nonne</strong></span> <span class='ocrx_word' id='word_1_477' title='bbox 1723 3005 2151 3078; x_wconf 75' lang='lat' dir='ltr'><strong>gubernator,</strong></span> <span class='ocrx_word' id='word_1_478' title='bbox 2197 3001 2251 3064; x_wconf 90' lang='lat' dir='ltr'><strong>si</strong></span> <span class='ocrx_word' id='word_1_479' title='bbox 2296 3003 2562 3081; x_wconf 74' lang='lat' dir='ltr'><strong>pelagus</strong></span> <span class='ocrx_word' id='word_1_480' title='bbox 2596 3008 2796 3075; x_wconf 86' lang='lat' dir='ltr'><strong>totum</strong></span> <span class='ocrx_word' id='word_1_481' title='bbox 2831 3008 3270 3079; x_wconf 89' lang='lat' dir='ltr'><strong>pertranseat,</strong></span> <span class='ocrx_word' id='word_1_482' title='bbox 3302 3003 3476 3066; x_wconf 82' lang='lat' dir='ltr'><strong>circa</strong></span> 
     </span>
    </p>
   </div>
   <div class='ocr_carea' id='block_1_35' title="bbox 208 3077 3480 3161">
    <p class='ocr_par' dir='ltr' id='par_1_35' title="bbox 208 3077 3480 3161">
     <span class='ocr_line' id='line_1_37' title="bbox 208 3077 3480 3161; baseline 0.003 -26"><span class='ocrx_word' id='word_1_483' title='bbox 208 3090 458 3156; x_wconf 87' lang='lat' dir='ltr'><strong>portum</strong></span> <span class='ocrx_word' id='word_1_484' title='bbox 493 3089 713 3161; x_wconf 72' lang='lat' dir='ltr'><strong>autem</strong></span> <span class='ocrx_word' id='word_1_485' title='bbox 744 3077 1101 3161; x_wconf 79' lang='lat' dir='ltr'><strong>confringet</strong></span> <span class='ocrx_word' id='word_1_486' title='bbox 1133 3085 1352 3152; x_wconf 86' lang='lat' dir='ltr'><strong>ratem,</strong></span> <span class='ocrx_word' id='word_1_487' title='bbox 1381 3096 1635 3161; x_wconf 81' lang='lat' dir='ltr'><strong>omnem</strong></span> <span class='ocrx_word' id='word_1_488' title='bbox 1668 3077 1946 3159; x_wconf 85' lang='lat' dir='ltr'><strong>perdidit</strong></span> <span class='ocrx_word' id='word_1_489' title='bbox 1975 3077 2354 3147; x_wconf 82' lang='lat' dir='ltr'><strong>anteriorem</strong></span> <span class='ocrx_word' id='word_1_490' title='bbox 2384 3077 2659 3148; x_wconf 81' lang='lat' dir='ltr'><strong>laborem</strong></span> <span class='ocrx_word' id='word_1_491' title='bbox 2682 3091 2710 3147; x_wconf 90' lang='lat'><strong>?</strong></span> <span class='ocrx_word' id='word_1_492' title='bbox 2742 3077 2908 3161; x_wconf 79' lang='lat' dir='ltr'><strong>Quid</strong></span> <span class='ocrx_word' id='word_1_493' title='bbox 2938 3087 3127 3148; x_wconf 87' lang='lat' dir='ltr'><strong>etiam</strong></span> <span class='ocrx_word' id='word_1_494' title='bbox 3158 3087 3480 3149; x_wconf 81' lang='lat' dir='ltr'><strong>medicus?</strong></span> 
     </span>
    </p>
   </div>
   <div class='ocr_carea' id='block_1_36' title="bbox 210 3156 3480 3245">
    <p class='ocr_par' dir='ltr' id='par_1_36' title="bbox 210 3156 3480 3245">
     <span class='ocr_line' id='line_1_38' title="bbox 210 3156 3480 3245; baseline 0.002 -28"><span class='ocrx_word' id='word_1_495' title='bbox 210 3175 420 3218; x_wconf 86' lang='lat' dir='ltr'><strong>nonne</strong></span> <span class='ocrx_word' id='word_1_496' title='bbox 452 3158 561 3245; x_wconf 6' lang='lat' dir='ltr'><strong>_sig</strong></span> <span class='ocrx_word' id='word_1_497' title='bbox 598 3156 889 3245; x_wconf 82' lang='lat' dir='ltr'><strong>liberavit</strong></span> <span class='ocrx_word' id='word_1_498' title='bbox 939 3163 1345 3245; x_wconf 58' lang='lat' dir='ltr'><strong>iegrotantem</strong></span> <span class='ocrx_word' id='word_1_499' title='bbox 1402 3156 1841 3245; x_wconf 38' lang='lat' dir='ltr'><strong>morbo,‘c_um</strong></span> <span class='ocrx_word' id='word_1_500' title='bbox 1892 3170 2105 3224; x_wconf 91' lang='lat' dir='ltr'><strong>autem</strong></span> <span class='ocrx_word' id='word_1_501' title='bbox 2152 3163 2230 3224; x_wconf 89' lang='lat' dir='ltr'><strong>ad</strong></span> <span class='ocrx_word' id='word_1_502' title='bbox 2263 3164 2739 3245; x_wconf 77' lang='lat' dir='ltr'><strong>perfectionem</strong></span> <span class='ocrx_word' id='word_1_503' title='bbox 2766 3156 3007 3225; x_wconf 52' lang='lat' dir='ltr'><strong>&#39;salntis</strong></span> <span class='ocrx_word' id='word_1_504' title='bbox 3050 3172 3480 3245; x_wconf 85' lang='lat' dir='ltr'><strong>perventurus</strong></span> 
     </span>
    </p>
   </div>
   <div class='ocr_carea' id='block_1_37' title="bbox 207 3238 3482 3323">
    <p class='ocr_par' dir='ltr' id='par_1_37' title="bbox 207 3238 3482 3323">
     <span class='ocr_line' id='line_1_39' title="bbox 207 3238 3482 3323; baseline 0.002 -27"><span class='ocrx_word' id='word_1_505' title='bbox 207 3239 865 3323; x_wconf 40' lang='lat' dir='ltr'><strong>erat‘aagrgtus,.tunc</strong></span> <span class='ocrx_word' id='word_1_506' title='bbox 896 3238 1036 3323; x_wconf 80' lang='lat' dir='ltr'><strong>ejus</strong></span> <span class='ocrx_word' id='word_1_507' title='bbox 1083 3245 1448 3323; x_wconf 76' lang='lat' dir='ltr'><strong>corrumpat</strong></span> <span class='ocrx_word' id='word_1_508' title='bbox 1476 3238 1945 3323; x_wconf 67' lang='lat' dir='ltr'><strong>valetudinem,</strong></span> <span class='ocrx_word' id='word_1_509' title='bbox 1986 3256 2223 3323; x_wconf 78' lang='lat' dir='ltr'><strong>nonne,</strong></span> <span class='ocrx_word' id='word_1_510' title='bbox 2256 3238 2545 3323; x_wconf 76' lang='lat' dir='ltr'><strong>inquam,</strong></span> <span class='ocrx_word' id='word_1_511' title='bbox 2579 3250 2781 3303; x_wconf 88' lang='lat' dir='ltr'><strong>totum</strong></span> <span class='ocrx_word' id='word_1_512' title='bbox 2822 3259 2988 3320; x_wconf 89' lang='lat' dir='ltr'><strong>opus</strong></span> <span class='ocrx_word' id='word_1_513' title='bbox 3038 3238 3387 3321; x_wconf 80' lang='lat' dir='ltr'><strong>corrumpit</strong></span> <span class='ocrx_word' id='word_1_514' title='bbox 3420 3254 3482 3303; x_wconf 85' lang='lat' dir='ltr'><strong>et</strong></span> 
     </span>
    </p>
   </div>
   <div class='ocr_carea' id='block_1_38' title="bbox 210 3312 3479 3397">
    <p class='ocr_par' dir='ltr' id='par_1_38' title="bbox 210 3312 3479 3397">
     <span class='ocr_line' id='line_1_40' title="bbox 210 3312 3479 3397; baseline 0.002 -24"><span class='ocrx_word' id='word_1_515' title='bbox 210 3312 459 3391; x_wconf 78' lang='lat' dir='ltr'><strong>perdit?</strong></span> <span class='ocrx_word' id='word_1_516' title='bbox 491 3314 604 3375; x_wconf 90' lang='lat' dir='ltr'><strong>Sic</strong></span> <span class='ocrx_word' id='word_1_517' title='bbox 629 3312 903 3374; x_wconf 84' lang='lat' dir='ltr'><strong>etiamin</strong></span> <span class='ocrx_word' id='word_1_518' title='bbox 936 3312 1175 3397; x_wconf 73' lang='lat' dir='ltr'><strong>Virtute</strong></span> <span class='ocrx_word' id='word_1_519' title='bbox 1208 3312 1541 3394; x_wconf 80' lang='lat' dir='ltr'><strong>contingit.</strong></span> <span class='ocrx_word' id='word_1_520' title='bbox 1568 3316 1896 3397; x_wconf 87' lang='lat' dir='ltr'><strong>Quotquot</strong></span> <span class='ocrx_word' id='word_1_521' title='bbox 1927 3312 2212 3381; x_wconf 78' lang='lat' dir='ltr'><strong>exordiis</strong></span> <span class='ocrx_word' id='word_1_522' title='bbox 2244 3312 2429 3381; x_wconf 77' lang='lat' dir='ltr'><strong>ﬁnem</strong></span> <span class='ocrx_word' id='word_1_523' title='bbox 2466 3312 2594 3381; x_wconf 85' lang='lat' dir='ltr'><strong>nOn</strong></span> <span class='ocrx_word' id='word_1_524' title='bbox 2632 3312 2985 3396; x_wconf 78' lang='lat' dir='ltr'><strong>posuerunt</strong></span> <span class='ocrx_word' id='word_1_525' title='bbox 3014 3312 3479 3397; x_wconf 61' lang='lat' dir='ltr'><strong>compete&#39;ntem</strong></span> 
     </span>
    </p>
   </div>
   <div class='ocr_carea' id='block_1_39' title="bbox 209 3391 3484 3477">
    <p class='ocr_par' dir='ltr' id='par_1_39' title="bbox 209 3391 3484 3477">
     <span class='ocr_line' id='line_1_41' title="bbox 209 3391 3484 3477; baseline 0.002 -26"><span class='ocrx_word' id='word_1_526' title='bbox 209 3400 264 3451; x_wconf 84' lang='lat' dir='ltr'><strong>et</strong></span> <span class='ocrx_word' id='word_1_527' title='bbox 312 3397 952 3477; x_wconf 70' lang='lat' dir='ltr'><strong>consequentemet</strong></span> <span class='ocrx_word' id='word_1_528' title='bbox 988 3391 1458 3477; x_wconf 61' lang='lat' dir='ltr'><strong>concinentiam,</strong></span> <span class='ocrx_word' id='word_1_529' title='bbox 1495 3391 1821 3477; x_wconf 78' lang='lat' dir='ltr'><strong>perierunt</strong></span> <span class='ocrx_word' id='word_1_530' title='bbox 1868 3405 1928 3458; x_wconf 90' lang='lat' dir='ltr'><strong>et</strong></span> <span class='ocrx_word' id='word_1_531' title='bbox 1975 3406 2254 3473; x_wconf 80' lang='lat' dir='ltr'><strong>cerrupti</strong></span> <span class='ocrx_word' id='word_1_532' title='bbox 2308 3407 2500 3477; x_wconf 79' lang='lat' dir='ltr'><strong>sunt._</strong></span> <span class='ocrx_word' id='word_1_533' title='bbox 2537 3391 2732 3477; x_wconf 81' lang='lat' dir='ltr'><strong>Tales</strong></span> <span class='ocrx_word' id='word_1_534' title='bbox 2763 3415 3035 3477; x_wconf 85' lang='lat' dir='ltr'><strong>namque</strong></span> <span class='ocrx_word' id='word_1_535' title='bbox 3066 3391 3218 3461; x_wconf 83' lang='lat' dir='ltr'><strong>sunt</strong></span> <span class='ocrx_word' id='word_1_536' title='bbox 3258 3398 3370 3475; x_wconf 88' lang='lat' dir='ltr'><strong>qui</strong></span> <span class='ocrx_word' id='word_1_537' title='bbox 3402 3415 3484 3459; x_wconf 77' lang='lat' dir='ltr'><strong>ex</strong></span> 
     </span>
    </p>
   </div>
   <div class='ocr_carea' id='block_1_40' title="bbox 204 3469 3479 3551">
    <p class='ocr_par' dir='ltr' id='par_1_40' title="bbox 204 3469 3479 3551">
     <span class='ocr_line' id='line_1_42' title="bbox 204 3469 3479 3551; baseline 0.002 -20"><span class='ocrx_word' id='word_1_538' title='bbox 204 3469 579 3531; x_wconf 79' lang='lat' dir='ltr'><strong>carceribus</strong></span> <span class='ocrx_word' id='word_1_539' title='bbox 620 3469 779 3551; x_wconf 81' lang='lat' dir='ltr'><strong>ipsis</strong></span> <span class='ocrx_word' id='word_1_540' title='bbox 803 3469 955 3529; x_wconf 88' lang='lat' dir='ltr'><strong>clari</strong></span> <span class='ocrx_word' id='word_1_541' title='bbox 987 3471 1424 3551; x_wconf 16' lang='lat' dir='ltr'><strong>etgestiegntes</strong></span> <span class='ocrx_word' id='word_1_542' title='bbox 1458 3469 1823 3547; x_wconf 73' lang='lat' dir='ltr'><strong>prosiliunt,</strong></span> <span class='ocrx_word' id='word_1_543' title='bbox 1860 3483 2077 3551; x_wconf 87' lang='lat' dir='ltr'><strong>postea</strong></span> <span class='ocrx_word' id='word_1_544' title='bbox 2110 3469 2261 3537; x_wconf 83' lang='lat' dir='ltr'><strong>vero</strong></span> <span class='ocrx_word' id='word_1_545' title='bbox 2302 3475 2687 3536; x_wconf 83' lang='lat' dir='ltr'><strong>dissolutius</strong></span> <span class='ocrx_word' id='word_1_546' title='bbox 2722 3469 3060 3539; x_wconf 73' lang='lat' dir='ltr'><strong>laxiusbue</strong></span> <span class='ocrx_word' id='word_1_547' title='bbox 3100 3469 3431 3539; x_wconf 73' lang='lat' dir='ltr'><strong>move-itur</strong></span> <span class='ocrx_word' id='word_1_548' title='bbox 3463 3501 3479 3538; x_wconf 90' lang='lat'><strong>:</strong></span> 
     </span>
    </p>
   </div>
   <div class='ocr_carea' id='block_1_41' title="bbox 196 3549 3488 3630">
    <p class='ocr_par' dir='ltr' id='par_1_41' title="bbox 196 3549 3488 3630">
     <span class='ocr_line' id='line_1_43' title="bbox 196 3549 3488 3630; baseline 0.001 -16"><span class='ocrx_word' id='word_1_549' title='bbox 196 3557 433 3615; x_wconf 84' lang='lat' dir='ltr'><strong>idcirco</strong></span> <span class='ocrx_word' id='word_1_550' title='bbox 466 3552 695 3630; x_wconf 90' lang='lat' dir='ltr'><strong>palma</strong></span> <span class='ocrx_word' id='word_1_551' title='bbox 717 3550 1115 3630; x_wconf 81' lang='lat' dir='ltr'><strong>fraudantur</strong></span> <span class='ocrx_word' id='word_1_552' title='bbox 1139 3593 1153 3620; x_wconf 99' lang='lat'><strong>,</strong></span> <span class='ocrx_word' id='word_1_553' title='bbox 1182 3564 1221 3609; x_wconf 92' lang='lat' dir='ltr'><strong>a</strong></span> <span class='ocrx_word' id='word_1_554' title='bbox 1259 3549 1552 3630; x_wconf 71' lang='lat' dir='ltr'><strong>Domino</strong></span> <span class='ocrx_word' id='word_1_555' title='bbox 1576 3566 1709 3630; x_wconf 89' lang='lat' dir='ltr'><strong>non</strong></span> <span class='ocrx_word' id='word_1_556' title='bbox 1737 3549 2202 3630; x_wconf 76' lang='lat' dir='ltr'><strong>agnoscuntur.</strong></span> <span class='ocrx_word' id='word_1_557' title='bbox 2236 3551 2588 3630; x_wconf 87' lang='lat' dir='ltr'><strong>Audiamus</strong></span> <span class='ocrx_word' id='word_1_558' title='bbox 2609 3551 2811 3630; x_wconf 83' lang='lat' dir='ltr'><strong>igitur</strong></span> <span class='ocrx_word' id='word_1_559' title='bbox 2839 3552 2972 3612; x_wconf 60' lang='lat' dir='ltr'><strong>haec</strong></span> <span class='ocrx_word' id='word_1_560' title='bbox 2997 3596 3012 3623; x_wconf 92' lang='lat'><strong>,</strong></span> <span class='ocrx_word' id='word_1_561' title='bbox 3047 3553 3158 3630; x_wconf 91' lang='lat' dir='ltr'><strong>qui</strong></span> <span class='ocrx_word' id='word_1_562' title='bbox 3195 3569 3488 3618; x_wconf 90' lang='lat' dir='ltr'><strong>amamus</strong></span> 
     </span>
    </p>
   </div>
   <div class='ocr_carea' id='block_1_42' title="bbox 195 3626 3490 3713">
    <p class='ocr_par' dir='ltr' id='par_1_42' title="bbox 195 3626 3490 3713">
     <span class='ocr_line' id='line_1_44' title="bbox 195 3626 3490 3713; baseline 0.001 -18"><span class='ocrx_word' id='word_1_563' title='bbox 195 3626 512 3713; x_wconf 75' lang='lat' dir='ltr'><strong>pecunias</strong></span> <span class='ocrx_word' id='word_1_564' title='bbox 547 3653 563 3690; x_wconf 92' lang='lat'><strong>:</strong></span> <span class='ocrx_word' id='word_1_565' title='bbox 602 3629 808 3713; x_wconf 84' lang='lat' dir='ltr'><strong>major</strong></span> <span class='ocrx_word' id='word_1_566' title='bbox 836 3629 1075 3713; x_wconf 82' lang='lat' dir='ltr'><strong>quippe</strong></span> <span class='ocrx_word' id='word_1_567' title='bbox 1106 3632 1203 3689; x_wconf 90' lang='lat' dir='ltr'><strong>est</strong></span> <span class='ocrx_word' id='word_1_568' title='bbox 1227 3627 1591 3713; x_wconf 78' lang='lat' dir='ltr'><strong>cupiditatis</strong></span> <span class='ocrx_word' id='word_1_569' title='bbox 1626 3626 1932 3713; x_wconf 73' lang='lat' dir='ltr'><strong>iniquitas</strong></span> <span class='ocrx_word' id='word_1_570' title='bbox 1966 3649 1981 3687; x_wconf 90' lang='lat'><strong>:</strong></span> <span class='ocrx_word' id='word_1_571' title='bbox 2020 3626 2230 3688; x_wconf 76' lang='lat' dir='ltr'><strong>Radix</strong></span> <span class='ocrx_word' id='word_1_572' title='bbox 2255 3628 2415 3713; x_wconf 73' lang='lat' dir='ltr'><strong>enim</strong></span> <span class='ocrx_word' id='word_1_573' title='bbox 2450 3626 2720 3713; x_wconf 75' lang='lat' dir='ltr'><strong>omnium</strong></span> <span class='ocrx_word' id='word_1_574' title='bbox 2742 3630 3051 3713; x_wconf 83' lang='lat' dir='ltr'><strong>malorum</strong></span> <span class='ocrx_word' id='word_1_575' title='bbox 3068 3626 3490 3713; x_wconf 15' lang='lat' dir='ltr'><strong>&#39;estraearitia.</strong></span> 
     </span>
    </p>
   </div>
   <div class='ocr_carea' id='block_1_43' title="bbox 196 3706 3490 3788">
    <p class='ocr_par' dir='ltr' id='par_1_43' title="bbox 196 3706 3490 3788">
     <span class='ocr_line' id='line_1_45' title="bbox 196 3706 3490 3788; baseline 0.001 -14"><span class='ocrx_word' id='word_1_576' title='bbox 196 3706 639 3774; x_wconf 62' lang='lat' dir='ltr'><strong>}\dvcrtamus</strong></span> <span class='ocrx_word' id='word_1_577' title='bbox 674 3706 784 3787; x_wconf 79' lang='lat' dir='ltr'><strong>qui</strong></span> <span class='ocrx_word' id='word_1_578' title='bbox 816 3706 1111 3788; x_wconf 91' lang='lat' dir='ltr'><strong>volumus</strong></span> <span class='ocrx_word' id='word_1_579' title='bbox 1141 3706 1450 3788; x_wconf 78' lang='lat' dir='ltr'><strong>majorem</strong></span> <span class='ocrx_word' id='word_1_580' title='bbox 1478 3708 1905 3788; x_wconf 85' lang='lat' dir='ltr'><strong>substantiam</strong></span> <span class='ocrx_word' id='word_1_581' title='bbox 1931 3714 2217 3788; x_wconf 86' lang='lat' dir='ltr'><strong>nostram</strong></span> <span class='ocrx_word' id='word_1_582' title='bbox 2266 3708 2508 3779; x_wconf 87' lang='lat' dir='ltr'><strong>facere,</strong></span> <span class='ocrx_word' id='word_1_583' title='bbox 2534 3707 2941 3788; x_wconf 80' lang='lat' dir='ltr'><strong>advertamus</strong></span> <span class='ocrx_word' id='word_1_584' title='bbox 2975 3714 3037 3771; x_wconf 91' lang='lat' dir='ltr'><strong>et</strong></span> <span class='ocrx_word' id='word_1_585' title='bbox 3078 3712 3490 3788; x_wconf 86' lang='lat' dir='ltr'><strong>quiescamus</strong></span> 
     </span>
    </p>
   </div>
   <div class='ocr_carea' id='block_1_44' title="bbox 196 3786 3489 3865">
    <p class='ocr_par' dir='ltr' id='par_1_44' title="bbox 196 3786 3489 3865">
     <span class='ocr_line' id='line_1_46' title="bbox 196 3786 3489 3865; baseline 0.001 -12"><span class='ocrx_word' id='word_1_586' title='bbox 196 3795 275 3853; x_wconf 87' lang='lat' dir='ltr'><strong>ab</strong></span> <span class='ocrx_word' id='word_1_587' title='bbox 295 3792 615 3864; x_wconf 88' lang='lat' dir='ltr'><strong>avaritia,</strong></span> <span class='ocrx_word' id='word_1_588' title='bbox 648 3786 728 3849; x_wconf 83' lang='lat' dir='ltr'><strong>ne</strong></span> <span class='ocrx_word' id='word_1_589' title='bbox 758 3787 1093 3849; x_wconf 90' lang='lat' dir='ltr'><strong>audiamus</strong></span> <span class='ocrx_word' id='word_1_590' title='bbox 1121 3786 1291 3864; x_wconf 93' lang='lat' dir='ltr'><strong>quod</strong></span> <span class='ocrx_word' id='word_1_591' title='bbox 1321 3786 1413 3845; x_wconf 91' lang='lat' dir='ltr'><strong>illi</strong></span> <span class='ocrx_word' id='word_1_592' title='bbox 1443 3799 1703 3864; x_wconf 79' lang='lat' dir='ltr'><strong>quoque</strong></span> <span class='ocrx_word' id='word_1_593' title='bbox 1725 3786 2091 3848; x_wconf 90' lang='lat' dir='ltr'><strong>audierunt.</strong></span> <span class='ocrx_word' id='word_1_594' title='bbox 2115 3787 2297 3846; x_wconf 89' lang='lat' dir='ltr'><strong>Nunc</strong></span> <span class='ocrx_word' id='word_1_595' title='bbox 2336 3804 2412 3847; x_wconf 86' lang='lat' dir='ltr'><strong>ea</strong></span> <span class='ocrx_word' id='word_1_596' title='bbox 2442 3787 2780 3848; x_wconf 88' lang='lat' dir='ltr'><strong>audiamus</strong></span> <span class='ocrx_word' id='word_1_597' title='bbox 2809 3786 3489 3865; x_wconf 78' lang='lat' dir='ltr'><strong>etcontremiscamus,</strong></span> 
     </span>
    </p>
   </div>
   <div class='ocr_carea' id='block_1_45' title="bbox 196 3865 3492 3945">
    <p class='ocr_par' dir='ltr' id='par_1_45' title="bbox 196 3865 3492 3945">
     <span class='ocr_line' id='line_1_47' title="bbox 196 3865 3492 3945; baseline 0.001 -14"><span class='ocrx_word' id='word_1_598' title='bbox 196 3890 273 3932; x_wconf 90' lang='lat' dir='ltr'><strong>ne</strong></span> <span class='ocrx_word' id='word_1_599' title='bbox 302 3878 462 3933; x_wconf 90' lang='lat' dir='ltr'><strong>tunc</strong></span> <span class='ocrx_word' id='word_1_600' title='bbox 493 3889 579 3931; x_wconf 87' lang='lat' dir='ltr'><strong>ea</strong></span> <span class='ocrx_word' id='word_1_601' title='bbox 618 3868 782 3929; x_wconf 90' lang='lat' dir='ltr'><strong>male</strong></span> <span class='ocrx_word' id='word_1_602' title='bbox 814 3866 1151 3929; x_wconf 85' lang='lat' dir='ltr'><strong>audiamus</strong></span> <span class='ocrx_word' id='word_1_603' title='bbox 1188 3885 1203 3924; x_wconf 89' lang='lat'><strong>:</strong></span> <span class='ocrx_word' id='word_1_604' title='bbox 1241 3884 1415 3925; x_wconf 90' lang='lat' dir='ltr'><strong>nunc</strong></span> <span class='ocrx_word' id='word_1_605' title='bbox 1445 3867 1850 3927; x_wconf 88' lang='lat' dir='ltr'><strong>advertamus</strong></span> <span class='ocrx_word' id='word_1_606' title='bbox 1883 3884 2027 3927; x_wconf 92' lang='lat' dir='ltr'><strong>cum</strong></span> <span class='ocrx_word' id='word_1_607' title='bbox 2058 3866 2283 3925; x_wconf 85' lang='lat' dir='ltr'><strong>timore</strong></span> <span class='ocrx_word' id='word_1_608' title='bbox 2308 3910 2323 3935; x_wconf 94' lang='lat'><strong>,</strong></span> <span class='ocrx_word' id='word_1_609' title='bbox 2356 3884 2433 3927; x_wconf 87' lang='lat' dir='ltr'><strong>ne</strong></span> <span class='ocrx_word' id='word_1_610' title='bbox 2462 3871 2614 3925; x_wconf 84' lang='lat' dir='ltr'><strong>tunc</strong></span> <span class='ocrx_word' id='word_1_611' title='bbox 2642 3882 2785 3943; x_wconf 87' lang='lat' dir='ltr'><strong>cum</strong></span> <span class='ocrx_word' id='word_1_612' title='bbox 2813 3865 3144 3945; x_wconf 85' lang='lat' dir='ltr'><strong>suppliciis</strong></span> <span class='ocrx_word' id='word_1_613' title='bbox 3174 3871 3492 3935; x_wconf 79' lang='lat' dir='ltr'><strong>adverta—</strong></span> 
     </span>
    </p>
   </div>
   <div class='ocr_carea' id='block_1_46' title="bbox 196 3945 3491 4024">
    <p class='ocr_par' dir='ltr' id='par_1_46' title="bbox 196 3945 3491 4024">
     <span class='ocr_line' id='line_1_48' title="bbox 196 3945 3491 4024; baseline 0.001 -15"><span class='ocrx_word' id='word_1_614' title='bbox 196 3970 336 4012; x_wconf 89' lang='lat' dir='ltr'><strong>mus</strong></span> <span class='ocrx_word' id='word_1_615' title='bbox 373 3973 388 4009; x_wconf 92' lang='lat'><strong>:</strong></span> <span class='ocrx_word' id='word_1_616' title='bbox 426 3947 757 4010; x_wconf 83' lang='lat' dir='ltr'><strong>Discedite</strong></span> <span class='ocrx_word' id='word_1_617' title='bbox 785 3967 822 4005; x_wconf 89' lang='lat' dir='ltr'><strong>a</strong></span> <span class='ocrx_word' id='word_1_618' title='bbox 853 3964 973 4012; x_wconf 89' lang='lat' dir='ltr'><strong>me,</strong></span> <span class='ocrx_word' id='word_1_619' title='bbox 1004 3962 1335 4024; x_wconf 83' lang='lat' dir='ltr'><strong>numquam</strong></span> <span class='ocrx_word' id='word_1_620' title='bbox 1364 3946 1598 4021; x_wconf 72' lang='lat' dir='ltr'><strong>agnovi</strong></span> <span class='ocrx_word' id='word_1_621' title='bbox 1617 3964 1747 4010; x_wconf 79' lang='lat' dir='ltr'><strong>vos,</strong></span> <span class='ocrx_word' id='word_1_622' title='bbox 1784 3965 1902 4007; x_wconf 88' lang='lat' dir='ltr'><strong>nec</strong></span> <span class='ocrx_word' id='word_1_623' title='bbox 1934 3950 2087 4005; x_wconf 91' lang='lat' dir='ltr'><strong>tunc</strong></span> <span class='ocrx_word' id='word_1_624' title='bbox 2111 3990 2126 4017; x_wconf 97' lang='lat'><strong>,</strong></span> <span class='ocrx_word' id='word_1_625' title='bbox 2152 3945 2393 4022; x_wconf 88' lang='lat' dir='ltr'><strong>inquit,</strong></span> <span class='ocrx_word' id='word_1_626' title='bbox 2426 3945 2684 4021; x_wconf 87' lang='lat' dir='ltr'><strong>quando</strong></span> <span class='ocrx_word' id='word_1_627' title='bbox 2705 3946 3071 4024; x_wconf 90' lang='lat' dir='ltr'><strong>prophetias</strong></span> <span class='ocrx_word' id='word_1_628' title='bbox 3101 3951 3491 4014; x_wconf 86' lang='lat' dir='ltr'><strong>ostendeba-</strong></span> 
     </span>
    </p>
   </div>
   <div class='ocr_carea' id='block_1_47' title="bbox 197 4023 3495 4107">
    <p class='ocr_par' dir='ltr' id='par_1_47' title="bbox 197 4023 3495 4107">
     <span class='ocr_line' id='line_1_49' title="bbox 197 4023 3495 4107; baseline 0.001 -17"><span class='ocrx_word' id='word_1_629' title='bbox 197 4031 271 4091; x_wconf 81' lang='lat' dir='ltr'><strong>tis</strong></span> <span class='ocrx_word' id='word_1_630' title='bbox 300 4036 360 4091; x_wconf 92' lang='lat' dir='ltr'><strong>et</strong></span> <span class='ocrx_word' id='word_1_631' title='bbox 395 4029 736 4090; x_wconf 66' lang='lat' dir='ltr'><strong>daemones</strong></span> <span class='ocrx_word' id='word_1_632' title='bbox 770 4023 1535 4107; x_wconf 51' lang='grc' dir='ltr'><strong>σεῖίίιςςξιὶηιῐίετἝρνιξιδεὶε,Δ</strong></span> <span class='ocrx_word' id='word_1_633' title='bbox 1565 4025 1854 4107; x_wconf 81' lang='lat' dir='ltr'><strong>etiamin</strong></span> <span class='ocrx_word' id='word_1_634' title='bbox 1890 4026 2032 4086; x_wconf 91' lang='lat' dir='ltr'><strong>loco</strong></span> <span class='ocrx_word' id='word_1_635' title='bbox 2066 4031 2126 4085; x_wconf 88' lang='lat' dir='ltr'><strong>et</strong></span> <span class='ocrx_word' id='word_1_636' title='bbox 2159 4024 2331 4107; x_wconf 79' lang='lat' dir='ltr'><strong>aliud</strong></span> <span class='ocrx_word' id='word_1_637' title='bbox 2377 4024 2680 4101; x_wconf 89' lang='lat' dir='ltr'><strong>quiddam</strong></span> <span class='ocrx_word' id='word_1_638' title='bbox 2704 4023 3040 4107; x_wconf 76' lang='lat' dir='ltr'><strong>signiﬁcat</strong></span> <span class='ocrx_word' id='word_1_639' title='bbox 3064 4072 3087 4107; x_wconf 16' lang='grc' dir='ltr'><strong>,ν</strong></span> <span class='ocrx_word' id='word_1_640' title='bbox 3129 4030 3189 4088; x_wconf 88' lang='lat' dir='ltr'><strong>et</strong></span> <span class='ocrx_word' id='word_1_641' title='bbox 3227 4032 3380 4107; x_wconf 88' lang='lat' dir='ltr'><strong>quia</strong></span> <span class='ocrx_word' id='word_1_642' title='bbox 3429 4036 3495 4092; x_wconf 87' lang='lat' dir='ltr'><strong>et</strong></span> 
     </span>
    </p>
   </div>
   <div class='ocr_carea' id='block_1_48' title="bbox 192 4102 3494 4183">
    <p class='ocr_par' dir='ltr' id='par_1_48' title="bbox 192 4102 3494 4183">
     <span class='ocr_line' id='line_1_50' title="bbox 192 4102 3494 4183; baseline 0.001 -14"><span class='ocrx_word' id='word_1_643' title='bbox 192 4117 347 4170; x_wconf 90' lang='lat' dir='ltr'><strong>tunc</strong></span> <span class='ocrx_word' id='word_1_644' title='bbox 374 4110 533 4170; x_wconf 64' lang='lat' dir='ltr'><strong>vitae</strong></span> <span class='ocrx_word' id='word_1_645' title='bbox 566 4111 755 4168; x_wconf 89' lang='lat' dir='ltr'><strong>erant</strong></span> <span class='ocrx_word' id='word_1_646' title='bbox 784 4105 1116 4183; x_wconf 65' lang='lat' dir='ltr'><strong>pessima):</strong></span> <span class='ocrx_word' id='word_1_647' title='bbox 1152 4102 1217 4162; x_wconf 95' lang='lat' dir='ltr'><strong>in</strong></span> <span class='ocrx_word' id='word_1_648' title='bbox 1248 4103 1403 4180; x_wconf 90' lang='lat' dir='ltr'><strong>ipsis</strong></span> <span class='ocrx_word' id='word_1_649' title='bbox 1427 4104 1666 4182; x_wconf 89' lang='lat' dir='ltr'><strong>quippe</strong></span> <span class='ocrx_word' id='word_1_650' title='bbox 1692 4104 1889 4165; x_wconf 85' lang='lat' dir='ltr'><strong>initiis</strong></span> <span class='ocrx_word' id='word_1_651' title='bbox 1931 4109 1992 4165; x_wconf 89' lang='lat' dir='ltr'><strong>et</strong></span> <span class='ocrx_word' id='word_1_652' title='bbox 2017 4121 2133 4181; x_wconf 89' lang='lat' dir='ltr'><strong>per</strong></span> <span class='ocrx_word' id='word_1_653' title='bbox 2162 4103 2456 4181; x_wconf 88' lang='lat' dir='ltr'><strong>indignos</strong></span> <span class='ocrx_word' id='word_1_654' title='bbox 2503 4102 2894 4181; x_wconf 77' lang='lat' dir='ltr'><strong>operabatur</strong></span> <span class='ocrx_word' id='word_1_655' title='bbox 2931 4106 3159 4183; x_wconf 87' lang='lat' dir='ltr'><strong>gratia.</strong></span> <span class='ocrx_word' id='word_1_656' title='bbox 3211 4102 3271 4167; x_wconf 83' lang='lat' dir='ltr'><strong>Si</strong></span> <span class='ocrx_word' id='word_1_657' title='bbox 3318 4111 3494 4170; x_wconf 90' lang='lat' dir='ltr'><strong>enim</strong></span> 
     </span>
    </p>
   </div>
   <div class='ocr_carea' id='block_1_49' title="bbox 196 4183 3491 4267">
    <p class='ocr_par' dir='ltr' id='par_1_49' title="bbox 196 4183 3491 4267">
     <span class='ocr_line' id='line_1_51' title="bbox 196 4183 3491 4267; baseline 0 -18"><span class='ocrx_word' id='word_1_658' title='bbox 196 4207 309 4267; x_wconf 91' lang='lat' dir='ltr'><strong>per</strong></span> <span class='ocrx_word' id='word_1_659' title='bbox 339 4189 623 4249; x_wconf 88' lang='lat' dir='ltr'><strong>Balaam</strong></span> <span class='ocrx_word' id='word_1_660' title='bbox 652 4188 919 4267; x_wconf 81' lang='lat' dir='ltr'><strong>operata</strong></span> <span class='ocrx_word' id='word_1_661' title='bbox 962 4183 1329 4267; x_wconf 89' lang='lat' dir='ltr'><strong>est,_multo</strong></span> <span class='ocrx_word' id='word_1_662' title='bbox 1355 4183 1562 4267; x_wconf 74' lang='lat' dir='ltr'><strong>magis</strong></span> <span class='ocrx_word' id='word_1_663' title='bbox 1617 4189 1837 4267; x_wconf 71' lang='lat' dir='ltr'><strong>etper</strong></span> <span class='ocrx_word' id='word_1_664' title='bbox 1862 4184 2168 4267; x_wconf 71' lang='lat' dir='ltr'><strong>indignos</strong></span> <span class='ocrx_word' id='word_1_665' title='bbox 2195 4228 2211 4255; x_wconf 97' lang='lat'><strong>,</strong></span> <span class='ocrx_word' id='word_1_666' title='bbox 2254 4187 2518 4267; x_wconf 80' lang='lat' dir='ltr'><strong>propter</strong></span> <span class='ocrx_word' id='word_1_667' title='bbox 2562 4183 2721 4267; x_wconf 77' lang='lat' dir='ltr'><strong>alios</strong></span> <span class='ocrx_word' id='word_1_668' title='bbox 2759 4183 3127 4267; x_wconf 82' lang='lat' dir='ltr'><strong>lucraudos.</strong></span> <span class='ocrx_word' id='word_1_669' title='bbox 3162 4187 3223 4247; x_wconf 90' lang='lat' dir='ltr'><strong>Si</strong></span> <span class='ocrx_word' id='word_1_670' title='bbox 3272 4196 3491 4250; x_wconf 86' lang='lat' dir='ltr'><strong>autem</strong></span> 
     </span>
    </p>
   </div>
   <div class='ocr_carea' id='block_1_50' title="bbox 192 4260 3497 4347">
    <p class='ocr_par' dir='ltr' id='par_1_50' title="bbox 192 4260 3497 4347">
     <span class='ocr_line' id='line_1_52' title="bbox 192 4260 3497 4347; baseline 0 -19"><span class='ocrx_word' id='word_1_671' title='bbox 192 4260 380 4347; x_wconf 73' lang='lat' dir='ltr'><strong>signa</strong></span> <span class='ocrx_word' id='word_1_672' title='bbox 416 4278 486 4328; x_wconf 85' lang='lat' dir='ltr'><strong>et</strong></span> <span class='ocrx_word' id='word_1_673' title='bbox 520 4260 817 4347; x_wconf 84' lang='lat' dir='ltr'><strong>prodigia</strong></span> <span class='ocrx_word' id='word_1_674' title='bbox 867 4279 995 4347; x_wconf 85' lang='lat' dir='ltr'><strong>non</strong></span> <span class='ocrx_word' id='word_1_675' title='bbox 1025 4261 1369 4347; x_wconf 76' lang='lat' dir='ltr'><strong>valuerunt</strong></span> <span class='ocrx_word' id='word_1_676' title='bbox 1422 4279 1459 4322; x_wconf 91' lang='lat' dir='ltr'><strong>a</strong></span> <span class='ocrx_word' id='word_1_677' title='bbox 1482 4260 1831 4347; x_wconf 75' lang='lat' dir='ltr'><strong>suppliciis</strong></span> <span class='ocrx_word' id='word_1_678' title='bbox 1862 4260 2169 4347; x_wconf 70' lang='lat' dir='ltr'><strong>liberare,</strong></span> <span class='ocrx_word' id='word_1_679' title='bbox 2207 4263 2407 4347; x_wconf 79' lang='lat' dir='ltr'><strong>multo</strong></span> <span class='ocrx_word' id='word_1_680' title='bbox 2438 4260 2711 4340; x_wconf 85' lang='lat' dir='ltr'><strong>amplius</strong></span> <span class='ocrx_word' id='word_1_681' title='bbox 2739 4306 2767 4347; x_wconf 86' lang='lat'><strong>,_</strong></span> <span class='ocrx_word' id='word_1_682' title='bbox 2786 4263 2837 4324; x_wconf 90' lang='lat' dir='ltr'><strong>si</strong></span> <span class='ocrx_word' id='word_1_683' title='bbox 2877 4265 2940 4323; x_wconf 87' lang='lat' dir='ltr'><strong>in</strong></span> <span class='ocrx_word' id='word_1_684' title='bbox 2974 4267 3350 4329; x_wconf 87' lang='lat' dir='ltr'><strong>sacerdotali</strong></span> <span class='ocrx_word' id='word_1_685' title='bbox 3386 4270 3497 4328; x_wconf 66' lang='lat' dir='ltr'><strong>di—</strong></span> 
     </span>
    </p>
   </div>
   <div class='ocr_carea' id='block_1_51' title="bbox 193 4340 3494 4426">
    <p class='ocr_par' dir='ltr' id='par_1_51' title="bbox 193 4340 3494 4426">
     <span class='ocr_line' id='line_1_53' title="bbox 193 4340 3494 4426; baseline 0 -20"><span class='ocrx_word' id='word_1_686' title='bbox 193 4340 442 4426; x_wconf 71' lang='lat' dir='ltr'><strong>gnitate</strong></span> <span class='ocrx_word' id='word_1_687' title='bbox 499 4340 858 4426; x_wconf 78' lang='lat' dir='ltr'><strong>quisquam</strong></span> <span class='ocrx_word' id='word_1_688' title='bbox 900 4341 982 4426; x_wconf 88' lang='lat' dir='ltr'><strong>sit</strong></span> <span class='ocrx_word' id='word_1_689' title='bbox 1019 4340 1404 4426; x_wconf 79' lang='lat' dir='ltr'><strong>constitutus</strong></span> <span class='ocrx_word' id='word_1_690' title='bbox 1432 4385 1447 4412; x_wconf 96' lang='lat'><strong>,</strong></span> <span class='ocrx_word' id='word_1_691' title='bbox 1499 4359 1573 4402; x_wconf 89' lang='lat' dir='ltr'><strong>ac</strong></span> <span class='ocrx_word' id='word_1_692' title='bbox 1621 4343 1671 4402; x_wconf 91' lang='lat' dir='ltr'><strong>si</strong></span> <span class='ocrx_word' id='word_1_693' title='bbox 1719 4343 1796 4402; x_wconf 90' lang='lat' dir='ltr'><strong>ad</strong></span> <span class='ocrx_word' id='word_1_694' title='bbox 1828 4341 2228 4426; x_wconf 76' lang='lat' dir='ltr'><strong>superiorem</strong></span> <span class='ocrx_word' id='word_1_695' title='bbox 2273 4341 2965 4426; x_wconf 72' lang='lat' dir='ltr'><strong>honorempertingat,</strong></span> <span class='ocrx_word' id='word_1_696' title='bbox 3008 4358 3082 4404; x_wconf 88' lang='lat' dir='ltr'><strong>ac</strong></span> <span class='ocrx_word' id='word_1_697' title='bbox 3110 4347 3163 4405; x_wconf 92' lang='lat' dir='ltr'><strong>si</strong></span> <span class='ocrx_word' id='word_1_698' title='bbox 3214 4347 3276 4406; x_wconf 92' lang='lat' dir='ltr'><strong>in</strong></span> <span class='ocrx_word' id='word_1_699' title='bbox 3308 4349 3494 4407; x_wconf 83' lang='lat' dir='ltr'><strong>ordi—</strong></span> 
     </span>
    </p>
   </div>
   <div class='ocr_carea' id='block_1_52' title="bbox 195 4420 3495 4503">
    <p class='ocr_par' dir='ltr' id='par_1_52' title="bbox 195 4420 3495 4503">
     <span class='ocr_line' id='line_1_54' title="bbox 195 4420 3495 4503; baseline 0 -16"><span class='ocrx_word' id='word_1_700' title='bbox 195 4420 468 4487; x_wconf 73' lang='lat' dir='ltr'><strong>natione</strong></span> <span class='ocrx_word' id='word_1_701' title='bbox 513 4420 662 4503; x_wconf 78' lang='lat' dir='ltr'><strong>ejus</strong></span> <span class='ocrx_word' id='word_1_702' title='bbox 708 4425 1010 4499; x_wconf 88' lang='lat' dir='ltr'><strong>operetur</strong></span> <span class='ocrx_word' id='word_1_703' title='bbox 1053 4420 1257 4503; x_wconf 79' lang='lat' dir='ltr'><strong>gratia</strong></span> <span class='ocrx_word' id='word_1_704' title='bbox 1281 4464 1296 4489; x_wconf 93' lang='lat'><strong>,</strong></span> <span class='ocrx_word' id='word_1_705' title='bbox 1345 4428 1604 4498; x_wconf 89' lang='lat' dir='ltr'><strong>propter</strong></span> <span class='ocrx_word' id='word_1_706' title='bbox 1629 4438 1738 4481; x_wconf 87' lang='lat' dir='ltr'><strong>eos</strong></span> <span class='ocrx_word' id='word_1_707' title='bbox 1769 4420 1879 4498; x_wconf 90' lang='lat' dir='ltr'><strong>qui</strong></span> <span class='ocrx_word' id='word_1_708' title='bbox 1910 4421 2273 4503; x_wconf 63' lang='lat' dir='ltr'><strong>praepositis</strong></span> <span class='ocrx_word' id='word_1_709' title='bbox 2298 4438 2459 4499; x_wconf 85' lang='lat' dir='ltr'><strong>Opus</strong></span> <span class='ocrx_word' id='word_1_710' title='bbox 2498 4420 2734 4482; x_wconf 91' lang='lat' dir='ltr'><strong>habent</strong></span> <span class='ocrx_word' id='word_1_711' title='bbox 2771 4441 2784 4478; x_wconf 90' lang='lat'>:</span> <span class='ocrx_word' id='word_1_712' title='bbox 2820 4420 3036 4483; x_wconf 83' lang='lat' dir='ltr'><strong>audiet</strong></span> <span class='ocrx_word' id='word_1_713' title='bbox 3059 4429 3268 4485; x_wconf 89' lang='lat' dir='ltr'><strong>tamen</strong></span> <span class='ocrx_word' id='word_1_714' title='bbox 3302 4428 3495 4489; x_wconf 89' lang='lat' dir='ltr'><strong>etiam</strong></span> 
     </span>
    </p>
   </div>
   <div class='ocr_carea' id='block_1_53' title="bbox 192 4499 3496 4585">
    <p class='ocr_par' dir='ltr' id='par_1_53' title="bbox 192 4499 3496 4585">
     <span class='ocr_line' id='line_1_55' title="bbox 192 4499 3496 4585; baseline 0.002 -20"><span class='ocrx_word' id='word_1_715' title='bbox 192 4508 331 4585; x_wconf 89' lang='lat' dir='ltr'><strong>ipse</strong></span> <span class='ocrx_word' id='word_1_716' title='bbox 355 4550 373 4577; x_wconf 90' lang='lat'><strong>,</strong></span> <span class='ocrx_word' id='word_1_717' title='bbox 410 4499 894 4585; x_wconf 25' lang='lat' dir='ltr'><strong>Numquam‘te‘</strong></span> <span class='ocrx_word' id='word_1_718' title='bbox 910 4499 1179 4585; x_wconf 90' lang='lat' dir='ltr'><strong>cognovi</strong></span> <span class='ocrx_word' id='word_1_719' title='bbox 1204 4544 1219 4570; x_wconf 94' lang='lat'><strong>,</strong></span> <span class='ocrx_word' id='word_1_720' title='bbox 1251 4508 1460 4576; x_wconf 87' lang='lat' dir='ltr'><strong>neque</strong></span> <span class='ocrx_word' id='word_1_721' title='bbox 1489 4508 1673 4585; x_wconf 82' lang='lat' dir='ltr'><strong>tunc,</strong></span> <span class='ocrx_word' id='word_1_722' title='bbox 1708 4500 2205 4585; x_wconf 31' lang='lat' dir='ltr'><strong>neque‘quando</strong></span> <span class='ocrx_word' id='word_1_723' title='bbox 2259 4500 2323 4558; x_wconf 91' lang='lat' dir='ltr'><strong>in</strong></span> <span class='ocrx_word' id='word_1_724' title='bbox 2360 4502 2874 4585; x_wconf 70' lang='lat' dir='ltr'><strong>eo_operabatur</strong></span> <span class='ocrx_word' id='word_1_725' title='bbox 2899 4503 3129 4585; x_wconf 83' lang='lat' dir='ltr'><strong>gratia.</strong></span> <span class='ocrx_word' id='word_1_726' title='bbox 3162 4503 3215 4563; x_wconf 93' lang='grc' dir='ltr'>Ο</span> <span class='ocrx_word' id='word_1_727' title='bbox 3249 4513 3496 4581; x_wconf 83' lang='lat' dir='ltr'><strong>quanta</strong></span> 
     </span>
    </p>
   </div>
   <div class='ocr_carea' id='block_1_54' title="bbox 194 4579 3494 4660">
    <p class='ocr_par' dir='ltr' id='par_1_54' title="bbox 194 4579 3494 4660">
     <span class='ocr_line' id='line_1_56' title="bbox 194 4579 3494 4660; baseline 0 -15"><span class='ocrx_word' id='word_1_728' title='bbox 194 4579 288 4645; x_wconf 75' lang='lat' dir='ltr'><strong>est</strong></span> <span class='ocrx_word' id='word_1_729' title='bbox 332 4586 493 4645; x_wconf 68' lang='lat' dir='ltr'><strong>vitae</strong></span> <span class='ocrx_word' id='word_1_730' title='bbox 542 4579 897 4642; x_wconf 87' lang='lat' dir='ltr'><strong>munditial</strong></span> <span class='ocrx_word' id='word_1_731' title='bbox 952 4583 1264 4655; x_wconf 90' lang='lat' dir='ltr'><strong>quantum</strong></span> <span class='ocrx_word' id='word_1_732' title='bbox 1313 4580 1627 4660; x_wconf 66' lang='lat' dir='ltr'><strong>qumritur</strong></span> <span class='ocrx_word' id='word_1_733' title='bbox 1682 4579 1851 4657; x_wconf 90' lang='lat' dir='ltr'><strong>apud</strong></span> <span class='ocrx_word' id='word_1_734' title='bbox 1902 4579 2136 4660; x_wconf 81' lang='lat' dir='ltr'><strong>Deum!</strong></span> <span class='ocrx_word' id='word_1_735' title='bbox 2190 4579 2512 4660; x_wconf 83' lang='lat' dir='ltr'><strong>quomodo</strong></span> <span class='ocrx_word' id='word_1_736' title='bbox 2542 4579 2682 4660; x_wconf 88' lang='lat' dir='ltr'><strong>ipsa</strong></span> <span class='ocrx_word' id='word_1_737' title='bbox 2723 4580 3042 4660; x_wconf 82' lang='lat' dir='ltr'><strong>sullicitin</strong></span> <span class='ocrx_word' id='word_1_738' title='bbox 3074 4579 3343 4660; x_wconf 82' lang='lat' dir='ltr'><strong>regnum</strong></span> <span class='ocrx_word' id='word_1_739' title='bbox 3379 4604 3494 4645; x_wconf 87' lang='lat' dir='ltr'><strong>nos</strong></span> 
     </span>
    </p>
   </div>
   <div class='ocr_carea' id='block_1_55' title="bbox 193 4658 3495 4740">
    <p class='ocr_par' dir='ltr' id='par_1_55' title="bbox 193 4658 3495 4740">
     <span class='ocr_line' id='line_1_57' title="bbox 193 4658 3495 4740; baseline 0 -16"><span class='ocrx_word' id='word_1_740' title='bbox 193 4663 674 4725; x_wconf 85' lang='lat' dir='ltr'><strong>introducere?</strong></span> <span class='ocrx_word' id='word_1_741' title='bbox 695 4662 941 4740; x_wconf 75' lang='lat' dir='ltr'><strong>Absens</strong></span> <span class='ocrx_word' id='word_1_742' title='bbox 973 4663 1187 4740; x_wconf 79' lang='lat' dir='ltr'><strong>autem</strong></span> <span class='ocrx_word' id='word_1_743' title='bbox 1217 4658 1442 4740; x_wconf 76' lang='lat' dir='ltr'><strong>prodet</strong></span> <span class='ocrx_word' id='word_1_744' title='bbox 1479 4658 1685 4740; x_wconf 86' lang='lat' dir='ltr'><strong>virum</strong></span> <span class='ocrx_word' id='word_1_745' title='bbox 1708 4704 1723 4729; x_wconf 95' lang='lat'><strong>,</strong></span> <span class='ocrx_word' id='word_1_746' title='bbox 1756 4675 1833 4720; x_wconf 92' lang='lat' dir='ltr'><strong>ac</strong></span> <span class='ocrx_word' id='word_1_747' title='bbox 1861 4659 1914 4740; x_wconf 85' lang='lat' dir='ltr'><strong>si</strong></span> <span class='ocrx_word' id='word_1_748' title='bbox 1959 4658 2175 4719; x_wconf 88' lang='lat' dir='ltr'><strong>decem</strong></span> <span class='ocrx_word' id='word_1_749' title='bbox 2226 4658 2425 4740; x_wconf 85' lang='lat' dir='ltr'><strong>millia</strong></span> <span class='ocrx_word' id='word_1_750' title='bbox 2463 4658 2886 4740; x_wconf 78' lang='lat' dir='ltr'><strong>possitsigna</strong></span> <span class='ocrx_word' id='word_1_751' title='bbox 2941 4666 3008 4740; x_wconf 85' lang='lat' dir='ltr'><strong>et</strong></span> <span class='ocrx_word' id='word_1_752' title='bbox 3059 4658 3347 4740; x_wconf 82' lang='lat' dir='ltr'><strong>prodigia</strong></span> <span class='ocrx_word' id='word_1_753' title='bbox 3378 4665 3495 4725; x_wconf 88' lang='lat' dir='ltr'><strong>de-</strong></span> 
     </span>
    </p>
   </div>
   <div class='ocr_carea' id='block_1_56' title="bbox 195 4736 3493 4819">
    <p class='ocr_par' dir='ltr' id='par_1_56' title="bbox 195 4736 3493 4819">
     <span class='ocr_line' id='line_1_58' title="bbox 195 4736 3493 4819; baseline 0.001 -18"><span class='ocrx_word' id='word_1_754' title='bbox 195 4749 610 4804; x_wconf 85' lang='lat' dir='ltr'><strong>monstrare.</strong></span> <span class='ocrx_word' id='word_1_755' title='bbox 661 4736 959 4819; x_wconf 29' lang='lat' dir='ltr'><strong>Nihil‘ita</strong></span> <span class='ocrx_word' id='word_1_756' title='bbox 1004 4736 1279 4819; x_wconf 70' lang='lat' dir='ltr'><strong>lmtiﬁcat</strong></span> <span class='ocrx_word' id='word_1_757' title='bbox 1306 4737 1737 4819; x_wconf 81' lang='lat' dir='ltr'><strong>Deum_,_sicut</strong></span> <span class='ocrx_word' id='word_1_758' title='bbox 1762 4738 2000 4816; x_wconf 86' lang='lat' dir='ltr'><strong>Optima</strong></span> <span class='ocrx_word' id='word_1_759' title='bbox 2023 4738 2449 4819; x_wconf 86' lang='lat' dir='ltr'><strong>conversatio.</strong></span> <span class='ocrx_word' id='word_1_760' title='bbox 2483 4738 2556 4797; x_wconf 88' lang='lat' dir='ltr'><strong>Si</strong></span> <span class='ocrx_word' id='word_1_761' title='bbox 2586 4736 2746 4819; x_wconf 88' lang='lat' dir='ltr'><strong>enim</strong></span> <span class='ocrx_word' id='word_1_762' title='bbox 2768 4736 3210 4819; x_wconf 52' lang='lat' dir='ltr'><strong>diligitis7me,</strong></span> <span class='ocrx_word' id='word_1_763' title='bbox 3250 4736 3493 4819; x_wconf 85' lang='lat' dir='ltr'><strong>inquit,</strong></span> 
     </span>
    </p>
   </div>
   <div class='ocr_carea' id='block_1_57' title="bbox 194 4815 3494 4897">
    <p class='ocr_par' dir='ltr' id='par_1_57' title="bbox 194 4815 3494 4897">
     <span class='ocr_line' id='line_1_59' title="bbox 194 4815 3494 4897; baseline 0 -15"><span class='ocrx_word' id='word_1_764' title='bbox 194 4840 323 4884; x_wconf 89' lang='lat' dir='ltr'><strong>non</strong></span> <span class='ocrx_word' id='word_1_765' title='bbox 359 4822 577 4893; x_wconf 79' lang='lat' dir='ltr'><strong>dixit,</strong></span> <span class='ocrx_word' id='word_1_766' title='bbox 610 4818 805 4897; x_wconf 88' lang='lat' dir='ltr'><strong>Signa</strong></span> <span class='ocrx_word' id='word_1_767' title='bbox 836 4816 1043 4897; x_wconf 85' lang='lat' dir='ltr'><strong>facite,</strong></span> <span class='ocrx_word' id='word_1_768' title='bbox 1081 4815 1190 4897; x_wconf 79' lang='lat' dir='ltr'><strong>sed</strong></span> <span class='ocrx_word' id='word_1_769' title='bbox 1218 4816 1457 4897; x_wconf 83' lang='lat' dir='ltr'><strong>inquit,</strong></span> <span class='ocrx_word' id='word_1_770' title='bbox 1486 4816 1799 4897; x_wconf 74' lang='lat' dir='ltr'><strong>Mandata</strong></span> <span class='ocrx_word' id='word_1_771' title='bbox 1817 4815 1951 4897; x_wconf 80' lang='lat' dir='ltr'><strong>mea</strong></span> <span class='ocrx_word' id='word_1_772' title='bbox 1977 4826 2251 4882; x_wconf 70' lang='lat' dir='ltr'><strong>serente:</strong></span> <span class='ocrx_word' id='word_1_773' title='bbox 2283 4816 2643 4897; x_wconf 6' lang='lat' dir='ltr'><strong>etimit-rum,</strong></span> <span class='ocrx_word' id='word_1_774' title='bbox 2668 4816 2868 4897; x_wconf 78' lang='lat' dir='ltr'><strong>Amici</strong></span> <span class='ocrx_word' id='word_1_775' title='bbox 2892 4818 3008 4878; x_wconf 89' lang='lat' dir='ltr'><strong>mei</strong></span> <span class='ocrx_word' id='word_1_776' title='bbox 3037 4819 3211 4880; x_wconf 84' lang='lat' dir='ltr'><strong>erilis</strong></span> <span class='ocrx_word' id='word_1_777' title='bbox 3232 4866 3247 4887; x_wconf 89' lang='lat'><strong>,</strong></span> <span class='ocrx_word' id='word_1_778' title='bbox 3282 4815 3409 4882; x_wconf 81' lang='lat' dir='ltr'><strong>non</strong></span> <span class='ocrx_word' id='word_1_779' title='bbox 3439 4825 3494 4883; x_wconf 90' lang='lat' dir='ltr'><strong>si</strong></span> 
     </span>
    </p>
   </div>
   <div class='ocr_carea' id='block_1_58' title="bbox 192 4894 3492 4975">
    <p class='ocr_par' dir='ltr' id='par_1_58' title="bbox 192 4894 3492 4975">
     <span class='ocr_line' id='line_1_60' title="bbox 192 4894 3492 4975; baseline 0.001 -15"><span class='ocrx_word' id='word_1_780' title='bbox 192 4904 538 4963; x_wconf 54' lang='lat' dir='ltr'><strong>daemones</strong></span> <span class='ocrx_word' id='word_1_781' title='bbox 574 4894 981 4959; x_wconf 50' lang='lat' dir='ltr'><strong>exc&#39;luseritis</strong></span> <span class='ocrx_word' id='word_1_782' title='bbox 1010 4940 1025 4966; x_wconf 98' lang='lat'><strong>,</strong></span> <span class='ocrx_word' id='word_1_783' title='bbox 1055 4894 1201 4975; x_wconf 90' lang='lat' dir='ltr'><strong>sed,</strong></span> <span class='ocrx_word' id='word_1_784' title='bbox 1230 4894 1287 4953; x_wconf 85' lang='lat' dir='ltr'><strong>si</strong></span> <span class='ocrx_word' id='word_1_785' title='bbox 1325 4895 1697 4975; x_wconf 78' lang='lat' dir='ltr'><strong>custodiatis</strong></span> <span class='ocrx_word' id='word_1_786' title='bbox 1720 4895 1903 4955; x_wconf 74' lang='lat' dir='ltr'><strong>verba</strong></span> <span class='ocrx_word' id='word_1_787' title='bbox 1930 4914 2079 4955; x_wconf 78' lang='lat' dir='ltr'><strong>mea.</strong></span> <span class='ocrx_word' id='word_1_788' title='bbox 2116 4897 2229 4956; x_wconf 91' lang='lat' dir='ltr'><strong>llla</strong></span> <span class='ocrx_word' id='word_1_789' title='bbox 2255 4896 2512 4975; x_wconf 84' lang='lat' dir='ltr'><strong>quidem</strong></span> <span class='ocrx_word' id='word_1_790' title='bbox 2554 4894 2749 4975; x_wconf 85' lang='lat' dir='ltr'><strong>divini</strong></span> <span class='ocrx_word' id='word_1_791' title='bbox 2805 4902 2955 4975; x_wconf 90' lang='lat' dir='ltr'><strong>sunt</strong></span> <span class='ocrx_word' id='word_1_792' title='bbox 2985 4901 3270 4960; x_wconf 88' lang='lat' dir='ltr'><strong>muneris</strong></span> <span class='ocrx_word' id='word_1_793' title='bbox 3290 4946 3304 4975; x_wconf 91' lang='lat'><strong>,</strong></span> <span class='ocrx_word' id='word_1_794' title='bbox 3356 4902 3492 4963; x_wconf 57' lang='lat' dir='ltr'><strong>haec</strong></span> 
     </span>
    </p>
   </div>
   <div class='ocr_carea' id='block_1_59' title="bbox 192 4974 3495 5058">
    <p class='ocr_par' dir='ltr' id='par_1_59' title="bbox 192 4974 3495 5058">
     <span class='ocr_line' id='line_1_61' title="bbox 192 4974 3495 5058; baseline 0 -16"><span class='ocrx_word' id='word_1_795' title='bbox 192 4988 419 5042; x_wconf 88' lang='lat' dir='ltr'><strong>autem</strong></span> <span class='ocrx_word' id='word_1_796' title='bbox 460 4983 620 5058; x_wconf 88' lang='lat' dir='ltr'><strong>post</strong></span> <span class='ocrx_word' id='word_1_797' title='bbox 666 4976 776 5058; x_wconf 81' lang='lat' dir='ltr'><strong>Dei</strong></span> <span class='ocrx_word' id='word_1_798' title='bbox 820 4975 1068 5058; x_wconf 73' lang='lat' dir='ltr'><strong>donum</strong></span> <span class='ocrx_word' id='word_1_799' title='bbox 1092 4974 1283 5034; x_wconf 90' lang='lat' dir='ltr'><strong>etiam</strong></span> <span class='ocrx_word' id='word_1_800' title='bbox 1323 4974 1540 5058; x_wconf 71' lang='lat' dir='ltr'><strong>nostri</strong></span> <span class='ocrx_word' id='word_1_801' title='bbox 1569 4979 1727 5058; x_wconf 82' lang='lat' dir='ltr'><strong>sunt</strong></span> <span class='ocrx_word' id='word_1_802' title='bbox 1751 4975 1965 5035; x_wconf 90' lang='lat' dir='ltr'><strong>studii.</strong></span> <span class='ocrx_word' id='word_1_803' title='bbox 2015 4976 2416 5058; x_wconf 83' lang='lat' dir='ltr'><strong>Festinemus</strong></span> <span class='ocrx_word' id='word_1_804' title='bbox 2446 4974 2662 5051; x_wconf 89' lang='lat' dir='ltr'><strong>itaque</strong></span> <span class='ocrx_word' id='word_1_805' title='bbox 2694 4974 2828 5034; x_wconf 86' lang='lat' dir='ltr'><strong>ﬁeri</strong></span> <span class='ocrx_word' id='word_1_806' title='bbox 2866 4976 3052 5037; x_wconf 89' lang='lat' dir='ltr'><strong>amici</strong></span> <span class='ocrx_word' id='word_1_807' title='bbox 3091 4978 3201 5039; x_wconf 91' lang='lat' dir='ltr'><strong>Dei</strong></span> <span class='ocrx_word' id='word_1_808' title='bbox 3233 5025 3247 5051; x_wconf 93' lang='lat'><strong>,</strong></span> <span class='ocrx_word' id='word_1_809' title='bbox 3277 4985 3495 5042; x_wconf 85' lang='lat' dir='ltr'><strong>etnon</strong></span> 
     </span>
    </p>
   </div>
   <div class='ocr_carea' id='block_1_60' title="bbox 193 5053 3497 5138">
    <p class='ocr_par' dir='ltr' id='par_1_60' title="bbox 193 5053 3497 5138">
     <span class='ocr_line' id='line_1_62' title="bbox 193 5053 3497 5138; baseline 0.001 -17"><span class='ocrx_word' id='word_1_810' title='bbox 193 5053 1009 5138; x_wconf 72' lang='lat' dir='ltr'><strong>permaneamusiuimici.</strong></span> <span class='ocrx_word' id='word_1_811' title='bbox 1033 5053 1297 5138; x_wconf 84' lang='lat' dir='ltr'><strong>Semper</strong></span> <span class='ocrx_word' id='word_1_812' title='bbox 1323 5053 1455 5114; x_wconf 67' lang='lat' dir='ltr'><strong>haec</strong></span> <span class='ocrx_word' id='word_1_813' title='bbox 1484 5053 1791 5138; x_wconf 78' lang='lat' dir='ltr'><strong>dicimus,</strong></span> <span class='ocrx_word' id='word_1_814' title='bbox 1830 5072 2082 5138; x_wconf 70' lang='lat' dir='ltr'><strong>semper</strong></span> <span class='ocrx_word' id='word_1_815' title='bbox 2114 5055 2243 5138; x_wconf 49' lang='lat' dir='ltr'><strong>haec</strong></span> <span class='ocrx_word' id='word_1_816' title='bbox 2287 5069 2622 5138; x_wconf 82' lang='lat' dir='ltr'><strong>monemus</strong></span> <span class='ocrx_word' id='word_1_817' title='bbox 2672 5059 2733 5113; x_wconf 90' lang='lat' dir='ltr'><strong>et</strong></span> <span class='ocrx_word' id='word_1_818' title='bbox 2770 5073 2881 5114; x_wconf 85' lang='lat' dir='ltr'><strong>vos</strong></span> <span class='ocrx_word' id='word_1_819' title='bbox 2920 5062 2983 5115; x_wconf 89' lang='lat' dir='ltr'><strong>et</strong></span> <span class='ocrx_word' id='word_1_820' title='bbox 3022 5061 3449 5138; x_wconf 87' lang='lat' dir='ltr'><strong>nosmetipsos</strong></span> <span class='ocrx_word' id='word_1_821' title='bbox 3479 5084 3497 5133; x_wconf 89' lang='lat'><strong>;</strong></span> 
     </span>
    </p>
   </div>
   <div class='ocr_carea' id='block_1_61' title="bbox 193 5132 3499 5216">
    <p class='ocr_par' dir='ltr' id='par_1_61' title="bbox 193 5132 3499 5216">
     <span class='ocr_line' id='line_1_63' title="bbox 193 5132 3499 5216; baseline 0 -17"><span class='ocrx_word' id='word_1_822' title='bbox 193 5132 303 5199; x_wconf 72' lang='lat' dir='ltr'><strong>sed</strong></span> <span class='ocrx_word' id='word_1_823' title='bbox 342 5137 648 5215; x_wconf 88' lang='lat' dir='ltr'><strong>amplius</strong></span> <span class='ocrx_word' id='word_1_824' title='bbox 682 5132 930 5216; x_wconf 82' lang='lat' dir='ltr'><strong>nihilflt</strong></span> <span class='ocrx_word' id='word_1_825' title='bbox 963 5152 978 5191; x_wconf 89' lang='lat'><strong>:</strong></span> <span class='ocrx_word' id='word_1_826' title='bbox 1010 5134 1093 5216; x_wconf 85' lang='lat' dir='ltr'><strong>ob</strong></span> <span class='ocrx_word' id='word_1_827' title='bbox 1122 5148 1315 5209; x_wconf 87' lang='lat' dir='ltr'><strong>quam</strong></span> <span class='ocrx_word' id='word_1_828' title='bbox 1340 5150 1474 5216; x_wconf 79' lang='lat' dir='ltr'><strong>rem</strong></span> <span class='ocrx_word' id='word_1_829' title='bbox 1512 5135 1702 5216; x_wconf 82' lang='lat' dir='ltr'><strong>etiam</strong></span> <span class='ocrx_word' id='word_1_830' title='bbox 1727 5134 1942 5194; x_wconf 89' lang='lat' dir='ltr'><strong>timeo.</strong></span> <span class='ocrx_word' id='word_1_831' title='bbox 1972 5135 2054 5216; x_wconf 86' lang='lat' dir='ltr'><strong>Et</strong></span> <span class='ocrx_word' id='word_1_832' title='bbox 2079 5134 2303 5216; x_wconf 74' lang='lat' dir='ltr'><strong>vellem</strong></span> <span class='ocrx_word' id='word_1_833' title='bbox 2331 5133 2585 5216; x_wconf 82' lang='lat' dir='ltr'><strong>quidem</strong></span> <span class='ocrx_word' id='word_1_834' title='bbox 2625 5139 2835 5216; x_wconf 86' lang='lat' dir='ltr'><strong>tacere</strong></span> <span class='ocrx_word' id='word_1_835' title='bbox 2862 5180 2876 5205; x_wconf 95' lang='lat'><strong>,</strong></span> <span class='ocrx_word' id='word_1_836' title='bbox 2910 5139 3197 5216; x_wconf 15' lang='lat' dir='ltr'><strong>ncivohis</strong></span> <span class='ocrx_word' id='word_1_837' title='bbox 3245 5132 3499 5216; x_wconf 59' lang='lat' dir='ltr'><strong>pericu-4</strong></span> 
     </span>
    </p>
   </div>
   <div class='ocr_carea' id='block_1_62' title="bbox 195 5210 3494 5290">
    <p class='ocr_par' dir='ltr' id='par_1_62' title="bbox 195 5210 3494 5290">
     <span class='ocr_line' id='line_1_64' title="bbox 195 5210 3494 5290; baseline 0.001 -13"><span class='ocrx_word' id='word_1_838' title='bbox 195 5219 330 5279; x_wconf 90' lang='lat' dir='ltr'><strong>lum</strong></span> <span class='ocrx_word' id='word_1_839' title='bbox 362 5210 669 5279; x_wconf 73' lang='lat' dir='ltr'><strong>crescat:</strong></span> <span class='ocrx_word' id='word_1_840' title='bbox 708 5213 942 5290; x_wconf 57' lang='lat' dir='ltr'><strong>saepius</strong></span> <span class='ocrx_word' id='word_1_841' title='bbox 984 5211 1221 5289; x_wconf 87' lang='lat' dir='ltr'><strong>quippe</strong></span> <span class='ocrx_word' id='word_1_842' title='bbox 1261 5212 1578 5273; x_wconf 90' lang='lat' dir='ltr'><strong>audiendo</strong></span> <span class='ocrx_word' id='word_1_843' title='bbox 1604 5258 1619 5281; x_wconf 92' lang='lat'><strong>,</strong></span> <span class='ocrx_word' id='word_1_844' title='bbox 1662 5218 1724 5271; x_wconf 89' lang='lat' dir='ltr'><strong>et</strong></span> <span class='ocrx_word' id='word_1_845' title='bbox 1764 5230 1972 5290; x_wconf 91' lang='lat' dir='ltr'><strong>neque</strong></span> <span class='ocrx_word' id='word_1_846' title='bbox 2008 5215 2113 5285; x_wconf 42' lang='lat' dir='ltr'><strong>sic.</strong></span> <span class='ocrx_word' id='word_1_847' title='bbox 2141 5210 2464 5280; x_wconf 81' lang='lat' dir='ltr'><strong>faciendo,</strong></span> <span class='ocrx_word' id='word_1_848' title='bbox 2516 5215 2943 5274; x_wconf 76' lang='lat' dir='ltr'><strong>exacerbatur</strong></span> <span class='ocrx_word' id='word_1_849' title='bbox 2995 5210 3330 5280; x_wconf 81' lang='lat' dir='ltr'><strong>Dominus.</strong></span> <span class='ocrx_word' id='word_1_850' title='bbox 3380 5222 3494 5281; x_wconf 80' lang='lat' dir='ltr'><strong>Sed</strong></span> 
     </span>
    </p>
   </div>
   <div class='ocr_carea' id='block_1_63' title="bbox 193 5291 3500 5370">
    <p class='ocr_par' dir='ltr' id='par_1_63' title="bbox 193 5291 3500 5370">
     <span class='ocr_line' id='line_1_65' title="bbox 193 5291 3500 5370; baseline 0.001 -13"><span class='ocrx_word' id='word_1_851' title='bbox 193 5300 399 5358; x_wconf 85' lang='lat' dir='ltr'><strong>timeo</strong></span> <span class='ocrx_word' id='word_1_852' title='bbox 434 5297 644 5357; x_wconf 86' lang='lat' dir='ltr'><strong>etiam</strong></span> <span class='ocrx_word' id='word_1_853' title='bbox 670 5293 808 5370; x_wconf 88' lang='lat' dir='ltr'><strong>ipse</strong></span> <span class='ocrx_word' id='word_1_854' title='bbox 843 5292 1014 5352; x_wconf 88' lang='lat' dir='ltr'><strong>aliud</strong></span> <span class='ocrx_word' id='word_1_855' title='bbox 1047 5291 1403 5369; x_wconf 90' lang='lat' dir='ltr'><strong>periculum</strong></span> <span class='ocrx_word' id='word_1_856' title='bbox 1436 5312 1450 5349; x_wconf 89' lang='lat'><strong>:</strong></span> <span class='ocrx_word' id='word_1_857' title='bbox 1482 5293 1601 5351; x_wconf 89' lang='lat' dir='ltr'><strong>hoc</strong></span> <span class='ocrx_word' id='word_1_858' title='bbox 1628 5297 1759 5363; x_wconf 87' lang='lat' dir='ltr'><strong>est,</strong></span> <span class='ocrx_word' id='word_1_859' title='bbox 1789 5292 2021 5351; x_wconf 89' lang='lat' dir='ltr'><strong>silentii</strong></span> <span class='ocrx_word' id='word_1_860' title='bbox 2048 5293 2208 5361; x_wconf 87' lang='lat' dir='ltr'><strong>mei,</strong></span> <span class='ocrx_word' id='word_1_861' title='bbox 2239 5292 2289 5351; x_wconf 90' lang='lat' dir='ltr'><strong>si</strong></span> <span class='ocrx_word' id='word_1_862' title='bbox 2322 5292 2576 5369; x_wconf 89' lang='lat' dir='ltr'><strong>quidem</strong></span> <span class='ocrx_word' id='word_1_863' title='bbox 2611 5297 2870 5354; x_wconf 88' lang='lat' dir='ltr'><strong>tacuero</strong></span> <span class='ocrx_word' id='word_1_864' title='bbox 2898 5294 2963 5354; x_wconf 91' lang='lat' dir='ltr'><strong>in</strong></span> <span class='ocrx_word' id='word_1_865' title='bbox 3001 5298 3175 5356; x_wconf 85' lang='lat' dir='ltr'><strong>verbi</strong></span> <span class='ocrx_word' id='word_1_866' title='bbox 3212 5299 3500 5361; x_wconf 78' lang='lat' dir='ltr'><strong>ministe-</strong></span> 
     </span>
    </p>
   </div>
   <div class='ocr_carea' id='block_1_64' title="bbox 197 5369 3497 5456">
    <p class='ocr_par' dir='ltr' id='par_1_64' title="bbox 197 5369 3497 5456">
     <span class='ocr_line' id='line_1_66' title="bbox 197 5369 3497 5456; baseline 0 -18"><span class='ocrx_word' id='word_1_867' title='bbox 197 5378 370 5438; x_wconf 82' lang='lat' dir='ltr'><strong>rium</strong></span> <span class='ocrx_word' id='word_1_868' title='bbox 423 5369 850 5456; x_wconf 76' lang='lat' dir='ltr'><strong>constitutus.</strong></span> <span class='ocrx_word' id='word_1_869' title='bbox 891 5371 1053 5444; x_wconf 88' lang='lat' dir='ltr'><strong>Quid</strong></span> <span class='ocrx_word' id='word_1_870' title='bbox 1093 5387 1246 5456; x_wconf 67' lang='lat' dir='ltr'><strong>ergo</strong></span> <span class='ocrx_word' id='word_1_871' title='bbox 1280 5369 1620 5456; x_wconf 82' lang='lat' dir='ltr'><strong>faciemus,</strong></span> <span class='ocrx_word' id='word_1_872' title='bbox 1669 5377 1737 5456; x_wconf 81' lang='lat' dir='ltr'><strong>ut</strong></span> <span class='ocrx_word' id='word_1_873' title='bbox 1785 5372 2665 5456; x_wconf 76' lang='lat' dir='ltr'><strong>sal_vemur?__Aggrediamur</strong></span> <span class='ocrx_word' id='word_1_874' title='bbox 2715 5373 3032 5456; x_wconf 2' lang='lat' dir='ltr'><strong>virtutem,</strong></span> <span class='ocrx_word' id='word_1_875' title='bbox 3064 5394 3209 5435; x_wconf 90' lang='lat' dir='ltr'><strong>cum</strong></span> <span class='ocrx_word' id='word_1_876' title='bbox 3247 5384 3497 5456; x_wconf 79' lang='lat' dir='ltr'><strong>tempus</strong></span> 
     </span>
    </p>
   </div>
   <div class='ocr_carea' id='block_1_65' title="bbox 197 5450 3581 5532">
    <p class='ocr_par' dir='ltr' id='par_1_65' title="bbox 197 5450 3581 5532">
     <span class='ocr_line' id='line_1_67' title="bbox 197 5450 3581 5532; baseline 0.001 -16"><span class='ocrx_word' id='word_1_877' title='bbox 197 5458 539 5518; x_wconf 84' lang='lat' dir='ltr'><strong>habemus</strong></span> <span class='ocrx_word' id='word_1_878' title='bbox 565 5498 585 5525; x_wconf 98' lang='lat'><strong>,</strong></span> <span class='ocrx_word' id='word_1_879' title='bbox 612 5451 1068 5532; x_wconf 82' lang='lat' dir='ltr'><strong>distribuamus</strong></span> <span class='ocrx_word' id='word_1_880' title='bbox 1096 5450 1368 5532; x_wconf 81' lang='lat' dir='ltr'><strong>virtutes</strong></span> <span class='ocrx_word' id='word_1_881' title='bbox 1402 5452 1612 5532; x_wconf 84' lang='lat' dir='ltr'><strong>nobis,</strong></span> <span class='ocrx_word' id='word_1_882' title='bbox 1646 5450 1823 5532; x_wconf 80' lang='lat' dir='ltr'><strong>sicut.</strong></span> <span class='ocrx_word' id='word_1_883' title='bbox 1840 5451 1957 5532; x_wconf 82' lang='lat' dir='ltr'><strong>sibi</strong></span> <span class='ocrx_word' id='word_1_884' title='bbox 1985 5450 2876 5532; x_wconf 82' lang='lat' dir='ltr'><strong>distribuuntagriculturam</strong></span> <span class='ocrx_word' id='word_1_885' title='bbox 2901 5455 3198 5532; x_wconf 66' lang='lat' dir='ltr'><strong>agricola:</strong></span> <span class='ocrx_word' id='word_1_886' title='bbox 3230 5476 3242 5513; x_wconf 94' lang='lat'>:</span> <span class='ocrx_word' id='word_1_887' title='bbox 3281 5458 3341 5516; x_wconf 91' lang='lat' dir='ltr'><strong>in</strong></span> <span class='ocrx_word' id='word_1_888' title='bbox 3377 5450 3499 5519; x_wconf 83' lang='lat' dir='ltr'><strong>hoc</strong></span> <span class='ocrx_word' id='word_1_889' title='bbox 3574 5500 3581 5509; x_wconf 81' lang='grc'><strong>.</strong></span> 
     </span>
    </p>
   </div>
   <div class='ocr_carea' id='block_1_66' title="bbox 182 5527 3581 5609">
    <p class='ocr_par' dir='ltr' id='par_1_66' title="bbox 182 5527 3581 5609">
     <span class='ocr_line' id='line_1_68' title="bbox 182 5527 3581 5609; baseline 0.001 -16"><span class='ocrx_word' id='word_1_890' title='bbox 182 5554 431 5595; x_wconf 88' lang='lat' dir='ltr'><strong>.mcnse</strong></span> <span class='ocrx_word' id='word_1_891' title='bbox 468 5534 814 5593; x_wconf 82' lang='lat' dir='ltr'><strong>vincamus</strong></span> <span class='ocrx_word' id='word_1_892' title='bbox 845 5530 1303 5599; x_wconf 89' lang='lat' dir='ltr'><strong>detractiones,</strong></span> <span class='ocrx_word' id='word_1_893' title='bbox 1332 5529 1603 5608; x_wconf 89' lang='lat' dir='ltr'><strong>injurias</strong></span> <span class='ocrx_word' id='word_1_894' title='bbox 1626 5574 1642 5601; x_wconf 97' lang='lat'><strong>,</strong></span> <span class='ocrx_word' id='word_1_895' title='bbox 1669 5527 2062 5590; x_wconf 88' lang='lat' dir='ltr'><strong>iracundiam</strong></span> <span class='ocrx_word' id='word_1_896' title='bbox 2088 5576 2103 5603; x_wconf 98' lang='lat'><strong>,</strong></span> <span class='ocrx_word' id='word_1_897' title='bbox 2137 5527 2549 5609; x_wconf 86' lang='lat' dir='ltr'><strong>injustitiam;</strong></span> <span class='ocrx_word' id='word_1_898' title='bbox 2583 5537 2645 5591; x_wconf 90' lang='lat' dir='ltr'><strong>et</strong></span> <span class='ocrx_word' id='word_1_899' title='bbox 2678 5527 3002 5605; x_wconf 75' lang='lat' dir='ltr'><strong>dicamus,</strong></span> <span class='ocrx_word' id='word_1_900' title='bbox 3031 5533 3231 5593; x_wconf 85' lang='lat' dir='ltr'><strong>Hodie</strong></span> <span class='ocrx_word' id='word_1_901' title='bbox 3261 5538 3343 5596; x_wconf 89' lang='lat' dir='ltr'><strong>ab</strong></span> <span class='ocrx_word' id='word_1_902' title='bbox 3375 5538 3499 5597; x_wconf 80' lang='lat' dir='ltr'><strong>hor,</strong></span> <span class='ocrx_word' id='word_1_903' title='bbox 3573 5533 3581 5552; x_wconf 74' lang='lat'><strong>‘</strong></span> 
     </span>
    </p>
   </div>
   <div class='ocr_carea' id='block_1_67' title="bbox 195 5608 3495 5702">
    <p class='ocr_par' dir='ltr' id='par_1_67' title="bbox 195 5608 3495 5702">
     <span class='ocr_line' id='line_1_69' title="bbox 195 5608 3495 5702; baseline -0 -27"><span class='ocrx_word' id='word_1_904' title='bbox 195 5634 318 5677; x_wconf 80' lang='lat' dir='ltr'><strong>nos</strong></span> <span class='ocrx_word' id='word_1_905' title='bbox 352 5614 526 5702; x_wconf 75' lang='lat' dir='ltr'><strong>vitio</strong></span> <span class='ocrx_word' id='word_1_906' title='bbox 549 5610 947 5702; x_wconf 76' lang='lat' dir='ltr'><strong>corrigamus</strong></span> <span class='ocrx_word' id='word_1_907' title='bbox 978 5608 1463 5702; x_wconf 49' lang='lat' dir='ltr'><strong>:in‘illoautcm</strong></span> <span class='ocrx_word' id='word_1_908' title='bbox 1491 5627 1711 5700; x_wconf 79' lang='lat' dir='ltr'><strong>mense</strong></span> <span class='ocrx_word' id='word_1_909' title='bbox 1740 5609 2113 5702; x_wconf 71' lang='lat' dir='ltr'><strong>patientiam</strong></span> <span class='ocrx_word' id='word_1_910' title='bbox 2138 5610 2479 5702; x_wconf 80' lang='lat' dir='ltr'><strong>doceamus</strong></span> <span class='ocrx_word' id='word_1_911' title='bbox 2502 5655 2518 5679; x_wconf 95' lang='lat'><strong>,</strong></span> <span class='ocrx_word' id='word_1_912' title='bbox 2551 5614 2609 5670; x_wconf 90' lang='lat' dir='ltr'><strong>et</strong></span> <span class='ocrx_word' id='word_1_913' title='bbox 2644 5611 2704 5669; x_wconf 92' lang='lat' dir='ltr'><strong>in</strong></span> <span class='ocrx_word' id='word_1_914' title='bbox 2748 5609 2876 5702; x_wconf 79' lang='lat' dir='ltr'><strong>alio</strong></span> <span class='ocrx_word' id='word_1_915' title='bbox 2906 5612 3098 5702; x_wconf 75' lang='lat' dir='ltr'><strong>aliam</strong></span> <span class='ocrx_word' id='word_1_916' title='bbox 3142 5614 3437 5702; x_wconf 75' lang='lat' dir='ltr'><strong>virtutem</strong></span> <span class='ocrx_word' id='word_1_917' title='bbox 3482 5638 3495 5674; x_wconf 88' lang='lat'><strong>:</strong></span> 
     </span>
    </p>
   </div>
   <div class='ocr_carea' id='block_1_68' title="bbox 193 5687 3499 5771">
    <p class='ocr_par' dir='ltr' id='par_1_68' title="bbox 193 5687 3499 5771">
     <span class='ocr_line' id='line_1_70' title="bbox 193 5687 3499 5771; baseline 0 -17"><span class='ocrx_word' id='word_1_918' title='bbox 193 5700 258 5755; x_wconf 90' lang='lat' dir='ltr'><strong>et</strong></span> <span class='ocrx_word' id='word_1_919' title='bbox 288 5712 447 5753; x_wconf 87' lang='lat' dir='ltr'><strong>cum</strong></span> <span class='ocrx_word' id='word_1_920' title='bbox 484 5692 663 5751; x_wconf 89' lang='lat' dir='ltr'><strong>hanc</strong></span> <span class='ocrx_word' id='word_1_921' title='bbox 696 5687 988 5771; x_wconf 82' lang='lat' dir='ltr'><strong>virtutem</strong></span> <span class='ocrx_word' id='word_1_922' title='bbox 1014 5688 1079 5747; x_wconf 90' lang='lat' dir='ltr'><strong>in</strong></span> <span class='ocrx_word' id='word_1_923' title='bbox 1108 5687 1329 5771; x_wconf 69' lang='lat' dir='ltr'><strong>habitu</strong></span> <span class='ocrx_word' id='word_1_924' title='bbox 1357 5689 1828 5765; x_wconf 87' lang='lat' dir='ltr'><strong>perceperimus</strong></span> <span class='ocrx_word' id='word_1_925' title='bbox 1857 5733 1873 5761; x_wconf 97' lang='lat'><strong>,</strong></span> <span class='ocrx_word' id='word_1_926' title='bbox 1906 5689 1985 5771; x_wconf 77' lang='lat' dir='ltr'><strong>ad</strong></span> <span class='ocrx_word' id='word_1_927' title='bbox 2016 5689 2640 5771; x_wconf 26' lang='lat' dir='ltr'><strong>aliamtranseam‘us</strong></span> <span class='ocrx_word' id='word_1_928' title='bbox 2679 5710 2693 5747; x_wconf 89' lang='lat'>:</span> <span class='ocrx_word' id='word_1_929' title='bbox 2729 5690 2893 5771; x_wconf 82' lang='lat' dir='ltr'><strong>sicut</strong></span> <span class='ocrx_word' id='word_1_930' title='bbox 2920 5692 3126 5751; x_wconf 72' lang='lat' dir='ltr'><strong>solent</strong></span> <span class='ocrx_word' id='word_1_931' title='bbox 3158 5692 3452 5771; x_wconf 88' lang='lat' dir='ltr'><strong>discipuli</strong></span> <span class='ocrx_word' id='word_1_932' title='bbox 3484 5740 3499 5767; x_wconf 94' lang='lat'><strong>,</strong></span> 
     </span>
    </p>
   </div>
   <div class='ocr_carea' id='block_1_69' title="bbox 193 5765 3493 5851">
    <p class='ocr_par' dir='ltr' id='par_1_69' title="bbox 193 5765 3493 5851">
     <span class='ocr_line' id='line_1_71' title="bbox 193 5765 3493 5851; baseline 0.001 -17"><span class='ocrx_word' id='word_1_933' title='bbox 193 5773 311 5851; x_wconf 94' lang='lat' dir='ltr'><strong>qui</strong></span> <span class='ocrx_word' id='word_1_934' title='bbox 346 5788 512 5850; x_wconf 73' lang='lat' dir='ltr'><strong>qum</strong></span> <span class='ocrx_word' id='word_1_935' title='bbox 540 5765 1443 5851; x_wconf 69' lang='lat' dir='ltr'><strong>acquisierunt,custodiunt;</strong></span> <span class='ocrx_word' id='word_1_936' title='bbox 1467 5785 1611 5845; x_wconf 64' lang='lat' dir='ltr'><strong>qua)</strong></span> <span class='ocrx_word' id='word_1_937' title='bbox 1642 5785 1792 5851; x_wconf 81' lang='lat' dir='ltr'><strong>vero</strong></span> <span class='ocrx_word' id='word_1_938' title='bbox 1819 5769 2086 5851; x_wconf 84' lang='lat' dir='ltr'><strong>necdum</strong></span> <span class='ocrx_word' id='word_1_939' title='bbox 2116 5768 2509 5838; x_wconf 85' lang='lat' dir='ltr'><strong>didicerunt,</strong></span> <span class='ocrx_word' id='word_1_940' title='bbox 2540 5768 2839 5830; x_wconf 75' lang='lat' dir='ltr'><strong>discendo</strong></span> <span class='ocrx_word' id='word_1_941' title='bbox 2861 5770 3207 5851; x_wconf 83' lang='lat' dir='ltr'><strong>acquirunt</strong></span> <span class='ocrx_word' id='word_1_942' title='bbox 3235 5817 3249 5845; x_wconf 97' lang='lat'><strong>,</strong></span> <span class='ocrx_word' id='word_1_943' title='bbox 3284 5765 3493 5836; x_wconf 52' lang='lat' dir='ltr'><strong>discaé</strong></span> 
     </span>
    </p>
   </div>
   <div class='ocr_carea' id='block_1_70' title="bbox 198 5846 3495 5931">
    <p class='ocr_par' dir='ltr' id='par_1_70' title="bbox 198 5846 3495 5931">
     <span class='ocr_line' id='line_1_72' title="bbox 198 5846 3495 5931; baseline -0.003 -19"><span class='ocrx_word' id='word_1_944' title='bbox 198 5846 607 5914; x_wconf 51' lang='lat' dir='ltr'><strong>mus&#39;ctiam</strong></span> <span class='ocrx_word' id='word_1_945' title='bbox 642 5846 780 5909; x_wconf 87' lang='lat' dir='ltr'><strong>nos.</strong></span> <span class='ocrx_word' id='word_1_946' title='bbox 841 5848 985 5908; x_wconf 89' lang='lat' dir='ltr'><strong>Post</strong></span> <span class='ocrx_word' id='word_1_947' title='bbox 1030 5847 1217 5908; x_wconf 85' lang='lat' dir='ltr'><strong>istam</strong></span> <span class='ocrx_word' id='word_1_948' title='bbox 1273 5846 1568 5907; x_wconf 90' lang='lat' dir='ltr'><strong>virtutem</strong></span> <span class='ocrx_word' id='word_1_949' title='bbox 1617 5847 1948 5910; x_wconf 87' lang='lat' dir='ltr'><strong>veniamus</strong></span> <span class='ocrx_word' id='word_1_950' title='bbox 2012 5849 2089 5910; x_wconf 88' lang='lat' dir='ltr'><strong>ad</strong></span> <span class='ocrx_word' id='word_1_951' title='bbox 2149 5854 2580 5927; x_wconf 87' lang='lat' dir='ltr'><strong>contemptum</strong></span> <span class='ocrx_word' id='word_1_952' title='bbox 2642 5848 3084 5926; x_wconf 84' lang='lat' dir='ltr'><strong>pecuniarum.</strong></span> <span class='ocrx_word' id='word_1_953' title='bbox 3143 5854 3231 5914; x_wconf 88' lang='lat' dir='ltr'><strong>Ac</strong></span> <span class='ocrx_word' id='word_1_954' title='bbox 3284 5854 3495 5931; x_wconf 71' lang='lat' dir='ltr'><strong>primo</strong></span> 
     </span>
    </p>
   </div>
  </div>
