3892 6402
637 295 743 351 409
1381 286 1441 343 S.
1481 286 1525 344 Ι.
1572 284 2060 344 CllRYSOSTOMI
2105 288 2414 344 llOMiLl/E
2456 289 2523 344 IN
2561 290 2778 349 EPlST.
2820 291 2911 346 AD
2948 292 3151 352 llEBR.
3694 314 3761 369 tm

639 401 717 481 ad
748 416 940 476 quem
969 395 1155 481 hodie
1181 411 1393 481 sermo
1427 396 1969 481 nosterpervenit
1993 415 2008 455 :
2031 396 2241 474 ipsum
2267 398 2508 481 quippe
2541 396 2753 481 hoe_in
2787 396 2930 456 loco
2954 398 3284 481 nominat,
3314 405 3371 459 et
3393 400 3448 460 in
3475 402 3589 481 ipso
3609 408 3768 474 (lc-lini-

640 475 1055 569 vit_exempla
1094 496 1109 533 :
1159 475 1327 569 quod
1358 482 1498 566 erat
1529 476 1843 567 familiare
1873 476 2147 569 istorum
2177 482 2240 538 et
2271 477 2625 569 prppriu‘ni.
2660 476 2904 569 Etcum
2933 475 3201 569 dixisset
3242 475 3641 569 ea‘quaan'circa
3669 508 3768 569 apo.

636 557 833 647 stoios
865 562 1041 633 gesta
1073 560 1252 647 sunt,
1274 554 1428 647 quia
1455 556 1520 647 in
1552 555 1876 647 occisione
1904 554 2095 647 gladii
2133 556 2367 647 mortui
2400 554 2850 647 s_unt,lapidati
2872 557 3329 647 ‘sunt,recurrit
3362 554 3445 618 'ad
3464 554 3767 647 Heliam,qui

634 636 857 696 eadem
890 652 1118 711 passus
1163 640 1281 694 est.
1326 634 1645 694 Fortassis
1678 635 1874 705 enim,
1909 635 2064 710 quia
2097 634 2365 694 necdum
2404 634 2480 693 de
2510 633 2817 710 apostolis
2869 638 3112 692 tantam
3151 636 3490 711 opinionem
3521 633 3749 709 habebant

636 714 863 773 merito
891 698 974 773 ex
1006 714 1139 783 illo,
1173 714 1283 791 qui
1309 719 1678 789 assumptus
1707 718 1826 782 est,
1859 698 2219 773 sermonem
2248 713 2395 773 facit
2416 757 2430 781 ,
2461 698 2571 789 qui
2610 712 2887 771 maxime
2932 713 3165 791 eratin
3196 698 3770 791 adniirationeiliiulieé

634 811 789 875 ergo
828 792 1057 875 afferre
1105 790 1463 875 orationem
1518 794 1601 875 [ί.
1635 793 2205 875 bortationem]_et_
2245 791 3007 875 consolationem_volu_i_t.
3062 790 3517 861 Circumierunt.
3545 799 3771 875 inquiti}.

632 869 894 938 metatis.
926 882 981 931 et
1010 872 1077 931 in
1105 872 1373 950 pellibus
1408 869 1688 948 caprinis
1717 881 1973 948 egentes,
2008 870 2319 937 tribulati,
2372 870 2619 949 afﬂicti,
2647 869 2872 949 quibus
2900 869 3134 950 dignus
3154 889 3281 929 non
3312 883 3430 929 erat
3455 869 3667 937 mundus
3692 885 3771 941 iste.

636 952 854 1027 Neque
892 949 1337 1010 vestimentum
1370 951 1715 1021 habebant,
1735 951 1969 1027 inquit,
1996 951 2105 1012 sed
2133 957 2274 1011 erat
2297 950 2388 1010 eis
2418 951 2711 1009 nimietas
2744 949 3174 1008 tribulationis
3194 994 3210 1017 ,
3248 967 3370 1009 non
3398 952 3771 1022 civitatemmon

630 1030 923 1099 domum,
959 1046 1086 1089 non
1119 1031 1615 1106 receptaculum.
1649 1031 1830 1102 Quod
1860 1030 2051 1090 etiam
2079 1030 2368 1090 Christus
2400 1029 2651 1088 dicebat
2676 1047 2689 1085 :
2720 1027 3028 1101 Quoniam
3058 1028 3261 1088 Filius
3285 1028 3527 1089 hominis
3551 1052 3649 1092 non
3668 1038 3773 1099 habet

631 1108 740 1167 ubi
760 1117 944 1186 caput
972 1127 1153 1167 suum
1184 1109 1463 1168 reclinet.
1491 1108 1654 1181 Quid
1675 1108 1817 1169 dico
1844 1110 2323 1186 receptaculum
2354 1125 2489 1187 non
2517 1107 2859 1187 habebant,
2881 1125 2997 1187 nec
3019 1113 3189 1167 stare
3207 1108 3773 1184 permittebanturznc-

631 1205 760 1264 que
792 1190 962 1247 enim
1004 1189 1103 1249 vel
1132 1206 1277 1248 cum
1312 1187 1388 1247 ad
1423 1188 1592 1265 ipsas
1624 1188 2003 1248 solitudines
2038 1190 2413 1259 veniebant,
2443 1186 2633 1246 otiosi
2660 1191 2866 1246 erant.
2899 1186 3038 1244 Non
3069 1187 3240 1244 enim
3269 1187 3451 1253 dixit,
3485 1190 3545 1247 ln
3572 1194 3771 1254 solitudi-

634 1269 823 1326 nibus
844 1268 1172 1333 sedebant,
1198 1267 1305 1327 sed
1325 1268 1516 1326 etiam
1538 1267 1623 1326 ibi
1650 1267 1999 1345 fugiebant,
2015 1273 2077 1326 et
2097 1267 2244 1327 inde
2265 1266 2918 1345 exagitabanturmon
2943 1282 3023 1323 ex
3045 1266 3283 1325 mundo
3300 1271 3646 1335 tantum,sed
3659 1274 3771 1336 etiam

632 1365 718 1405 ex
767 1346 1297 1406 iuhabitabilibus
1334 1345 1514 1415 locis,
1543 1344 1742 1422 "quia
1768 1346 1853 1405 ibi
1883 1344 2049 1406 facta
2079 1352 2251 1406 sunt.
2275 1346 2377 1405 Sie
2406 1349 2523 1415 est,
2557 1344 2792 1420 inquit,
2822 1360 2940 1403 nos
2971 1344 3233 1419 culpant
3259 1351 3505 1421 propter
3520 1346 3769 1413 Christum:

548 1478 560 1487 .
629 1425 881 1486 Heliam
934 1442 1092 1485 vero
1126 1426 1190 1483 in
1230 1442 1360 1502 quo
1394 1429 1741 1502 potuerunt
1774 1425 2086 1501 culpare?
2124 1425 2550 1503 Exagitabant
2582 1423 2761 1481 illum
2793 1428 2856 1482 et
2882 1423 3407 1503 insequebantur,
3451 1433 3505 1483 et
3531 1444 3645 1485 cum
3676 1431 3771 1493 tam

630 1521 919 1583 pugnare
938 1501 1270 1582 cogebant:
1292 1501 1466 1583 quod
1481 1504 1671 1583 etiam
1692 1504 1791 1563 isti
1816 1509 1967 1563 tunc
1988 1501 2869 1583 patiebanturﬂecrecerunt,
2891 1502 3122 1583 inquit,
3143 1501 3273 1583 illis
3294 1504 3521 1562 mittere
3532 1506 3771 1583 fratrem:

627 1580 749 1663 aui
766 1580 1235 1643 tribulaliantur
1265 1582 1618 1663 discipulis.
1651 1580 2005 1642 Secundum
2030 1583 2197 1663 quod
2225 1582 2588 1663 facultatem
2612 1582 3053 1663 unusquisque
3076 1580 3333 1663 habebat
3350 1629 3373 1663 ,μ
3396 1580 3638 1663 deﬁnivit
3662 1606 3771 1645 anu

627 1658 885 1742 Quisque
934 1680 1142 1721 eorum
1180 1663 1249 1721 in
1284 1658 1707 1742 ministerium
1752 1662 1995 1742 mittere
2039 1658 2466 1742 habitantibus
2495 1662 2559 1742 in
2588 1658 2817 1742 Judaei
2835 1658 3165 1742 fratribus.
3197 1660 3376 1742 Quod
3410 1662 3579 1742 etiam
3604 1664 3661 1724 ad
3682 1669 3774 1727 istns

629 1739 1011 1822 pertinebat.
1046 1741 1312 1822 Afﬂicti,
1337 1741 1579 1822 inquit,
1596 1746 1660 1822 et
1688 1741 1853 1822 male
1876 1742 2214 1817 patientes,
2244 1742 2308 1800 in
2343 1740 2767 1822 itincribuset
2795 1739 2859 1797 in
2890 1739 3224 1822 periculis.
3249 1740 3427 1812 Quod
3457 1748 3635 1800 autem
3658 1746 3773 1805 dixit:

628 1817 677 1881 Ε
685 1817 1369 1900 ἱνοιιιηίεῖιιοιίφιὶιίειη
1386 1820 1455 1878 in
1485 1818 1934 1879 solitudinibus
1969 1829 2265 1887 errantes,
2306 1828 2361 1879 et
2396 1820 2462 1900 in
2500 1817 2816 1900 montibus
2851 1818 3270 1900 etispeluncis
3293 1827 3348 1877 et
3387 1823 3629 1900 carentis
3652 1830 3773 1885 term.

628 1900 797 1960 sicut
825 1899 1075 1978 profugi
1101 1896 1160 1959 et
1184 1899 1463 1977 perfugae
1488 1943 1503 1970 ,
1537 1900 1778 1976 inquit;
1817 1900 1983 1959 sicut
2011 1900 2121 1976 qui
2154 1900 2217 1959 in
2242 1898 2536 1976 turpibus
2575 1903 2670 1978 est
2706 1896 3144 1978 deprehensus
3168 1942 3183 1967 ,
3220 1898 3387 1978 sicut
3416 1897 3624 1976 indigni
3648 1904 3777 1965 solent

631 1975 854 2040 videri.
888 1975 1105 2056 Neque
1138 1975 1201 2038 in
1225 1975 1675 2038 solitudinibus
1708 1975 2122 2039 inveniebant
2153 1975 2469 2056 refugium
2490 2022 2505 2048 ,
2539 1976 2933 2056 sedsemper
2962 1975 3315 2053 fugiebant,
3347 1975 3683 2039 diversiones
3700 1984 3778 2039 ali-

626 2076 789 2136 quas
818 2055 1216 2136 quaerebant,
1244 2058 1422 2117 vivos
1451 2058 1693 2135 seipsos
1716 2059 1993 2118 obruere
2023 2055 2346 2128 volebant,
2376 2074 2630 2133 semper
2653 2055 2719 2114 in
2752 2055 2979 2115 timore
3008 2060 3213 2115 erant.
3243 2056 3404 2136 Quze
3427 2062 3515 2116 est
3539 2074 3661 2135 ergo
3680 2078 3780 2119 mer-

624 2133 756 2210 ces,
790 2133 890 2199 vel
921 2154 1065 2215 quae
1088 2142 1263 2198 tanta
1295 2133 1630 2196 retributio
1657 2142 1722 2196 et
1752 2136 2163 2196 vicissitudo?
2183 2136 2487 2201 Necdum,
2514 2136 2743 2215 inquit,
2774 2142 3137 2212 receperunt
3165 2133 3509 2200 mercedem,
3540 2133 3627 2194 sed
3649 2140 3779 2197 adhuc
3848 2194 3849 2211 η

669 2214 1033 2283 ermanent;
1072 2222 1133 2277 et
1165 2217 1250 2276 ita
1282 2217 1541 2287 mortui,
1571 2221 1632 2275 et
1663 2217 1728 2274 in
1759 2221 1938 2276 tanta
1971 2215 2408 2285 tribulatione,
2447 2214 2719 2275 necdum
2742 2218 3129 2290 receperunt
3160 2232 3175 2270 :
3211 2217 3457 2273 tantum
3488 2218 3687 2291 tempus
3710 2218 3781 2275 ha-

669 2234 1033 2283 ermanent;
1072 2234 1133 2277 et
1165 2234 1250 2276 ita
1282 2234 1541 2287 mortui,
1571 2234 1632 2275 et
1663 2234 1728 2274 ιιι
1759 2234 1938 2276 tanta
1971 2234 2408 2285 tribulatione,
2447 2234 2719 2275 necoum
2742 2234 3129 2290 receperunt
3160 2234 3175 2270 :
3211 2234 3457 2273 tantum
3488 2234 3687 2291 tempus
3711 2234 3781 2275 na-

624 2234 781 2358 Bent
820 2316 900 2358 ex
932 2315 1063 2373 quo
1095 2297 1419 2365 vicerunt,
1462 2300 1524 2354 et
1572 2295 1841 2354 necdum
1873 2301 2255 2372 receperunt
2288 2313 2303 2352 :
2340 2310 2450 2353 vos
2492 2298 2705 2373 autem
2737 2292 2801 2351 in
2841 2293 3190 2373 certamine
3230 2292 3576 2362 constituti,
3605 2313 3781 2355 merere

624 2371 972 2437 aflicimini.
1018 2375 1357 2452 lntelligite
1405 2374 1620 2451 itaque
1650 2374 1843 2451 quale
1873 2379 1936 2433 et
1964 2371 2280 2450 quantum
2320 2378 2416 2432 est
2448 2372 2771 2452 Abraham
2804 2371 3061 2440 sedere,
3095 2373 3544 2452 etiapostolum
3575 2374 3780 2434 Paulum:

624 2460 1070 2533 exspectantes
1115 2450 1375 2530 quando
1420 2450 1810 2533 perficiatur,
1841 2457 1915 2512 ut
1954 2454 2203 2530 possint
2234 2457 2387 2533 tunc
2430 2450 2785 2533 mercedem
2814 2452 3127 2533 recipere.
3172 2450 3308 2533 Nisi
3341 2452 3503 2511 enim
3543 2452 3783 2533 etiannum

622 2529 777 2594 illuc
809 2529 1197 2601 venerimus,
1231 2539 1380 2592 tunc
1413 2531 1703 2608 praedixit
1733 2532 1823 2592 eis
1854 2529 2041 2593 Pater
2064 2549 2195 2591 non
2220 2531 2373 2591 dare
2400 2529 2787 2609 mercedem:
2809 2530 2973 2589 sicut
3001 2534 3184 2607 pater
3206 2531 3441 2609 bonus,
3461 2539 3669 2590 amator
3684 2531 3783 2589 lilio-
3850 2568 3851 2609 ι

622 2631 799 2684 rum,
835 2613 1273 2691 probabilibus
1306 2612 1452 2670 filiis
1479 2615 1541 2670 et
1572 2628 1737 2687 epus
1769 2610 2244 2691 perﬁcientibus
2273 2609 2424 2691 dicit
2448 2627 2577 2670 non
2609 2627 2677 2669 se
2712 2608 3015 2691 daturum
3043 2608 3421 2691 comedere,
3443 2609 3554 2691 nisi
3587 2612 3787 2691 venerint
3850 2614 3851 2691 1

620 2674 815 2753 etiam
836 2674 955 2753 alii
1002 2693 1249 2752 fratres.
1283 2692 1379 2750 Tu
1409 2674 1889 2760 autemauiius
1922 2707 2024 2759 es,
2068 2690 2223 2767 quia
2262 2688 2531 2749 necdum
2564 2687 2923 2767 mercedem
2954 2688 3214 2765 accipis.
3259 2674 3424 2767 Quid
3456 2689 3643 2765 itaque
3670 2688 3788 2747 faciet
3850 2674 3851 2761 i

623 2772 817 2840 Abel,
865 2771 977 2849 qui
1022 2778 1171 2832 ante
1215 2787 1435 2829 omnes
1471 2769 1617 2829 vicit
1647 2814 1663 2839 ,
1699 2774 1762 2830 et
1813 2769 2022 2829 adhuc
2062 2766 2200 2829 sine
2234 2784 2476 2829 corona
2509 2768 2683 2829 sedet
2699 2768 2736 2849 fl
2767 2766 2932 2840 Quid
2966 2767 3145 2827 Noe?
3186 2766 3344 2844 quid
3380 2770 3577 2849 caeteri
3617 2769 3788 2849 illorum
3850 2766 3851 2843 ἦ

622 2846 981 2929 temporum
1004 2852 1031 2908 ?
1078 2852 1229 2929 quia
1276 2867 1419 2929 erce
1461 2849 1541 2929 If.
1576 2849 1685 2923 qui
1730 2852 1791 2907 et
1823 2851 1918 2918 te]
1953 2852 2523 2925 exspectaverunt.
2560 2852 2623 2908 et
2656 2847 2817 2907 alios
2865 2851 3248 2923 exspectant
3278 2846 3393 2923 qui
3426 2852 3557 2923 post
3582 2851 3633 2906 te
3662 2847 3788 2905 futuri
3850 2848 3851 2911 ἒ

621 2927 796 3016 sunt.
842 2927 1201 3016 Yideﬂquia
1240 2943 1355 2985 nos
1499 2927 1621 3016 hoc
1655 2943 2046 3016 superamus
2071 2947 2180 2991 eos
2212 2951 2226 2990 :
2260 2932 2337 2993 de
2382 2934 2566 3016 nobis
2600 2935 2772 3016 enim
2803 2935 2966 2995 dixit
2997 2980 3015 3009 ,
3074 2936 3315 2997 Melius
3349 2937 3577 3016 aliquid
3598 2939 3789 3013 procidit

620 3004 808 3091 Deus.
842 3008 931 3067 Ne
961 3004 1203 3083 aliquid
1230 3022 1267 3066 a
1296 3007 1480 3091 nobis
1511 3006 1656 3083 plus
1686 3007 1924 3068 habere
1951 3009 2341 3091 viderentur,
2371 3013 2423 3071 si
2452 3014 2637 3090 primi
2670 3031 2865 3091 quam
2898 3004 3013 3075 nos
3041 3004 3527 3085 coronarentur,
3551 3004 3707 3075 unum
3730 3017 3790 3075 de

622 3089 824 3172 finivit
864 3093 1112 3172 tempus
1142 3086 1427 3172 omnium
1464 3103 1888 3172 coronarum;
1918 3094 1980 3172 et
2012 3090 2124 3172 qui
2156 3096 2312 3172 ante
2334 3086 2545 3153 tantos
2578 3086 2727 3153 vicit
2760 3111 2992 3165 annos,
3027 3099 3235 3155 tecum
3267 3096 3530 3172 accipiet
3553 3112 3787 3155 coronam.

620 3166 1084 3244 Contemplaris
1122 3182 1343 3225 curam
1373 3169 1435 3223 et
1462 3164 1880 3227 delectionem
1909 3164 2241 3229 divinam?
2267 3170 2344 3229 Et
2379 3188 2507 3230 non
2541 3172 2723 3244 dixit,
2760 3174 2850 3234 Ne
2887 3164 3027 3235 sine
3057 3175 3239 3233 nobis
3276 3164 3655 3240 coronentur,
3692 3174 3789 3233 sed.

620 3248 717 3310 Ne
741 3246 891 3337 sine
932 3243 1112 3337 nobis
1151 3253 1750 3337 consummarentur.
1794 3246 2064 3337 Proinde
2095 3248 2593 3337 etiam_perfecti
2637 3256 2788 3337 tunc
2818 3254 3163 3337 parebunt.
3203 3254 3629 3337 Pragvenerunt
3654 3272 3736 3312 nos
3758 3254 3791 3309 in

622 3325 1108 3396 certaminibus,
1139 3324 1245 3383 sed
1277 3341 1405 3383 non
1440 3324 1840 3400 przeveniunt
1873 3325 1938 3384 in
1966 3328 2244 3388 coronis.
2272 3324 2412 3389 Non
2444 3330 2615 3389 enim
2645 3330 2789 3391 illos
2818 3324 3003 3403 laesit,
3038 3332 3143 3392 sed
3179 3350 3298 3392 nos
3329 3333 3677 3392 honoravit:
3702 3349 3791 3390 nam

622 3405 835 3490 etjpsi
884 3404 1110 3464 fratres
1146 3404 1417 3490 libenter
1448 3419 1565 3490 nos
1593 3409 1988 3490 exspectant.
2018 3405 2079 3490 Si
2103 3407 2273 3467 enim
2327 3425 2560 3490 corpus
2606 3426 2808 3469 unum
2841 3428 3063 3471 omnes
3094 3428 3347 3481 sumus,
3380 3411 3572 3490 major
3620 3429 3683 3471 ex
3724 3410 3795 3468 hoc

623 3481 893 3567 efficitur
933 3483 1184 3567 corpori
1222 3481 1641 3567 iucunditas,
1687 3484 2069 3567 eumsimul
2100 3492 2163 3567 et
2189 3481 2619 3567 commu:niter
2663 3495 3052 3562 coronatur,
3097 3498 3159 3550 et
3188 3508 3322 3550 non
3369 3481 3701 3567 per-partes.
3728 3490 3795 3545 Ει-

624 3565 794 3647 enim
820 3562 988 3647 justi
1004 3563 1192 3647 etiam
1222 3563 1286 3621 in
1320 3561 1437 3647 hoc
1466 3566 1615 3647 sunt
1640 3562 2018 3647 mirabiles;
2051 3565 2206 3641 quia
2234 3567 2400 3626 sicut
2426 3565 2503 3625 de
2524 3568 2800 3645 propriis
2832 3561 3043 3640 bonis,
3072 3570 3164 3629 sic
3206 3561 3485 3647 gaudent
3507 3561 3567 3629 et
3592 3568 3654 3627 de
3678 3567 3794 3626 bonis

625 3640 918 3703 fratrum.
952 3642 1221 3701 Proinde
1273 3641 1464 3700 etiam
1522 3641 1587 3699 in
1639 3640 1760 3722 illis
1811 3641 1962 3722 hoc
1973 3640 2161 3720 juxta
2213 3650 2434 3705 votum
2471 3640 2776 3722 procedit,
2810 3654 2881 3707 ut
2909 3665 3053 3707 cum
3106 3640 3411 3709 frairibus
3459 3654 3794 3709 coronentur:

623 3727 698 3782 ut
718 3722 928 3860 bsimql
957 3722 1416 3858 gloriliccntur,
1450 3736 1682 3798 magna
1704 3719 2097 3798 jucunditas.
2129 3722 2433 3804 Ideoque,
2461 3719 2692 3803 inquit,
2725 3735 2779 3786 et
2823 3744 2938 3787 nos
2971 3734 3208 3787 tantam
3235 3726 3517 3788 habentes
3543 3726 3796 3805 impositam

624 3819 712 3860 nu
758 3820 844 3860 em
905 3820 962 3859 es
996 3819 1141 3860 tum.

624 3808 844 3861 nubem
878 3808 1141 3861 testium.

706 3881 777 3941 ln
796 3881 1026 3963 _multis
1057 3878 1557 3963 consolationem
1587 3877 2293 3963 Scriptura‘assuinpsit
2323 3882 2640 3963 majorum
2663 3901 2745 3945 ex
2766 3883 3215 3945 accedentibus
3238 3886 3436 3946 rebus
3459 3906 3473 3943 :
3498 3885 3638 3945 sicut
3660 3882 3796 3963 solent

628 3959 991 4042 prephetm,
1043 3960 1157 4018 Ex
1183 3966 1366 4026 astu,
1401 3976 1490 4042 ex
1514 3956 1775 4042 duritia,
1804 3956 2289 4042 ex_imbribus".
2322 3956 2459 4042 Hoc
2504 3963 2701 4041 igitur
2729 3964 2919 4024 etiam
2953 3964 3052 4023 hic
3091 3963 3280 4036 dicit,
3326 3967 3479 4042 quia
3518 3962 3795 4023 memoriam

628 4036 889 4120 illorum
925 4044 1336 4120 sanctorum;
1364 4037 1529 4097 sicut
1571 4036 2210 4120 n_ubes_inllammans
2242 4058 2323 4101 ex
2350 4036 2829 4120 radio'igneo”,
2861 4042 2955 4103 sic
2988 4042 3271 4103 animam
3306 4036 3491 4105 malis
3520 4056 3795 4120 Oppressum

630 4119 869 4212 excitat
897 4121 966 4208 et.
988 4122 1256 4212 recreat.
1403 4132 1529 4208 non
1561 4114 1743 4212 dix‘ii,
1767 4115 1973 4208 super
1999 4134 2114 4212 nos
2138 4114 2744 4212 apparentemfsed,
2774 4120 3137 4212 Impositum
3162 4121 3347 4212 nobis
3377 4143 3397 4182 :
3423 4114 3581 4212 quod
3599 4114 3794 4212 amplius

631 4202 792 4257 erat.
827 4194 1096 4255 Proinde
1130 4195 1192 4254 in
1229 4195 1454 4274 majori
1497 4212 1613 4254 nos
1644 4192 1875 4257 ﬁducia
1904 4215 2045 4258 esse
2081 4192 2243 4259 facit.
2264 4201 2465 4261 nubes
2510 4200 2769 4260 testium
2802 4192 2887 4261 et.
2902 4201 3124 4261 moles.
3174 4202 3247 4260 Et
3290 4192 3516 4263 merito
3543 4205 3696 4260 testes
3725 4214 3793 4253 eos

631 4274 984 4358 appellavit
1012 4292 1185 4358 :_non
1217 4275 1564 4358 eos_quiAin
1593 4275 1771 4358 Novo
1806 4276 2216 4358 Testamento
2250 4278 2511 4358 fuerunt
2540 4284 2814 4351 tantum,
2856 4280 2966 4341 sed
2996 4280 3189 4340 etiam
3231 4281 3377 4342 illos
3420 4282 3524 4358 qui
3566 4281 3617 4338 in
3656 4274 3792 4358 Veteri

632 4352 1287 4437 erant,_si_gnilicavit.
1314 4354 1567 4415 Etenim
1596 4354 1750 4437 quia
1777 4355 1969 4437 etiam
2000 4356 2092 4416 illi
2120 4357 2435 4417 testificati
2478 4365 2629 4419 sunt
2661 4359 2978 4437 majestati
3015 4359 3271 4431 divinae,
3311 4352 3477 4420 sicut
3505 4365 3616 4419 tres
3643 4352 3791 4434 pueri.

635 4435 798 4495 sicut
827 4434 1063 4505 Helias,
1094 4433 1260 4515 sicut
1288 4450 1509 4494 omnes
1546 4434 1895 4515 prophetas.
1925 4436 2349 4515 Deponentes,
2382 4437 2628 4515 inquit,
2664 4433 2893 4497 omnia.
2927 4437 3153 4498 Omnia
3187 4456 3333 4515 quae
3364 4440 3553 4499 dicit?
3584 4433 3686 4496 Huc
3706 4438 3792 4515 est.

633 4531 931 4575 somnum
956 4556 972 4586 ,
1004 4512 1396 4592 anxietatem
1419 4556 1435 4585 ,
1472 4513 1893 4592 cegitaliones
1926 4511 2212 4585 intimas,
2242 4511 2489 4577 omnia'
2511 4516 2817 4576 humana.
2866 4518 2958 4575 Et
3000 4511 3415 4578 circumstans
3457 4536 3580 4582 nos.
3622 4511 3791 4588 inquit.

624 4602 970 4675 peccatum.
1009 4591 1663 4675 Circumstansdixit,
1694 4592 1828 4675 sive
1857 4593 2029 4675 quod
2062 4610 2177 4675 nos
2207 4594 2389 4675 facile
2419 4593 2901 4675 circumveniat,
2940 4596 3076 4655 sive
3104 4596 3272 4674 quod
3306 4598 3511 4675 ipsum
3540 4596 3789 4657 circumie

633 4671 759 4734 niri
809 4671 990 4753 facile
1021 4672 1266 4753 possit;
1298 4673 1503 4750 magis
1532 4677 1746 4733 autem
1782 4672 1903 4733 hoc
1937 4674 2220 4733 arbitror
2258 4674 2420 4733 dici:
2456 4672 2639 4753 facile
2685 4674 2856 4733 enim
2887 4675 2938 4734 si
2972 4671 3268 4746 velimus,
3302 4671 3784 4753 prtevalemuspetj-

630 4758 799 4813 cato.
832 4752 956 4813 Per
976 4745 1369 4831 patientiam,
1409 4745 1639 4829 inquit,
1673 4767 1996 4811 curramus
2019 4753 2415 4830 propositum
2444 4752 2623 4813 nobis
2654 4761 2979 4814 certamen.
3010 4754 3147 4814 Non
3188 4745 3381 4829 dixit,
3409 4754 3657 4816 cestibus
3675 4745 3786 4831 dimi-

632 4850 874 4911 cemus,
906 4828 1115 4911 neque
1145 4830 1447 4891 athletico
1477 4828 2058 4911 morepugnemus‘,
2083 4828 2294 4911 neque
2322 4832 2486 4911 bella
2514 4848 2851 4911 geramus;
2877 4833 3006 4904 sed,
3032 4834 3202 4911 quod
3229 4836 3523 4895 omnibus
3543 4828 3791 4911 estleiius.

636 4910 756 4971 hoc
788 4907 1166 4982 nominavit,
1198 4928 1459 4970 cursum
1488 4907 1845 4987 appellans.
1882 4910 2100 4987 Neque
2135 4907 2318 4981 dixit,
2352 4907 2670 4971 Addamus
2703 4912 2919 4972 cursui
2956 4907 3214 4984 nostro;
3243 4914 3352 4974 sed
3396 4914 3460 4973 in
3494 4911 3679 4973 eodem
3705 4907 3793 4987 ipso

634 5006 1153 5077 permaneamus,
1188 5006 1315 5077 non
1346 4982 1808 5077 dissoivamur.
1839 4982 2196 5077 Curramus,
2219 4990 2477 5077 inquit,
2506 4991 2904 5077 propositum
2928 4991 3107 5077 nobis
3130 4982 3461 5077 certamen.
3491 4988 3691 5077 Deinde
3715 4982 3783 5077 ati-

632 5067 843 5203 j'ungit
870 5086 1187 5129 summam
1221 5073 1283 5129 et
1316 5074 1507 5145 caput
1535 5067 1845 5129 orationis
1880 5089 1895 5127 :
1929 5068 2099 5146 quod
2130 5070 2300 5129 enim
2327 5067 2533 5146 primo
2561 5067 2900 5145 posuerat,
2933 5070 3055 5131 hoc
3081 5072 3275 5131 etiam
3305 5071 3624 5131 novissime
3643 5067 3787 5152 ponit.

682 5165 757 5203 oc
779 5152 898 5203 est.
928 5147 1251 5203 Christum
1282 5166 1297 5203 :
1333 5148 1715 5203 Asnicientes
1741 5149 1810 5203 in
1829 5157 2144 5203 auctorem
2178 5147 2339 5203 ﬁdei.
2373 5156 2427 5203 et
2456 5160 3003 5203 consummatorem
3035 5150 3269 5203 Iesum.
3300 5150 3477 5203 Quod
3521 5148 3680 5203 etiam
3707 5156 3787 5203 IDSE

682 5143 898 5227 ociest,
928 5147 1251 5227 Christum
1282 5166 1297 5206 :
1333 5143 1715 5226 Aspicientes
1741 5149 1810 5208 in
1829 5143 2144 5207 auctorem
2172 5143 2346 5227 ﬁdei,
2373 5156 2427 5207 et
2456 5143 3003 5209 consummatorem
3035 5150 3269 5209 Jesum.
3300 5150 3478 5224 Quod
3521 5148 3680 5209 etiam
3707 5143 3787 5227 ipse

636 5223 925 5286 Christus
936 5226 1261 5304 discipulis
1280 5223 1663 5304 suis—saepius
1681 5223 2202 5289 commendabat:
2223 5227 2295 5288 Si
2303 5236 2547 5305 patrem
2556 5227 2862 5365 familias,
2884 5228 3116 5305 inquit,
3139 5223 3466 5290 Beelzebub
3484 5226 3784 5287 vocari-runt.

636 5314 870 5365 auanto
888 5306 1083 5365 maais
1099 5305 1462 5365 domesticos
1483 5307 1614 5365 eius
1629 5307 1658 5365 ἵ
1675 5312 1736 5365 et
1754 5308 1982 5365 iterum
2004 5327 2018 5365 :
2041 5300 2189 5365 Non
2208 5313 2292 5365 est
2305 5306 2551 5365 discinu
2584 5324 2852 5365 ussuner
2866 5308 3260 5365 maaistrum.
3279 5327 3464 5365 neaue
3477 5313 3783 5365 serruswpf’

636 5314 870 5385 quanto
888 5306 1083 5383 magis
1098 5300 1462 5385 domesticos
1483 5300 1614 5385 ejus
1629 5307 1658 5365 ἵ
1675 5312 1736 5366 et
1754 5308 1982 5367 iterum
2004 5327 2018 5365 :
2041 5300 2189 5367 Non
2208 5313 2292 5365 est
2303 5300 2852 5385 Hiscipulussuper
2866 5300 3260 5385 mapistrurn,
3279 5327 3464 5385 neque
3477 5313 3783 5385 serrussuptt

638 5380 957 5463 dominum
985 5380 1183 5443 suum.
1216 5380 1596 5463 Aspicientes
1616 5431 1631 5453 ,
1661 5386 1903 5463 inquit,
1928 5386 2047 5446 hoc
2078 5391 2169 5445 est
2196 5392 2263 5446 ut
2286 5380 2606 5446 discamus
2630 5380 2913 5447 currere.
2946 5380 3306 5447 Sicutenim
3336 5380 3445 5446 filii
3469 5380 3786 5463 parcntesﬁ

638 5461 933 5539 discipuli
956 5464 1020 5523 in
1044 5461 1499 5544 certaminibus
1520 5461 1854 5544 magistros
1872 5464 2228 5533 attendunt,
2250 5464 2666 5544 informantes
2689 5472 2967 5525 mentem
2987 5483 3068 5525 ex
3089 5472 3267 5544 parte
3284 5461 3614 5531 doctorum,
3635 5472 3786 5536 per”
3826 5510 3830 5519 .

639 5558 782 5601 sum
803 5544 1055 5619 regulas
1074 5543 1387 5621 quasdam
1402 5543 1723 5605 sumentes
1750 5565 1763 5603 :
1786 5546 1877 5605 sic
1894 5545 2083 5605 etiam
2108 5544 2230 5615 hic,
2252 5543 2303 5604 si
2322 5544 2613 5603 volumus
2633 5561 2916 5612 currere,
2931 5543 3245 5605 etdis’cere
3264 5554 3330 5604 ut
3346 5547 3500 5604 bene
3515 5550 3786 5621 curramus:

631 5637 710 5699 ad
728 5616 1049 5698 Christum
1068 5616 1493 5703 attendamus,
1511 5639 1858 5717 Auctorem,
1878 5636 2110 5715 inquit,
2130 5636 2275 5717 fidei
2290 5645 2543 5717 nostra,
2562 5641 2618 5717 et
2636 5639 3183 5717 consummatorem
3194 5632 3419 5717 (esum.
3438 5626 3582 5701 Quid
3598 5628 3670 5717 est
3684 5616 3787 5717 iiut-3

634 5696 911 5787 iibéiést,
926 5719 1078 5795 quia
1102 5717 1237 5795 ipse
1261 5696 1648 5777 nobisliilem
1674 5715 1771 5777 inf
1770 5696 1947 5775 undit
1964 5696 1987 5775 ἶ
2004 5696 2237 5777 etenim
2255 5696 2332 5778 ad
2351 5696 2695 5793 discipulos
2716 5730 2867 5773 suos
2890 5712 3138 5795 dicebat
3160 5730 3174 5768 :
3200 5696 3564 5795 Νοη-υοέςης
3576 5696 3785 5795 elegistifv

634 5796 737 5858 sed
756 5815 863 5877 ego
878 5786 1031 5877 elegi
1044 5786 1170 5861 vos.
1194 5797 1269 5858 Et
1284 5797 1516 5858 Paulus
1534 5796 1763 5857 iterum
1780 5796 1971 5855 dixit:
2000 5798 2175 5857 Tunc
2197 5786 2580 5873 coqnoscain,
2602 5794 2761 5855 sicut
2783 5800 2837 5853 et
2855 5791 3143 5870 cognitus
3162 5808 3315 5851 sum.
3334 5790 3353 5848 l
3363 5805 3472 5866 pse
3488 5786 3693 5847 initium
3712 5793 3786 5834 no-
