3892 6402
180 372 291 447 423
763 377 1077 436 ΜΕΤΙΑΝΟ
1117 378 1360 436 SCIlOL.
1403 378 1717 438 lNTERPRl

1912 417 1979 427 --
2021 386 2173 444 CAP.
2216 386 2333 443 Xll.
2380 388 2613 446 llObllL.
2655 392 2844 449 XXIX.
3152 442 3155 445 ,
3337 397 3438 453 ιρι

255 475 791 570 Disciplinacrgo
817 476 1223 570 participatio
1252 479 1609 541 sanctitatis
1639 484 1770 554 est,
1801 486 1869 570 et
1905 482 2210 570 maxime,
2245 483 2298 544 si
2333 483 2421 543 ita
2453 485 2903 570 negligcntiam
2945 490 3144 567 pellit,
3181 492 3444 570 cupidi-

177 563 339 649 tates
378 554 693 649 ercludit‘,
722 554 1134 649 Stecularium‘
1148 574 1364 649 rerum
1381 575 1633 649 amores
1646 561 1985 649 emolitur,
2001 554 2659 649 animam_convertit:
2673 565 2824 628 facit
2843 554 2987 627 eam
3001 554 3217 632 omnia
3243 554 3436 649 hujus

174 636 322 727 vita:
337 635 635 713 culpare:
655 633 1031 727 hoc‘quippe
1046 635 1327 727 estquod
1346 637 1490 727 [ἀει.
1512 639 1709 727 quod]
1730 640 2091 727 tribulatio:
2117 658 2265 727 cum
2288 642 2421 727 [nec
2436 642 2620 727 fiunt,
2632 633 2859 727 nonne
2875 654 3169 709 sanctum
3183 633 3438 727 perfici-

170 718 309 805 tur?
325 732 542 805 nonne
564 713 905 791 specialem
922 713 989 805 [ιτ
1012 713 1617 805 ξρίτξιιᾳριρωλδείςερ
1631 713 1901 798 gratiam
1915 720 2268 805 pertrahit?
2284 719 2773 805 Considercmcus
2787 724 3020 802 justos,
3037 713 3207 790 unde
3222 732 3434 791 cuncti

168 795 525 884 claruerint
555 811 571 849 :
603 809 819 884 nonae
836 809 949 869 per
968 792 1467 884 tribulationcs?
1495 792 2067 884 E_n_uni_cremus,__si
2092 799 2323 876 placet,
2351 801 2437 884 ab
2456 800 2594 877 ipso
2616 792 2809 884 initid
2822 792 3235 884 Abel,'ipsum
3258 809 3390 869 Noe
3413 830 3427 867 :

169 891 300 957 non
332 874 503 957 ep_im
547 876 781 957 potest,
811 872 1286 957 cumsolussit
1323 874 1389 933 in
1421 876 1838 957 multitudine
1868 872 2299 957 maligniorum
2341 872 2580 957 justus,
2614 872 3140 947 tribulationibus
3172 906 3301 946 non
3334 888 3436 948 af-

165 952 324 1032 ﬂigi.
359 951 497 1013 Noe
524 951 773 1045 quippe.
808 950 1263 1045 inquit,nsolus
1294 956 1607 1045 pcrfectus
1654 963 1787 1045 crat
1815 955 1885 1045 in
1924 950 2503 1045 generationem,
2538 966 2595 1045 et
2626 959 2769 1045 _Deo
2818 962 3086 1039 placuit.
3139 967 3433 1045 Intellige

164 1029 450 1113 namque
476 1030 633 1113 mihi
652 1029 834 1113 quod
860 1029 1122 1113 dico_._Si
1152 1029 1327 1093 nunc
1357 1029 1484 1113 tam
1518 1033 1829 1111 plurimos
1859 1029 2196 1106 habentes,
2233 1053 2515 1113 quorum
2544 1029 2849 1099 debemus
2882 1045 3173 1104 aemulari
3214 1029 3432 1106 virtu"-

160 1119 324 1195 tem,
344 1108 445 1172 sic
474 1108 861 1195 affligimur:
894 1109 1049 1195 quid
1100 1108 1691 1195 putaspatiebatur
1738 1113 1845 1174 ille
1877 1114 2054 1175 solus
2103 1114 2189 1195 in,
2222 1108 2400 1195 tanto
2451 1134 2722 1176 numero
2756 1120 3224 1195 pessimorum?
3267 1125 3431 1184 Num

163 1191 389 1276 vultis,
420 1194 492 1249 ut
517 1188 724 1249 dicam
754 1189 1098 1276 quaecirca
1126 1189 1457 1276 diluvium
1480 1193 1939 1276 contigerunt?
1971 1210 2057 1276 aa
2085 1194 2280 1254 vultis
2322 1198 2406 1276 ut
2439 1195 2720 1276 Abrabze
2742 1188 3238 1276 demigrationes
3293 1202 3430 1262 fre-

157 1273 433 1346 quentes
462 1284 784 1335 enarrem,
815 1272 928 1327 aut
952 1267 1373 1346 direptionem
1404 1269 1541 1407 ei'us
1582 1267 1831 1343 ux'oris,
1859 1277 1973 1332 aut
1995 1272 2246 1335 diversa
2272 1273 2585 1350 pericula,
2626 1275 2797 1337 bella
2824 1267 3197 1349 numerosa,
3228 1280 3427 1342 fames

158 1355 376 1407 tantas
408 1352 471 1407 et
500 1347 705 1407 tales?
746 1347 910 1406 Num
952 1348 1142 1407 vultis
1183 1354 1255 1407 ut
1284 1366 1437 1407 revo
1470 1368 1611 1407 vam
1654 1356 1896 1407 quanta
1952 1352 2135 1407 Isaac
2178 1352 2558 1407 pertulerit?
2604 1354 3075 1407 Exmritahatnr
3112 1359 3418 1407 nndinnn-

158 1355 376 1436 tantas
408 1352 471 1408 et
500 1347 705 1436 tales?
746 1347 910 1406 Num
943 1348 1142 1436 vultis
1183 1354 1255 1409 ut
1284 1347 1625 1436 revolvam,
1654 1356 1899 1428 quanta
1952 1352 2135 1436 Isaac
2177 1347 2574 1436 pertulerit?
2590 1354 3075 1436 AExagitabatnr
3112 1347 3424 1436 undique,

154 1435 220 1489 et
267 1426 803 1515 persequutiones
853 1426 1239 1515 patiebatur,
1289 1428 1636 1515 _labo_r_abat
1676 1426 2087 1515 mercenaria
2117 1426 2461 1515 servitute,
2493 1433 2638 1494 aliis
2667 1426 2963 1515 fructum
3006 1431 3247 1499 laboris
3285 1426 3426 1515 ejus

153 1505 588 1569 sumentibus.
618 1505 782 1596 Num
814 1505 1001 1566 vultis
1036 1510 1105 1566 ut
1130 1506 1328 1596 Jacob
1353 1509 1532 1596 vobis
1562 1509 1911 1596 producam
1943 1510 2006 1596 in
2042 1510 2323 1596 medium
2344 1512 2372 1569 ?
2398 1510 2477 1570 Et
2506 1513 2725 1574 omnia
2759 1513 3017 1591 quidem
3058 1516 3198 1595 ejus
3228 1505 3422 1578 enar-

150 1605 307 1648 rare
337 1587 939 1671 necessariumesse
968 1601 1098 1645 non
1124 1590 1317 1671 putc,
1336 1587 1446 1647 sed
1479 1588 1929 1671 testimcpium
1944 1588 2091 1671 ejus
2112 1589 2402 1671 proferre
2436 1587 2871 1671 opportunum
2899 1587 3167 1671 prorsus
3195 1596 3429 1658 existi-

151 1684 306 1727 mo:
345 1666 481 1741 ipse
515 1664 754 1750 quippe
784 1663 1052 1750 loquens
1075 1682 1220 1724 cum
1254 1666 1588 1727 Pharaone
1624 1666 1930 1750 :_Modi_ci
1954 1663 2230 1750 (inquit,
2270 1677 2331 1750 et
2354 1663 2618 1750 malig'm'
2651 1672 2807 1750 facti
2837 1663 2981 1733 sunt
3012 1674 3143 1736 dies
3176 1677 3293 1737 mei
3313 1721 3328 1742 ,
3372 1686 3427 1736 et

147 1764 288 1805 non
326 1740 744 1830 pervenerunt
783 1740 865 1801 ad
907 1741 1315 1830 dieipatrum
1340 1763 1631 1830 integrum.
1663 1746 1833 1807 Num
1856 1740 2106 1830 Ioseph
2127 1749 2318 1830 vultis
2353 1753 2427 1808 ut
2463 1740 2671 1810 dicam
2691 1752 2719 1809 ?
2748 1768 2879 1811 non
2910 1752 3121 1830 ipsum
3155 1740 3378 1815 Mosen
3413 1799 3429 1821 .

148 1822 559 1906 nuijesum
588 1822 782 1906 Nave,
818 1838 976 1906 num
1008 1822 1205 1906 David
1223 1867 1239 1895 ,
1262 1824 1717 1906 numAHeliam,
1749 1842 1913 1906 num
1929 1822 2315 1906 Samuelem,
2341 1846 2497 1887 num
2527 1829 2872 1906 prophetas
2890 1834 2918 1890 ?
2936 1822 3155 1892 nonne
3182 1834 3434 1894 univer-

148 1922 261 1967 sos
320 1903 475 1964 istos
522 1919 605 1963 ex
660 1900 1183 1980 tribulationibus
1233 1904 1517 1980 reperies
1565 1904 2065 1965 claruisse?Dic
2094 1905 2265 1965 enim
2318 1900 2624 1977 mihi,'tu
2650 1900 2738 1969 ex
2766 1911 2895 1970 otio
2944 1916 3007 1972 et
3052 1912 3295 1973 deliciis
3336 1912 3431 1971 vis

149 1980 778 2062 clarusexsistere?
829 1978 947 2041 Sed
1000 1979 1122 2040 hoc
1174 1978 1429 2062 penitus
1482 1998 1611 2041 non
1656 1983 1934 2062 valebis.
1995 1984 2161 2043 Num
2230 1987 2559 2062 apostolos
2617 1988 2813 2048 vultis
2868 1994 2941 2049 ut
2989 1990 3253 2051 dicam?
3311 1991 3429 2051 Sed

147 2064 351 2125 etiam
399 2060 521 2142 ipsi
558 2076 824 2142 omnes,
880 2065 1194 2142 quantum
1249 2060 1327 2142 ad
1380 2061 1877 2142 tribulationem,
1920 2064 2201 2142 pertinet
2216 2060 2540 2142 ,βαδίσει-οε
2593 2074 3005 2142 superarunt.
3065 2069 3184 2129 Sed
3237 2070 3430 2131 etiam

145 2142 444 2205 Christus
477 2139 597 2199 hoc
632 2137 840 2197 dixit:
873 2137 955 2197 In
996 2138 1261 2205 mundo.
1309 2139 1547 2215 inquit,
1589 2137 2056 2202 tribulationem
2099 2140 2439 2208 habebitis:
2491 2151 2552 2203 et
2607 2137 2877 2219 iterum,
2945 2149 3067 2209 Vos
3093 2148 3428 2227 plorabitis

147 2230 571 2311 etlugebitis,
630 2232 899 2293 mundus
931 2240 1133 2292 autem
1183 2230 1495 2311 gaudebit.
1550 2230 1629 2311 Et
1679 2231 1835 2307 quia
1890 2230 1992 2291 via
2042 2230 2268 2311 salutis
2320 2236 2497 2311 arcta
2533 2235 2629 2292 est
2668 2235 3075 2311 etiangusta,
3126 2233 3263 2310 ipse
3290 2234 3426 2294 Do-

146 2309 369 2371 minus
414 2312 555 2371 vita:
597 2311 719 2371 hoc
753 2312 913 2371 dixit
947 2331 962 2370 :
994 2309 1201 2372 Arcta'
1233 2318 1354 2377 est,
1402 2310 1635 2387 inquit,
1675 2317 1731 2368 et
1759 2316 2044 2388 angusta
2087 2309 2229 2375 via,
2279 2328 2412 2388 quae
2456 2310 2631 2371 ducit
2666 2310 2747 2370 ad
2796 2311 3009 2370 vitam.
3069 2309 3167 2371 Tu
3206 2317 3421 2374 autem

149 2390 509 2467 spatiosam
534 2391 772 2466 quaeris
805 2410 819 2449 :
850 2395 913 2451 et
940 2388 1263 2468 quomodo
1303 2406 1445 2468 non
1473 2392 1571 2450 est
1609 2387 1780 2468 istud
1808 2387 2209 2468 absurdum?
2248 2387 2593 2465 Propterea
2621 2407 2751 2448 non
2784 2389 3157 2466 adipisceris
3190 2391 3384 2451 vitam
3404 2436 3419 2459 ,

147 2466 315 2545 quia
342 2486 459 2548 per
491 2467 686 2530 aliam
714 2466 1065 2548 ingrederis
1098 2468 1297 2548 viam,
1347 2467 1457 2530 sed
1504 2468 1584 2548 ad
1628 2466 2016 2548 perditiones
2060 2467 2317 2548 venies;
2361 2468 2826 2548 illucnamque
2860 2467 3257 2548 descendens
3306 2470 3426 2530 iter

148 2547 428 2627 elegisti.
463 2548 672 2608 Vultis
704 2545 895 2610 etiam
925 2552 995 2608 ut
1028 2547 1461 2625 producamus
1498 2547 1562 2606 in
1594 2546 1875 2627 medium
1888 2626 1899 2627 ί
1909 2562 2052 2627 _eos,
2092 2545 2208 2627 qui
2246 2547 2311 2604 in
2338 2545 2583 2627 deliciis
2619 2546 2983 2627 conversati
3019 2552 3259 2627 sunt,a
3295 2566 3426 2607 no-

157 2624 439 2716 vissimis
464 2627 542 2688 ad
575 2627 814 2716 primos
845 2624 1141 2716 superius
1166 2627 1613 2716 recurrentes?
1640 2625 1833 2686 Dives
1862 2625 1970 2716 ille
1995 2624 2107 2702 qui
2134 2625 2464 2716 peruritur
2483 2624 2549 2685 in
2570 2624 2823 2716 camino
2854 2625 3019 2716 ignis
3044 2646 3059 2697 ;
3086 2626 3423 2716 Judzeiqui

155 2706 357 2766 vitam
386 2703 801 2767 suam’ventri
828 2703 1149 2767 donavere
1184 2705 1595 2783 perdendam,
1618 2720 1898 2781 quorum
1926 2703 2082 2765 deus
2112 2709 2335 2765 venter
2358 2708 2486 2777 est;
2514 2704 2611 2766 vel
2641 2704 2733 2763 illi
2760 2705 2870 2782 qui
2888 2703 2963 2763 in
2988 2722 3204 2765 eremo
3224 2703 3423 2766 otium

153 2784 563 2861 requirentes
610 2786 963 2862 perierunt,
993 2785 1159 2845 sicut
1208 2786 1399 2847 etiam
1453 2785 1519 2844 in
1564 2783 1877 2855 Sodomis,
1909 2788 2175 2861 prOpter
2199 2783 2713 2862 gastrimargiam
2741 2784 3104 2860 consumpti
3142 2791 3292 2845 sunt
3320 2805 3334 2843 :
3365 2790 3425 2846 et

154 2802 563 2861 requirentes
610 2802 963 2862 perierunt,
993 2802 1159 2845 Slcul
1208 2802 1399 2847 etiam
1453 2802 1519 2844 ιη
1564 2802 1877 2855 Sonomns,
1909 2802 2175 2861 propter
2198 2802 2713 2922 gasmmargiam
2741 2802 3104 2860 consumpti
3142 2802 3334 2845 sunt:
3365 2802 3425 2846 et

154 2864 254 2923 illi
287 2864 401 2941 qui
424 2865 817 2941 temporibus
852 2866 981 2926 Noe
1007 2863 1291 2933 fuerunt,
1326 2880 1543 2925 nonne
1566 2863 1724 2941 quia
1751 2863 2078 2924 humidam
2103 2871 2166 2922 et
2242 2863 2575 2924 issolutam
2604 2862 2978 2940 persequuti
3007 2867 3161 2923 sunt
3186 2864 3379 2925 vitam
3399 2866 3427 2922 ?

160 2944 254 3035 1ηΔ
270 2944 686 3035 saturitatem,
716 2944 949 3035 inquit,
974 2943 1161 3035 partis
1190 2942 1587 3035 deﬂua-erunt
1608 2941 1837 3035 ﬁdelis
1867 2942 1980 3035 qui
2010 2942 2076 3001 in
2107 2941 3426 3035 sod‘omisnhabitabant.“Sinafutemhpanis

153 3023 468 3083 saturitas
502 3026 749 3083 tantum
784 3020 1140 3101 iniquitatis
1170 3020 1498 3097 operatur,
1531 3020 1684 3099 quid
1719 3020 2055 3101 dicendum
2086 3024 2183 3081 est
2207 3020 2284 3081 de
2326 3020 2493 3101 aliis,
2515 3020 2986 3101 condimentis?
3012 3021 3175 3095 Quid
3205 3022 3427 3084 Esaii?

154 3119 381 3163 nonne
408 3102 472 3161 in
498 3102 654 3161 vitio
675 3100 982 3180 degebat?
1010 3101 1163 3179 quid
1187 3101 1311 3175 illi,
1335 3101 1445 3178 qui
1473 3100 2177 3180 aspectupulchrarum
2199 3100 2498 3180 captivati
2527 3105 2676 3180 sunt
2704 3100 3048 3180 mulierum
3065 3144 3080 3170 ,
3112 3101 3222 3176 qui
3246 3109 3429 3162 erant

153 3183 226 3241 in
261 3197 537 3241 numero
578 3177 857 3241 ﬁliorum
899 3177 1050 3251 Dei,
1084 3186 1145 3242 et
1173 3198 1289 3258 per
1318 3177 1598 3258 praeceps
1626 3179 1705 3240 ad
1735 3177 2060 3240 infernum
2098 3178 2383 3239 libidinis
2425 3177 2836 3258 deciderunt?
2866 3178 3019 3255 quid
3067 3180 3191 3251 illi,
3218 3181 3328 3257 qui
3364 3181 3426 3240 in

154 3260 486 3321 masculos
516 3261 746 3321 insano
780 3261 994 3322 furore
1026 3257 1438 3339 ferebantur?
1465 3259 1617 3339 quid
1657 3275 1880 3339 omnes
1924 3276 2106 3335 reges
2146 3258 2463 3339 gentium,
2508 3257 3045 3339 Babyloniorum,
3085 3259 3430 3339 IEgyptiog

155 3358 334 3411 rum,
363 3355 580 3400 nonne
599 3341 794 3401 vitam
827 3341 994 3401 male
1020 3346 1215 3416 atque
1247 3337 1583 3399 infeliciter
1613 3336 2163 3398 terminaverunt?
2202 3353 2418 3416 nonne
2448 3337 2513 3396 in
2537 3337 2868 3397 tormentis
2906 3336 3273 3397 exsistunt?
3308 3338 3425 3399 Sed

158 3436 365 3485 nunc,
398 3417 497 3479 die
526 3418 707 3490 mihi,
741 3437 955 3480 nonne
979 3415 1135 3480 talia
1156 3419 1387 3480 iterum
1414 3416 1618 3477 fiunt?
1649 3416 1924 3477 Adverte
1945 3416 2270 3476 Christum
2296 3415 2607 3476 dicentem
2640 3435 2655 3474 :
2690 3416 2816 3490 Qui
2841 3416 3132 3477 mollibus
3159 3415 3429 3477 vestibus

158 3497 546 3565 induuntur,
600 3498 671 3558 in
715 3497 995 3559 domibus
1032 3515 1249 3575 regum
1284 3506 1477 3558 sunt:
1508 3496 1621 3574 qui
1664 3514 1817 3557 vero
1852 3513 1983 3556 non
2027 3496 2266 3556 habent
2304 3494 2456 3575 talia
2484 3494 2899 3575 vestimenta,
2930 3495 2994 3555 in
3034 3496 3203 3575 cretis
3253 3500 3426 3556 sunt.

159 3576 361 3636 Molle
390 3594 674 3655 namque
706 3572 1153 3639 vestimentum
1193 3577 1386 3639 etiam
1424 3572 1644 3655 veram
1690 3577 1769 3654 [/2
1804 3584 1866 3636 et
1904 3576 2289 3655 austeram}
2314 3574 2599 3655 animam
2644 3572 2971 3643 dissolvit,
3025 3573 3321 3635 diffundit
3350 3582 3432 3655 et

161 3656 443 3735 frangit:
474 3673 551 3718 ac
570 3653 638 3717 'si
670 3674 968 3735 asperum
994 3658 1229 3718 habeat
1256 3670 1489 3733 corpus
1521 3653 1807 3735 etiforte,
1859 3654 2213 3735 citiushper
2257 3653 2594 3735 delicatam
2638 3655 3192 3735 conversationem
3239 3654 3430 3713 molle

158 3732 517 3813 perﬁcitur.
548 3736 707 3796 Nam
738 3732 905 3797 unde
931 3736 1193 3814 putatis,
1221 3741 1333 3797 aut
1353 3732 1435 3795 ex
1461 3734 1638 3811 quali
1666 3732 1917 3814 ratione
1947 3733 2247 3814 mulieres
2276 3733 2368 3793 sic
2393 3750 2535 3793 esse
2561 3732 2799 3814 debiles
2829 3737 2891 3814 et
2918 3732 3204 3794 infirmas
3222 3734 3249 3791 ?
3267 3752 3427 3814 fnum

156 3810 248 3875 ex
276 3815 645 3875 conditione
710 3828 898 3876 sexus
928 3810 1176 3876 tantum
1199 3817 1227 3874 ?
1267 3810 1714 3891 Nequaquam,
1747 3812 1859 3874 sed
1888 3812 2081 3873 etiam
2106 3831 2188 3873 ex
2216 3812 2708 3873 conversatione
2733 3816 2793 3872 et
2815 3810 3215 3873 educatione.
3246 3813 3426 3886 Quod

157 3893 340 3953 enim
370 3895 494 3954 sub
520 3895 910 3955 umbraculis
940 3894 1209 3971 degunt,
1233 3890 1404 3971 quod
1430 3890 1574 3954 oleo
1604 3891 2153 3971 unguntur,quod
2176 3891 2617 3971 frequentibus
2640 3890 2911 3952 lavacris
2941 3896 3231 3961 utuntur,
3260 3892 3429 3969 quod

159 3972 427 4034 assidue
454 3973 800 4051 unguentis
823 3969 1295 4035 abundantibus
1323 3976 1386 4033 et
1412 3969 1807 4034 aromatibus
1836 3970 2330 4051 perfunduntur,
2354 3969 2646 4051 etjacent
2671 3971 2736 4030 in
2755 3971 3168 4051 straminibus
3192 3971 3432 4032 delica-

159 4052 273 4120 tis,
311 4051 435 4112 hoc
463 4048 754 4129 est'quod
797 4070 907 4113 eas
937 4053 1096 4113 tales
1125 4052 1336 4114 efficit.
1372 4052 1450 4111 Et
1476 4056 1548 4112 ut
1588 4052 1817 4113 melius
1838 4048 1980 4111 hoc
2008 4067 2356 4128 agnoscas,
2386 4048 2640 4111 attende
2682 4048 2853 4127 quod
2897 4048 3037 4111 dico
3068 4069 3083 4109 :
3117 4068 3201 4110 ex
3248 4050 3432 4110 horto

158 4130 393 4207 aliquo
423 4131 489 4190 in
516 4148 733 4191 eremo
758 4132 1129 4203 constituto,
1162 4132 1271 4209 qui
1307 4131 1509 4193 ventis
1538 4136 1599 4191 et
1628 4130 2110 4208 tempestatibus
2147 4131 2759 4209 verberatumsume
2780 4130 3114 4209 arbustum
3143 4129 3428 4207 aliquod,

160 4219 231 4269 et
257 4227 430 4286 pone
460 4210 527 4269 in
556 4227 760 4289 opaco
787 4216 847 4272 et
869 4228 1119 4289 aquoso
1153 4207 1325 4283 loco,
1354 4216 1417 4271 et
1444 4210 1690 4271 videbis
1725 4207 1898 4286 quod
1926 4209 2195 4270 multum
2230 4225 2287 4289 a_
2312 4207 2683 4289 fortitudine
2714 4213 2776 4268 et
2802 4208 3112 4287 dignitate
3142 4226 3259 4270 sua
3291 4226 3429 4268 mu-

162 4289 435 4355 tabitur.
467 4287 665 4366 quam
700 4287 976 4351 habebat
1001 4291 1065 4350 in
1110 4290 1232 4351 hoc
1260 4290 1404 4350 loco
1438 4288 1607 4350 unde
1636 4292 1888 4350 constat
1916 4306 2059 4349 esse
2092 4287 2494 4349 translatum.
2524 4287 2689 4361 Quia
2722 4306 2946 4349 verum
2976 4292 3039 4348 et
3063 4293 3306 4348 certum
3338 4294 3433 4347 est

160 4368 318 4437 hoc,
350 4368 605 4429 attende
629 4371 958 4440 mulieres,
991 4385 1137 4447 qum
1166 4369 1234 4429 in
1263 4369 1435 4448 agris
1472 4372 1674 4446 agunt
1696 4368 1940 4448 vitam:
1975 4366 2270 4448 fortiores
2301 4384 2583 4444 namque
2613 4367 2768 4427 viris
2800 4371 2982 4448 sunt,
3017 4367 3127 4448 qui
3161 4372 3323 4448 sunt
3365 4366 3426 4448 in

158 4448 538 4509 civitatibus
568 4449 930 4521 constituti;
954 4445 1030 4509 et
1046 4448 1099 4510 si
1132 4465 1242 4510 eas
1271 4445 1600 4527 permittas
1636 4465 1782 4508 cum
1815 4447 1940 4506 illis
1972 4447 2274 4527 athletico
2302 4462 2481 4527 more
2512 4450 2783 4527 certare,
2807 4447 3042 4507 multos
3063 4445 3430 4524 hujusmodi

160 4528 347 4586 viros
386 4527 511 4588 illa:
541 4528 681 4588 sine
714 4528 910 4588 dubio
941 4524 1363 4606 superabunt.
1395 4525 1678 4605 Corpore
1713 4542 1994 4606 namque
2028 4526 2213 4584 molli»
2238 4524 2481 4584 reddito
2524 4529 2587 4606 et
2612 4525 3218 4606 delicatounccesse
3248 4528 3345 4584 est
3375 4531 3433 4585 et

157 4606 455 4667 animam
486 4607 869 4685 participare
895 4626 975 4669 ex
1008 4602 1297 4684 corporis
1324 4602 1571 4666 morbo.
1604 4606 1680 4666 In
1707 4605 1925 4665 multis
1948 4610 2238 4681 namque
2267 4605 2750 4685 compatiuntur
2779 4608 2851 4685 et
2870 4602 3242 4685 afﬁciuntur
3267 4620 3434 4680 cpe—

160 4685 459 4746 rationes
495 4682 735 4747 animm—
757 4682 1167 4764 passionibus
1203 4690 1266 4747 et
1305 4685 1749 4747 affectionibus
1796 4685 2107 4762 corporis.
2152 4685 2407 4744 Etenim
2454 4683 2520 4764 in
2568 4682 3051 4764 aegritudinibus
3094 4682 3284 4764 aliter
3312 4698 3431 4741 nos

158 4764 509 4844 habemus,
551 4761 813 4843 propter
856 4765 1025 4844 quod
1073 4767 1299 4826 morbo
1325 4765 1801 4836 mollescimus;
1833 4769 1901 4824 et
1923 4764 2157 4844 iterum
2192 4781 2337 4844 cum
2371 4762 2683 4844 valemus,
2725 4762 2911 4844 aliter
2942 4778 3059 4822 nos
3093 4761 3428 4844 habemus.

156 4843 345 4905 Sicut
373 4839 924 4925 enim'(f.'etiam')
958 4845 1021 4905 in
1051 4844 1305 4905 chordis
1336 4844 1647 4925 contingit
1677 4864 1690 4899 :
1720 4861 1866 4904 cum
1895 4842 2068 4903 enim
2102 4847 2254 4925 sunt
2283 4841 2692 4925 ipsi_s_onitus
2729 4841 2954 4925 molles
2986 4839 3330 4925 et_delicati
3370 4845 3429 4925 ct

159 4941 301 4982 non
346 4919 807 4984 convenienter
834 4919 1115 4997 extenti,
1153 4925 1343 4985 etiam
1374 4941 1480 4983 ars
1530 4919 1941 5000 depravatur,
1974 4926 2036 4982 et
2080 4923 2333 5000 cogitur
2375 4920 2527 4980 vitio
2574 4922 2817 4981 servire
2866 4919 3253 5000 chordarum
3294 4938 3309 4978 :
3344 4920 3435 4980 sic

156 5002 363 5062 etiam
399 5002 469 5061 tit
499 5004 561 5062 in
592 5020 861 5081 corpore
897 5024 910 5061 :
942 5004 1176 5064 multas
1208 5005 1289 5064 ab
1329 5020 1405 5063 eo
1431 4999 1646 5063 anima
1674 5001 1940 5078 suscipit
1964 4999 2257 5062 laesiones
2297 5000 2658 5081 multasque
2698 4999 3132 5081 necessitates.
3162 4999 3434 5072 Quando

155 5082 340 5141 enim
373 5084 574 5143 multa
595 5079 759 5160 Opus
789 5082 1091 5144 habuerit
1114 5082 1192 5143 ad
1224 5083 1323 5143 sui
1352 5083 1777 5153 curationem,
1810 5097 2109 5160 amaram
2128 5082 2342 5160 anima
2364 5079 2639 5139 sustinet
2668 5080 3062 5160 servitutem.
3088 5080 3431 5157 PrOpterea

152 5162 463 5231 obsecro,
493 5166 562 5221 ut
587 5157 891 5223 nostrum‘
905 5180 1139 5239 corpus
1172 5162 1332 5221 forte
1357 5160 1721 5229 reddamus,
1750 5178 1867 5221 nec
1892 5159 2050 5219 illud
2080 5159 2421 5239 delicatum
2449 5164 2511 5239 et
2538 5158 2905 5239 aegrotabile
2924 5157 3256 5239 faciamus.
3276 5160 3427 5239 Non

149 5240 237 5301 ad
275 5241 452 5301 viros
472 5245 745 5313 tantum,
775 5240 883 5302 sed
915 5236 1107 5303 etiam
1135 5240 1215 5301 ad
1244 5240 1545 5301 mulieres
1570 5239 1725 5299 mihi
1754 5246 1849 5300 est
1876 5256 2107 5299 sermo.
2139 5237 2302 5312 Quid
2331 5236 2485 5296 illud
2518 5236 2748 5315 smpius
2780 5238 2981 5308 lavas,
3010 5237 3161 5315 quid
3190 5238 3432 5300 deliciis

150 5320 555 5398 corrumpis,
588 5328 650 5381 et
677 5321 918 5400 gracile
949 5320 1128 5391 facis,
1159 5337 1197 5379 ο
1234 5319 1501 5380 mulierl
1541 5318 1693 5395 quid
1737 5318 2171 5380 fortitudinem
2208 5318 2346 5394 ejus
2374 5316 2667 5377 debilitas
2690 5319 2720 5376 ?
2746 5316 2987 5377 deliciae,
3012 5318 3252 5397 quippe
3285 5319 3424 5381 las-

135 5416 499 5482 situdinem
528 5412 807 5477 faciunt,
838 5423 969 5467 non
1008 5404 1471 5466 fortitudinem.
1511 5401 1572 5462 Si
1611 5406 1830 5464 autem
1870 5404 1952 5482 ab
1988 5409 2081 5463 eis
2112 5407 2450 5475 recedens,
2498 5404 2687 5465 aliter
2728 5406 3138 5482 temetipsum
3174 5415 3435 5481 tractas,

138 5481 208 5561 tu
222 5515 305 5558 ne
335 5500 397 5556 et
432 5486 845 5571 pulchritudo
868 5486 980 5571 tibi
1011 5484 1301 5571 corporis
1340 5485 1712 5571 generatur,
1736 5481 2383 5571 quando_secundum
2412 5483 2739 5571 rationem.
2757 5490 2819 5545 ει
2851 5481 3024 5571 vare;
3052 5492 3115 5571 gl
3146 5487 3434 5571 habitum

134 5560 401 5640 obtinet
421 5560 771 5634 salutarem
805 5586 818 5625 :
853 5565 905 5647 si
936 5583 1092 5626 vero
1111 5560 1425 5647 plurimis
1456 5560 1611 5647 illud
1644 5561 2102 5647 circumsepias
2133 5561 2401 5647 morbis,
2449 5580 2660 5647 neque
2703 5562 2818 5625 flos
2867 5566 2969 5627 vel
3013 5568 3200 5647 vigor
3230 5570 3437 5629 aderit

133 5654 470 5733 corporis,
510 5666 720 5727 neque
749 5646 1004 5733 habitus
1034 5640 1373 5733 s‘alptaris,
1396 5640 1515 5733 sed
1536 5659 1791 5733 semper
1820 5646 2113 5732 maestum
2137 5642 2259 5702 erit
2283 5640 2772 5733 etol‘a‘nguidum.

226 5720 419 5796 Scitis
456 5720 672 5793 autem
714 5725 869 5804 quia
912 5725 1079 5805 sicut
1118 5723 1376 5805 domum
1409 5720 1749 5805 pulchram
1776 5739 1920 5782 cum
1952 5722 2100 5805 quis
2130 5721 2402 5783 eraserit
2548 5740 2662 5784 aer
2688 5724 3031 5802 arriserit],
3060 5726 3251 5787 efficit
3283 5729 3431 5805 pul—

140 5816 478 5878 chriorem
508 5830 522 5868 :
555 5810 646 5870 sic
693 5801 884 5865 etiam
909 5803 1131 5865 faciem
1165 5802 1501 5882 pulchram
1530 5801 1846 5882 splendor
1877 5801 2108 5882 animae
2157 5801 2623 5880 superveniens
2655 5805 2931 5882 amplius
2966 5801 3389 5867 convenuslat
3418 5830 3430 5875 ;

142 5898 201 5960 si
238 5909 399 5958 vero
428 5891 493 5953 in
525 5886 823 5951 mstitia
852 5885 931 5947 sit
963 5890 1025 5948 et
1055 5881 1383 5947 doleribus
1418 5882 1787 5959 constituta,
1818 5881 2120 5945 deformis
2153 5882 2445 5946 efﬁcitur.
2482 5881 2780 5947 Mwstitia
2808 5901 3083 5963 namque
3118 5891 3434 5950 ctmurroe
