3892 6402
609 282 714 340 ιι)
1342 277 1398 333 S.
1435 277 1483 332 J.
1524 275 2017 334 CHRYSOSTUMI
2058 274 2370 331 110311ιίΛί
2415 273 2481 329 IN
2527 273 2745 333 EPIST.
2779 273 2869 329 AD
2911 273 3113 330 IIEBR.
3681 290 3754 344 ιω

598 400 788 459 gnum
831 376 1639 459 calorumﬁonteinplaris
1676 381 2068 459 quantorum
2115 378 2434 459 bonorum
2465 375 2985 459 impedimentum
3010 375 3243 435 divitiae
3260 378 3431 459 nobis
3451 378 3765 459 ingeneram.

602 454 665 520 et
693 467 761 520 tu
796 459 970 519 dives
995 454 1156 516 efﬁci
1185 457 1410 532 cupis?
1449 474 1576 515 non
1620 456 1859 534 gaudes
1912 458 2068 533 quia
2110 455 2633 534 impedimentum
2668 455 2778 513 tibi
2825 460 2950 514 tam
2985 473 3181 532 grave
3219 454 3539 516 sublatum'
3559 466 3665 520 est?
3697 468 3768 528 Sic.

599 539 770 600 enim
805 541 984 598 arcta
1011 539 1108 595 est
1135 535 1241 595 via
1273 551 1418 611 quin
1441 533 1715 596 ducit’ad
1743 553 2038 612 regnum,
2092 539 2154 594 et
2180 535 2269 594 sic
2298 533 2441 593 latae
2466 538 2616 593 sunt
2659 551 2735 592 ac
2768 535 3068 610 spatiosa
3112 533 3362 605 divitia»,
3407 541 3462 594 et
3496 545 3770 604 tumoribus

598 636 674 678 ac
703 617 978 676 molibus
1007 616 1315 682 oneratae,
1348 620 1408 674 et
1435 613 1872 675 inﬂationibus
1906 613 2106 691 plena:
2137 619 2286 673 sunt
2316 631 2329 670 :
2363 616 2729 690 pr0pterea,
2778 613 3012 689 inquit,
3046 613 3250 674 Vende
3286 615 3479 673 omnia
3513 627 3622 688 tua,
3663 629 3712 680 ut
3733 633 3772 684 le

597 701 774 756 arcta
805 696 909 756 via
940 694 1141 772 possit
1161 693 1511 770 suscipere.
1543 693 1706 766 Quid
1739 694 1918 770 cupis
1948 691 2292 772 pecunias?
2313 693 2654 769 Pr0pterea
2685 692 2855 751 enim
2890 693 3153 772 abstulit
3183 710 3292 772 eas
3328 693 3432 752 tibi
3471 695 3634 769 Deus,
3668 709 3718 759 ut
3735 711 3774 760 te

596 775 825 835 liberet
858 790 894 834 a
929 770 1208 851 pessima
1244 772 1572 832 servitute.
1606 773 1861 851 Namet
1881 776 2062 848 pater
2079 770 2367 851 optimus
2398 772 2743 851 etinteger,
2765 771 3136 851 cumlﬁlium
3172 771 3393 851 viderit
3413 789 3602 834 amore
3618 796 3774 838 mere-

602 853 775 912 tricis
804 849 1079 930 alicujus
1110 852 1424 928 deperire,
1461 851 1512 911 si
1537 850 2002 930 admonitiones
2033 850 2173 930 ejus
2205 849 2442 930 audire,
2478 850 2855 930 neglexerit,
2906 849 3082 910 illam
3127 850 3508 910 meretricem
3540 852 3605 912 de
3627 858 3774 917 medio

597 932 920 1013 auferens,
966 929 1030 1013 in
1062 930 1290 991 exsilia
1321 930 1672 1013 longinqua
1702 929 2000 1013 detrudit.
2033 929 2211 1013 Talis
2244 934 2340 1013 est
2367 929 2556 989 etiam
2581 929 2976 1013 abundantia
3007 930 3666 1013 pecuniarumllluram
3694 937 3776 1013 igi-

599 1019 707 1071 tur
735 1011 813 1072 de
841 1011 1021 1070 nobis
1050 1025 1278 1088 gerens
1314 1007 1501 1069 verus
1532 1011 1720 1069 Pater
1744 1018 1804 1068 et
1831 1008 2108 1084 optimus
2141 1007 2478 1080 Dominus,
2500 1007 2723 1088 volens
2758 1025 2875 1088 nos
2909 1010 2990 1068 ab
3013 1007 3406 1088 baclmsione
3430 1009 3680 1076 liberare.
3702 1007 3775 1071 au-

601 1090 720 1151 fert
749 1091 934 1150 nobis
963 1087 1292 1166 pecunias,
1317 1105 1593 1165 quarum
1619 1102 1837 1146 amore
1864 1104 2044 1147 mens
2067 1090 2286 1146 nostra
2318 1087 2770 1163 corrumpitur.
2800 1087 2938 1166 Non
2974 1087 3168 1165 igitur
3205 1087 3572 1147 arbitremur
3607 1093 3774 1151 malum

600 1187 741 1230 esse
771 1164 1141 1247 pauperiem
1177 1187 1191 1225 :
1229 1164 1555 1247 peccatum
1599 1167 1769 1225 enim
1819 1166 2029 1247 solum
2057 1169 2154 1225 est
2177 1166 2421 1247 malum
2465 1185 2489 1247 :_
2527 1183 2736 1242 neque
2778 1164 3018 1226 divitiae
3057 1168 3240 1247 bona!
3285 1171 3432 1247 sunt
3458 1170 3775 1247 perseipsas.

601 1248 706 1308 sed
738 1244 868 1308 Deo
884 1244 1140 1325 placere
1171 1263 1490 1306 summum
1518 1246 1756 1325 bonum
1786 1249 1900 1325 est.
1932 1244 2604 1325 Paupertatemigitur
2627 1245 3224 1325 appetamus.lhanc
3251 1245 3530 1325 protinus
3557 1244 3776 1325 insequa-

602 1344 748 1387 mur
780 1346 794 1385 :
829 1323 912 1387 ita
947 1325 1453 1404 prOmerebimur
1477 1324 1727 1404 caelum,
1762 1323 2361 1404 sicetiamlaliorum
2385 1323 2701 1404 bonorum
2724 1323 3175 1401 impetratione
3201 1323 3774 1404 judicabimurdigni:

602 1423 747 1482 qua:
780 1401 998 1466 omnes
1029 1423 1144 1464 nos
1174 1403 1500 1481 contingat
1527 1401 1814 1482 adipisci,
1849 1403 1914 1460 in
1944 1401 2196 1462 Christo
2221 1401 2372 1461 Jesu
2419 1401 2688 1461 Domino
2726 1409 3151 1482 nostro,lcum
3201 1419 3333 1482 quo
3374 1404 3527 1462 Patri
3556 1401 3774 1464 unafcum

605 1480 825 1545 saneto
847 1484 1082 1561 Spiritu
1121 1482 1347 1561 gloria,
1377 1480 1744 1558 imperium,
1772 1480 2002 1555 honor,
2032 1498 2204 1540 nunc
2230 1486 2290 1540 et
2317 1498 2591 1557 semper,
2630 1485 2690 1540 et
2717 1481 2781 1539 in
2817 1481 3050 1541 saecula
3094 1481 3492 1541 saeculorum.
3516 1483 3696 1541 Amen.

660 1613 3768 1646 *Μ

1898 1720 2239 1782 HOMILIA
2311 1722 2609 1785 XXXIV.

690 1863 996 1926 Obaudite
1027 1866 1386 1945 praepositis
1414 1865 1664 1932 vestris,
1694 1871 1750 1924 et
1781 1863 2021 1926 subditi
2061 1871 2252 1926 estote
2297 1864 2381 1926 eis
2411 1883 2431 1923 :
2459 1862 2586 1941 ipsi
2611 1862 2774 1921 enim
2797 1860 3068 1945 vigilant
3111 1879 3232 1941 pro
3282 1860 3590 1945 animabus
3642 1872 3788 1945 restria

609 1945 918 2024 rationem
941 1941 1252 2024 reddituri
1288 1966 1308 2004 :
1329 1953 1400 2004 ut
1419 1945 1534 2005 hoc
1562 1963 1699 2005 cum
1738 1945 1972 2022 gaudio
2001 1945 2357 2024 faciant,“
2385 1960 2515 2024 rion
2546 1941 3061 2024 congemiscentes
3092 1961 3112 2000 :
3141 1959 3283 2024 uari
3305 1941 3463 2024 enini
3488 1943 3693 2018 expedit
3715 1966 3788 2004 ro-

609 2023 702 2083 bis
731 2022 924 2084 istud.
955 2023 1198 2084 Malum
1233 2024 1492 2100 quidem
1519 2028 1639 2095 est,
1672 2019 1784 2082 ubi
1816 2019 2035 2084 nullus
2065 2029 2162 2083 est
2194 2022 2628 2100 principatus,
2657 2026 2720 2079 et
2743 2020 3093 2100 multarum
3120 2020 3403 2100 cladium
3435 2019 3558 2100 huic
3598 2039 3678 2081 res
3713 2044 3787 2083 ex-

609 2103 775 2163 sistit
803 2103 1085 2173 occasio,
1115 2107 1180 2162 et
1201 2098 1599 2164 confusionis
1629 2106 1726 2162 est
1758 2098 2333 2177 turbationum'que
2361 2099 2772 2177 principium.
2821 2099 2994 2159 Sicut
3023 2100 3192 2158 enim
3221 2099 3276 2158 si
3308 2117 3389 2159 ex
3431 2098 3613 2159 choro
3648 2101 3787 2177 ipsum

614 2182 968 2258 principem
998 2181 1278 2253 auferas,
1311 2198 1724 2259 nequaquam
1753 2181 2117 2242 modulatus
2143 2181 2377 2259 chorus
2405 2178 2504 2259 vel
2532 2177 2863 2259 ordinatus
2895 2178 3184 2249 exsistit;
3217 2183 3279 2259 et
3302 2177 3790 2259 phalanxlmililum

615 2257 670 2320 si
705 2257 930 2321 ducem
965 2277 1092 2321 non
1122 2260 1389 2334 habeat,
1415 2257 1606 2320 nullo
1637 2259 1822 2318 modo
1857 2276 2202 2320 numerose
2230 2258 2400 2338 acies
2433 2257 2545 2316 illa
2572 2257 2678 2338 vel
2707 2257 2997 2338 ordinate
3029 2257 3356 2338 procedit;
3390 2258 3631 2338 etnavis
3654 2259 3693 2318 si
3715 2279 3792 2336 gu~

611 2340 953 2420 bernlatore
984 2340 1293 2416 privetur,
1318 2345 1712 2420 pessum_e_at
1741 2357 2002 2420 necesse
2033 2343 2164 2408 est;
2197 2342 2263 2420 et_
2287 2337 2358 2420 (γ’.
2388 2337 2476 2420 ita
2504 2336 2588 2414 et)
2624 2337 2803 2420 gregi
2825 2337 2875 2395 si
2899 2334 3227 2420 pastorem
3256 2334 3599 2420 abstuleris
3619 2379 3632 2402 ,
3659 2334 3792 2420 Cllllt‘r

615 2423 714 2477 tus
746 2413 1151 2496 dispergetur
1175 2423 1239 2477 et
1279 2413 1500 2496 periet.
1531 2418 1772 2478 Malum
1829 2419 2025 2495 igitur
2071 2423 2166 2477 est
2200 2413 2322 2476 υὺῖ
2341 2414 2556 2474 nullus
2591 2413 3140 2496 estprincipatus;
3171 2413 3603 2475 subversionis
3628 2417 3794 2491 quippe

618 2499 742 2558 hoc
761 2501 856 2558 est
877 2494 1351 2575 argumentum.
1371 2495 1614 2556 Malum
1639 2494 1966 2556 autemest
1983 2512 2112 2555 non
2128 2497 2343 2557 minus
2367 2503 2430 2556 et
2453 2494 2884 2555 inobedientia
2899 2511 3148 2575 eorum,
3169 2496 3283 2572 qui
3309 2503 3654 2573 reguntura
3670 2500 3792 2574 prin-

559 2604 564 2609 ~
619 2577 787 2654 cipe,
802 2574 972 2636 idem
986 2577 1225 2654 malum
1239 2575 1476 2652 quippe
1495 2575 1830 2654 contingit.
1849 2575 2129 2653 POpulus
2144 2577 2315 2636 enim
2333 2577 2385 2636 si
2409 2593 2537 2634 non
2559 2575 2941 2654 obsequitur
2959 2574 3259 2651 principi,
3282 2575 3509 2634 similis
3524 2581 3608 2635 est
3629 2579 3792 2653 popqu

621 2653 974 2733 principem
1011 2670 1139 2713 non
1178 2653 1468 2733 babenti,
1501 2655 1632 2712 imo
1659 2653 1851 2714 etiam
1875 2655 2177 2715 deterior.
2211 2657 2311 2716 llli
2342 2654 2598 2732 quidem
2629 2653 2855 2733 saltem
2884 2654 3138 2714 veniam
3181 2655 3446 2725 habent,
3479 2673 3584 2731 pro
3607 2674 3708 2731 quo
3730 2659 3795 2714 io-

619 2732 927 2812 disposite
950 2738 1145 2808 atque
1170 2732 1534 2812 inordinate
1561 2739 1926 2804 versantur,
1973 2735 2288 2812 siquidem
2336 2734 2708 2794 ordinatore
2748 2732 2979 2810 privati
3021 2738 3172 2792 sunt
3204 2753 3219 2791 :
3253 2733 3319 2792 hi
3377 2741 3582 2794 autem
3619 2737 3795 2794 veniam

624 2811 757 2873 non
813 2818 1166 2883 merentur,
1226 2811 1583 2888 quinetiam
1642 2813 2024 2888 puniuntur.
2053 2811 2186 2874 Sed
2219 2814 2489 2875 fortasse
2533 2812 2770 2888 aliquis
2803 2812 2974 2883 dicit,
3020 2814 3175 2888 quia
3204 2818 3304 2872 est
3333 2815 3584 2873 tertium
3610 2831 3795 2890 quoque

623 2893 889 2963 malum,
918 2890 1178 2968 quando
1211 2891 1347 2967 ipse
1372 2891 1669 2970 princeps
1702 2891 1910 2952 malus
1962 2893 2279 2953 exstiterit
2311 2913 2325 2951 :
2362 2894 2484 2952 hoc
2521 2892 2671 2951 novi
2707 2892 2898 2951 etiam
2926 2907 3069 2970 ego,
3101 2896 3163 2950 et
3195 2909 3326 2950 non
3380 2910 3596 2969 parum
3630 2894 3796 2952 malum

624 2977 723 3031 est
752 2970 942 3043 istud,
974 2971 1102 3029 imo
1131 2970 1323 3028 etiam
1348 2968 1540 3050 pejus
1578 2975 1696 3050 est,
1731 2987 1928 3047 quam
1966 2971 2107 3033 sine
2137 2973 2426 3050 principe
2465 2972 2834 3050 conversari
2873 2991 2887 3028 :
2925 2968 3153 3050 melius
3184 2968 3430 3048 quippe
3466 2979 3552 3032 est
3589 2989 3622 3031 a
3655 2972 3794 3030 nullo.

623 3066 821 3130 quam
853 3065 892 3110 a
922 3051 1201 3130 pessimo
1227 3049 1385 3130 regi.
1416 3050 1531 3130 llle
1551 3049 1810 3130 quidem
1841 3051 2134 3111 salvatur
2147 3049 2530 3130 aliquando,
2557 3067 2632 3111 ac
2659 3049 2712 3109 si
2740 3051 2805 3108 in
2831 3049 3187 3130 periculum
3214 3051 3448 3111 decidit
3481 3071 3493 3109 :
3525 3053 3628 3110 iste
3647 3059 3793 3110 autem

625 3129 927 3189 omnibus
963 3127 1164 3188 modis
1194 3127 1479 3205 pericula
1506 3129 1837 3189 subiturus
1869 3134 1988 3203 est,
2017 3130 2167 3190 dum
2203 3127 2283 3192 ad
2327 3130 2542 3190 foveas
2593 3133 2655 3188 et
2698 3130 2919 3189 ruinas
2954 3129 3332 3205 impellitur.
3365 3130 3670 3203 Quomodo
3695 3147 3795 3205 ergo

625 3209 778 3269 dicit
797 3209 1060 3280 Paulus,
1089 3206 1347 3288 Obedite
1370 3208 1730 3288 prceposit-is
1757 3209 1999 3277 vestris,
2031 3219 2086 3268 et
2109 3209 2366 3288 subjecti
2402 3209 2632 3288 estote?
2671 3209 3012 3288 Postquam
3045 3209 3350 3288 superius
3382 3211 3644 3280 dixerat,
3679 3208 3796 3288 Quae

624 3305 766 3346 rum
797 3287 1280 3367 contemplantes
1313 3286 1554 3367 exitum
1587 3288 2102 3367 conversationis,
2140 3286 2475 3350 imitamini
2504 3287 2680 3367 ﬁdem
2711 3307 2731 3347 :
2768 3294 2920 3347 tunc
2952 3287 3198 3358 intulit,
3233 3287 3491 3349 Obedite
3527 3287 3797 3366 preposilis

626 3367 871 3434 vestris,
911 3375 966 3425 et
992 3365 1259 3446 subjecti
1280 3373 1490 3425 estote.
1521 3366 1684 3439 Quid
1708 3384 1886 3444 ergo,
1921 3366 2353 3446 dicitaliquis,
2385 3365 2535 3427 dum
2579 3368 2963 3446 praepositus
2989 3367 3313 3446 malignus
3371 3365 3681 3438 exstiterit,
3715 3382 3795 3424 non

627 3445 1468 3525 obaudiemusibialignum
1497 3446 1777 3525 qualiter
1803 3446 2004 3507 dicis?
2032 3447 2085 3506 si
2109 3445 2365 3523 quidem
2393 3452 2490 3507 est
2517 3447 2582 3504 in
2605 3462 2800 3507 causa
2829 3445 2997 3517 fidei,
3027 3445 3173 3525 fuge
3215 3447 3404 3506 illum
3439 3453 3500 3507 et
3534 3447 3697 3511 evita.
3716 3461 3796 3501 non

629 3526 840 3587 solum
867 3525 918 3585 si
952 3525 1145 3604 homo
1181 3523 1394 3604 fuerit,
1425 3523 1532 3584 sed
1562 3525 1754 3585 etiam
1785 3527 1837 3585 si
1874 3526 2145 3604 angelus
2187 3526 2263 3588 de
2290 3527 2444 3587 caelo
2472 3525 2920 3604 descenderit;
2949 3525 3002 3584 si
3034 3523 3188 3585 vero
3224 3526 3475 3590 inloto
3508 3533 3565 3585 et
3591 3525 3795 3604 moribu_s_

630 3606 987 3682 malignum
1013 3603 1194 3674 dicis,
1235 3603 1367 3662 noli
1397 3605 1694 3664 scrutari.
1736 3605 1813 3663 Et
1844 3601 1994 3664 haac'
2018 3622 2147 3665 non
2182 3623 2265 3667 ex
2315 3605 2562 3682 meipso
2609 3604 2774 3676 dico,
2803 3603 2915 3682 sed
2944 3621 3026 3663 ex
3064 3604 3402 3682 Scriptura
3437 3605 3672 3664 divina:
3700 3601 3795 3663 audi

627 3681 813 3744 enim,
832 3682 1155 3744 Christum
1175 3682 1488 3743 dicentem
1520 3701 1534 3739 :
1568 3683 1773 3760 Super
1799 3683 2148 3743 cathedram
2174 3685 2348 3744 Mosi
2387 3681 2676 3744 sederunt
2715 3681 2934 3744 scribta
2963 3691 3020 3742 et
3058 3681 3392 3746 Phariswi.
3418 3685 3493 3744 Et
3530 3684 3702 3761 primo
3735 3681 3798 3761 di-

630 3781 782 3824 cens
813 3761 890 3823 de
930 3762 1013 3842 iis
1043 3761 1245 3842 multa
1283 3762 1475 3831 mala,
1521 3759 1676 3820 tunc
1703 3761 1864 3821 dixit
1893 3764 2236 3822 :Sederunt
2265 3780 2452 3841 super
2479 3761 2826 3822 cathedram
2856 3763 3051 3842 Mosi.
3089 3763 3342 3842 Omnia,
3376 3759 3596 3841 inquit,

629 3842 848 3901 xerint
871 3840 1068 3921 vobis,
1098 3840 1318 3921 facite;
1349 3858 1485 3919 quae
1513 3848 1715 3899 autem
1740 3842 2026 3921 fecerint,
2053 3845 2256 3921 facere
2281 3839 2499 3902 nalite.
2541 3843 2815 3921 Habent,
2857 3841 3090 3917 inquit,
3123 3839 3522 3920 dignitatem,
3555 3839 3676 3900 licet
3707 3839 3797 3921 vile

632 3922 760 3981 sint
780 3919 1041 3998 perdita,
1072 3918 1558 3980 {verumtamen
1595 3918 1828 3980 nonad
1857 3918 2324 3992 vitam'eorum,
2351 3921 2457 3982 sed
2480 3920 2558 3982 ad
2599 3937 2928 3981 sermones
2959 3918 3268 3982 intendi—te
3299 3941 3314 3980 :
3349 3928 3644 3999 quantum
3682 3918 3795 3978 enim

632 4000 710 4060 ad
739 4016 950 4059 mores
981 3999 1228 4068 attinet,
1262 3999 1479 4058 nullus
1503 3999 1922 4076 poteritlaadi.
1955 4001 2092 4074 Qua
2126 4001 2375 4062 ratione
2407 4001 2568 4060 hoc?
2599 4000 2767 4074 Quia
2800 4015 2946 4076 qua;
2990 3999 3157 4071 fecit,
3192 4002 3532 4062 manifesta
3559 4005 3683 4060 sunt
3698 4013 3797 4076 om—

639 4079 851 4149 nibus,
879 4085 952 4157 etl
968 4095 1179 4154 neque
1209 4078 1368 4154 ipse,
1400 4095 1475 4137 ac
1501 4075 1553 4138 Si
1579 4077 1657 4138 ad
1689 4094 1994 4140 cacumen
2027 4079 2386 4157 iniquitatis
2416 4079 2772 4157 perveniat,
2806 4075 3039 4156 poterit
3059 4080 3222 4140 alios
3253 4081 3427 4142 mala
3455 4075 3794 4157 docerc.Cnm

635 4163 852 4238 autem
879 4155 1020 4238 fidei
1049 4173 1246 4218 causa
1278 4157 1566 4238 vertitur,
1600 4175 1810 4234 neque
1848 4155 2258 4238 manifest—um
2286 4164 2382 4219 est
2419 4155 2723 4238 omnibus
2760 4155 2931 4238 quod
2979 4158 3236 4228 dicitur,
3297 4178 3510 4238 neque
3562 4155 3795 4238 malignos

635 4236 951 4297 dubitavit
985 4235 1236 4316 docere
1259 4237 1582 4316 contraria
1613 4253 1812 4316 :lnam
1838 4237 2009 4313 quod
2062 4237 2298 4298 dictum
2325 4249 2456 4310 est,
2498 4237 2714 4300 Nolite
2731 4237 3048 4316 judicare,
3094 4256 3170 4296 ne
3185 4235 3580 4316 judicimini,
3621 4237 3680 4316 de
3714 4235 3794 4316 vita

635 4316 876 4394 dictum
901 4320 1019 4394 est,
1046 4331 1172 4374 non
1205 4314 1281 4374 de
1302 4314 1420 4375 ﬁde
1443 4334 1457 4373 :
1479 4315 1650 4394 quod
1679 4310 2180 4388 enim—infertur,
2205 4318 2324 4378 hoc
2350 4310 2926 4392 manifestatIQuid
2945 4317 3103 4376 enim
3121 4310 3314 4385 vides,
3342 4319 3568 4394 inquit,
3583 4310 3793 4394 stipula»

641 4396 705 4454 in
737 4393 924 4484 acula
942 4393 1327 4484 fratristui’.‘
1351 4402 1407 4453 et
1438 4393 1670 4484 trabem
1693 4395 1761 4454 in
1790 4397 1976 4484 acula
1999 4404 2103 4456 tuo
2122 4415 2251 4484 non
2277 4396 2748 4484 vidyfﬂmnia
2774 4413 2919 4484 ergo
2941 4415 3075 4475 quae
3104 4396 3276 4458 vobis
3305 4392 3600 4460 dixerint,
3628 4392 3791 4484 inquit.

636 4489 706 4533 ut
734 4469 1006 4555 faciatis,
1038 4474 1224 4555 facite
1272 4471 1509 4555 (facere
1539 4479 1754 4555 autem
1799 4477 2013 4555 operis
2049 4483 2164 4546 est,
2221 4493 2350 4535 non
2379 4476 2589 4548 fidei);
2630 4469 2968 4534 secunda-ni
2995 4484 3197 4536 autem
3225 4495 3419 4555 opera
3444 4469 3793 4555 τοτυμ-ηοω(

634 4550 856 4634 facere.
888 4550 1503 4634 IntuerisquOniam
1530 4570 1658 4612 non
1689 4552 1766 4634 de
1792 4553 2221 4634 dogmatibus,
2254 4555 2361 4614 sed
2391 4555 2468 4614 de
2500 4556 2629 4614 vita
2653 4559 2716 4615 et
2741 4550 3288 4634 Operibuslsermo
3326 4557 3470 4616 est?
3494 4554 3598 4615 Sed
3631 4550 3791 4634 Paulus

638 4630 915 4714 primum
946 4631 1220 4714 instituit
1247 4647 1388 4714 eos,
1413 4636 1475 4692 et
1502 4632 1845 4714 tuncdixit
1877 4630 1900 4689 ξ
1926 4632 2181 4714 Obedite
2200 4634 2562 4712 prwpasitis
2591 4630 2836 4699 vestris,
2875 4641 2938 4714 et
2962 4633 3274 4714 subjacete
3298 4653 3424 4695 eis:
3450 4634 3566 4713 ipsi
3588 4630 3709 4690 enim
3731 4630 3789 4714 ri-

635 4709 838 4790 gilant
861 4728 984 4790 pro
1015 4709 1190 4792 vobis
1209 4710 1877 4792 redditurirationem.
1912 4709 2283 4773 Audiant'et
2307 4709 2651 4791 principes,
2687 4729 2816 4772 non
2852 4713 2972 4772 soli
3006 4709 3097 4773 ill'i
3127 4715 3240 4790 qui
3287 4709 3590 4792 reguntur
3612 4727 3644 4770 a
3672 4710 3788 4792 pritr

634 4789 931 4870 cipihus;
964 4789 1273 4868 quoniam
1296 4793 1461 4870 sicut
1487 4789 1851 4870 obedientes
1877 4796 2130 4870 Oportet
2158 4789 2434 4869 essefqui
2467 4789 2804 4869 reguntur,
2858 4793 2950 4852 sic
2987 4789 3178 4854 etiam
3212 4789 3492 4854 rectores
3523 4799 3578 4852 et
3617 4789 3783 4865 princi-

635 4867 745 4947 pes
778 4869 1114 4948 vigilantes
1137 4886 1278 4930 esse
1298 4867 1566 4948 decetet
1603 4868 1876 4948 sobrios.
1907 4869 1986 4928 Et
2013 4870 2164 4948 quid
2200 4867 2530 4948 dicis—quia
2549 4867 2821 4940 'vigilant
2849 4875 3138 4932 tantum?
3165 4873 3519 4942 periculum
3544 4871 3695 4931 etiam
3712 4881 3788 4923 su-

629 4944 745 5030 per
766 4944 904 5032 ejus
937 4955 1128 5032 caput
1161 4949 1401 5032 eminet
1428 4944 1880 5032 _(_imminet?-).
1922 4944 2248 5032 subjectus
2271 4953 2368 5010 est
2399 4944 2754 5032 ultionibus
2788 4959 3198 5031 peccatorum
3227 4959 3507 5025 tuorum,
3539 4960 3592 5014 et
3615 4958 3791 5032 propter

628 5025 689 5094 te
717 5025 878 5112 reus
901 5025 1148 5112 exsistit
1181 5049 1195 5087 :
1231 5027 1567 5112 timoribus
1597 5025 1940 5112 subjicitur
1960 5028 2252 5112 eni_m,_et
2292 5033 2361 5088 tu
2396 5025 2807 5112 negligentiai
2833 5039 2892 5092 te
2925 5035 3144 5103 tradis,
3197 5041 3260 5094 et
3300 5036 3486 5112 nugis
3523 5025 3786 5112 occuparis.

627 5116 691 5170 et
719 5109 1059 5171 artificium
1092 5117 1271 5168 tuum
1303 5105 1499 5190 stulta
1538 5111 1750 5165 mente
1789 5106 2132 5190 praeponis.
2175 5105 2516 5190 Propterea
2561 5105 2702 5181 hac,
2740 5112 2972 5188 inquit,
3003 5114 3166 5186 dico,
3197 5115 3278 5174 Ut
3320 5105 3454 5174 cuin
3495 5105 3686 5190 gaudia
3713 5109 3787 5190 fo-

630 5190 824 5254 ciant.
859 5197 913 5248 et
952 5206 1082 5247 non
1112 5184 1624 5269 congemiscentes
1653 5204 1671 5242 :
1709 5202 1837 5269 itan
1867 5185 2027 5244 enim
2057 5184 2316 5269 expedit
2343 5187 2540 5269 vobis.
2575 5184 2852 5250 Intueris
2905 5184 3215 5269 quoniam
3264 5211 3409 5253 cum
3458 5184 3786 5252 contemnitur

628 5269 951 5350 princeps,
990 5285 1120 5350 non
1147 5268 1401 5350 oportet
1420 5263 1702 5350 ultiones
1731 5263 2050 5350 ingerere,
2085 5263 2191 5324 sed
2225 5268 2548 5350 tota‘ultio
2577 5276 2671 5329 est
2699 5263 2978 5350 plorare,
3015 5273 3455 5350 ingemiscere.
3479 5272 3617 5332 Nam
3637 5274 3784 5350 etauf-

626 5342 805 5430 dicus
833 5342 1104 5430 quando
1126 5347 1208 5408 ab
1240 5348 1477 5430 aegroto
1510 5342 1964 5430 contemnitur,
1989 5360 2123 5430 non
2169 5362 2237 5404 se
2262 5346 2618 5430 ulciscitur,
2661 5342 2768 5407 sed
2800 5342 3014 5426 plorat
3049 5342 3118 5412 et
3147 5351 3516 5430 ingemiscit.
3551 5342 3782 5430 Seddiris

627 5428 806 5505 quia,
845 5421 898 5487 si
950 5426 1056 5485 ille
1089 5421 1471 5507 ingemiscit,
1511 5421 1953 5507 _ulciscitur_in_
1984 5427 2042 5482 te
2072 5424 2263 5507 Deus.
2296 5424 2356 5483 Si
2397 5427 2566 5485 enim
2601 5445 2715 5503 pro
2764 5421 3001 5490 nostris
3051 5421 3326 5507 peccatis
3377 5427 3778 5507 ingemisrimus.

626 5502 1002 5588 adducimus
1032 5504 1110 5564 ad
1148 5521 1261 5563 nos
1296 5502 1814 5588 propitiationem
1846 5502 1956 5561 Dei
1974 5522 2012 5588 ᾖ
2034 5520 2149 5580 pro
2179 5505 2454 5588 aliorum
2478 5502 2628 5566 vero
2655 5509 2961 5584 superbia
2991 5502 3087 5569 vel
3117 5502 3478 5588 contemptu
3507 5524 3628 5568 cum
3655 5505 3780 5588 inge-

627 5587 978 5666 miscimus,
1007 5601 1220 5666 nonne
1239 5583 1526 5666 amplius
1556 5580 1942 5666 advocamus
1972 5583 2172 5666 Deum
2249 5584 2620 5666 Videsiergo
2658 5580 2966 5664 quoniam
2995 5606 3121 5650 non
3157 5580 3452 5666 permiait
3487 5605 3611 5646 eum
3636 5582 3692 5666 ad
3715 5582 3780 5636 in-

619 5668 827 5746 jurias
854 5665 1102 5726 deduci.
1139 5662 1328 5748 Vides
1361 5667 1604 5748 quanta
1626 5659 2034 5748 philosophia
2063 5662 2228 5748 istud
2264 5665 2408 5748 est?
2437 5659 2863 5748 Ingemiscere
2898 5686 3050 5748 ergo
3080 5659 3328 5745 oportet
3368 5686 3505 5727 eum
3557 5663 3644 5741 qui
3672 5674 3779 5748 con-

627 5737 934 5808 temnitur
964 5750 1026 5808 et
1048 5737 1462 5808 conculcatur
1486 5747 1546 5803 et
1573 5737 1854 5802 caeditur.
1886 5737 2035 5801 Non
2059 5743 2387 5806 arbitreris
2425 5737 2732 5822 quoniam
2761 5764 2887 5808 non
2917 5737 3328 5810 tevulciscitur
3359 5748 3516 5809 Deus
3544 5737 3775 5820 :gemitus
