3892 6402
150 260 242 316 455
1556 264 1896 321 ΜΟΝΙΤΠΜ.
3238 269 3345 326 ιῦϐ

149 375 263 436 sive
288 374 512 466 bestia,
543 378 680 470 sive
712 380 888 470 mille
926 379 1305 470 muscipula)
1330 381 1665 470 Lquandiu
1702 381 1873 470 enim
1905 380 2185 470 quisque
2235 380 2474 470 ignitus
2506 378 2776 470 incedit,
2813 378 3035 470 omnia
3060 393 3340 470 snt-ierat,

154 460 329 536 omnia
370 456 632 536 excedit,
679 459 891 519 omnia
924 456 1298 519 contemnit.
1333 456 1610 519 Flamma
1645 459 1886 536 quippe
1924 456 2379 531 insuperabilis
2426 474 2527 518 res
2565 466 2680 536 est,
2717 465 2780 518 et
2810 456 3215 536 importabile
3249 468 3345 518 est

153 532 366 614 cunctis
398 532 590 614 rebus
630 536 999 614 incendium
1030 559 1045 594 :
1080 536 1245 613 ignis
1276 537 1519 614 quippe
1552 532 1779 598 cuncta
1812 532 2159 614 consumit.
2193 537 2325 596 Hoc
2358 536 2571 613 itaque
2600 535 2748 614 igne
2781 532 3349 611 circ‘ttmsepiamur

151 610 442 697 exhortor,
476 610 747 697 gloriam
783 610 1130 697 offerentes
1157 610 1684 675 Domino—nostro
1715 615 1868 674 Jesu
1915 613 2188 697 Christo,
2225 630 2367 697 cum
2400 610 2527 691 quo
2568 610 2758 697 nam,
2798 628 2923 697 una
2955 610 3349 675 cum’sancto

150 687 389 761 Spiritu,
431 687 656 766 gloria,
690 692 1060 771 imperium,
1093 692 1317 766 honor,
1352 709 1524 754 nunc
1554 699 1615 753 et
1645 709 1925 769 semper,
1960 699 2022 752 et
2054 692 2119 752 itt
2154 691 2385 751 saecula
2416 687 2821 751 saeculorum.
2869 693 3100 755 Amen.

149 883 3355 922 Μ

1448 1055 2021 1149 MONITUM

682 1276 765 1336 IN
825 1275 1181 1338 UNDECIM
1245 1276 1309 1335 S.
1372 1274 1709 1338 JOANNIS
1770 1275 2338 1339 CHRYSOSTOMI
2399 1275 2795 1339 HOMILIAS

1087 1456 1275 1514 NUNC
1311 1454 1585 1512 PRIMUM
1628 1455 1671 1510 E
1709 1457 2051 1513 TENEBRIS
2092 1456 2392 1513 ERUTAS.

212 1628 283 1682 En
346 1630 461 1695 tibi,
519 1630 710 1686 Lector
744 1636 971 1698 erudite,
1029 1650 1245 1697 noram,
1278 1632 1534 1703 amplam,
1588 1634 1918 1703 omninoque
1965 1634 2293 1705 singularem
2335 1633 2678 1688 homiliarnm
2734 1634 3107 1704 Chrysostomi
3165 1653 3358 1693 acces-

143 1721 336 1777 sionem
375 1724 714 1791 proferimus,
749 1742 869 1797 quin
902 1729 1041 1783 haud
1066 1729 1136 1782 ita
1169 1729 1373 1798 pridem
1403 1740 1470 1781 ex
1500 1736 1683 1781 monte
1735 1726 1896 1792 Atho,
1935 1736 1992 1782 ut
2055 1726 2298 1795 quidam,
2342 1725 2423 1780 vel
2459 1741 2524 1780 ex
2560 1725 2729 1780 insula
2779 1724 2988 1789 Patmo,
3048 1738 3106 1780 ut
3157 1728 3243 1781 alii
3280 1729 3361 1781 di-

144 1822 282 1876 cunt,
316 1814 367 1868 in
398 1813 783 1871 Bibliothecam
822 1817 1132 1873 Vaticanam
1161 1818 1364 1887 ,allataz,
1398 1832 1429 1871 a
1456 1816 1730 1872 sodalibus
1777 1819 1997 1881 nostris,
2051 1818 2144 1887 qui
2204 1827 2314 1871 tum
2358 1814 2541 1871 Romm
2593 1815 3038 1885 Congregationis
3096 1816 3154 1872 8.
3190 1819 3358 1872 Mauri

142 1908 356 1974 negotiis
387 1909 773 1979 advigilabanl,
806 1927 835 1963 a
872 1909 1059 1967 Gneco
1085 1910 1400 1966 amanuensi
1431 1910 1739 1979 exscripta,
1786 1912 2116 1965 transmissae
2156 1909 2288 1964 mihi
2339 1908 2520 1972 fuere;
2563 1907 2814 1960 nimirum
2855 1922 2885 1961 a
2918 1908 2976 1960 υ.
3012 1907 3171 1963 Petro
3240 1912 3356 1965 Ma-

138 1999 263 2062 luet,
306 2001 393 2070 qui
439 2010 562 2055 tunc
590 2004 959 2070 procuratoris
979 2003 1246 2068 generalis
1270 2002 1445 2058 ollicio
1474 2002 1812 2070 fungebatur,
1845 2012 1899 2057 et
1923 2003 2035 2072 jam
2072 2003 2123 2056 in
2154 2006 2481 2060 monasterio
2524 2006 2583 2062 S.
2628 2006 2882 2064 Germani
2916 2025 2946 2062 a
2976 2010 3151 2065 Pratis
3196 2010 3349 2064 Prior

92 2114 95 2115 ν
134 2103 253 2157 est;
297 2105 349 2148 et
382 2110 413 2147 a
445 2096 504 2149 Ι).
533 2093 764 2164 Joseplto
792 2094 971 2161 Avril,
1003 2096 1119 2162 ejus
1148 2096 1319 2160 socio,
1347 2095 1460 2165 jam
1511 2097 1564 2150 in
1615 2097 1943 2152 monasterio
1976 2097 2305 2166 ‘Corbeiensi
2354 2098 2561 2167 Priore,
2611 2101 2705 2172 qui
2733 2108 2895 2157 ambo
2939 2119 3176 2172 semper,
3230 2106 3354 2159 dum

136 2186 311 2241 Rouue
336 2188 841 2253 essent,.assiduam
874 2188 1002 2242 mihi
1044 2189 1351 2256 praestitere
1374 2202 1616 2256 operam.

197 2282 449 2353 Quodque
496 2297 714 2353 prorsus
778 2296 974 2336 novum
1028 2282 1406 2351 insolitumque
1447 2292 1550 2346 est,
1589 2290 1751 2351 atque
1780 2280 2022 2337 utilitatis
2057 2283 2281 2338 multum
2323 2283 2496 2350 affert,
2525 2285 2607 2341 hat
2642 2285 2875 2342 homilia:
2905 2288 3187 2357 descripta:
3212 2289 3362 2343 fuere

130 2392 162 2429 a
190 2379 438 2446 quodam,
468 2376 557 2445 qui
588 2376 648 2429 S.
682 2373 929 2429 Doctoris
961 2372 1113 2430 lateri
1148 2374 1370 2430 haesisse
1401 2375 1632 2435 videtur,
1688 2371 1887 2442 quique
1928 2373 1979 2427 in
2044 2375 2389 2431 homiliarum
2426 2377 2592 2433 titulis
2627 2376 2742 2433 loca
2781 2380 2945 2434 refert
2992 2382 3079 2434 tibi
3120 2382 3356 2435 homilia:

133 2471 327 2524 habitat
356 2479 504 2534 sunt,
534 2478 590 2525 et
617 2484 759 2537 sape
800 2483 1018 2522 causam
1054 2483 1155 2523 cur
1183 2468 1537 2523 concionatus
1576 2466 1648 2521 sit
1683 2467 1905 2531 indicat,
1933 2482 1998 2524 ac
2030 2484 2133 2524 non
2182 2485 2349 2539 pauca
2394 2472 2459 2525 ad
2505 2472 2784 2526 historiam
2818 2473 3139 2541 pertinentia
3188 2475 3356 2527 admi-

123 2573 263 2616 scet.
298 2561 780 2631 Certissimnmqne
817 2571 903 2617 est
936 2562 1054 2617 illas
1084 2560 1555 2633 Constantinopoli
1578 2563 1792 2617 habitas
1818 2562 2003 2629 fuisse,
2041 2580 2336 2634 omnesque
2361 2567 2519 2621 annis
2546 2566 2651 2622 598
2686 2578 2740 2622 et
2768 2568 2896 2623 599.
2949 2569 3028 2622 Au
3065 2582 3193 2621 vero
3220 2582 3361 2622 ron»

124 2661 361 2714 tinenter
390 2667 443 2712 et
465 2657 557 2710 illo
583 2672 690 2726 quo
717 2657 913 2711 habitae
947 2657 1094 2711 fuere
1128 2656 1318 2712 ordine
1353 2656 1441 2710 hic
1491 2658 1813 2724 referantur,
1845 2659 1911 2713 de
1952 2659 2134 2713 multis
2189 2659 2456 2728 liquidum
2508 2671 2611 2724 est,
2667 2662 2732 2715 de
2762 2662 3015 2717 omnibus
3073 2661 3353 2716 aflirmare

117 2772 229 2810 non
262 2752 455 2815 ausim.
487 2761 774 2821 tamenque
801 2750 1099 2806 verisimile
1124 2759 1209 2805 est
1239 2765 1429 2805 omnes
1464 2750 1573 2816 illo,
1603 2766 1710 2819 quo
1743 2753 1831 2808 hic
1855 2760 2152 2821 ponuntur,
2180 2754 2370 2809 ordine
2403 2754 2575 2809 dictas
2613 2755 2799 2811 fuisse.

170 2870 235 2945 .l.
273 2868 447 2923 Prima
480 2866 533 2921 in
566 2866 847 2938 martyrio,
878 2881 973 2920 seu
1004 2865 1056 2920 in
1110 2864 1341 2920 ecclesia
1407 2866 1732 2938 Martyrum,
1762 2883 1882 2938 qure
1914 2868 1967 2922 in
1998 2867 2233 2937 Antiqua
2261 2868 2447 2934 Petra,
2479 2873 2537 2924 ὲν
2570 2869 2783 2941 Παλαιᾷ
2820 2872 3028 2943 Πέτρᾳ.
3065 2872 3168 2926 sita
3216 2879 3355 2932 erat,

114 2962 264 3016 dicta
296 2963 411 3017 fuit.
466 2961 698 3028 Quinam
732 2961 820 3014 hic
848 2960 996 3014 locus
1037 2969 1186 3014 esset
1220 2960 1362 3028 apud
1416 2975 1595 3014 rerum
1629 2959 2353 3030 Constantinopolitanarum
2384 2964 2676 3032 scriptores
2700 2964 2937 3017 nondum
2968 2964 3167 3031 reperi.
3201 2960 3360 3016 Tem-

109 3068 218 3121 pus
243 3062 421 3109 autem
452 3054 695 3119 assignat
724 3052 1163 3121 Chrysostomus,
1195 3067 1317 3106 cum
1376 3053 1538 3121 paulo
1567 3062 1687 3122 post
1713 3053 1922 3107 initium
1962 3054 2091 3108 dicit
2132 3056 2370 3109 habitam
2413 3056 2685 3110 homiliam
2731 3057 2897 3112 fuisse
2947 3072 3068 3112 cum
3126 3056 3359 3109 nondum

110 3147 334 3216 triginta
363 3146 476 3201 dies
505 3145 841 3201 ellluxissent
873 3146 941 3199 ab
966 3144 1167 3211 ingenti
1200 3142 1291 3196 illo
1320 3150 1481 3197 terra:
1513 3153 1681 3209 motu,
1714 3145 1806 3213 qui
1838 3153 2002 3198 totam
2040 3146 2613 3202 urbem'concusserat
2639 3165 2652 3201 :
2691 3148 2763 3201 ita
2791 3158 2848 3202 ut
2878 3146 3093 3216 plurimi
3133 3162 3197 3199 ex
3225 3159 3363 3210 opu-

110 3240 462 3303 lentioribus,
493 3239 650 3293 bonis
679 3238 953 3299 omnibus,
986 3235 1420 3304 possessionibus
1453 3246 1509 3289 et
1536 3236 1710 3303 patria
1742 3236 1967 3300 relictis,
2006 3248 2158 3289 extra
2194 3237 2423 3306 patriam
2454 3248 2508 3291 et
2542 3248 2693 3292 extra
2737 3236 2870 3293 lines
2912 3254 3021 3307 pra:
3072 3236 3360 3291 formidine

112 3330 452 3399 aufugerim,
483 3330 680 3399 aliique
714 3330 851 3384 bona
882 3329 1093 3384 illorum
1127 3328 1445 3384 invaserint.
1475 3326 1693 3383 Certum
1731 3338 1913 3383 autem
1948 3327 2161 3382 videtur
2205 3339 2361 3384 terra:
2394 3341 2597 3385 motum
2628 3330 2777 3384 illum
2809 3347 2874 3386 ex
2902 3346 3128 3385 numero
3172 3344 3356 3383 eorum

102 3425 306 3487 fuisse,
336 3440 470 3495 quos
488 3425 815 3480 Claudianus
843 3424 1306 3495 Constantinopoli
1338 3425 1600 3478 accidisse
1632 3436 1895 3480 memorat
1924 3422 2235 3497 (Claudian.
2264 3424 2355 3476 lib.
2383 3426 2418 3477 2
2452 3425 2506 3477 in
2545 3423 2881 3492 Eutropium,
2916 3441 2960 3477 υ.
2984 3422 3056 3476 24
3083 3423 3220 3493 sqq.)
3242 3431 3367 3474 ante

98 3516 461 3571 consulatum
499 3517 762 3584 Eutropii,
800 3531 942 3570 anno
978 3516 1226 3572 videlicet
1275 3516 1408 3572 598.
1441 3516 1644 3573 Omnes
1696 3518 1893 3587 quippe
1929 3516 2177 3572 homilias
2213 3516 2344 3573 istas
2386 3516 2468 3571 vel
2516 3525 2641 3571 ante
2691 3515 3028 3570 consulatum
3092 3515 3364 3586 Eutropii,

100 3609 197 3661 vel
230 3609 354 3677 ipso
387 3612 627 3673 consule,
658 3611 753 3664 sed
776 3619 903 3664 ante
932 3609 1111 3678 fugam
1144 3610 1453 3678 cadentque
1481 3610 1642 3676 illius,
1673 3625 1793 3680 quae
1828 3625 2014 3665 mense
2044 3611 2280 3665 circiter
2312 3612 2552 3679 Augusto
2585 3610 2710 3663 anni
2738 3608 2843 3665 599
2873 3608 3092 3674 accidit,
3155 3609 3366 3667 habitas

107 3698 294 3753 fuisse
316 3710 528 3754 certum
560 3710 663 3755 est.

178 3792 584 3855 Tilletnontius,
621 3794 709 3863 qui
751 3793 1001 3849 homilias
1030 3793 1197 3849 hasce
1229 3808 1334 3849 non
1366 3795 1595 3857 viderat,
1628 3804 1779 3864 putat
1806 3793 2086 3851 homiliam
2125 3796 2269 3850 illam
2306 3797 2370 3850 de
2402 3805 2559 3849 terra:
2590 3806 2758 3860 motu,
2817 3809 2978 3864 quam
3011 3795 3365 3850 Combeﬁsius

94 3885 507 3956 publicaverat,
560 3897 614 3938 et
675 3901 835 3955 quam
890 3900 957 3940 ex
1024 3884 1286 3942 Vaticano
1317 3887 1503 3941 codice
1550 3888 1890 3941 emendatam
1930 3889 2174 3944 dedimus
2232 3898 2361 3941 tom.
2390 3887 2444 3951 2,
2480 3903 2531 3957 p.
2564 3887 2714 3940 717:
2789 3887 3090 3953 homiliam,
3120 3890 3363 3956 inquam,

90 3979 266 4031 illam
312 3978 551 4031 habitam
591 3977 757 4031 fuisse
785 3986 905 4046 post
941 3987 1097 4032 term
1129 3988 1356 4044 motum,
1394 3979 1487 4047 qui
1525 3994 1668 4032 anno
1702 3980 1831 4043 598,
1866 3992 2149 4050 postquam
2175 3980 2595 4049 Chrysostomus
2627 3978 2918 4047 episc0pus
2938 3979 3221 4031 ordinatus
3248 3979 3363 4031 fne-

88 4083 208 4129 rat.
249 4072 470 4126 accidit.
521 4073 591 4124 At
610 4086 733 4124 cum
775 4070 861 4125 ille
900 4081 1056 4125 terrae
1090 4080 1268 4124 motus
1303 4071 1519 4133 accidit,
1562 4070 1984 4143 Chrysostomns
2017 4075 2204 4127 morbo
2224 4072 2595 4135 detineantur,
2628 4083 2684 4124 ut
2716 4072 2830 4140 ipse
2866 4071 2917 4125 in
2942 4070 3175 4125 homiliae
3217 4074 3370 4139 prin-

83 4165 256 4234 cipio
289 4164 454 4219 dicit:
489 4178 663 4232 neque
708 4166 914 4231 uspiam
955 4164 1181 4229 legimus
1241 4164 1685 4235 (Zhrysostomum
1749 4168 1925 4236 primo
1956 4168 2039 4222 vel
2075 4170 2314 4223 secundo
2348 4166 2693 4234 episcopatus
2726 4166 2809 4224 sul
2867 4180 3031 4231 anno,
3065 4166 3145 4219 vel
3180 4164 3368 4217 itnnbu

78 4257 181 4311 vel
214 4256 542 4310 inﬁrmitate
571 4255 822 4325 quapiam
848 4263 1161 4325 correptum
1188 4254 1386 4322 fuisse;
1424 4273 1595 4326 neque
1624 4258 1675 4311 in
1732 4260 1831 4314 hac
1894 4259 2073 4329 prima
2131 4258 2370 4324 homilia,
2426 4273 2547 4327 qua:
2602 4266 2724 4326 post
2777 4265 2936 4313 terra:
2978 4266 3179 4311 motuin
3221 4256 3367 4310 illum

78 4351 229 4403 anni
260 4348 373 4404 598
403 4348 581 4401 habita
614 4358 721 4410 est,
755 4350 820 4402 de
848 4349 1165 4403 infirmitate
1196 4365 1290 4404 sua
1328 4352 1604 4420 quidpiam
1648 4351 1909 4422 loquitur.
1966 4354 2044 4406 Ad
2076 4354 2192 4408 haec
2220 4353 2446 4422 populus
2469 4353 2560 4422 qui
2589 4354 2713 4408 huic
2770 4354 2958 4422 primze
2990 4353 3235 4407 concioni
3270 4357 3363 4403 ad-

76 4441 200 4494 fuit
240 4440 332 4493 vel
368 4441 559 4493 adesse
586 4439 790 4503 debuit,
818 4440 887 4493 ob
915 4440 1291 4509 negligentiam
1328 4450 1382 4495 et
1418 4443 1681 4511 ignaviam
1719 4446 1983 4497 acerrime
2026 4445 2294 4512 carpitur;
2328 4456 2515 4499 contra
2560 4459 2686 4499 vero
2718 4444 2768 4497 in
2808 4444 2894 4498 illa
2953 4444 3055 4498 alia
3104 4446 3169 4498 de
3214 4453 3371 4497 terra:

74 4542 253 4585 Iuotu
293 4531 516 4586 homilia
546 4530 773 4599 populus
802 4531 870 4585 ob
900 4534 1138 4586 studium
1173 4544 1227 4585 et
1262 4531 1530 4587 fervorem
1570 4537 1796 4590 Summis
1835 4536 2083 4590 laudibus
2126 4534 2453 4598 celebratur,
2488 4550 2648 4604 quem
2680 4534 3075 4588 Antiochenam
3113 4533 3366 4601 populum

68 4640 220 4679 esse
250 4635 413 4692 puto.
439 4624 721 4678 Antiochia
756 4624 923 4686 enim,
955 4634 1013 4677 ut
1040 4624 1273 4678 diximus
1297 4634 1351 4678 et
1378 4626 1730 4693 probavimus
1760 4628 1812 4682 in
1846 4627 2047 4683 Monito
2076 4627 2142 4682 ad
2182 4626 2469 4682 llomiliam
2499 4614 2564 4680 de
2589 4626 2798 4680 Lazaro
2833 4636 2886 4679 et
2915 4625 2983 4679 de
3009 4624 3190 4678 Terr-.e
3228 4634 3368 4676 motu

71 4730 235 4773 tum.
303 4717 347 4782 l,
379 4732 432 4786 p.
468 4716 590 4780 779.,
623 4716 1076 4786 frequentissimis
1108 4726 1265 4771 terras
1298 4718 1535 4774 metilius
1578 4721 1904 4787 agitabatur.
1943 4720 2140 4777 Verum
2172 4722 2321 4777 addit
2354 4720 2755 4785 Tillemontius,
2788 4720 2839 4772 in
2877 4720 3096 4773 homilia
3141 4718 3227 4771 illa
3264 4716 3371 4769 fre-

62 4813 472 4880 quentissime
493 4812 559 4864 de
586 4811 789 4866 litaniis
825 4813 931 4881 agi,
968 4828 1087 4881 qua:
1113 4811 1316 4866 litauiae
1352 4813 1419 4865 ab
1453 4813 1570 4881 ipso
1598 4813 2018 4884 Chrysosmmo,
2044 4815 2205 4881 paulo
2230 4826 2515 4885 postquam
2542 4814 2829 4883 episcopus
2856 4811 3139 4865 ordinatus
3162 4809 3360 4871 fuerat,

64 4907 351 4979 primum
389 4906 645 4960 institutae
681 4905 850 4961 fuere.
928 4906 994 4958 At
1026 4906 1156 4959 nihil
1192 4906 1261 4960 de
1292 4906 1496 4959 litaniis
1535 4906 1647 4962 illic
1676 4907 1874 4977 agitur,
1907 4908 1999 4962 sed
2032 4909 2099 4963 de
2139 4919 2299 4962 cantu
2327 4908 2654 4977 psalmorum
2680 4918 2735 4961 et
2766 4906 3113 4977 hymnorum,
3154 4918 3288 4973 quos
3316 4904 3367 4957 in

67 5013 358 5064 tempore
392 4998 756 5053 calamitatum
801 5000 1068 5054 canebant
1093 4998 1381 5053 Christiani
1419 5000 1485 5053 ad
1516 5000 1803 5053 ecclesiam
1835 4999 2130 5068 venientes,
2166 5002 2255 5055 ditt
2300 5013 2591 5071 antequam
2642 5000 3057 5071 Chrysostomus
3086 4998 3368 5066 episcopus

58 5093 482 5147 ordinaretur.
519 5089 629 5147 [lac
672 5093 737 5146 de
764 5106 823 5145 re
845 5092 954 5160 jam
985 5100 1167 5145 actum
1200 5102 1283 5146 est
1318 5092 1371 5143 in
1402 5092 1523 5146 Vita
1558 5092 1951 5163 Clnysoslomi.

154 5209 238 5263 ll.
292 5208 554 5263 Secunda
583 5207 803 5262 homilia
852 5205 1221 5260 celebritatem
1252 5205 1411 5259 nobis
1447 5205 1773 5276 singularem
1811 5206 2034 5264 indicat.
2110 5206 2246 5264 Cum
2302 5217 2598 5279 martyrum
2655 5204 2893 5275 reliquiae
2954 5203 3180 5257 solemni
3250 5204 3353 5257 ritu

60 5299 548 5355 transferrentur
574 5313 639 5351 ex
671 5297 860 5367 lllagna
893 5296 1129 5351 Ecclesia
1159 5296 1226 5349 ad
1261 5298 1579 5366 martyrium
1617 5312 1712 5352 seu
1749 5297 2037 5354 ecclesiam
2077 5299 2137 5353 S.
2167 5298 2389 5354 Thomas
2412 5297 2637 5369 apostoli
2676 5306 2730 5353 et
2764 5298 3042 5367 martyris,
3075 5296 3125 5349 in
3161 5294 3355 5367 Drypia

57 5397 268 5447 sitam
303 5403 368 5447 et
405 5409 595 5448 novem
634 5393 954 5447 milliaribus
983 5407 1011 5445 a
1046 5391 1237 5463 Magna
1268 5392 1509 5447 Ecclesia
1546 5393 1859 5459 distantem,
1911 5395 2100 5465 ingens
2135 5397 2313 5466 populi
2347 5395 2648 5467 frequentia
2683 5392 2824 5460 fuit;
2886 5394 2992 5446 imo
3034 5390 3360 5459 Imperatrix

54 5491 200 5557 ipsa
250 5486 510 5551 Eudoxia
546 5487 757 5541 Arcadii
798 5504 949 5547 uxor.
989 5495 1146 5542 nocte
1180 5497 1231 5540 et
1258 5486 1346 5541 die
1377 5501 1473 5556 per
1506 5498 1715 5541 tantum
1752 5489 1850 5543 vim
1873 5491 2107 5560 spatium
2137 5507 2302 5563 prope
2331 5491 2431 5547 SS.
2468 5504 2764 5563 martyrum
2819 5491 3031 5544 thecam
3082 5488 3246 5557 pedes
3280 5486 3362 5542 in.

52 5581 292 5635 cessit.
388 5582 727 5646 Quapropter
757 5580 844 5633 ubi
877 5580 941 5632 ad
976 5580 1293 5649 martyrium
1328 5588 1646 5649 perventum
1679 5592 1783 5645 est,
1816 5581 2243 5653 Chrysostomus
2271 5585 2585 5641 concionem
2624 5585 2828 5649 habuit,
2867 5584 2954 5638 ubi
2989 5581 3356 5637 celebritatem

57 5678 259 5728 illam
297 5673 618 5733 descripsit.
651 5680 702 5729 et
736 5674 1135 5731 lnmcratriccnt
1164 5676 1389 5731 summis
1415 5674 1667 5731 laudibus
1701 5678 1910 5731 extulit.
