3892 6402
645 235 744 286 457
2087 251 2180 305 ΜΟ

2236 252 2422 307 ITL'M.
3694 276 3769 331 ιδι

715 345 802 399 lll.
841 346 1156 417 Insequente
1185 351 1270 406 die
1304 350 1600 423 Imperator
1632 360 1697 411 ad
1745 359 1881 414 idem
1917 365 2232 432 martyrium
2290 381 2381 419 seu
2419 366 2700 421 ecclesiam
2765 372 2910 425 venit
2954 348 3106 429 cum.
3134 377 3380 433 satellitio
3430 389 3477 434 et
3512 394 3766 441 armatorum

644 451 826 500 manu,
859 447 1021 508 atque
1047 440 1295 510 deposito
1325 445 1649 514 diademate,
1703 452 1956 521 reliquias
1992 454 2172 508 debito
2202 455 2355 509 cultu
2398 467 2717 526 prosecutus
2773 474 2855 516 est
2891 481 2908 519 :
2945 466 3019 520 illi
3050 484 3262 538 quoque
3289 471 3468 539 positis
3491 476 3630 529 armis
3665 483 3770 544 paria

641 526 1042 594 praestiterunt:
1092 545 1155 584 ac
1183 546 1288 586 non
1322 541 1633 604 exspectata
1667 542 1954 605 concione.
1989 543 2284 613 Imperator
2318 563 2437 601 cum
2465 550 2578 603 suis
2608 555 2852 607 recessit.
2909 526 3170 627 Tuncque
3215 561 3542 616 cuncionalus
3597 526 3772 636 (Ἀιδω-

640 626 846 670 stumus
876 627 978 682 est,
1008 620 1360 693 pluribusque
1390 628 1638 696 probavit
1665 641 1783 700 post
1809 635 1936 688 Adae
1970 647 2248 704 peccatum
2274 639 2516 694 homines
2555 641 2620 695 ad
2658 620 3101 703 excellentiorem
3136 659 3335 704 statum
3365 620 3716 722 ventumesse,
3740 664 3770 714 si

640 715 787 760 recte
819 708 984 763 vitam
1012 713 1816 781 instituant;resurrectionem
1867 734 2044 781 tamen
2095 727 2329 783 futuram
2378 731 2608 788 obscure
2651 735 2848 803 priscis
2898 738 3004 793 illis
3066 744 3396 808 temporibus
3449 751 3774 814 prauuuliatam

637 795 805 853 fuisse
837 801 985 858 dicit.

709 912 1031 1021 IV..QuaIrta
1062 921 1281 978 humilia
1323 924 1374 980 in
1407 928 1606 996 templo
1632 929 1690 984 S.
1729 933 2032 988 Anastasiae
2064 936 2244 990 habita
2285 937 2418 993 fuit:
2456 941 2608 1009 pauci
2665 942 2814 998 fuere
2848 935 3155 1011 auditores;
3191 958 3474 1017 tamenque
3521 949 3776 1021 Chrysosto-

636 1015 756 1056 mus
787 1004 853 1059 de
881 1005 998 1062 Jubi
1032 1013 1292 1079 patientia
1320 1025 1374 1070 et
1403 1017 1601 1075 virtute
1630 1020 1840 1093 longam
1872 1035 1924 1079 et
1955 1028 2252 1096 elegantem
2287 1004 2473 1087 habuit
2495 1037 2800 1090 orationem
2832 1037 2934 1106 (α).

705 1111 770 1166 ν.
824 1115 1054 1175 llomilia
1098 1123 1283 1189 quinta
1325 1127 1378 1180 in
1423 1129 1618 1198 templo
1648 1129 1707 1184 S.
1745 1132 1928 1188 [renes
1964 1134 2144 1189 habita
2185 1146 2288 1192 est.
2353 1137 2408 1194 In
2448 1155 2511 1194 ea
2559 1142 2980 1211 Chrysoslumns
3012 1146 3079 1200 de
3115 1145 3433 1202 absentibus
3485 1157 3775 1220 conqueritr,

635 1217 688 1261 et
714 1213 1068 1276 pnesentibus
1106 1218 1442 1285 gratulatur;
1470 1221 1535 1274 de
1566 1221 1898 1290 psalmorum
1929 1237 2092 1280 cantu
2130 1230 2263 1300 agit,
2318 1232 2618 1302 probatque
2653 1236 2972 1291 muliebrem
3007 1251 3195 1292 sexum
3255 1213 3661 1309 impedimentum
3705 1263 3774 1300 non

635 1312 758 1352 esse
784 1300 850 1354 ad
880 1303 1093 1360 virtutis
1125 1308 1463 1363 exercitium.

712 1416 793 1474 Vl.
828 1419 1057 1476 Humilia
1086 1434 1235 1480 sexta
1267 1426 1448 1482 habita
1479 1440 1561 1484 est
1589 1431 1641 1484 in
1676 1433 1905 1489 ecclesia
1939 1436 2258 1492 Sanctorum
2295 1440 2674 1510 Apostolorum
2708 1445 2760 1500 in
2797 1446 2885 1500 die
2913 1445 3201 1503 Theodosii
3247 1444 3598 1516 Imperatoris,
3648 1461 3777 1505 contra

633 1522 730 1563 eos
757 1513 846 1579 qni
879 1527 937 1566 se
969 1513 1233 1571 Catharos
1258 1519 1372 1575 sive
1401 1517 1574 1578 Purus
1606 1525 1890 1581 vocabant.
1931 1527 2371 1601 Chrysostomus,
2401 1545 2684 1607 postquam
2720 1538 2826 1593 duo
2873 1537 2964 1593 alii
3001 1539 3238 1610 episcopi
3271 1513 3568 1595 concionati
3615 1540 3778 1605 fuerant,

635 1599 774 1654 hanc
804 1603 940 1655 dixit
972 1605 1268 1661 homiliam.

703 1690 887 1749 Primo
914 1695 1104 1752 ambus
1143 1698 1427 1770 episcopos
1463 1702 1665 1770 laudat,
1707 1722 1936 1776 quorum
1971 1710 2106 1766 alter
2145 1713 2350 1782 juniur,
2415 1717 2610 1787 inquit,
2665 1720 2815 1775 senis
2847 1722 3195 1790 gravitatem,
3250 1722 3388 1776 alter
3419 1739 3590 1789 senex,
3615 1725 3781 1794 juniorit

631 1782 867 1852 vigorem
899 1802 1010 1857 pra:
1036 1802 1095 1843 se
1133 1789 1360 1847 ferebat.
1394 1792 1600 1851 Deinde
1629 1797 1992 1857 Theodosium
2028 1802 2276 1872 Magnum
2312 1782 2558 1863 laudibus
2591 1782 2768 1875 effert,
2801 1782 2956 1881 cujus
2989 1814 3103 1868 dies
3145 1782 3272 1868 tunc
3307 1782 3678 1882 celebrabatur;
3707 1821 3782 1870 dies

630 1892 824 1948 nempe
853 1887 909 1933 ut
937 1881 1229 1938 verisimile
1253 1895 1336 1940 est
1365 1890 1557 1943 mortis
1585 1889 1721 1956 ejus,
1756 1894 1846 1961 qui
1879 1891 2127 1949 Januarii
2164 1897 2374 1952 decimo
2405 1901 2636 1969 septimo
2682 1902 2768 1957 die
2801 1904 3049 1973 contigit.
3109 1904 3261 1962 Unde
3289 1908 3532 1976 arguitur
3587 1911 3696 1963 hanc
3718 1910 3781 1962 bo-

631 1971 832 2024 m'.'iarn
864 1988 1050 2029 mense
1088 1972 1349 2032 Januario
1387 1980 1514 2034 anni
1548 1981 1652 2037 599
1682 1984 1880 2039 dictam
1915 1986 2100 2044 fuisse.
2157 1989 2492 2048 Theudosius
2526 2005 2703 2047 autem
2742 2011 2885 2050 anno
2937 1996 3044 2051 ’595
3075 1999 3309 2053 obierat.
3366 1999 3515 2053 Hunc
3563 2003 3782 2068 imperato

631 2077 744 2116 rem
774 2063 1011 2119 celebrat
1045 2065 1133 2121 ille
1161 2083 1190 2122 a
1223 2069 1422 2136 pietate
1450 2081 1559 2125 eta
1598 2074 1858 2141 victoriis,
1898 2091 2033 2146 quas
2061 2080 2363 2148 opitulante
2402 2083 2510 2137 Deo
2553 2083 2738 2138 retulit
2791 2086 2856 2140 de
2901 2088 3146 2157 tyrannis
3191 2086 3430 2142 Maximo
3482 2099 3530 2143 et
3584 2063 3776 2160 Eugenio.

625 2158 674 2225 ρ
695 2173 771 2210 ias
801 2160 887 2210 ille
915 2159 1193 2226 victorias,
1226 2163 1393 2219 tacito
1428 2174 1780 2236 tyrannorum
1810 2172 2053 2237 nomine,
2086 2173 2158 2227 ita
2196 2174 2385 2239 rel'ert,
2421 2185 2479 2230 ut
2511 2177 2577 2231 ab
2605 2177 2727 2233 aliis
2753 2179 2995 2234 historiae
3036 2181 3398 2250 scriptoribus
3422 2193 3696 2238 narrantur.

700 2250 928 2304 Humilia
965 2265 1092 2307 vero
1118 2253 1266 2310 istaec
1305 2255 1359 2310 in
1391 2258 1570 2313 medio
1599 2275 1792 2331 magna
1824 2263 1907 2317 sui
1943 2272 2095 2334 parte
2141 2268 2326 2322 mutila
2352 2277 2456 2333 est,
2487 2269 2556 2322 ita
2598 2279 2653 2323 ut
2702 2271 3104 2340 quamplurima
3137 2287 3326 2328 eorum
3374 2288 3490 2342 qua:
3536 2286 3690 2327 contra
3718 2274 3782 2329 C2-

628 2343 814 2398 tbaros
840 2359 931 2398 seu
963 2343 1295 2402 Novatianos
1313 2349 1652 2417 dicebantur,
1697 2354 2071 2411 interciderint
2096 2373 2160 2412 ac
2193 2360 2475 2428 perierint.
2534 2359 2819 2416 Novatiani
2854 2374 3031 2417 autem
3074 2375 3198 2418 tunc
3233 2364 3673 2433 Constantinopoli
3708 2384 3781 2420 m2-

625 2451 732 2503 gno
759 2451 983 2492 nurnero
1009 2449 1183 2504 erant,
1220 2441 1526 2510 episcopum
1557 2458 1667 2498 suae
1701 2455 1862 2500 sectze
1896 2448 2220 2517 peculiarem
2257 2450 2558 2514 habebant,
2595 2465 2658 2505 ac
2685 2466 2806 2506 sese
2833 2452 3126 2523 καθαρούς,
3151 2467 3244 2508 seu
3276 2470 3462 2522 puros,
3504 2457 3783 2524 appellabant,

626 2545 729 2599 qna
769 2532 836 2586 de
858 2545 1018 2585 causa
1056 2532 1176 2586 illos
1203 2534 1468 2589 acerrime
1502 2536 1819 2606 perstringit
1849 2538 2287 2612 Chrysostomus,
2326 2552 2383 2595 nt
2403 2543 2454 2596 in
2479 2543 2712 2597 humilia:
2739 2543 2846 2599 iine
2873 2545 3076 2600 videas.

696 2619 823 2676 Post
853 2621 1000 2676 illam
1032 2631 1220 2678 contra
1261 2625 1528 2680 Catharos
1571 2626 1870 2694 homiliam,
1916 2629 1969 2682 in
2000 2629 2197 2685 Codice
2223 2629 2485 2685 Vaticano
2511 2632 2757 2701 sequitur
2786 2633 3006 2688 humilia
3036 2633 3188 2704 cujus
3213 2635 3424 2701 titulus,
3463 2637 3686 2692 Adversus
3718 2657 3776 2694 ιω

622 2715 711 2780 qui
739 2714 809 2767 ad
831 2715 1163 2784 hippodromi
1192 2727 1239 2771 et
1268 2717 1594 2772 theatrorum
1627 2721 1929 2789 spectacula
1955 2739 2010 2777 se
2033 2724 2330 2792 conferunt.
2365 2724 2527 2794 Cujus
2556 2724 2769 2779 initium
2799 2735 2902 2790 est,
2932 2724 3174 2779 Hmccine
3193 2728 3450 2797 ferenda?
3477 2731 3674 2783 Ita’ccine
3699 2733 3783 2784 tole-

621 2809 791 2861 randa
816 2809 841 2862 ε)
869 2809 1009 2862 vobis
1031 2809 1167 2862 enim
1202 2811 1328 2877 ipsis
1381 2811 1646 2877 iudicibus
1671 2824 1856 2868 contra
1889 2832 1976 2871 vos
2005 2817 2080 2870 uti
2108 2817 2246 2872 volo.
2306 2817 2478 2886 Quam
2517 2819 2785 2876 edidimus
2831 2829 2965 2876 tom.
3003 2820 3090 2889 Vl,
3137 2835 3195 2890 p.
3237 2821 3372 2889 272,
3425 2838 3489 2879 ex
3531 2826 3786 2883 Coisliniuw

621 2901 824 2956 Codice
859 2900 1234 2970 desumptam:
1269 2901 1494 2972 ideoque
1530 2904 1672 2958 illam
1710 2906 1799 2962 hic
1843 2908 2339 2977 praetermittimus.

698 2991 894 3046 Verum
927 2992 1054 3062 quia
1091 2992 1143 3047 in
1172 2993 1404 3048 homiliae
1439 3009 1594 3050 nona:
1626 2999 1910 3066 sequentis
1944 3000 2126 3065 titulo,
2165 3010 2220 3055 et
2251 3001 2304 3056 in
2336 3001 2448 3071 ipsa
2482 3001 2701 3058 humilia
2735 3017 2899 3068 nona,
2929 3003 3100 3058 multa
3135 3005 3410 3062 habentur
3439 3025 3554 3078 quae
3580 3011 3637 3064 ad
3671 3011 3781 3066 istm

617 3086 894 3142 homiliam
930 3087 1262 3152 referuntur,
1295 3087 1383 3143 hic
1417 3091 1725 3146 necessario
1769 3093 2015 3163 quasdam
2057 3095 2123 3150 de
2162 3093 2320 3165 hujus
2362 3095 2597 3151 humilia:
2633 3096 2920 3152 occasione
2954 3097 3128 3166 deque
3172 3098 3295 3155 aliis
3338 3102 3664 3171 quisbusdam
3692 3106 3786 3158 relc-

617 3179 806 3234 renda.

690 3272 846 3325 Anno
879 3272 1008 3338 599,
1046 3282 1328 3346 postquam
1364 3291 1528 3331 unum
1555 3276 1666 3345 jam
1701 3293 1902 3333 annum
1934 3280 1986 3334 in
2012 3281 2325 3353 episcopatu
2354 3296 2607 3339 emensus
2638 3293 2759 3339 erat
2807 3283 3255 3356 Chrysostumns,
3307 3288 3586 3344 ordinatus
3637 3302 3775 3355 nempe

611 3376 756 3417 anno
788 3362 914 3430 598,
949 3365 1019 3422 26
1051 3365 1366 3428 Februarii;
1397 3366 1532 3423 feria
1585 3382 1776 3437 quarta
1828 3371 2181 3428 hebdomadae
2227 3382 2598 3444 sanctm,qtta:
2653 3375 2788 3431 l'eria
2848 3392 2992 3432 anno
3045 3377 3155 3433 399
3218 3379 3493 3435 incidebat
3538 3380 3585 3434 in
3632 3390 3782 3433 sextam

611 3456 835 3526 Aprilis,
867 3467 975 3512 tam
1008 3460 1196 3530 ingens
1219 3461 1396 3530 pluvia
1427 3461 1649 3529 decidit,
1673 3474 1732 3517 ut
1765 3474 1939 3518 metus
1975 3474 2120 3520 esset
2160 3480 2226 3521 ne
2268 3465 2383 3536 agri
2418 3467 2848 3534 devastarentur,
2886 3484 3199 3539 messesque
3242 3486 3436 3527 omnes
3487 3472 3536 3526 in
3559 3471 3784 3541 perniciem

614 3560 855 3606 ruerent.
917 3550 1052 3606 llinc
1081 3568 1293 3620 preces,
1321 3555 1743 3622 supplicationes
1765 3565 1818 3610 et
1846 3555 2136 3622 λιτανεῖαι,
2167 3572 2262 3613 seu
2314 3558 2713 3628 processiones,
2765 3560 3019 3628 episcopo
3042 3561 3180 3617 duce
3227 3572 3280 3617 et
3335 3571 3450 3618 toto
3494 3576 3783 3618 concurrente

611 3649 806 3718 populo
832 3647 897 3702 ad
928 3648 1214 3703 ecclesiam
1251 3651 1651 3720 Apostolorum.
1709 3651 1836 3707 Post
1877 3655 2015 3720 haec,
2051 3654 2224 3708 imbre
2253 3664 2520 3720 cessante,
2563 3658 2792 3710 necdum
2827 3658 3040 3712 sublata
3077 3658 3390 3724 formidine,
3438 3660 3641 3728 trajectu
3682 3660 3782 3712 nari-

609 3741 712 3795 bus
752 3741 1016 3810 Bosporo,
1043 3742 1110 3795 ad
1139 3743 1423 3799 ecclesiam
1454 3743 1552 3799 SS.
1587 3745 1733 3800 Petri
1756 3755 1811 3801 et
1830 3746 2007 3810 Pauli,
2034 3748 2086 3802 in
2117 3748 2363 3817 opposita
2405 3749 2573 3804 maris
2601 3765 2697 3804 ora
2724 3751 2908 3817 sitam,
2932 3767 3056 3806 cum
3092 3753 3353 3822 episcopo
3401 3764 3538 3808 totus
3563 3759 3704 3807 catus
3725 3766 3784 3802 ac

607 3838 803 3893 currit.
855 3839 968 3893 Hoc
1025 3838 1290 3908 perfuncti
1323 3841 1562 3910 periculo
1598 3843 2176 3914 Constantinopolitani
2231 3843 2494 3914 plerique,
2531 3861 2635 3899 una
2689 3855 2893 3899 tantum
2947 3847 3259 3916 interposita
3316 3848 3427 3913 die,
3480 3862 3648 3915 nempe
3694 3843 3781 3897 lem

605 3931 793 4000 quinta
831 3930 884 3985 in
911 3931 1076 3986 Cmna
1104 3931 1334 3997 Domini,
1367 3948 1490 3987 cum
1525 3933 1576 3988 in
1602 3932 1905 3989 Parasceve
1932 3934 2040 3989 ludi
2074 3943 2365 4005 equestres
2394 3936 2754 4007 agitarentur,
2783 3937 2916 3991 nihil
2963 3949 3217 3993 curantes
3252 3939 3397 3994 diem
3457 3939 3588 3994 illam
3631 3950 3780 3991 sacrm

606 4023 673 4076 ad
702 4023 806 4076 huc
834 4023 1202 4092 speetaculum
1235 4035 1614 4089 accurrerunt,
1643 4027 1858 4080 interim
1897 4029 2289 4098 ingemiscente
2328 4029 2580 4099 domique
2603 4032 2826 4084 sedente
2849 4030 3276 4101 Chrysustomu;
3319 4032 3432 4087 imo
3465 4033 3547 4088 die
3569 4041 3778 4099 sequente.

606 4128 802 4183 nempe
830 4114 1067 4172 Sabbato
1100 4124 1310 4181 sancto,
1343 4119 1410 4170 ad
1440 4118 1732 4173 theatrales
1759 4118 1911 4173 ludos
1941 4135 2001 4175 se
2030 4120 2397 4186 contulerunt,
2431 4121 2522 4176 ubi
2552 4121 2858 4176 meretricia
2891 4132 3049 4176 erant
3086 4125 3423 4192 spectacula,
3459 4138 3571 4193 quae
3598 4120 3776 4190 singula-

607 4210 702 4262 tim
733 4221 788 4264 et
816 4211 1032 4279 egregie
1071 4211 1312 4281 depingit
1335 4211 1760 4284 Chrysustomns
1782 4216 1833 4269 in
1862 4219 1964 4270 Ista
1994 4217 2276 4280 concione,
2311 4217 2400 4272 ubi
2424 4217 2474 4270 in
2499 4216 2944 4286 pratvaricatores
2970 4215 3274 4284 hujustnudi
3310 4216 3616 4286 gravissime
3635 4211 3779 4266 invehi-

607 4311 718 4365 tnr,
751 4305 1080 4374 demutnque
1113 4306 1165 4360 in
1196 4306 1317 4360 illus
1346 4309 1907 4364 excommunicationi:
1940 4311 2266 4365 sententiam
2303 4311 2644 4381 pronuntiat,
2675 4310 2771 4365 scd
2815 4310 3202 4365 comminando
3235 4320 3470 4374 tantum,
3507 4321 3561 4362 ut
3599 4314 3715 4375 puto.
3743 4311 3776 4351 ει

605 4403 664 4446 ιιι
688 4393 886 4448 ibidem
918 4396 1163 4465 pluribus
1198 4399 1333 4455 dixi.

674 4506 830 4563 Circa
862 4511 1002 4565 diem
1030 4527 1134 4580 qua
1164 4513 1277 4568 tunc
1304 4515 1494 4570 concio
1522 4517 1662 4571 dicta
1697 4515 1818 4582 fuit,
1851 4517 2053 4587 aliquid
2091 4518 2426 4575 difﬁcultatis
2461 4519 2592 4573 mihi
2617 4518 2799 4574 οσατί
2828 4519 3128 4575 videbatur.
3193 4518 3337 4573 Dixit
3392 4517 3478 4572 ille
3511 4518 3556 4570 in
3588 4511 3776 4568 concio"e

601 4613 724 4656 ante
754 4612 856 4655 tres
886 4603 998 4656 dies
1033 4604 1200 4658 imber
1224 4606 1426 4676 ingens.
1491 4607 1668 4665 Imber
1697 4622 1878 4666 autem
1910 4592 1999 4666 ille
2025 4610 2162 4665 feria
2191 4619 2381 4680 quarta
2417 4611 2639 4693 majoris
2664 4612 3014 4667 hebdomade:
3046 4612 3274 4677 decidit;
3315 4609 3448 4666 feria
3479 4609 3645 4678 quinta
3676 4598 3764 4655 niliJ

601 4707 936 4751 memoratur
965 4700 1254 4768 incidisse;
1288 4701 1423 4755 ferio
1451 4713 1605 4756 sexta
1642 4701 1695 4755 in
1728 4703 2024 4757 Parasceve
2051 4702 2116 4757 ad
2142 4702 2296 4756 ludos
2328 4702 2601 4758 circenses
2643 4703 2776 4757 itum
2809 4712 2914 4769 est,
2948 4703 3187 4759 Sabbato
3216 4705 3283 4756 ad
3315 4700 3590 4756 theatrali:
3618 4701 3772 4764 specu-

600 4788 720 4842 cnla
742 4806 760 4856 ;
785 4790 855 4842 ita
891 4801 948 4844 ut
987 4791 1207 4847 humilia
1244 4792 1394 4847 istaec
1430 4792 1570 4845 dicta
1605 4791 1776 4846 fuisse
1803 4793 2026 4848 omnino
2057 4794 2306 4848 videatur
2339 4792 2617 4848 Dominica
2668 4792 3106 4848 llesurrectionis
3147 4792 3392 4847 Domini.
3427 4791 3604 4847 Verum
3627 4784 3772 4854 aliquid

602 4889 730 4933 tunc
759 4882 907 4934 dubii
941 4897 1025 4935 me
1070 4883 1396 4948 incessebat,
1449 4899 1566 4944 cur,
1598 4882 1643 4936 si
1671 4883 1787 4938 dies
1813 4881 2096 4938 Paschalis
2127 4892 2289 4950 esset,
2323 4901 2390 4938 ne
2425 4886 2644 4938 verbum
2704 4885 2919 4954 quidem
2969 4887 3034 4939 de
3090 4884 3354 4940 Paschate
3408 4884 3578 4938 faciat.
3630 4878 3770 4975 Verum

598 4972 714 5040 jam
745 4972 888 5026 nulla
928 4973 1223 5031 difﬁcultas
1255 4985 1526 5045 superest,
1567 4990 1689 5028 cum
1727 4974 1781 5029 in
1812 4975 1970 5030 titulo
1990 4977 2224 5030 homiliae
2253 4993 2410 5032 nona:
2457 4977 2757 5046 sequentis,
2790 4987 2843 5031 et
2873 4978 2926 5031 in
2987 4977 3208 5031 humilia
3271 4977 3385 5047 ipsa
3435 4977 3627 5030 dicatur
3673 4969 3768 5022 diem

605 5066 754 5120 illum
786 5065 839 5118 in
871 5081 980 5136 qno
1020 5076 1132 5120 tam
1167 5067 1408 5137 graviter
1432 5067 1552 5124 illos
1577 5069 1906 5123 circensium
1934 5077 1989 5121 et
2020 5067 2364 5120 theatralium
2396 5066 2645 5122 ludorum
2673 5077 3011 5134 spectatores
3054 5067 3356 5121 insectatus
3379 5078 3479 5131 est,
3509 5061 3766 5118 Dominium

603 5154 798 5221 fuisse,
829 5170 993 5226 atque
1022 5158 1158 5213 adeo
1180 5159 1323 5213 diem
1352 5159 1789 5216 Resurrectionis
1810 5159 2020 5214 Domini
2045 5177 2060 5215 :
2088 5174 2252 5228 quam
2281 5159 2402 5214 ideo
2422 5175 2526 5213 non
2551 5158 2995 5213 commemoravit
3018 5157 3462 5229 Chrysostomus,
3484 5155 3610 5227 quod
3634 5160 3765 5207 εοιιιη

607 5262 947 5324 spectatores
976 5255 1093 5309 illos
1119 5257 1355 5325 graviter
1383 5274 1680 5313 succensus
1705 5268 1875 5322 esset,
1899 5257 2155 5327 illamque
2183 5271 2294 5311 rem
2327 5257 2484 5311 unice
2508 5257 2773 5326 cogitaret
2804 5255 2902 5324 (ὁ).

668 5459 740 5522 (a)
774 5459 971 5520 Menti,
1003 5473 1078 5508 ne
1095 5461 1171 5509 cio
1201 5461 1382 5522 quibus
1406 5462 1650 5512 rationum
1675 5462 1945 5513 momentis
1963 5464 2160 5518 ductus.
2185 5463 2311 5516 hanc
2338 5458 2589 5511 humilium
2620 5467 2733 5523 post
2753 5459 3102 5522 Septembrem
3138 5472 3358 5508 mensem
3383 5455 3492 5506 anni
3513 5455 3594 5503 598
3614 5449 3763 5500 habit-ﬁl

601 5526 757 5576 fuisse
783 5525 1078 5584 suSpiratur.
2065 5556 2070 5562 .

603 5675 623 5724 1
667 5611 742 5722 (ὑ)1
762 5609 1058 5671 Matthaeius,
1085 5613 1167 5673 qui
1199 5612 1359 5660 locum
1386 5610 1601 5664 humilius
1624 5616 1775 5664 aliter
1808 5585 2061 5678 intelligit,
2093 5614 2352 5666 contendit
2384 5612 2632 5664 homiliam
2656 5618 2824 5662 contra
2859 5608 3050 5658 theatra
3079 5607 3294 5657 habitam
3322 5607 3462 5657 fuisse
3491 5602 3667 5652 Sabbatv
3686 5601 3761 5641 ante

629 5679 721 5723 Ἄιδι·
747 5689 806 5722 ia.

629 5679 806 5723 ‘ust'ha.
