  <div class='ocr_page' id='page_1' title='image "/cluster/home/n/w/nwhite01/storage/ocr_20150623/63/hvd.32044013655725/356.png"; bbox 0 0 3892 6402; ppageno 0'>
   <div class='ocr_carea' id='block_1_1' title="bbox 132 181 3371 241">
    <p class='ocr_par' dir='ltr' id='par_1_1' title="bbox 132 181 3371 241">
     <span class='ocr_line' id='line_1_1' title="bbox 132 181 3371 241; baseline -0.006 7"><span class='ocrx_word' id='word_1_1' title='bbox 132 184 241 235; x_wconf 69' lang='lat'><strong>459</strong></span> <span class='ocrx_word' id='word_1_2' title='bbox 1588 188 1791 241; x_wconf 68' lang='lat' dir='ltr'><strong>non”</strong></span> <span class='ocrx_word' id='word_1_3' title='bbox 1810 187 1925 241; x_wconf 73' lang='lat' dir='ltr'><strong>nat.</strong></span> <span class='ocrx_word' id='word_1_4' title='bbox 3265 181 3371 229; x_wconf 73' lang='lat' dir='ltr'><strong>tuo</strong></span> 
     </span>
    </p>
   </div>
   <div class='ocr_carea' id='block_1_2' title="bbox 206 289 3369 368">
    <p class='ocr_par' dir='ltr' id='par_1_2' title="bbox 206 289 3369 368">
     <span class='ocr_line' id='line_1_2' title="bbox 206 289 3369 368; baseline -0.003 -19"><span class='ocrx_word' id='word_1_5' title='bbox 206 294 315 351; x_wconf 83' lang='lat' dir='ltr'><strong>Vll.</strong></span> <span class='ocrx_word' id='word_1_6' title='bbox 358 295 583 351; x_wconf 86' lang='lat' dir='ltr'><strong>llomilia</strong></span> <span class='ocrx_word' id='word_1_7' title='bbox 615 299 839 368; x_wconf 88' lang='lat' dir='ltr'><strong>septima</strong></span> <span class='ocrx_word' id='word_1_8' title='bbox 868 300 920 356; x_wconf 88' lang='lat' dir='ltr'><strong>in</strong></span> <span class='ocrx_word' id='word_1_9' title='bbox 952 301 1179 356; x_wconf 84' lang='lat' dir='ltr'><strong>ecclesia</strong></span> <span class='ocrx_word' id='word_1_10' title='bbox 1213 302 1428 355; x_wconf 76' lang='lat' dir='ltr'><strong>Sancta:</strong></span> <span class='ocrx_word' id='word_1_11' title='bbox 1462 300 1758 356; x_wconf 63' lang='lat' dir='ltr'><strong>Anastasim</strong></span> <span class='ocrx_word' id='word_1_12' title='bbox 1786 299 1967 353; x_wconf 85' lang='lat' dir='ltr'><strong>habita</strong></span> <span class='ocrx_word' id='word_1_13' title='bbox 1999 290 2134 363; x_wconf 76' lang='lat' dir='ltr'><strong>fuit,</strong></span> <span class='ocrx_word' id='word_1_14' title='bbox 2167 298 2255 353; x_wconf 87' lang='lat' dir='ltr'><strong>ubi</strong></span> <span class='ocrx_word' id='word_1_15' title='bbox 2287 298 2530 354; x_wconf 90' lang='lat' dir='ltr'><strong>modicus</strong></span> <span class='ocrx_word' id='word_1_16' title='bbox 2551 303 2690 361; x_wconf 85' lang='lat' dir='ltr'><strong>eral,</strong></span> <span class='ocrx_word' id='word_1_17' title='bbox 2724 294 2898 361; x_wconf 85' lang='lat' dir='ltr'><strong>inquit</strong></span> <span class='ocrx_word' id='word_1_18' title='bbox 2924 292 3031 357; x_wconf 90' lang='lat' dir='ltr'><strong>ille,</strong></span> <span class='ocrx_word' id='word_1_19' title='bbox 3063 289 3369 344; x_wconf 84' lang='lat' dir='ltr'><strong>auditorum</strong></span> 
     </span>
    </p>
   </div>
   <div class='ocr_carea' id='block_1_3' title="bbox 138 385 3366 459">
    <p class='ocr_par' dir='ltr' id='par_1_3' title="bbox 138 385 3366 459">
     <span class='ocr_line' id='line_1_3' title="bbox 138 385 3366 459; baseline -0.002 -21"><span class='ocrx_word' id='word_1_20' title='bbox 138 402 420 452; x_wconf 77' lang='lat' dir='ltr'><strong>nitnterus,</strong></span> <span class='ocrx_word' id='word_1_21' title='bbox 456 403 632 458; x_wconf 86' lang='lat' dir='ltr'><strong>neque</strong></span> <span class='ocrx_word' id='word_1_22' title='bbox 664 399 843 445; x_wconf 82' lang='lat' dir='ltr'><strong>tamen</strong></span> <span class='ocrx_word' id='word_1_23' title='bbox 885 391 1004 445; x_wconf 85' lang='lat' dir='ltr'><strong>ideo</strong></span> <span class='ocrx_word' id='word_1_24' title='bbox 1031 392 1402 457; x_wconf 86' lang='lat' dir='ltr'><strong>conqueritur,</strong></span> <span class='ocrx_word' id='word_1_25' title='bbox 1459 390 1553 445; x_wconf 82' lang='lat' dir='ltr'><strong>sed</strong></span> <span class='ocrx_word' id='word_1_26' title='bbox 1578 389 1885 459; x_wconf 86' lang='lat' dir='ltr'><strong>exemplum</strong></span> <span class='ocrx_word' id='word_1_27' title='bbox 1914 386 2272 442; x_wconf 80' lang='lat' dir='ltr'><strong>Samaritana:</strong></span> <span class='ocrx_word' id='word_1_28' title='bbox 2299 386 2493 442; x_wconf 73' lang='lat' dir='ltr'><strong>aﬂ‘ert:</strong></span> <span class='ocrx_word' id='word_1_29' title='bbox 2545 402 2705 456; x_wconf 87' lang='lat' dir='ltr'><strong>quam</strong></span> <span class='ocrx_word' id='word_1_30' title='bbox 2759 385 2882 440; x_wconf 88' lang='lat' dir='ltr'><strong>licet</strong></span> <span class='ocrx_word' id='word_1_31' title='bbox 2921 397 3085 437; x_wconf 83' lang='lat' dir='ltr'><strong>unam</strong></span> <span class='ocrx_word' id='word_1_32' title='bbox 3132 387 3366 446; x_wconf 84' lang='lat' dir='ltr'><strong>tantum,</strong></span> 
     </span>
    </p>
   </div>
   <div class='ocr_carea' id='block_1_4' title="bbox 131 462 3368 551">
    <p class='ocr_par' dir='ltr' id='par_1_4' title="bbox 131 462 3368 551">
     <span class='ocr_line' id='line_1_4' title="bbox 131 462 3368 551; baseline -0.001 -22"><span class='ocrx_word' id='word_1_33' title='bbox 131 480 257 548; x_wconf 96' lang='lat' dir='ltr'><strong>quia</strong></span> <span class='ocrx_word' id='word_1_34' title='bbox 297 488 476 533; x_wconf 86' lang='lat' dir='ltr'><strong>tamen</strong></span> <span class='ocrx_word' id='word_1_35' title='bbox 509 480 757 535; x_wconf 89' lang='lat' dir='ltr'><strong>audiendi</strong></span> <span class='ocrx_word' id='word_1_36' title='bbox 794 483 972 536; x_wconf 87' lang='lat' dir='ltr'><strong>studio</strong></span> <span class='ocrx_word' id='word_1_37' title='bbox 997 482 1262 548; x_wconf 74' lang='lat' dir='ltr'><strong>fervebat,</strong></span> <span class='ocrx_word' id='word_1_38' title='bbox 1307 482 1465 550; x_wconf 91' lang='lat' dir='ltr'><strong>longo</strong></span> <span class='ocrx_word' id='word_1_39' title='bbox 1499 491 1737 551; x_wconf 89' lang='lat' dir='ltr'><strong>tempore</strong></span> <span class='ocrx_word' id='word_1_40' title='bbox 1763 479 2071 547; x_wconf 87' lang='lat' dir='ltr'><strong>alloquutns</strong></span> <span class='ocrx_word' id='word_1_41' title='bbox 2099 489 2179 534; x_wconf 86' lang='lat' dir='ltr'><strong>est</strong></span> <span class='ocrx_word' id='word_1_42' title='bbox 2203 479 2472 535; x_wconf 91' lang='lat' dir='ltr'><strong>Christus.</strong></span> <span class='ocrx_word' id='word_1_43' title='bbox 2521 479 2720 534; x_wconf 80' lang='lat' dir='ltr'><strong>Deinde</strong></span> <span class='ocrx_word' id='word_1_44' title='bbox 2747 492 2872 532; x_wconf 89' lang='lat' dir='ltr'><strong>vero</strong></span> <span class='ocrx_word' id='word_1_45' title='bbox 2912 462 3150 546; x_wconf 78' lang='lat' dir='ltr'><strong>pluribus</strong></span> <span class='ocrx_word' id='word_1_46' title='bbox 3191 469 3368 542; x_wconf 78' lang='lat' dir='ltr'><strong>expli-</strong></span> 
     </span>
    </p>
   </div>
   <div class='ocr_carea' id='block_1_5' title="bbox 132 568 2946 640">
    <p class='ocr_par' dir='ltr' id='par_1_5' title="bbox 132 568 2946 640">
     <span class='ocr_line' id='line_1_5' title="bbox 132 568 2946 640; baseline 0 -18"><span class='ocrx_word' id='word_1_47' title='bbox 132 578 220 623; x_wconf 88' lang='lat' dir='ltr'><strong>cat</strong></span> <span class='ocrx_word' id='word_1_48' title='bbox 244 568 375 639; x_wconf 91' lang='lat' dir='ltr'><strong>quid</strong></span> <span class='ocrx_word' id='word_1_49' title='bbox 403 571 505 625; x_wconf 82' lang='lat' dir='ltr'><strong>sibi</strong></span> <span class='ocrx_word' id='word_1_50' title='bbox 546 570 672 625; x_wconf 86' lang='lat' dir='ltr'><strong>velit</strong></span> <span class='ocrx_word' id='word_1_51' title='bbox 701 571 918 637; x_wconf 82' lang='lat' dir='ltr'><strong>Paulus,</strong></span> <span class='ocrx_word' id='word_1_52' title='bbox 953 588 1076 627; x_wconf 89' lang='lat' dir='ltr'><strong>cum</strong></span> <span class='ocrx_word' id='word_1_53' title='bbox 1109 575 1205 636; x_wconf 86' lang='lat' dir='ltr'><strong>ait,</strong></span> <span class='ocrx_word' id='word_1_54' title='bbox 1249 573 1325 627; x_wconf 80' lang='lat' dir='ltr'><strong>De</strong></span> <span class='ocrx_word' id='word_1_55' title='bbox 1357 573 1758 640; x_wconf 76' lang='lat' dir='ltr'><strong>conﬁrmatione</strong></span> <span class='ocrx_word' id='word_1_56' title='bbox 1782 569 2076 639; x_wconf 74' lang='lat' dir='ltr'><strong>Evangelii,</strong></span> <span class='ocrx_word' id='word_1_57' title='bbox 2108 579 2163 623; x_wconf 91' lang='lat' dir='ltr'><strong>et</strong></span> <span class='ocrx_word' id='word_1_58' title='bbox 2192 571 2243 624; x_wconf 92' lang='lat' dir='ltr'><strong>in</strong></span> <span class='ocrx_word' id='word_1_59' title='bbox 2276 570 2360 626; x_wconf 88' lang='lat' dir='ltr'><strong>his</strong></span> <span class='ocrx_word' id='word_1_60' title='bbox 2390 572 2692 625; x_wconf 88' lang='lat' dir='ltr'><strong>orationem</strong></span> <span class='ocrx_word' id='word_1_61' title='bbox 2724 569 2946 624; x_wconf 88' lang='lat' dir='ltr'><strong>claudit.</strong></span> 
     </span>
    </p>
   </div>
   <div class='ocr_carea' id='block_1_6' title="bbox 205 656 3376 729">
    <p class='ocr_par' dir='ltr' id='par_1_6' title="bbox 205 656 3376 729">
     <span class='ocr_line' id='line_1_6' title="bbox 205 656 3376 729; baseline -0.002 -19"><span class='ocrx_word' id='word_1_62' title='bbox 205 656 361 711; x_wconf 89' lang='lat' dir='ltr'><strong>Dicta</strong></span> <span class='ocrx_word' id='word_1_63' title='bbox 393 658 565 714; x_wconf 79' lang='lat' dir='ltr'><strong>fuisse</strong></span> <span class='ocrx_word' id='word_1_64' title='bbox 598 662 809 715; x_wconf 87' lang='lat' dir='ltr'><strong>videtur</strong></span> <span class='ocrx_word' id='word_1_65' title='bbox 839 662 951 717; x_wconf 64' lang='lat' dir='ltr'><strong>base</strong></span> <span class='ocrx_word' id='word_1_66' title='bbox 984 662 1205 716; x_wconf 90' lang='lat' dir='ltr'><strong>homilia</strong></span> <span class='ocrx_word' id='word_1_67' title='bbox 1240 663 1294 717; x_wconf 91' lang='lat' dir='ltr'><strong>in</strong></span> <span class='ocrx_word' id='word_1_68' title='bbox 1325 661 1663 717; x_wconf 84' lang='lat' dir='ltr'><strong>bebdomada</strong></span> <span class='ocrx_word' id='word_1_69' title='bbox 1700 659 2017 715; x_wconf 75' lang='lat' dir='ltr'><strong>Paschalis:</strong></span> <span class='ocrx_word' id='word_1_70' title='bbox 2051 675 2173 713; x_wconf 90' lang='lat' dir='ltr'><strong>nam</strong></span> <span class='ocrx_word' id='word_1_71' title='bbox 2226 661 2316 729; x_wconf 84' lang='lat' dir='ltr'><strong>qui</strong></span> <span class='ocrx_word' id='word_1_72' title='bbox 2347 660 2602 715; x_wconf 81' lang='lat' dir='ltr'><strong>bomilias</strong></span> <span class='ocrx_word' id='word_1_73' title='bbox 2647 660 2808 715; x_wconf 87' lang='lat' dir='ltr'><strong>hasce</strong></span> <span class='ocrx_word' id='word_1_74' title='bbox 2840 658 2895 713; x_wconf 91' lang='lat' dir='ltr'><strong>in</strong></span> <span class='ocrx_word' id='word_1_75' title='bbox 2949 659 3068 727; x_wconf 92' lang='lat' dir='ltr'><strong>ipso</strong></span> <span class='ocrx_word' id='word_1_76' title='bbox 3131 661 3376 721; x_wconf 86' lang='lat' dir='ltr'><strong>tempore</strong></span> 
     </span>
    </p>
   </div>
   <div class='ocr_carea' id='block_1_7' title="bbox 129 734 2959 823">
    <p class='ocr_par' dir='ltr' id='par_1_7' title="bbox 129 734 2959 823">
     <span class='ocr_line' id='line_1_7' title="bbox 129 734 2959 823; baseline 0.001 -21"><span class='ocrx_word' id='word_1_77' title='bbox 129 748 446 817; x_wconf 63' lang='lat' dir='ltr'><strong>colligi-hat,</strong></span> <span class='ocrx_word' id='word_1_78' title='bbox 489 762 547 805; x_wconf 93' lang='lat' dir='ltr'><strong>ut</strong></span> <span class='ocrx_word' id='word_1_79' title='bbox 578 767 645 806; x_wconf 83' lang='lat' dir='ltr'><strong>ex</strong></span> <span class='ocrx_word' id='word_1_80' title='bbox 674 752 845 808; x_wconf 90' lang='lat' dir='ltr'><strong>titulis</strong></span> <span class='ocrx_word' id='word_1_81' title='bbox 872 754 1198 808; x_wconf 85' lang='lat' dir='ltr'><strong>concionum</strong></span> <span class='ocrx_word' id='word_1_82' title='bbox 1231 752 1679 823; x_wconf 79' lang='lat' dir='ltr'><strong>deprehenditur,</strong></span> <span class='ocrx_word' id='word_1_83' title='bbox 1707 751 1799 806; x_wconf 93' lang='lat' dir='ltr'><strong>illo</strong></span> <span class='ocrx_word' id='word_1_84' title='bbox 1826 766 1934 820; x_wconf 92' lang='lat' dir='ltr'><strong>quo</strong></span> <span class='ocrx_word' id='word_1_85' title='bbox 1964 751 2284 807; x_wconf 84' lang='lat' dir='ltr'><strong>dicebantur</strong></span> <span class='ocrx_word' id='word_1_86' title='bbox 2307 752 2497 805; x_wconf 89' lang='lat' dir='ltr'><strong>ordine</strong></span> <span class='ocrx_word' id='word_1_87' title='bbox 2528 765 2625 805; x_wconf 89' lang='lat' dir='ltr'><strong>eas</strong></span> <span class='ocrx_word' id='word_1_88' title='bbox 2652 734 2959 818; x_wconf 69' lang='lat' dir='ltr'><strong>descripsit.</strong></span> 
     </span>
    </p>
   </div>
   <div class='ocr_carea' id='block_1_8' title="bbox 204 837 3377 914">
    <p class='ocr_par' dir='ltr' id='par_1_8' title="bbox 204 837 3377 914">
     <span class='ocr_line' id='line_1_8' title="bbox 204 837 3377 914; baseline 0.001 -20"><span class='ocrx_word' id='word_1_89' title='bbox 204 839 347 894; x_wconf 71' lang='grc' dir='ltr'><strong>νηί.</strong></span> <span class='ocrx_word' id='word_1_90' title='bbox 386 841 616 895; x_wconf 79' lang='lat' dir='ltr'><strong>lloinilia</strong></span> <span class='ocrx_word' id='word_1_91' title='bbox 661 854 851 897; x_wconf 85' lang='lat' dir='ltr'><strong>octava</strong></span> <span class='ocrx_word' id='word_1_92' title='bbox 905 859 1019 899; x_wconf 89' lang='lat' dir='ltr'><strong>rem</strong></span> <span class='ocrx_word' id='word_1_93' title='bbox 1070 858 1295 914; x_wconf 82' lang='lat' dir='ltr'><strong>prorsus</strong></span> <span class='ocrx_word' id='word_1_94' title='bbox 1342 842 1616 899; x_wconf 89' lang='lat' dir='ltr'><strong>insolitam</strong></span> <span class='ocrx_word' id='word_1_95' title='bbox 1652 842 1806 898; x_wconf 88' lang='lat' dir='ltr'><strong>nobis</strong></span> <span class='ocrx_word' id='word_1_96' title='bbox 1835 843 2057 898; x_wconf 89' lang='lat' dir='ltr'><strong>exhibet</strong></span> <span class='ocrx_word' id='word_1_97' title='bbox 2107 850 2270 910; x_wconf 86' lang='lat' dir='ltr'><strong>atque</strong></span> <span class='ocrx_word' id='word_1_98' title='bbox 2305 841 2625 896; x_wconf 85' lang='lat' dir='ltr'><strong>inauditam.</strong></span> <span class='ocrx_word' id='word_1_99' title='bbox 2677 837 2830 893; x_wconf 86' lang='lat' dir='ltr'><strong>Tunc</strong></span> <span class='ocrx_word' id='word_1_100' title='bbox 2869 837 3195 894; x_wconf 82' lang='lat' dir='ltr'><strong>Gotthorum</strong></span> <span class='ocrx_word' id='word_1_101' title='bbox 3248 853 3377 908; x_wconf 83' lang='lat' dir='ltr'><strong>pars</strong></span> 
     </span>
    </p>
   </div>
   <div class='ocr_carea' id='block_1_9' title="bbox 129 925 3379 1005">
    <p class='ocr_par' dir='ltr' id='par_1_9' title="bbox 129 925 3379 1005">
     <span class='ocr_line' id='line_1_9' title="bbox 129 925 3379 1005; baseline -0.001 -19"><span class='ocrx_word' id='word_1_102' title='bbox 129 935 401 998; x_wconf 84' lang='lat' dir='ltr'><strong>maxima,</strong></span> <span class='ocrx_word' id='word_1_103' title='bbox 438 937 527 1004; x_wconf 86' lang='lat' dir='ltr'><strong>qui</strong></span> <span class='ocrx_word' id='word_1_104' title='bbox 557 934 639 989; x_wconf 89' lang='lat' dir='ltr'><strong>vel</strong></span> <span class='ocrx_word' id='word_1_105' title='bbox 661 933 1127 1005; x_wconf 83' lang='lat' dir='ltr'><strong>Constantinopoli</strong></span> <span class='ocrx_word' id='word_1_106' title='bbox 1152 934 1237 990; x_wconf 88' lang='lat' dir='ltr'><strong>vel</strong></span> <span class='ocrx_word' id='word_1_107' title='bbox 1257 935 1461 990; x_wconf 87' lang='lat' dir='ltr'><strong>circum</strong></span> <span class='ocrx_word' id='word_1_108' title='bbox 1495 938 1670 991; x_wconf 89' lang='lat' dir='ltr'><strong>erant.</strong></span> <span class='ocrx_word' id='word_1_109' title='bbox 1698 929 2063 985; x_wconf 87' lang='lat' dir='ltr'><strong>Arianismnm</strong></span> <span class='ocrx_word' id='word_1_110' title='bbox 2094 928 2461 983; x_wconf 83' lang='lat' dir='ltr'><strong>sectabantur.</strong></span> <span class='ocrx_word' id='word_1_111' title='bbox 2496 925 2665 980; x_wconf 90' lang='lat' dir='ltr'><strong>Erant</strong></span> <span class='ocrx_word' id='word_1_112' title='bbox 2716 938 2891 982; x_wconf 90' lang='lat' dir='ltr'><strong>tamen</strong></span> <span class='ocrx_word' id='word_1_113' title='bbox 2923 926 3196 982; x_wconf 84' lang='lat' dir='ltr'><strong>Catholici</strong></span> <span class='ocrx_word' id='word_1_114' title='bbox 3240 943 3379 998; x_wconf 84' lang='lat' dir='ltr'><strong>gen-</strong></span> 
     </span>
    </p>
   </div>
   <div class='ocr_carea' id='block_1_10' title="bbox 128 1014 3375 1095">
    <p class='ocr_par' dir='ltr' id='par_1_10' title="bbox 128 1014 3375 1095">
     <span class='ocr_line' id='line_1_10' title="bbox 128 1014 3375 1095; baseline -0.003 -15"><span class='ocrx_word' id='word_1_115' title='bbox 128 1028 200 1080; x_wconf 89' lang='lat' dir='ltr'><strong>tis</strong></span> <span class='ocrx_word' id='word_1_116' title='bbox 229 1024 480 1093; x_wconf 78' lang='lat' dir='ltr'><strong>ejusdem</strong></span> <span class='ocrx_word' id='word_1_117' title='bbox 511 1040 612 1079; x_wconf 88' lang='lat' dir='ltr'><strong>non</strong></span> <span class='ocrx_word' id='word_1_118' title='bbox 641 1025 818 1095; x_wconf 83' lang='lat' dir='ltr'><strong>pauci.</strong></span> <span class='ocrx_word' id='word_1_119' title='bbox 879 1024 1013 1080; x_wconf 88' lang='lat' dir='ltr'><strong>Cum</strong></span> <span class='ocrx_word' id='word_1_120' title='bbox 1055 1034 1236 1082; x_wconf 84' lang='lat' dir='ltr'><strong>autem</strong></span> <span class='ocrx_word' id='word_1_121' title='bbox 1276 1024 1330 1079; x_wconf 91' lang='lat' dir='ltr'><strong>in</strong></span> <span class='ocrx_word' id='word_1_122' title='bbox 1384 1024 1670 1079; x_wconf 84' lang='lat' dir='ltr'><strong>ecclesiam</strong></span> <span class='ocrx_word' id='word_1_123' title='bbox 1707 1019 1896 1077; x_wconf 91' lang='lat' dir='ltr'><strong>Sancti</strong></span> <span class='ocrx_word' id='word_1_124' title='bbox 1939 1017 2093 1075; x_wconf 85' lang='lat' dir='ltr'><strong>Pauli</strong></span> <span class='ocrx_word' id='word_1_125' title='bbox 2127 1018 2532 1080; x_wconf 88' lang='lat' dir='ltr'><strong>convenissent,</strong></span> <span class='ocrx_word' id='word_1_126' title='bbox 2578 1014 2745 1085; x_wconf 88' lang='lat' dir='ltr'><strong>jussit</strong></span> <span class='ocrx_word' id='word_1_127' title='bbox 2790 1016 3211 1085; x_wconf 85' lang='lat' dir='ltr'><strong>Chrysostomus</strong></span> <span class='ocrx_word' id='word_1_128' title='bbox 3237 1014 3375 1072; x_wconf 77' lang='lat' dir='ltr'><strong>Got-</strong></span> 
     </span>
    </p>
   </div>
   <div class='ocr_carea' id='block_1_11' title="bbox 127 1107 3381 1190">
    <p class='ocr_par' dir='ltr' id='par_1_11' title="bbox 127 1107 3381 1190">
     <span class='ocr_line' id='line_1_11' title="bbox 127 1107 3381 1190; baseline -0.001 -20"><span class='ocrx_word' id='word_1_129' title='bbox 127 1119 255 1172; x_wconf 82' lang='lat' dir='ltr'><strong>tbos</strong></span> <span class='ocrx_word' id='word_1_130' title='bbox 282 1117 489 1187; x_wconf 85' lang='lat' dir='ltr'><strong>aliquot</strong></span> <span class='ocrx_word' id='word_1_131' title='bbox 519 1118 635 1173; x_wconf 86' lang='lat' dir='ltr'><strong>loca</strong></span> <span class='ocrx_word' id='word_1_132' title='bbox 661 1119 906 1190; x_wconf 66' lang='lat' dir='ltr'><strong>quaedam</strong></span> <span class='ocrx_word' id='word_1_133' title='bbox 927 1119 1354 1187; x_wconf 88' lang='lat' dir='ltr'><strong>Scripturarnm,</strong></span> <span class='ocrx_word' id='word_1_134' title='bbox 1388 1133 1508 1188; x_wconf 76' lang='lat' dir='ltr'><strong>qua:</strong></span> <span class='ocrx_word' id='word_1_135' title='bbox 1543 1118 1595 1170; x_wconf 92' lang='lat' dir='ltr'><strong>in</strong></span> <span class='ocrx_word' id='word_1_136' title='bbox 1617 1115 1923 1171; x_wconf 87' lang='lat' dir='ltr'><strong>Gotthicam</strong></span> <span class='ocrx_word' id='word_1_137' title='bbox 1959 1113 2195 1183; x_wconf 79' lang='lat' dir='ltr'><strong>linguam</strong></span> <span class='ocrx_word' id='word_1_138' title='bbox 2230 1125 2510 1166; x_wconf 74' lang='lat' dir='ltr'><strong>conversa:</strong></span> <span class='ocrx_word' id='word_1_139' title='bbox 2538 1110 2771 1172; x_wconf 78' lang='lat' dir='ltr'><strong>fuerant,</strong></span> <span class='ocrx_word' id='word_1_140' title='bbox 2802 1107 3054 1164; x_wconf 89' lang='lat' dir='ltr'><strong>Gotthice</strong></span> <span class='ocrx_word' id='word_1_141' title='bbox 3086 1109 3287 1178; x_wconf 88' lang='lat' dir='ltr'><strong>legere,</strong></span> <span class='ocrx_word' id='word_1_142' title='bbox 3320 1119 3381 1166; x_wconf 85' lang='lat' dir='ltr'><strong>et</strong></span> 
     </span>
    </p>
   </div>
   <div class='ocr_carea' id='block_1_12' title="bbox 125 1201 3369 1281">
    <p class='ocr_par' dir='ltr' id='par_1_12' title="bbox 125 1201 3369 1281">
     <span class='ocr_line' id='line_1_12' title="bbox 125 1201 3369 1281; baseline -0.002 -18"><span class='ocrx_word' id='word_1_143' title='bbox 125 1219 323 1275; x_wconf 85' lang='lat' dir='ltr'><strong>postea</strong></span> <span class='ocrx_word' id='word_1_144' title='bbox 350 1209 605 1265; x_wconf 84' lang='lat' dir='ltr'><strong>Gottbum</strong></span> <span class='ocrx_word' id='word_1_145' title='bbox 630 1213 1004 1281; x_wconf 79' lang='lat' dir='ltr'><strong>presbyterum</strong></span> <span class='ocrx_word' id='word_1_146' title='bbox 1038 1211 1292 1267; x_wconf 85' lang='lat' dir='ltr'><strong>Gotthice</strong></span> <span class='ocrx_word' id='word_1_147' title='bbox 1325 1210 1661 1266; x_wconf 87' lang='lat' dir='ltr'><strong>concionari.</strong></span> <span class='ocrx_word' id='word_1_148' title='bbox 1694 1207 1803 1263; x_wconf 83' lang='lat' dir='ltr'><strong>Cur</strong></span> <span class='ocrx_word' id='word_1_149' title='bbox 1828 1216 2009 1261; x_wconf 87' lang='lat' dir='ltr'><strong>autem</strong></span> <span class='ocrx_word' id='word_1_150' title='bbox 2040 1207 2109 1259; x_wconf 88' lang='lat' dir='ltr'><strong>ita</strong></span> <span class='ocrx_word' id='word_1_151' title='bbox 2131 1204 2356 1271; x_wconf 85' lang='lat' dir='ltr'><strong>jusserit</strong></span> <span class='ocrx_word' id='word_1_152' title='bbox 2389 1202 2522 1256; x_wconf 87' lang='lat' dir='ltr'><strong>satis</strong></span> <span class='ocrx_word' id='word_1_153' title='bbox 2546 1201 2789 1255; x_wconf 87' lang='lat' dir='ltr'><strong>declarat</strong></span> <span class='ocrx_word' id='word_1_154' title='bbox 2833 1203 2885 1255; x_wconf 88' lang='lat' dir='ltr'><strong>in</strong></span> <span class='ocrx_word' id='word_1_155' title='bbox 2916 1202 3179 1257; x_wconf 86' lang='lat' dir='ltr'><strong>concione</strong></span> <span class='ocrx_word' id='word_1_156' title='bbox 3205 1217 3369 1270; x_wconf 87' lang='lat' dir='ltr'><strong>quam</strong></span> 
     </span>
    </p>
   </div>
   <div class='ocr_carea' id='block_1_13' title="bbox 126 1291 3383 1373">
    <p class='ocr_par' dir='ltr' id='par_1_13' title="bbox 126 1291 3383 1373">
     <span class='ocr_line' id='line_1_13' title="bbox 126 1291 3383 1373; baseline -0.002 -21"><span class='ocrx_word' id='word_1_157' title='bbox 126 1299 251 1367; x_wconf 89' lang='lat' dir='ltr'><strong>ipse</strong></span> <span class='ocrx_word' id='word_1_158' title='bbox 276 1300 624 1355; x_wconf 87' lang='lat' dir='ltr'><strong>continenter</strong></span> <span class='ocrx_word' id='word_1_159' title='bbox 645 1310 765 1368; x_wconf 90' lang='lat' dir='ltr'><strong>post</strong></span> <span class='ocrx_word' id='word_1_160' title='bbox 793 1301 1051 1356; x_wconf 88' lang='lat' dir='ltr'><strong>Gotthum</strong></span> <span class='ocrx_word' id='word_1_161' title='bbox 1084 1300 1461 1373; x_wconf 80' lang='lat' dir='ltr'><strong>presbyterum</strong></span> <span class='ocrx_word' id='word_1_162' title='bbox 1494 1299 1684 1354; x_wconf 89' lang='lat' dir='ltr'><strong>eadem</strong></span> <span class='ocrx_word' id='word_1_163' title='bbox 1716 1298 1769 1352; x_wconf 94' lang='lat' dir='ltr'><strong>in</strong></span> <span class='ocrx_word' id='word_1_164' title='bbox 1812 1296 2040 1352; x_wconf 88' lang='lat' dir='ltr'><strong>ecclesia</strong></span> <span class='ocrx_word' id='word_1_165' title='bbox 2072 1294 2294 1359; x_wconf 87' lang='lat' dir='ltr'><strong>habuit;</strong></span> <span class='ocrx_word' id='word_1_166' title='bbox 2354 1304 2413 1348; x_wconf 93' lang='lat' dir='ltr'><strong>ut</strong></span> <span class='ocrx_word' id='word_1_167' title='bbox 2451 1293 2700 1347; x_wconf 83' lang='lat' dir='ltr'><strong>videlicet</strong></span> <span class='ocrx_word' id='word_1_168' title='bbox 2757 1292 2977 1347; x_wconf 63' lang='lat' dir='ltr'><strong>Graecos</strong></span> <span class='ocrx_word' id='word_1_169' title='bbox 3026 1291 3383 1363; x_wconf 88' lang='lat' dir='ltr'><strong>philosophos</strong></span> 
     </span>
    </p>
   </div>
   <div class='ocr_carea' id='block_1_14' title="bbox 123 1377 3377 1461">
    <p class='ocr_par' dir='ltr' id='par_1_14' title="bbox 123 1377 3377 1461">
     <span class='ocr_line' id='line_1_14' title="bbox 123 1377 3377 1461; baseline -0.002 -19"><span class='ocrx_word' id='word_1_170' title='bbox 123 1404 441 1460; x_wconf 88' lang='lat' dir='ltr'><strong>eorumque</strong></span> <span class='ocrx_word' id='word_1_171' title='bbox 470 1390 749 1461; x_wconf 79' lang='lat' dir='ltr'><strong>religionis</strong></span> <span class='ocrx_word' id='word_1_172' title='bbox 772 1404 1055 1459; x_wconf 88' lang='lat' dir='ltr'><strong>sequaces,</strong></span> <span class='ocrx_word' id='word_1_173' title='bbox 1091 1399 1146 1444; x_wconf 90' lang='lat' dir='ltr'><strong>et</strong></span> <span class='ocrx_word' id='word_1_174' title='bbox 1175 1388 1390 1445; x_wconf 68' lang='lat' dir='ltr'><strong>Judzeos</strong></span> <span class='ocrx_word' id='word_1_175' title='bbox 1423 1402 1640 1456; x_wconf 88' lang='lat' dir='ltr'><strong>quoque</strong></span> <span class='ocrx_word' id='word_1_176' title='bbox 1668 1384 1873 1455; x_wconf 87' lang='lat' dir='ltr'><strong>pudore</strong></span> <span class='ocrx_word' id='word_1_177' title='bbox 1899 1384 2265 1439; x_wconf 83' lang='lat' dir='ltr'><strong>sutl’underet:</strong></span> <span class='ocrx_word' id='word_1_178' title='bbox 2299 1381 2440 1451; x_wconf 89' lang='lat' dir='ltr'><strong>quod</strong></span> <span class='ocrx_word' id='word_1_179' title='bbox 2468 1382 2593 1435; x_wconf 91' lang='lat' dir='ltr'><strong>dum</strong></span> <span class='ocrx_word' id='word_1_180' title='bbox 2628 1377 2701 1434; x_wconf 90' lang='lat' dir='ltr'><strong>illi</strong></span> <span class='ocrx_word' id='word_1_181' title='bbox 2735 1381 2978 1436; x_wconf 85' lang='lat' dir='ltr'><strong>veritatis</strong></span> <span class='ocrx_word' id='word_1_182' title='bbox 3038 1380 3215 1435; x_wconf 91' lang='lat' dir='ltr'><strong>lucem</strong></span> <span class='ocrx_word' id='word_1_183' title='bbox 3271 1396 3377 1436; x_wconf 90' lang='lat' dir='ltr'><strong>re-</strong></span> 
     </span>
    </p>
   </div>
   <div class='ocr_carea' id='block_1_15' title="bbox 126 1470 3377 1548">
    <p class='ocr_par' dir='ltr' id='par_1_15' title="bbox 126 1470 3377 1548">
     <span class='ocr_line' id='line_1_15' title="bbox 126 1470 3377 1548; baseline 0 -19"><span class='ocrx_word' id='word_1_184' title='bbox 126 1488 422 1547; x_wconf 85' lang='lat' dir='ltr'><strong>spuerent,</strong></span> <span class='ocrx_word' id='word_1_185' title='bbox 463 1481 702 1534; x_wconf 59' lang='lat' dir='ltr'><strong>barbare</strong></span> <span class='ocrx_word' id='word_1_186' title='bbox 729 1494 826 1548; x_wconf 90' lang='lat' dir='ltr'><strong>per</strong></span> <span class='ocrx_word' id='word_1_187' title='bbox 870 1488 1039 1534; x_wconf 93' lang='lat' dir='ltr'><strong>totum</strong></span> <span class='ocrx_word' id='word_1_188' title='bbox 1075 1480 1262 1533; x_wconf 88' lang='lat' dir='ltr'><strong>orbem</strong></span> <span class='ocrx_word' id='word_1_189' title='bbox 1307 1478 1552 1533; x_wconf 87' lang='lat' dir='ltr'><strong>nationes</strong></span> <span class='ocrx_word' id='word_1_190' title='bbox 1612 1474 1725 1531; x_wconf 90' lang='lat' dir='ltr'><strong>sole</strong></span> <span class='ocrx_word' id='word_1_191' title='bbox 1772 1473 2113 1544; x_wconf 83' lang='lat' dir='ltr'><strong>fulgidiorem</strong></span> <span class='ocrx_word' id='word_1_192' title='bbox 2151 1470 2428 1542; x_wconf 81' lang='lat' dir='ltr'><strong>Evangelii</strong></span> <span class='ocrx_word' id='word_1_193' title='bbox 2482 1470 2657 1525; x_wconf 87' lang='lat' dir='ltr'><strong>lucem</strong></span> <span class='ocrx_word' id='word_1_194' title='bbox 2702 1470 3178 1541; x_wconf 86' lang='lat' dir='ltr'><strong>amplecterentur.</strong></span> <span class='ocrx_word' id='word_1_195' title='bbox 3212 1471 3377 1531; x_wconf 85' lang='lat' dir='ltr'><strong>Addit</strong></span> 
     </span>
    </p>
   </div>
   <div class='ocr_carea' id='block_1_16' title="bbox 123 1564 3374 1638">
    <p class='ocr_par' dir='ltr' id='par_1_16' title="bbox 123 1564 3374 1638">
     <span class='ocr_line' id='line_1_16' title="bbox 123 1564 3374 1638; baseline 0.001 -20"><span class='ocrx_word' id='word_1_196' title='bbox 123 1567 303 1620; x_wconf 86' lang='lat' dir='ltr'><strong>etiam</strong></span> <span class='ocrx_word' id='word_1_197' title='bbox 332 1582 482 1631; x_wconf 78' lang='lat' dir='ltr'><strong>enin,</strong></span> <span class='ocrx_word' id='word_1_198' title='bbox 511 1569 601 1638; x_wconf 90' lang='lat' dir='ltr'><strong>qui</strong></span> <span class='ocrx_word' id='word_1_199' title='bbox 633 1569 683 1623; x_wconf 92' lang='lat' dir='ltr'><strong>in</strong></span> <span class='ocrx_word' id='word_1_200' title='bbox 720 1567 897 1624; x_wconf 86' lang='lat' dir='ltr'><strong>Veteri</strong></span> <span class='ocrx_word' id='word_1_201' title='bbox 934 1568 1281 1625; x_wconf 88' lang='lat' dir='ltr'><strong>Testamento</strong></span> <span class='ocrx_word' id='word_1_202' title='bbox 1308 1568 1513 1638; x_wconf 91' lang='lat' dir='ltr'><strong>primus</strong></span> <span class='ocrx_word' id='word_1_203' title='bbox 1546 1577 1775 1622; x_wconf 90' lang='lat' dir='ltr'><strong>vocatus</strong></span> <span class='ocrx_word' id='word_1_204' title='bbox 1799 1566 1920 1631; x_wconf 82' lang='lat' dir='ltr'><strong>fuit,</strong></span> <span class='ocrx_word' id='word_1_205' title='bbox 1948 1581 2140 1634; x_wconf 84' lang='lat' dir='ltr'><strong>nempe</strong></span> <span class='ocrx_word' id='word_1_206' title='bbox 2165 1565 2561 1630; x_wconf 85' lang='lat' dir='ltr'><strong>Abrahamum,</strong></span> <span class='ocrx_word' id='word_1_207' title='bbox 2592 1564 2885 1620; x_wconf 86' lang='lat' dir='ltr'><strong>barbarum</strong></span> <span class='ocrx_word' id='word_1_208' title='bbox 2915 1566 3081 1620; x_wconf 77' lang='lat' dir='ltr'><strong>fuisse</strong></span> <span class='ocrx_word' id='word_1_209' title='bbox 3108 1566 3162 1621; x_wconf 90' lang='lat' dir='ltr'><strong>in</strong></span> <span class='ocrx_word' id='word_1_210' title='bbox 3194 1567 3374 1622; x_wconf 90' lang='lat' dir='ltr'><strong>medio</strong></span> 
     </span>
    </p>
   </div>
   <div class='ocr_carea' id='block_1_17' title="bbox 121 1654 3379 1730">
    <p class='ocr_par' dir='ltr' id='par_1_17' title="bbox 121 1654 3379 1730">
     <span class='ocr_line' id='line_1_17' title="bbox 121 1654 3379 1730; baseline 0.001 -22"><span class='ocrx_word' id='word_1_211' title='bbox 121 1654 495 1711; x_wconf 82' lang='lat' dir='ltr'><strong>barbarorum</strong></span> <span class='ocrx_word' id='word_1_212' title='bbox 535 1669 866 1726; x_wconf 84' lang='lat' dir='ltr'><strong>versantem;</strong></span> <span class='ocrx_word' id='word_1_213' title='bbox 916 1658 1177 1715; x_wconf 84' lang='lat' dir='ltr'><strong>barbaros</strong></span> <span class='ocrx_word' id='word_1_214' title='bbox 1199 1673 1416 1730; x_wconf 85' lang='lat' dir='ltr'><strong>quoque</strong></span> <span class='ocrx_word' id='word_1_215' title='bbox 1447 1658 1616 1715; x_wconf 77' lang='lat' dir='ltr'><strong>fuisse</strong></span> <span class='ocrx_word' id='word_1_216' title='bbox 1664 1657 1788 1712; x_wconf 86' lang='lat' dir='ltr'><strong>illos</strong></span> <span class='ocrx_word' id='word_1_217' title='bbox 1809 1659 1901 1728; x_wconf 90' lang='lat' dir='ltr'><strong>qui</strong></span> <span class='ocrx_word' id='word_1_218' title='bbox 1951 1656 2157 1713; x_wconf 89' lang='lat' dir='ltr'><strong>Christi</strong></span> <span class='ocrx_word' id='word_1_219' title='bbox 2187 1665 2367 1714; x_wconf 90' lang='lat' dir='ltr'><strong>ortum</strong></span> <span class='ocrx_word' id='word_1_220' title='bbox 2434 1656 2597 1726; x_wconf 82' lang='lat' dir='ltr'><strong>primi</strong></span> <span class='ocrx_word' id='word_1_221' title='bbox 2649 1656 3066 1724; x_wconf 89' lang='lat' dir='ltr'><strong>annuntiarunt,</strong></span> <span class='ocrx_word' id='word_1_222' title='bbox 3118 1657 3379 1712; x_wconf 81' lang='lat' dir='ltr'><strong>nimirum</strong></span> 
     </span>
    </p>
   </div>
   <div class='ocr_carea' id='block_1_18' title="bbox 123 1748 2905 1820">
    <p class='ocr_par' dir='ltr' id='par_1_18' title="bbox 123 1748 2905 1820">
     <span class='ocr_line' id='line_1_18' title="bbox 123 1748 2905 1820; baseline 0.005 -23"><span class='ocrx_word' id='word_1_223' title='bbox 123 1762 353 1817; x_wconf 78' lang='lat' dir='ltr'><strong>magos,</strong></span> <span class='ocrx_word' id='word_1_224' title='bbox 384 1751 473 1820; x_wconf 85' lang='lat' dir='ltr'><strong>qui</strong></span> <span class='ocrx_word' id='word_1_225' title='bbox 501 1765 566 1804; x_wconf 85' lang='lat' dir='ltr'><strong>ex</strong></span> <span class='ocrx_word' id='word_1_226' title='bbox 598 1748 819 1805; x_wconf 88' lang='lat' dir='ltr'><strong>Oriente</strong></span> <span class='ocrx_word' id='word_1_227' title='bbox 847 1758 1127 1805; x_wconf 80' lang='lat' dir='ltr'><strong>venerant.</strong></span> <span class='ocrx_word' id='word_1_228' title='bbox 2902 1784 2905 1787; x_wconf 57' lang='grc' dir='ltr'><strong><em>λ</em></strong></span> 
     </span>
    </p>
   </div>
   <div class='ocr_carea' id='block_1_19' title="bbox 200 1832 3381 1902">
    <p class='ocr_par' dir='ltr' id='par_1_19' title="bbox 200 1832 3381 1902">
     <span class='ocr_line' id='line_1_19' title="bbox 200 1832 3381 1902; baseline -0.002 -8"><span class='ocrx_word' id='word_1_229' title='bbox 200 1838 337 1897; x_wconf 70' lang='lat' dir='ltr'><strong>Haec</strong></span> <span class='ocrx_word' id='word_1_230' title='bbox 367 1853 546 1897; x_wconf 88' lang='lat' dir='ltr'><strong>autem</strong></span> <span class='ocrx_word' id='word_1_231' title='bbox 574 1842 768 1896; x_wconf 89' lang='lat' dir='ltr'><strong>concio</strong></span> <span class='ocrx_word' id='word_1_232' title='bbox 800 1839 979 1896; x_wconf 86' lang='lat' dir='ltr'><strong>habita</strong></span> <span class='ocrx_word' id='word_1_233' title='bbox 1028 1840 1130 1895; x_wconf 81' lang='lat' dir='ltr'><strong>fuit</strong></span> <span class='ocrx_word' id='word_1_234' title='bbox 1162 1840 1214 1895; x_wconf 93' lang='lat' dir='ltr'><strong>in</strong></span> <span class='ocrx_word' id='word_1_235' title='bbox 1244 1839 1473 1896; x_wconf 86' lang='lat' dir='ltr'><strong>ecclesia</strong></span> <span class='ocrx_word' id='word_1_236' title='bbox 1504 1837 1563 1894; x_wconf 88' lang='lat' dir='ltr'><strong>S.</strong></span> <span class='ocrx_word' id='word_1_237' title='bbox 1603 1838 1759 1894; x_wconf 86' lang='lat' dir='ltr'><strong>Pauli</strong></span> <span class='ocrx_word' id='word_1_238' title='bbox 1808 1838 1949 1893; x_wconf 89' lang='lat' dir='ltr'><strong>intra</strong></span> <span class='ocrx_word' id='word_1_239' title='bbox 1980 1834 2370 1891; x_wconf 79' lang='lat' dir='ltr'><strong>hebdomadam</strong></span> <span class='ocrx_word' id='word_1_240' title='bbox 2399 1833 2683 1890; x_wconf 84' lang='lat' dir='ltr'><strong>Pascbatis</strong></span> <span class='ocrx_word' id='word_1_241' title='bbox 2710 1832 2907 1889; x_wconf 79' lang='lat' dir='ltr'><strong>festum</strong></span> <span class='ocrx_word' id='word_1_242' title='bbox 2961 1834 3381 1902; x_wconf 85' lang='lat' dir='ltr'><strong>subsequentem</strong></span> 
     </span>
    </p>
   </div>
   <div class='ocr_carea' id='block_1_20' title="bbox 116 1925 3374 2002">
    <p class='ocr_par' dir='ltr' id='par_1_20' title="bbox 116 1925 3374 2002">
     <span class='ocr_line' id='line_1_20' title="bbox 116 1925 3374 2002; baseline -0.002 -17"><span class='ocrx_word' id='word_1_243' title='bbox 116 1942 185 1986; x_wconf 88' lang='lat' dir='ltr'><strong>et</strong></span> <span class='ocrx_word' id='word_1_244' title='bbox 228 1948 333 2002; x_wconf 86' lang='lat' dir='ltr'><strong>per</strong></span> <span class='ocrx_word' id='word_1_245' title='bbox 364 1941 639 1998; x_wconf 87' lang='lat' dir='ltr'><strong>octavam,</strong></span> <span class='ocrx_word' id='word_1_246' title='bbox 679 1942 738 1988; x_wconf 92' lang='lat' dir='ltr'><strong>ut</strong></span> <span class='ocrx_word' id='word_1_247' title='bbox 785 1946 854 1988; x_wconf 87' lang='lat' dir='ltr'><strong>ex</strong></span> <span class='ocrx_word' id='word_1_248' title='bbox 892 1932 1171 2001; x_wconf 84' lang='lat' dir='ltr'><strong>sequentis</strong></span> <span class='ocrx_word' id='word_1_249' title='bbox 1201 1932 1436 1987; x_wconf 72' lang='lat' dir='ltr'><strong>homilia:</strong></span> <span class='ocrx_word' id='word_1_250' title='bbox 1487 1930 1663 1995; x_wconf 88' lang='lat' dir='ltr'><strong>titulo,</strong></span> <span class='ocrx_word' id='word_1_251' title='bbox 1710 1932 1780 1987; x_wconf 90' lang='lat' dir='ltr'><strong>ab</strong></span> <span class='ocrx_word' id='word_1_252' title='bbox 1824 1946 1890 1985; x_wconf 82' lang='lat' dir='ltr'><strong>eo</strong></span> <span class='ocrx_word' id='word_1_253' title='bbox 1917 1930 2008 2001; x_wconf 90' lang='lat' dir='ltr'><strong>qui</strong></span> <span class='ocrx_word' id='word_1_254' title='bbox 2040 1929 2126 1984; x_wconf 87' lang='lat' dir='ltr'><strong>his</strong></span> <span class='ocrx_word' id='word_1_255' title='bbox 2157 1928 2512 1985; x_wconf 86' lang='lat' dir='ltr'><strong>concionibus</strong></span> <span class='ocrx_word' id='word_1_256' title='bbox 2562 1926 2749 1983; x_wconf 89' lang='lat' dir='ltr'><strong>aderat</strong></span> <span class='ocrx_word' id='word_1_257' title='bbox 2781 1926 3084 1997; x_wconf 83' lang='lat' dir='ltr'><strong>praemisso,</strong></span> <span class='ocrx_word' id='word_1_258' title='bbox 3113 1925 3374 1996; x_wconf 88' lang='lat' dir='ltr'><strong>liquidum</strong></span> 
     </span>
    </p>
   </div>
   <div class='ocr_carea' id='block_1_21' title="bbox 116 2015 2350 2094">
    <p class='ocr_par' dir='ltr' id='par_1_21' title="bbox 116 2015 2350 2094">
     <span class='ocr_line' id='line_1_21' title="bbox 116 2015 2350 2094; baseline -0.001 -16"><span class='ocrx_word' id='word_1_259' title='bbox 116 2032 213 2078; x_wconf 80' lang='lat' dir='ltr'><strong>est</strong></span> <span class='ocrx_word' id='word_1_260' title='bbox 241 2040 259 2089; x_wconf 88' lang='lat'><strong>;</strong></span> <span class='ocrx_word' id='word_1_261' title='bbox 291 2025 564 2094; x_wconf 83' lang='lat' dir='ltr'><strong>etiamque</strong></span> <span class='ocrx_word' id='word_1_262' title='bbox 590 2022 946 2078; x_wconf 78' lang='lat' dir='ltr'><strong>conﬁrmatur</strong></span> <span class='ocrx_word' id='word_1_263' title='bbox 973 2037 1037 2079; x_wconf 89' lang='lat' dir='ltr'><strong>ex</strong></span> <span class='ocrx_word' id='word_1_264' title='bbox 1071 2025 1138 2079; x_wconf 92' lang='lat' dir='ltr'><strong>iis</strong></span> <span class='ocrx_word' id='word_1_265' title='bbox 1167 2039 1287 2094; x_wconf 79' lang='lat' dir='ltr'><strong>quae</strong></span> <span class='ocrx_word' id='word_1_266' title='bbox 1317 2023 1472 2077; x_wconf 88' lang='lat' dir='ltr'><strong>initio</strong></span> <span class='ocrx_word' id='word_1_267' title='bbox 1507 2023 1744 2078; x_wconf 74' lang='lat' dir='ltr'><strong>homilire</strong></span> <span class='ocrx_word' id='word_1_268' title='bbox 1775 2022 2052 2093; x_wconf 87' lang='lat' dir='ltr'><strong>sequentis</strong></span> <span class='ocrx_word' id='word_1_269' title='bbox 2078 2015 2350 2076; x_wconf 88' lang='lat' dir='ltr'><strong>dicuntur.</strong></span> 
     </span>
    </p>
   </div>
   <div class='ocr_carea' id='block_1_22' title="bbox 203 2112 3368 2190">
    <p class='ocr_par' dir='ltr' id='par_1_22' title="bbox 203 2112 3368 2190">
     <span class='ocr_line' id='line_1_22' title="bbox 203 2112 3368 2190; baseline -0.002 -17"><span class='ocrx_word' id='word_1_270' title='bbox 203 2119 429 2174; x_wconf 85' lang='lat' dir='ltr'><strong>Etenim</strong></span> <span class='ocrx_word' id='word_1_271' title='bbox 463 2135 583 2173; x_wconf 90' lang='lat' dir='ltr'><strong>cum</strong></span> <span class='ocrx_word' id='word_1_272' title='bbox 616 2118 736 2174; x_wconf 90' lang='lat' dir='ltr'><strong>illos</strong></span> <span class='ocrx_word' id='word_1_273' title='bbox 762 2118 1077 2190; x_wconf 75' lang='lat' dir='ltr'><strong>gravissime</strong></span> <span class='ocrx_word' id='word_1_274' title='bbox 1107 2119 1421 2189; x_wconf 89' lang='lat' dir='ltr'><strong>pupugisset</strong></span> <span class='ocrx_word' id='word_1_275' title='bbox 1455 2118 1694 2189; x_wconf 89' lang='lat' dir='ltr'><strong>ipsisque</strong></span> <span class='ocrx_word' id='word_1_276' title='bbox 1729 2117 2035 2173; x_wconf 89' lang='lat' dir='ltr'><strong>molestiam</strong></span> <span class='ocrx_word' id='word_1_277' title='bbox 2066 2125 2305 2172; x_wconf 88' lang='lat' dir='ltr'><strong>creasset</strong></span> <span class='ocrx_word' id='word_1_278' title='bbox 2343 2115 2396 2170; x_wconf 90' lang='lat' dir='ltr'><strong>in</strong></span> <span class='ocrx_word' id='word_1_279' title='bbox 2427 2129 2491 2170; x_wconf 88' lang='lat' dir='ltr'><strong>ea</strong></span> <span class='ocrx_word' id='word_1_280' title='bbox 2528 2113 2771 2182; x_wconf 89' lang='lat' dir='ltr'><strong>bomilia,</strong></span> <span class='ocrx_word' id='word_1_281' title='bbox 2812 2130 2974 2184; x_wconf 88' lang='lat' dir='ltr'><strong>quam</strong></span> <span class='ocrx_word' id='word_1_282' title='bbox 3006 2116 3058 2170; x_wconf 92' lang='lat' dir='ltr'><strong>in</strong></span> <span class='ocrx_word' id='word_1_283' title='bbox 3088 2112 3368 2171; x_wconf 86' lang='lat' dir='ltr'><strong>Dominica</strong></span> 
     </span>
    </p>
   </div>
   <div class='ocr_carea' id='block_1_23' title="bbox 124 2207 3372 2281">
    <p class='ocr_par' dir='ltr' id='par_1_23' title="bbox 124 2207 3372 2281">
     <span class='ocr_line' id='line_1_23' title="bbox 124 2207 3372 2281; baseline -0.002 -18"><span class='ocrx_word' id='word_1_284' title='bbox 124 2208 588 2267; x_wconf 75' lang='lat' dir='ltr'><strong>Besurrectionls</strong></span> <span class='ocrx_word' id='word_1_285' title='bbox 615 2210 819 2266; x_wconf 87' lang='lat' dir='ltr'><strong>Christi</strong></span> <span class='ocrx_word' id='word_1_286' title='bbox 850 2212 1136 2276; x_wconf 88' lang='lat' dir='ltr'><strong>habuerat,</strong></span> <span class='ocrx_word' id='word_1_287' title='bbox 1168 2226 1235 2266; x_wconf 92' lang='lat' dir='ltr'><strong>eo</strong></span> <span class='ocrx_word' id='word_1_288' title='bbox 1262 2210 1408 2281; x_wconf 89' lang='lat' dir='ltr'><strong>quod</strong></span> <span class='ocrx_word' id='word_1_289' title='bbox 1445 2211 1498 2266; x_wconf 91' lang='lat' dir='ltr'><strong>in</strong></span> <span class='ocrx_word' id='word_1_290' title='bbox 1528 2211 1616 2266; x_wconf 87' lang='lat' dir='ltr'><strong>die</strong></span> <span class='ocrx_word' id='word_1_291' title='bbox 1643 2210 1972 2265; x_wconf 78' lang='lat' dir='ltr'><strong>Parasceves</strong></span> <span class='ocrx_word' id='word_1_292' title='bbox 1998 2217 2047 2264; x_wconf 91' lang='lat' dir='ltr'><strong>et</strong></span> <span class='ocrx_word' id='word_1_293' title='bbox 2093 2209 2146 2263; x_wconf 90' lang='lat' dir='ltr'><strong>in</strong></span> <span class='ocrx_word' id='word_1_294' title='bbox 2175 2208 2415 2263; x_wconf 89' lang='lat' dir='ltr'><strong>Sabbato</strong></span> <span class='ocrx_word' id='word_1_295' title='bbox 2469 2217 2660 2263; x_wconf 86' lang='lat' dir='ltr'><strong>sancto</strong></span> <span class='ocrx_word' id='word_1_296' title='bbox 2696 2209 2762 2261; x_wconf 88' lang='lat' dir='ltr'><strong>ad</strong></span> <span class='ocrx_word' id='word_1_297' title='bbox 2802 2208 3075 2262; x_wconf 83' lang='lat' dir='ltr'><strong>circenses</strong></span> <span class='ocrx_word' id='word_1_298' title='bbox 3107 2215 3163 2261; x_wconf 88' lang='lat' dir='ltr'><strong>et</strong></span> <span class='ocrx_word' id='word_1_299' title='bbox 3216 2207 3372 2260; x_wconf 84' lang='lat' dir='ltr'><strong>thea-</strong></span> 
     </span>
    </p>
   </div>
   <div class='ocr_carea' id='block_1_24' title="bbox 114 2297 3378 2366">
    <p class='ocr_par' dir='ltr' id='par_1_24' title="bbox 114 2297 3378 2366">
     <span class='ocr_line' id='line_1_24' title="bbox 114 2297 3378 2366; baseline -0 -15"><span class='ocrx_word' id='word_1_300' title='bbox 114 2297 307 2354; x_wconf 88' lang='lat' dir='ltr'><strong>trales</strong></span> <span class='ocrx_word' id='word_1_301' title='bbox 347 2297 503 2353; x_wconf 89' lang='lat' dir='ltr'><strong>ludos</strong></span> <span class='ocrx_word' id='word_1_302' title='bbox 531 2314 592 2354; x_wconf 92' lang='lat' dir='ltr'><strong>se</strong></span> <span class='ocrx_word' id='word_1_303' title='bbox 616 2300 999 2366; x_wconf 87' lang='lat' dir='ltr'><strong>contulissent,</strong></span> <span class='ocrx_word' id='word_1_304' title='bbox 1034 2301 1143 2355; x_wconf 91' lang='lat' dir='ltr'><strong>imo</strong></span> <span class='ocrx_word' id='word_1_305' title='bbox 1165 2299 1747 2356; x_wconf 83' lang='lat' dir='ltr'><strong>excommunicationis</strong></span> <span class='ocrx_word' id='word_1_306' title='bbox 1791 2298 2142 2363; x_wconf 86' lang='lat' dir='ltr'><strong>sententiam,</strong></span> <span class='ocrx_word' id='word_1_307' title='bbox 2177 2297 2367 2353; x_wconf 88' lang='lat' dir='ltr'><strong>saltem</strong></span> <span class='ocrx_word' id='word_1_308' title='bbox 2409 2298 2903 2365; x_wconf 76' lang='lat' dir='ltr'><strong>comminatoriam,</strong></span> <span class='ocrx_word' id='word_1_309' title='bbox 2933 2298 2987 2352; x_wconf 90' lang='lat' dir='ltr'><strong>in</strong></span> <span class='ocrx_word' id='word_1_310' title='bbox 3020 2297 3140 2352; x_wconf 89' lang='lat' dir='ltr'><strong>illos</strong></span> <span class='ocrx_word' id='word_1_311' title='bbox 3189 2307 3378 2366; x_wconf 88' lang='lat' dir='ltr'><strong>protu-</strong></span> 
     </span>
    </p>
   </div>
   <div class='ocr_carea' id='block_1_25' title="bbox 118 2387 3388 2461">
    <p class='ocr_par' dir='ltr' id='par_1_25' title="bbox 118 2387 3388 2461">
     <span class='ocr_line' id='line_1_25' title="bbox 118 2387 3388 2461; baseline 0.001 -20"><span class='ocrx_word' id='word_1_312' title='bbox 118 2389 331 2443; x_wconf 87' lang='lat' dir='ltr'><strong>lisset:</strong></span> <span class='ocrx_word' id='word_1_313' title='bbox 367 2388 443 2445; x_wconf 92' lang='lat' dir='ltr'><strong>illi</strong></span> <span class='ocrx_word' id='word_1_314' title='bbox 473 2398 650 2443; x_wconf 84' lang='lat' dir='ltr'><strong>tamen</strong></span> <span class='ocrx_word' id='word_1_315' title='bbox 685 2401 891 2459; x_wconf 88' lang='lat' dir='ltr'><strong>postea,</strong></span> <span class='ocrx_word' id='word_1_316' title='bbox 922 2400 981 2447; x_wconf 84' lang='lat' dir='ltr'><strong>re</strong></span> <span class='ocrx_word' id='word_1_317' title='bbox 1005 2406 1193 2446; x_wconf 90' lang='lat' dir='ltr'><strong>secum</strong></span> <span class='ocrx_word' id='word_1_318' title='bbox 1224 2390 1369 2447; x_wconf 86' lang='lat' dir='ltr'><strong>serio</strong></span> <span class='ocrx_word' id='word_1_319' title='bbox 1409 2404 1698 2461; x_wconf 88' lang='lat' dir='ltr'><strong>perpensa,</strong></span> <span class='ocrx_word' id='word_1_320' title='bbox 1723 2404 1828 2443; x_wconf 93' lang='lat' dir='ltr'><strong>non</strong></span> <span class='ocrx_word' id='word_1_321' title='bbox 1860 2388 1980 2443; x_wconf 89' lang='lat' dir='ltr'><strong>sine</strong></span> <span class='ocrx_word' id='word_1_322' title='bbox 2001 2403 2163 2443; x_wconf 90' lang='lat' dir='ltr'><strong>causa</strong></span> <span class='ocrx_word' id='word_1_323' title='bbox 2200 2404 2258 2444; x_wconf 89' lang='lat' dir='ltr'><strong>se</strong></span> <span class='ocrx_word' id='word_1_324' title='bbox 2298 2388 2501 2442; x_wconf 88' lang='lat' dir='ltr'><strong>acriter</strong></span> <span class='ocrx_word' id='word_1_325' title='bbox 2532 2388 2807 2456; x_wconf 89' lang='lat' dir='ltr'><strong>impetitos</strong></span> <span class='ocrx_word' id='word_1_326' title='bbox 2832 2388 3003 2442; x_wconf 76' lang='lat' dir='ltr'><strong>fuisse</strong></span> <span class='ocrx_word' id='word_1_327' title='bbox 3035 2387 3304 2451; x_wconf 87' lang='lat' dir='ltr'><strong>videntes,</strong></span> <span class='ocrx_word' id='word_1_328' title='bbox 3329 2397 3388 2444; x_wconf 87' lang='lat' dir='ltr'><strong>et</strong></span> 
     </span>
    </p>
   </div>
   <div class='ocr_carea' id='block_1_26' title="bbox 113 2478 3390 2553">
    <p class='ocr_par' dir='ltr' id='par_1_26' title="bbox 113 2478 3390 2553">
     <span class='ocr_line' id='line_1_26' title="bbox 113 2478 3390 2553; baseline 0.001 -21"><span class='ocrx_word' id='word_1_329' title='bbox 113 2481 291 2551; x_wconf 82' lang='lat' dir='ltr'><strong>plura</strong></span> <span class='ocrx_word' id='word_1_330' title='bbox 324 2482 410 2536; x_wconf 90' lang='lat' dir='ltr'><strong>his</strong></span> <span class='ocrx_word' id='word_1_331' title='bbox 435 2483 501 2538; x_wconf 91' lang='lat' dir='ltr'><strong>de</strong></span> <span class='ocrx_word' id='word_1_332' title='bbox 538 2484 695 2537; x_wconf 89' lang='lat' dir='ltr'><strong>rebus</strong></span> <span class='ocrx_word' id='word_1_333' title='bbox 726 2484 914 2538; x_wconf 88' lang='lat' dir='ltr'><strong>audire</strong></span> <span class='ocrx_word' id='word_1_334' title='bbox 952 2483 1258 2553; x_wconf 91' lang='lat' dir='ltr'><strong>cupientes,</strong></span> <span class='ocrx_word' id='word_1_335' title='bbox 1291 2484 1359 2537; x_wconf 86' lang='lat' dir='ltr'><strong>ad</strong></span> <span class='ocrx_word' id='word_1_336' title='bbox 1394 2482 1645 2553; x_wconf 83' lang='lat' dir='ltr'><strong>Magnam</strong></span> <span class='ocrx_word' id='word_1_337' title='bbox 1681 2480 2008 2545; x_wconf 88' lang='lat' dir='ltr'><strong>Ecclesiam,</strong></span> <span class='ocrx_word' id='word_1_338' title='bbox 2042 2489 2100 2535; x_wconf 88' lang='lat' dir='ltr'><strong>ut</strong></span> <span class='ocrx_word' id='word_1_339' title='bbox 2138 2478 2385 2535; x_wconf 91' lang='lat' dir='ltr'><strong>concioni</strong></span> <span class='ocrx_word' id='word_1_340' title='bbox 2438 2478 2784 2542; x_wconf 74' lang='lat' dir='ltr'><strong>interiorem,</strong></span> <span class='ocrx_word' id='word_1_341' title='bbox 2824 2478 3028 2547; x_wconf 87' lang='lat' dir='ltr'><strong>ingenti</strong></span> <span class='ocrx_word' id='word_1_342' title='bbox 3071 2491 3300 2533; x_wconf 88' lang='lat' dir='ltr'><strong>numero</strong></span> <span class='ocrx_word' id='word_1_343' title='bbox 3329 2492 3390 2536; x_wconf 81' lang='lat' dir='ltr'><strong>se</strong></span> 
     </span>
    </p>
   </div>
   <div class='ocr_carea' id='block_1_27' title="bbox 111 2573 3385 2649">
    <p class='ocr_par' dir='ltr' id='par_1_27' title="bbox 111 2573 3385 2649">
     <span class='ocr_line' id='line_1_27' title="bbox 111 2573 3385 2649; baseline -0.002 -18"><span class='ocrx_word' id='word_1_344' title='bbox 111 2577 442 2634; x_wconf 81' lang='lat' dir='ltr'><strong>contulere.</strong></span> <span class='ocrx_word' id='word_1_345' title='bbox 475 2578 672 2634; x_wconf 81' lang='lat' dir='ltr'><strong>Verum</strong></span> <span class='ocrx_word' id='word_1_346' title='bbox 702 2581 896 2636; x_wconf 76' lang='lat' dir='ltr'><strong>accidit</strong></span> <span class='ocrx_word' id='word_1_347' title='bbox 929 2591 986 2635; x_wconf 93' lang='lat' dir='ltr'><strong>ut</strong></span> <span class='ocrx_word' id='word_1_348' title='bbox 1017 2580 1107 2636; x_wconf 91' lang='lat' dir='ltr'><strong>illo</strong></span> <span class='ocrx_word' id='word_1_349' title='bbox 1138 2581 1247 2645; x_wconf 90' lang='lat' dir='ltr'><strong>die,</strong></span> <span class='ocrx_word' id='word_1_350' title='bbox 1279 2594 1473 2649; x_wconf 85' lang='lat' dir='ltr'><strong>nempe</strong></span> <span class='ocrx_word' id='word_1_351' title='bbox 1501 2579 1774 2634; x_wconf 90' lang='lat' dir='ltr'><strong>Dominica</strong></span> <span class='ocrx_word' id='word_1_352' title='bbox 1813 2586 1935 2647; x_wconf 90' lang='lat' dir='ltr'><strong>post</strong></span> <span class='ocrx_word' id='word_1_353' title='bbox 1970 2576 2201 2641; x_wconf 81' lang='lat' dir='ltr'><strong>Pascha,</strong></span> <span class='ocrx_word' id='word_1_354' title='bbox 2246 2576 2463 2648; x_wconf 88' lang='lat' dir='ltr'><strong>quidam</strong></span> <span class='ocrx_word' id='word_1_355' title='bbox 2504 2576 2719 2631; x_wconf 83' lang='lat' dir='ltr'><strong>adesset</strong></span> <span class='ocrx_word' id='word_1_356' title='bbox 2747 2588 2811 2627; x_wconf 82' lang='lat' dir='ltr'><strong>ex</strong></span> <span class='ocrx_word' id='word_1_357' title='bbox 2840 2573 3054 2629; x_wconf 85' lang='lat' dir='ltr'><strong>Galatia</strong></span> <span class='ocrx_word' id='word_1_358' title='bbox 3076 2573 3385 2642; x_wconf 81' lang='lat' dir='ltr'><strong>episcOpus,</strong></span> 
     </span>
    </p>
   </div>
   <div class='ocr_carea' id='block_1_28' title="bbox 111 2668 3380 2751">
    <p class='ocr_par' dir='ltr' id='par_1_28' title="bbox 111 2668 3380 2751">
     <span class='ocr_line' id='line_1_28' title="bbox 111 2668 3380 2751; baseline -0.001 -26"><span class='ocrx_word' id='word_1_359' title='bbox 111 2675 214 2728; x_wconf 70' lang='lat' dir='ltr'><strong>vir</strong></span> <span class='ocrx_word' id='word_1_360' title='bbox 245 2685 366 2729; x_wconf 89' lang='lat' dir='ltr'><strong>tum</strong></span> <span class='ocrx_word' id='word_1_361' title='bbox 398 2690 463 2730; x_wconf 83' lang='lat' dir='ltr'><strong>ex</strong></span> <span class='ocrx_word' id='word_1_362' title='bbox 487 2685 786 2742; x_wconf 82' lang='lat' dir='ltr'><strong>senectute,</strong></span> <span class='ocrx_word' id='word_1_363' title='bbox 821 2686 942 2751; x_wconf 36' lang='lat' dir='ltr'><strong>tum.</strong></span> <span class='ocrx_word' id='word_1_364' title='bbox 961 2691 1029 2731; x_wconf 82' lang='lat' dir='ltr'><strong>ex</strong></span> <span class='ocrx_word' id='word_1_365' title='bbox 1058 2676 1180 2730; x_wconf 88' lang='lat' dir='ltr'><strong>aliis</strong></span> <span class='ocrx_word' id='word_1_366' title='bbox 1210 2675 1377 2729; x_wconf 86' lang='lat' dir='ltr'><strong>animi</strong></span> <span class='ocrx_word' id='word_1_367' title='bbox 1402 2674 1619 2729; x_wconf 88' lang='lat' dir='ltr'><strong>dotibus</strong></span> <span class='ocrx_word' id='word_1_368' title='bbox 1641 2672 2006 2731; x_wconf 86' lang='lat' dir='ltr'><strong>venerandus.</strong></span> <span class='ocrx_word' id='word_1_369' title='bbox 2040 2671 2126 2726; x_wconf 88' lang='lat' dir='ltr'><strong>cui</strong></span> <span class='ocrx_word' id='word_1_370' title='bbox 2151 2670 2512 2727; x_wconf 89' lang='lat' dir='ltr'><strong>concionandi</strong></span> <span class='ocrx_word' id='word_1_371' title='bbox 2544 2671 2714 2726; x_wconf 91' lang='lat' dir='ltr'><strong>vicem</strong></span> <span class='ocrx_word' id='word_1_372' title='bbox 2739 2668 3165 2742; x_wconf 82' lang='lat' dir='ltr'><strong>Chrysostomus</strong></span> <span class='ocrx_word' id='word_1_373' title='bbox 3189 2669 3380 2726; x_wconf 87' lang='lat' dir='ltr'><strong>cessit:</strong></span> 
     </span>
    </p>
   </div>
   <div class='ocr_carea' id='block_1_29' title="bbox 110 2758 3388 2838">
    <p class='ocr_par' dir='ltr' id='par_1_29' title="bbox 110 2758 3388 2838">
     <span class='ocr_line' id='line_1_29' title="bbox 110 2758 3388 2838; baseline -0.001 -22"><span class='ocrx_word' id='word_1_374' title='bbox 110 2768 281 2838; x_wconf 76' lang='lat' dir='ltr'><strong>quod</strong></span> <span class='ocrx_word' id='word_1_375' title='bbox 314 2768 589 2822; x_wconf 89' lang='lat' dir='ltr'><strong>auditores</strong></span> <span class='ocrx_word' id='word_1_376' title='bbox 618 2768 898 2837; x_wconf 69' lang='lat' dir='ltr'><strong>aagerrime</strong></span> <span class='ocrx_word' id='word_1_377' title='bbox 927 2768 1135 2823; x_wconf 89' lang='lat' dir='ltr'><strong>tulere:</strong></span> <span class='ocrx_word' id='word_1_378' title='bbox 1165 2781 1377 2822; x_wconf 90' lang='lat' dir='ltr'><strong>summo</strong></span> <span class='ocrx_word' id='word_1_379' title='bbox 1406 2765 1548 2821; x_wconf 87' lang='lat' dir='ltr'><strong>enim</strong></span> <span class='ocrx_word' id='word_1_380' title='bbox 1581 2764 1955 2837; x_wconf 84' lang='lat' dir='ltr'><strong>Chrysostomi</strong></span> <span class='ocrx_word' id='word_1_381' title='bbox 1996 2778 2057 2819; x_wconf 89' lang='lat' dir='ltr'><strong>se</strong></span> <span class='ocrx_word' id='word_1_382' title='bbox 2093 2763 2286 2818; x_wconf 87' lang='lat' dir='ltr'><strong>iterum</strong></span> <span class='ocrx_word' id='word_1_383' title='bbox 2317 2763 2619 2833; x_wconf 89' lang='lat' dir='ltr'><strong>carpentis,</strong></span> <span class='ocrx_word' id='word_1_384' title='bbox 2678 2762 2790 2816; x_wconf 91' lang='lat' dir='ltr'><strong>imo</strong></span> <span class='ocrx_word' id='word_1_385' title='bbox 2834 2760 3099 2826; x_wconf 83' lang='lat' dir='ltr'><strong>secantis,</strong></span> <span class='ocrx_word' id='word_1_386' title='bbox 3152 2768 3212 2815; x_wconf 94' lang='lat' dir='ltr'><strong>ut</strong></span> <span class='ocrx_word' id='word_1_387' title='bbox 3270 2758 3388 2829; x_wconf 83' lang='lat' dir='ltr'><strong>ipse</strong></span> 
     </span>
    </p>
   </div>
   <div class='ocr_carea' id='block_1_30' title="bbox 106 2862 1210 2926">
    <p class='ocr_par' dir='ltr' id='par_1_30' title="bbox 106 2862 1210 2926">
     <span class='ocr_line' id='line_1_30' title="bbox 106 2862 1210 2926; baseline 0.001 -10"><span class='ocrx_word' id='word_1_388' title='bbox 106 2865 229 2926; x_wconf 82' lang='lat' dir='ltr'><strong>ait,</strong></span> <span class='ocrx_word' id='word_1_389' title='bbox 268 2863 528 2917; x_wconf 81' lang='lat' dir='ltr'><strong>audiendi</strong></span> <span class='ocrx_word' id='word_1_390' title='bbox 561 2863 835 2917; x_wconf 75' lang='lat' dir='ltr'><strong>desiderio</strong></span> <span class='ocrx_word' id='word_1_391' title='bbox 868 2862 1210 2917; x_wconf 86' lang='lat' dir='ltr'><strong>tenebantur.</strong></span> 
     </span>
    </p>
   </div>
   <div class='ocr_carea' id='block_1_31' title="bbox 204 2948 3389 3031">
    <p class='ocr_par' dir='ltr' id='par_1_31' title="bbox 204 2948 3389 3031">
     <span class='ocr_line' id='line_1_31' title="bbox 204 2948 3389 3031; baseline -0.004 -16"><span class='ocrx_word' id='word_1_392' title='bbox 204 2958 311 3015; x_wconf 66' lang='grc' dir='ltr'><strong>ιχ.</strong></span> <span class='ocrx_word' id='word_1_393' title='bbox 337 2959 678 3031; x_wconf 82' lang='lat' dir='ltr'><strong>Quapropter</strong></span> <span class='ocrx_word' id='word_1_394' title='bbox 698 2958 789 3014; x_wconf 88' lang='lat' dir='ltr'><strong>ille</strong></span> <span class='ocrx_word' id='word_1_395' title='bbox 818 2957 1115 3020; x_wconf 88' lang='lat' dir='ltr'><strong>Dominica,</strong></span> <span class='ocrx_word' id='word_1_396' title='bbox 1151 2966 1206 3010; x_wconf 92' lang='lat' dir='ltr'><strong>ut</strong></span> <span class='ocrx_word' id='word_1_397' title='bbox 1257 2955 1481 3011; x_wconf 89' lang='lat' dir='ltr'><strong>credere</strong></span> <span class='ocrx_word' id='word_1_398' title='bbox 1528 2964 1631 3019; x_wconf 87' lang='lat' dir='ltr'><strong>est,</strong></span> <span class='ocrx_word' id='word_1_399' title='bbox 1682 2954 1954 3025; x_wconf 84' lang='lat' dir='ltr'><strong>sequenti,</strong></span> <span class='ocrx_word' id='word_1_400' title='bbox 2015 2952 2253 3009; x_wconf 84' lang='lat' dir='ltr'><strong>secunda</strong></span> <span class='ocrx_word' id='word_1_401' title='bbox 2318 2951 2574 3008; x_wconf 85' lang='lat' dir='ltr'><strong>videlicet</strong></span> <span class='ocrx_word' id='word_1_402' title='bbox 2622 2960 2745 3021; x_wconf 89' lang='lat' dir='ltr'><strong>post</strong></span> <span class='ocrx_word' id='word_1_403' title='bbox 2792 2950 3024 3015; x_wconf 84' lang='lat' dir='ltr'><strong>Pascha,</strong></span> <span class='ocrx_word' id='word_1_404' title='bbox 3054 2951 3107 3004; x_wconf 94' lang='lat' dir='ltr'><strong>in</strong></span> <span class='ocrx_word' id='word_1_405' title='bbox 3150 2948 3389 3005; x_wconf 84' lang='lat' dir='ltr'><strong>Ecclesia</strong></span> 
     </span>
    </p>
   </div>
   <div class='ocr_carea' id='block_1_32' title="bbox 108 3044 3380 3124">
    <p class='ocr_par' dir='ltr' id='par_1_32' title="bbox 108 3044 3380 3124">
     <span class='ocr_line' id='line_1_32' title="bbox 108 3044 3380 3124; baseline -0.003 -16"><span class='ocrx_word' id='word_1_406' title='bbox 108 3054 335 3124; x_wconf 77' lang='lat' dir='ltr'><strong>Magna</strong></span> <span class='ocrx_word' id='word_1_407' title='bbox 364 3052 678 3107; x_wconf 90' lang='lat' dir='ltr'><strong>concionem</strong></span> <span class='ocrx_word' id='word_1_408' title='bbox 712 3053 852 3106; x_wconf 86' lang='lat' dir='ltr'><strong>hanc</strong></span> <span class='ocrx_word' id='word_1_409' title='bbox 888 3050 1096 3114; x_wconf 88' lang='lat' dir='ltr'><strong>habuit,</strong></span> <span class='ocrx_word' id='word_1_410' title='bbox 1128 3049 1216 3103; x_wconf 90' lang='lat' dir='ltr'><strong>ubi</strong></span> <span class='ocrx_word' id='word_1_411' title='bbox 1242 3050 1425 3105; x_wconf 89' lang='lat' dir='ltr'><strong>statim</strong></span> <span class='ocrx_word' id='word_1_412' title='bbox 1452 3048 1793 3103; x_wconf 87' lang='lat' dir='ltr'><strong>auditoribus</strong></span> <span class='ocrx_word' id='word_1_413' title='bbox 1823 3047 2143 3118; x_wconf 86' lang='lat' dir='ltr'><strong>gratulatur,</strong></span> <span class='ocrx_word' id='word_1_414' title='bbox 2186 3045 2329 3115; x_wconf 91' lang='lat' dir='ltr'><strong>quod</strong></span> <span class='ocrx_word' id='word_1_415' title='bbox 2350 3046 2477 3101; x_wconf 90' lang='lat' dir='ltr'><strong>licet</strong></span> <span class='ocrx_word' id='word_1_416' title='bbox 2499 3055 2605 3100; x_wconf 89' lang='lat' dir='ltr'><strong>tam</strong></span> <span class='ocrx_word' id='word_1_417' title='bbox 2636 3046 2875 3116; x_wconf 88' lang='lat' dir='ltr'><strong>graviter</strong></span> <span class='ocrx_word' id='word_1_418' title='bbox 2895 3044 3109 3114; x_wconf 79' lang='lat' dir='ltr'><strong>excepti</strong></span> <span class='ocrx_word' id='word_1_419' title='bbox 3162 3045 3216 3097; x_wconf 93' lang='lat' dir='ltr'><strong>in</strong></span> <span class='ocrx_word' id='word_1_420' title='bbox 3245 3058 3380 3098; x_wconf 73' lang='lat' dir='ltr'><strong>con-</strong></span> 
     </span>
    </p>
   </div>
   <div class='ocr_carea' id='block_1_33' title="bbox 110 3128 3386 3211">
    <p class='ocr_par' dir='ltr' id='par_1_33' title="bbox 110 3128 3386 3211">
     <span class='ocr_line' id='line_1_33' title="bbox 110 3128 3386 3211; baseline -0.003 -9"><span class='ocrx_word' id='word_1_421' title='bbox 110 3148 304 3202; x_wconf 85' lang='lat' dir='ltr'><strong>cione</strong></span> <span class='ocrx_word' id='word_1_422' title='bbox 329 3145 423 3199; x_wconf 88' lang='lat' dir='ltr'><strong>illa</strong></span> <span class='ocrx_word' id='word_1_423' title='bbox 450 3142 747 3200; x_wconf 71' lang='lat' dir='ltr'><strong>Dominica:</strong></span> <span class='ocrx_word' id='word_1_424' title='bbox 779 3143 1232 3210; x_wconf 79' lang='lat' dir='ltr'><strong>Resurrectionis,</strong></span> <span class='ocrx_word' id='word_1_425' title='bbox 1271 3152 1379 3198; x_wconf 87' lang='lat' dir='ltr'><strong>tam</strong></span> <span class='ocrx_word' id='word_1_426' title='bbox 1410 3143 1683 3198; x_wconf 80' lang='lat' dir='ltr'><strong>ferventer</strong></span> <span class='ocrx_word' id='word_1_427' title='bbox 1714 3154 1769 3197; x_wconf 86' lang='lat' dir='ltr'><strong>et</strong></span> <span class='ocrx_word' id='word_1_428' title='bbox 1796 3153 1943 3197; x_wconf 89' lang='lat' dir='ltr'><strong>tanto</strong></span> <span class='ocrx_word' id='word_1_429' title='bbox 1973 3156 2201 3197; x_wconf 91' lang='lat' dir='ltr'><strong>numero</strong></span> <span class='ocrx_word' id='word_1_430' title='bbox 2226 3142 2423 3196; x_wconf 88' lang='lat' dir='ltr'><strong>iterum</strong></span> <span class='ocrx_word' id='word_1_431' title='bbox 2453 3150 2820 3211; x_wconf 85' lang='lat' dir='ltr'><strong>compareant.</strong></span> <span class='ocrx_word' id='word_1_432' title='bbox 2855 3128 2990 3194; x_wconf 84' lang='lat' dir='ltr'><strong>Tum</strong></span> <span class='ocrx_word' id='word_1_433' title='bbox 3017 3154 3138 3195; x_wconf 88' lang='lat' dir='ltr'><strong>sese</strong></span> <span class='ocrx_word' id='word_1_434' title='bbox 3158 3144 3386 3193; x_wconf 78' lang='lat' dir='ltr'><strong>excusat</strong></span> 
     </span>
    </p>
   </div>
   <div class='ocr_carea' id='block_1_34' title="bbox 108 3229 3411 3308">
    <p class='ocr_par' dir='ltr' id='par_1_34' title="bbox 108 3229 3411 3308">
     <span class='ocr_line' id='line_1_34' title="bbox 108 3229 3411 3308; baseline -0 -17"><span class='ocrx_word' id='word_1_435' title='bbox 108 3240 282 3308; x_wconf 82' lang='lat' dir='ltr'><strong>quod</strong></span> <span class='ocrx_word' id='word_1_436' title='bbox 314 3238 592 3293; x_wconf 89' lang='lat' dir='ltr'><strong>Dominica</strong></span> <span class='ocrx_word' id='word_1_437' title='bbox 633 3238 955 3308; x_wconf 82' lang='lat' dir='ltr'><strong>praecedenti</strong></span> <span class='ocrx_word' id='word_1_438' title='bbox 984 3238 1240 3308; x_wconf 87' lang='lat' dir='ltr'><strong>episcopo</strong></span> <span class='ocrx_word' id='word_1_439' title='bbox 1270 3236 1498 3293; x_wconf 70' lang='lat' dir='ltr'><strong>Calatia:</strong></span> <span class='ocrx_word' id='word_1_440' title='bbox 1535 3238 1736 3293; x_wconf 89' lang='lat' dir='ltr'><strong>seniori</strong></span> <span class='ocrx_word' id='word_1_441' title='bbox 1772 3237 2125 3293; x_wconf 89' lang='lat' dir='ltr'><strong>concionandi</strong></span> <span class='ocrx_word' id='word_1_442' title='bbox 2182 3236 2359 3293; x_wconf 91' lang='lat' dir='ltr'><strong>locum</strong></span> <span class='ocrx_word' id='word_1_443' title='bbox 2401 3236 2658 3303; x_wconf 87' lang='lat' dir='ltr'><strong>cesserit;</strong></span> <span class='ocrx_word' id='word_1_444' title='bbox 2715 3234 3016 3305; x_wconf 89' lang='lat' dir='ltr'><strong>iterumque</strong></span> <span class='ocrx_word' id='word_1_445' title='bbox 3044 3248 3233 3293; x_wconf 88' lang='lat' dir='ltr'><strong>contra</strong></span> <span class='ocrx_word' id='word_1_446' title='bbox 3280 3229 3411 3290; x_wconf 63' lang='grc' dir='ltr'><strong>εἰμ’</strong></span> 
     </span>
    </p>
   </div>
   <div class='ocr_carea' id='block_1_35' title="bbox 103 3328 3391 3404">
    <p class='ocr_par' dir='ltr' id='par_1_35' title="bbox 103 3328 3391 3404">
     <span class='ocr_line' id='line_1_35' title="bbox 103 3328 3391 3404; baseline -0.003 -14"><span class='ocrx_word' id='word_1_447' title='bbox 103 3350 336 3390; x_wconf 80' lang='lat' dir='ltr'><strong>censes</strong></span> <span class='ocrx_word' id='word_1_448' title='bbox 368 3334 541 3399; x_wconf 88' lang='lat' dir='ltr'><strong>lndos,</strong></span> <span class='ocrx_word' id='word_1_449' title='bbox 584 3334 802 3390; x_wconf 87' lang='lat' dir='ltr'><strong>etiamsi</strong></span> <span class='ocrx_word' id='word_1_450' title='bbox 832 3333 1016 3389; x_wconf 88' lang='lat' dir='ltr'><strong>mitius</strong></span> <span class='ocrx_word' id='word_1_451' title='bbox 1054 3335 1496 3404; x_wconf 81' lang='lat' dir='ltr'><strong>tunderatiusque</strong></span> <span class='ocrx_word' id='word_1_452' title='bbox 1522 3334 1779 3404; x_wconf 91' lang='lat' dir='ltr'><strong>loquitur,</strong></span> <span class='ocrx_word' id='word_1_453' title='bbox 1819 3349 2039 3402; x_wconf 86' lang='lat' dir='ltr'><strong>remque</strong></span> <span class='ocrx_word' id='word_1_454' title='bbox 2074 3333 2252 3403; x_wconf 89' lang='lat' dir='ltr'><strong>tangit</strong></span> <span class='ocrx_word' id='word_1_455' title='bbox 2280 3331 2502 3386; x_wconf 91' lang='lat' dir='ltr'><strong>omnino</strong></span> <span class='ocrx_word' id='word_1_456' title='bbox 2540 3329 2942 3401; x_wconf 81' lang='lat' dir='ltr'><strong>deplorandam,</strong></span> <span class='ocrx_word' id='word_1_457' title='bbox 2984 3345 3106 3399; x_wconf 73' lang='lat' dir='ltr'><strong>qua:</strong></span> <span class='ocrx_word' id='word_1_458' title='bbox 3141 3328 3391 3384; x_wconf 84' lang='lat' dir='ltr'><strong>hesterna</strong></span> 
     </span>
    </p>
   </div>
   <div class='ocr_carea' id='block_1_36' title="bbox 100 3419 3395 3498">
    <p class='ocr_par' dir='ltr' id='par_1_36' title="bbox 100 3419 3395 3498">
     <span class='ocr_line' id='line_1_36' title="bbox 100 3419 3395 3498; baseline -0.003 -16"><span class='ocrx_word' id='word_1_459' title='bbox 100 3430 211 3484; x_wconf 79' lang='lat' dir='ltr'><strong>die</strong></span> <span class='ocrx_word' id='word_1_460' title='bbox 256 3428 321 3481; x_wconf 89' lang='lat' dir='ltr'><strong>in</strong></span> <span class='ocrx_word' id='word_1_461' title='bbox 355 3426 711 3498; x_wconf 83' lang='lat' dir='ltr'><strong>hippodromo</strong></span> <span class='ocrx_word' id='word_1_462' title='bbox 747 3428 1069 3497; x_wconf 80' lang='lat' dir='ltr'><strong>contigerat,</strong></span> <span class='ocrx_word' id='word_1_463' title='bbox 1102 3425 1247 3481; x_wconf 87' lang='lat' dir='ltr'><strong>etab</strong></span> <span class='ocrx_word' id='word_1_464' title='bbox 1272 3424 1574 3494; x_wconf 87' lang='lat' dir='ltr'><strong>bujusmodi</strong></span> <span class='ocrx_word' id='word_1_465' title='bbox 1612 3425 1753 3481; x_wconf 89' lang='lat' dir='ltr'><strong>ludis</strong></span> <span class='ocrx_word' id='word_1_466' title='bbox 1783 3425 1916 3481; x_wconf 88' lang='lat' dir='ltr'><strong>alios</strong></span> <span class='ocrx_word' id='word_1_467' title='bbox 1945 3434 2197 3481; x_wconf 89' lang='lat' dir='ltr'><strong>avertere</strong></span> <span class='ocrx_word' id='word_1_468' title='bbox 2236 3424 2486 3479; x_wconf 90' lang='lat' dir='ltr'><strong>debebat.</strong></span> <span class='ocrx_word' id='word_1_469' title='bbox 2525 3423 2754 3490; x_wconf 84' lang='lat' dir='ltr'><strong>Quidam</strong></span> <span class='ocrx_word' id='word_1_470' title='bbox 2792 3421 2960 3486; x_wconf 89' lang='lat' dir='ltr'><strong>enim,</strong></span> <span class='ocrx_word' id='word_1_471' title='bbox 2988 3420 3080 3492; x_wconf 88' lang='lat' dir='ltr'><strong>qui</strong></span> <span class='ocrx_word' id='word_1_472' title='bbox 3131 3419 3395 3497; x_wconf 87' lang='lat' dir='ltr'><strong>postridie</strong></span> 
     </span>
    </p>
   </div>
   <div class='ocr_carea' id='block_1_37' title="bbox 106 3521 3395 3595">
    <p class='ocr_par' dir='ltr' id='par_1_37' title="bbox 106 3521 3395 3595">
     <span class='ocr_line' id='line_1_37' title="bbox 106 3521 3395 3595; baseline -0.003 -12"><span class='ocrx_word' id='word_1_473' title='bbox 106 3542 370 3583; x_wconf 81' lang='lat' dir='ltr'><strong>uxorem</strong></span> <span class='ocrx_word' id='word_1_474' title='bbox 404 3528 661 3581; x_wconf 87' lang='lat' dir='ltr'><strong>ducturus</strong></span> <span class='ocrx_word' id='word_1_475' title='bbox 698 3536 836 3591; x_wconf 87' lang='lat' dir='ltr'><strong>erat,</strong></span> <span class='ocrx_word' id='word_1_476' title='bbox 866 3528 991 3579; x_wconf 86' lang='lat' dir='ltr'><strong>dum</strong></span> <span class='ocrx_word' id='word_1_477' title='bbox 1027 3541 1149 3580; x_wconf 89' lang='lat' dir='ltr'><strong>cum</strong></span> <span class='ocrx_word' id='word_1_478' title='bbox 1185 3525 1306 3580; x_wconf 86' lang='lat' dir='ltr'><strong>aliis</strong></span> <span class='ocrx_word' id='word_1_479' title='bbox 1341 3526 1656 3581; x_wconf 90' lang='lat' dir='ltr'><strong>cursoribus</strong></span> <span class='ocrx_word' id='word_1_480' title='bbox 1699 3535 2044 3582; x_wconf 85' lang='lat' dir='ltr'><strong>concertaret</strong></span> <span class='ocrx_word' id='word_1_481' title='bbox 2087 3526 2440 3595; x_wconf 89' lang='lat' dir='ltr'><strong>interceptus,</strong></span> <span class='ocrx_word' id='word_1_482' title='bbox 2492 3524 2788 3579; x_wconf 89' lang='lat' dir='ltr'><strong>miserabili</strong></span> <span class='ocrx_word' id='word_1_483' title='bbox 2842 3537 2972 3578; x_wconf 86' lang='lat' dir='ltr'><strong>casu</strong></span> <span class='ocrx_word' id='word_1_484' title='bbox 3019 3521 3200 3590; x_wconf 89' lang='lat' dir='ltr'><strong>capite</strong></span> <span class='ocrx_word' id='word_1_485' title='bbox 3246 3528 3395 3574; x_wconf 89' lang='lat' dir='ltr'><strong>trun-</strong></span> 
     </span>
    </p>
   </div>
   <div class='ocr_carea' id='block_1_38' title="bbox 100 3612 3397 3691">
    <p class='ocr_par' dir='ltr' id='par_1_38' title="bbox 100 3612 3397 3691">
     <span class='ocr_line' id='line_1_38' title="bbox 100 3612 3397 3691; baseline -0.004 -11"><span class='ocrx_word' id='word_1_486' title='bbox 100 3636 319 3687; x_wconf 83' lang='lat' dir='ltr'><strong>catus,</strong></span> <span class='ocrx_word' id='word_1_487' title='bbox 354 3631 413 3677; x_wconf 78' lang='lat' dir='ltr'><strong>et</strong></span> <span class='ocrx_word' id='word_1_488' title='bbox 449 3621 705 3677; x_wconf 82' lang='lat' dir='ltr'><strong>extremis</strong></span> <span class='ocrx_word' id='word_1_489' title='bbox 741 3623 998 3677; x_wconf 88' lang='lat' dir='ltr'><strong>membris</strong></span> <span class='ocrx_word' id='word_1_490' title='bbox 1020 3622 1279 3678; x_wconf 87' lang='lat' dir='ltr'><strong>abscissis</strong></span> <span class='ocrx_word' id='word_1_491' title='bbox 1306 3622 1379 3676; x_wconf 94' lang='lat' dir='ltr'><strong>ibi</strong></span> <span class='ocrx_word' id='word_1_492' title='bbox 1410 3630 1703 3678; x_wconf 88' lang='lat' dir='ltr'><strong>manserat.</strong></span> <span class='ocrx_word' id='word_1_493' title='bbox 1770 3619 1971 3677; x_wconf 89' lang='lat' dir='ltr'><strong>Deinde</strong></span> <span class='ocrx_word' id='word_1_494' title='bbox 1998 3621 2233 3691; x_wconf 82' lang='lat' dir='ltr'><strong>explicat</strong></span> <span class='ocrx_word' id='word_1_495' title='bbox 2281 3619 2409 3673; x_wconf 90' lang='lat' dir='ltr'><strong>illud</strong></span> <span class='ocrx_word' id='word_1_496' title='bbox 2443 3617 2721 3689; x_wconf 88' lang='lat' dir='ltr'><strong>Evangelii</strong></span> <span class='ocrx_word' id='word_1_497' title='bbox 2756 3618 2984 3681; x_wconf 88' lang='lat' dir='ltr'><strong>dictum,</strong></span> <span class='ocrx_word' id='word_1_498' title='bbox 3049 3612 3212 3670; x_wconf 78' lang='lat' dir='ltr'><strong>Pater</strong></span> <span class='ocrx_word' id='word_1_499' title='bbox 3249 3627 3397 3667; x_wconf 71' lang='lat' dir='ltr'><strong>metis</strong></span> 
     </span>
    </p>
   </div>
   <div class='ocr_carea' id='block_1_39' title="bbox 103 3710 2389 3786">
    <p class='ocr_par' dir='ltr' id='par_1_39' title="bbox 103 3710 2389 3786">
     <span class='ocr_line' id='line_1_39' title="bbox 103 3710 2389 3786; baseline -0.003 -15"><span class='ocrx_word' id='word_1_500' title='bbox 103 3731 303 3786; x_wconf 77' lang='lat' dir='ltr'><strong>usque</strong></span> <span class='ocrx_word' id='word_1_501' title='bbox 333 3714 489 3767; x_wconf 82' lang='lat' dir='ltr'><strong>modo</strong></span> <span class='ocrx_word' id='word_1_502' title='bbox 520 3722 785 3781; x_wconf 82' lang='lat' dir='ltr'><strong>operatur,</strong></span> <span class='ocrx_word' id='word_1_503' title='bbox 819 3721 865 3766; x_wconf 82' lang='lat' dir='ltr'><strong>et</strong></span> <span class='ocrx_word' id='word_1_504' title='bbox 899 3730 993 3782; x_wconf 83' lang='lat' dir='ltr'><strong>ego</strong></span> <span class='ocrx_word' id='word_1_505' title='bbox 1019 3730 1226 3779; x_wconf 85' lang='lat' dir='ltr'><strong>operor,</strong></span> <span class='ocrx_word' id='word_1_506' title='bbox 1251 3712 1550 3782; x_wconf 88' lang='lat' dir='ltr'><strong>probatque</strong></span> <span class='ocrx_word' id='word_1_507' title='bbox 1575 3711 1768 3767; x_wconf 85' lang='lat' dir='ltr'><strong>Filium</strong></span> <span class='ocrx_word' id='word_1_508' title='bbox 1795 3712 2053 3781; x_wconf 64' lang='lat' dir='ltr'><strong>aequalem</strong></span> <span class='ocrx_word' id='word_1_509' title='bbox 2077 3726 2200 3767; x_wconf 90' lang='lat' dir='ltr'><strong>esse</strong></span> <span class='ocrx_word' id='word_1_510' title='bbox 2220 3710 2389 3766; x_wconf 66' lang='lat' dir='ltr'><strong>Patri.</strong></span> 
     </span>
    </p>
   </div>
   <div class='ocr_carea' id='block_1_40' title="bbox 190 3796 3399 3875">
    <p class='ocr_par' dir='ltr' id='par_1_40' title="bbox 190 3796 3399 3875">
     <span class='ocr_line' id='line_1_40' title="bbox 190 3796 3399 3875; baseline -0.003 -14"><span class='ocrx_word' id='word_1_511' title='bbox 190 3806 278 3861; x_wconf 74' lang='grc' dir='ltr'><strong>Χ.</strong></span> <span class='ocrx_word' id='word_1_512' title='bbox 323 3804 553 3859; x_wconf 81' lang='lat' dir='ltr'><strong>llumilia</strong></span> <span class='ocrx_word' id='word_1_513' title='bbox 587 3805 790 3859; x_wconf 81' lang='lat' dir='ltr'><strong>decima</strong></span> <span class='ocrx_word' id='word_1_514' title='bbox 828 3804 1009 3858; x_wconf 83' lang='lat' dir='ltr'><strong>habita</strong></span> <span class='ocrx_word' id='word_1_515' title='bbox 1038 3804 1137 3858; x_wconf 80' lang='lat' dir='ltr'><strong>fuit</strong></span> <span class='ocrx_word' id='word_1_516' title='bbox 1168 3805 1218 3858; x_wconf 92' lang='lat' dir='ltr'><strong>in</strong></span> <span class='ocrx_word' id='word_1_517' title='bbox 1249 3804 1475 3860; x_wconf 88' lang='lat' dir='ltr'><strong>ecclesia</strong></span> <span class='ocrx_word' id='word_1_518' title='bbox 1506 3804 1747 3874; x_wconf 81' lang='lat' dir='ltr'><strong>Apostoli</strong></span> <span class='ocrx_word' id='word_1_519' title='bbox 1780 3803 1880 3875; x_wconf 82' lang='grc' dir='ltr'><strong>(α),</strong></span> <span class='ocrx_word' id='word_1_520' title='bbox 1916 3813 2202 3873; x_wconf 85' lang='lat' dir='ltr'><strong>postquam</strong></span> <span class='ocrx_word' id='word_1_521' title='bbox 2249 3819 2417 3859; x_wconf 89' lang='lat' dir='ltr'><strong>senex</strong></span> <span class='ocrx_word' id='word_1_522' title='bbox 2471 3803 2691 3873; x_wconf 87' lang='lat' dir='ltr'><strong>quidam</strong></span> <span class='ocrx_word' id='word_1_523' title='bbox 2725 3801 3012 3870; x_wconf 89' lang='lat' dir='ltr'><strong>episcopus</strong></span> <span class='ocrx_word' id='word_1_524' title='bbox 3052 3807 3179 3853; x_wconf 90' lang='lat' dir='ltr'><strong>ante</strong></span> <span class='ocrx_word' id='word_1_525' title='bbox 3229 3796 3399 3870; x_wconf 85' lang='lat' dir='ltr'><strong>Chry-</strong></span> 
     </span>
    </p>
   </div>
   <div class='ocr_carea' id='block_1_41' title="bbox 103 3894 3402 3970">
    <p class='ocr_par' dir='ltr' id='par_1_41' title="bbox 103 3894 3402 3970">
     <span class='ocr_line' id='line_1_41' title="bbox 103 3894 3402 3970; baseline -0.003 -12"><span class='ocrx_word' id='word_1_526' title='bbox 103 3912 447 3958; x_wconf 82' lang='lat' dir='ltr'><strong>sostomum</strong></span> <span class='ocrx_word' id='word_1_527' title='bbox 478 3899 828 3954; x_wconf 90' lang='lat' dir='ltr'><strong>concionatus</strong></span> <span class='ocrx_word' id='word_1_528' title='bbox 859 3898 1068 3954; x_wconf 79' lang='lat' dir='ltr'><strong>fuerat:</strong></span> <span class='ocrx_word' id='word_1_529' title='bbox 1101 3900 1355 3970; x_wconf 87' lang='lat' dir='ltr'><strong>quodque</strong></span> <span class='ocrx_word' id='word_1_530' title='bbox 1386 3900 1787 3956; x_wconf 84' lang='lat' dir='ltr'><strong>observandum</strong></span> <span class='ocrx_word' id='word_1_531' title='bbox 1816 3914 1924 3965; x_wconf 75' lang='lat' dir='ltr'><strong>est,</strong></span> <span class='ocrx_word' id='word_1_532' title='bbox 1960 3899 2107 3955; x_wconf 90' lang='lat' dir='ltr'><strong>illum</strong></span> <span class='ocrx_word' id='word_1_533' title='bbox 2140 3914 2347 3967; x_wconf 88' lang='lat' dir='ltr'><strong>senem,</strong></span> <span class='ocrx_word' id='word_1_534' title='bbox 2386 3909 2441 3955; x_wconf 91' lang='lat' dir='ltr'><strong>et</strong></span> <span class='ocrx_word' id='word_1_535' title='bbox 2472 3915 2531 3955; x_wconf 91' lang='lat' dir='ltr'><strong>se</strong></span> <span class='ocrx_word' id='word_1_536' title='bbox 2556 3899 2811 3968; x_wconf 86' lang='lat' dir='ltr'><strong>juvenem</strong></span> <span class='ocrx_word' id='word_1_537' title='bbox 2844 3906 3023 3962; x_wconf 87' lang='lat' dir='ltr'><strong>vocat,</strong></span> <span class='ocrx_word' id='word_1_538' title='bbox 3054 3894 3159 3951; x_wconf 89' lang='lat' dir='ltr'><strong>etsi</strong></span> <span class='ocrx_word' id='word_1_539' title='bbox 3185 3909 3252 3950; x_wconf 83' lang='lat' dir='ltr'><strong>ex</strong></span> <span class='ocrx_word' id='word_1_540' title='bbox 3282 3895 3402 3947; x_wconf 85' lang='lat' dir='ltr'><strong>vul-</strong></span> 
     </span>
    </p>
   </div>
   <div class='ocr_carea' id='block_1_42' title="bbox 102 3986 1589 4064">
    <p class='ocr_par' dir='ltr' id='par_1_42' title="bbox 102 3986 1589 4064">
     <span class='ocr_line' id='line_1_42' title="bbox 102 3986 1589 4064; baseline -0.001 -19"><span class='ocrx_word' id='word_1_541' title='bbox 102 3991 248 4064; x_wconf 71' lang='lat' dir='ltr'><strong>gari</strong></span> <span class='ocrx_word' id='word_1_542' title='bbox 291 3988 554 4058; x_wconf 81' lang='lat' dir='ltr'><strong>Opinione</strong></span> <span class='ocrx_word' id='word_1_543' title='bbox 581 4002 783 4041; x_wconf 89' lang='lat' dir='ltr'><strong>annum</strong></span> <span class='ocrx_word' id='word_1_544' title='bbox 814 3986 884 4042; x_wconf 79' lang='lat'><strong>52</strong></span> <span class='ocrx_word' id='word_1_545' title='bbox 912 3988 1024 4057; x_wconf 89' lang='lat' dir='ltr'><strong>jam</strong></span> <span class='ocrx_word' id='word_1_546' title='bbox 1054 4002 1309 4044; x_wconf 86' lang='lat' dir='ltr'><strong>emensus</strong></span> <span class='ocrx_word' id='word_1_547' title='bbox 1340 4001 1459 4043; x_wconf 88' lang='lat' dir='ltr'><strong>erat</strong></span> <span class='ocrx_word' id='word_1_548' title='bbox 1491 3988 1589 4060; x_wconf 90' lang='lat' dir='ltr'><strong>(b).</strong></span> 
     </span>
    </p>
   </div>
   <div class='ocr_carea' id='block_1_43' title="bbox 196 4078 3397 4154">
    <p class='ocr_par' dir='ltr' id='par_1_43' title="bbox 196 4078 3397 4154">
     <span class='ocr_line' id='line_1_43' title="bbox 196 4078 3397 4154; baseline 0 -18"><span class='ocrx_word' id='word_1_549' title='bbox 196 4081 307 4137; x_wconf 76' lang='lat' dir='ltr'><strong>XI.</strong></span> <span class='ocrx_word' id='word_1_550' title='bbox 346 4080 642 4136; x_wconf 88' lang='lat' dir='ltr'><strong>Undecima</strong></span> <span class='ocrx_word' id='word_1_551' title='bbox 673 4096 888 4150; x_wconf 84' lang='lat' dir='ltr'><strong>quoque</strong></span> <span class='ocrx_word' id='word_1_552' title='bbox 910 4090 965 4136; x_wconf 89' lang='lat' dir='ltr'><strong>et</strong></span> <span class='ocrx_word' id='word_1_553' title='bbox 1000 4090 1273 4151; x_wconf 87' lang='lat' dir='ltr'><strong>postrema</strong></span> <span class='ocrx_word' id='word_1_554' title='bbox 1339 4083 1559 4141; x_wconf 89' lang='lat' dir='ltr'><strong>homilia</strong></span> <span class='ocrx_word' id='word_1_555' title='bbox 1595 4084 1736 4139; x_wconf 90' lang='lat' dir='ltr'><strong>dicta</strong></span> <span class='ocrx_word' id='word_1_556' title='bbox 1767 4078 1870 4140; x_wconf 79' lang='lat' dir='ltr'><strong>l‘uit</strong></span> <span class='ocrx_word' id='word_1_557' title='bbox 1902 4099 1932 4138; x_wconf 87' lang='lat' dir='ltr'><strong>a</strong></span> <span class='ocrx_word' id='word_1_558' title='bbox 1966 4085 2355 4154; x_wconf 87' lang='lat' dir='ltr'><strong>Cbrysostomo</strong></span> <span class='ocrx_word' id='word_1_559' title='bbox 2384 4084 2498 4153; x_wconf 88' lang='lat' dir='ltr'><strong>(die</strong></span> <span class='ocrx_word' id='word_1_560' title='bbox 2535 4083 2666 4140; x_wconf 77' lang='lat' dir='ltr'><strong>festi</strong></span> <span class='ocrx_word' id='word_1_561' title='bbox 2704 4083 3183 4153; x_wconf 68' lang='lat' dir='ltr'><strong>Machahteorum),</strong></span> <span class='ocrx_word' id='word_1_562' title='bbox 3243 4090 3397 4153; x_wconf 88' lang='lat' dir='ltr'><strong>post-</strong></span> 
     </span>
    </p>
   </div>
   <div class='ocr_carea' id='block_1_44' title="bbox 101 4169 3399 4245">
    <p class='ocr_par' dir='ltr' id='par_1_44' title="bbox 101 4169 3399 4245">
     <span class='ocr_line' id='line_1_44' title="bbox 101 4169 3399 4245; baseline -0 -21"><span class='ocrx_word' id='word_1_563' title='bbox 101 4188 306 4243; x_wconf 82' lang='lat' dir='ltr'><strong>quam</strong></span> <span class='ocrx_word' id='word_1_564' title='bbox 337 4186 506 4226; x_wconf 85' lang='lat' dir='ltr'><strong>senex</strong></span> <span class='ocrx_word' id='word_1_565' title='bbox 538 4172 755 4242; x_wconf 88' lang='lat' dir='ltr'><strong>quidam</strong></span> <span class='ocrx_word' id='word_1_566' title='bbox 778 4172 1131 4227; x_wconf 87' lang='lat' dir='ltr'><strong>concionatus</strong></span> <span class='ocrx_word' id='word_1_567' title='bbox 1171 4173 1363 4228; x_wconf 79' lang='lat' dir='ltr'><strong>luerat-</strong></span> <span class='ocrx_word' id='word_1_568' title='bbox 1421 4172 1477 4228; x_wconf 87' lang='lat' dir='ltr'><strong>ld</strong></span> <span class='ocrx_word' id='word_1_569' title='bbox 1507 4175 1680 4244; x_wconf 89' lang='lat' dir='ltr'><strong>ipsum</strong></span> <span class='ocrx_word' id='word_1_570' title='bbox 1716 4189 1858 4245; x_wconf 57' lang='lat' dir='ltr'><strong>saepe</strong></span> <span class='ocrx_word' id='word_1_571' title='bbox 1892 4175 2159 4241; x_wconf 87' lang='lat' dir='ltr'><strong>videmus,</strong></span> <span class='ocrx_word' id='word_1_572' title='bbox 2185 4176 2322 4230; x_wconf 91' lang='lat' dir='ltr'><strong>duas</strong></span> <span class='ocrx_word' id='word_1_573' title='bbox 2349 4190 2541 4244; x_wconf 86' lang='lat' dir='ltr'><strong>nempe</strong></span> <span class='ocrx_word' id='word_1_574' title='bbox 2577 4184 2632 4230; x_wconf 90' lang='lat' dir='ltr'><strong>et</strong></span> <span class='ocrx_word' id='word_1_575' title='bbox 2664 4174 2957 4243; x_wconf 90' lang='lat' dir='ltr'><strong>aliquando</strong></span> <span class='ocrx_word' id='word_1_576' title='bbox 2990 4183 3100 4228; x_wconf 89' lang='lat' dir='ltr'><strong>tres</strong></span> <span class='ocrx_word' id='word_1_577' title='bbox 3149 4169 3399 4226; x_wconf 82' lang='lat' dir='ltr'><strong>homilias</strong></span> 
     </span>
    </p>
   </div>
   <div class='ocr_carea' id='block_1_45' title="bbox 94 4264 3401 4343">
    <p class='ocr_par' dir='ltr' id='par_1_45' title="bbox 94 4264 3401 4343">
     <span class='ocr_line' id='line_1_45' title="bbox 94 4264 3401 4343; baseline -0.002 -19"><span class='ocrx_word' id='word_1_578' title='bbox 94 4266 494 4324; x_wconf 73' lang='lat' dir='ltr'><strong>continenter</strong></span> <span class='ocrx_word' id='word_1_579' title='bbox 517 4265 703 4320; x_wconf 86' lang='lat' dir='ltr'><strong>haberi</strong></span> <span class='ocrx_word' id='word_1_580' title='bbox 729 4264 782 4318; x_wconf 93' lang='lat' dir='ltr'><strong>in</strong></span> <span class='ocrx_word' id='word_1_581' title='bbox 814 4267 1004 4319; x_wconf 85' lang='lat' dir='ltr'><strong>eadem</strong></span> <span class='ocrx_word' id='word_1_582' title='bbox 1034 4266 1262 4321; x_wconf 88' lang='lat' dir='ltr'><strong>ecclesia</strong></span> <span class='ocrx_word' id='word_1_583' title='bbox 1297 4274 1352 4319; x_wconf 90' lang='lat' dir='ltr'><strong>et</strong></span> <span class='ocrx_word' id='word_1_584' title='bbox 1381 4265 1571 4321; x_wconf 86' lang='lat' dir='ltr'><strong>eodem</strong></span> <span class='ocrx_word' id='word_1_585' title='bbox 1622 4268 1873 4322; x_wconf 88' lang='lat' dir='ltr'><strong>audiente</strong></span> <span class='ocrx_word' id='word_1_586' title='bbox 1929 4269 2148 4339; x_wconf 88' lang='lat' dir='ltr'><strong>populo.</strong></span> <span class='ocrx_word' id='word_1_587' title='bbox 2207 4267 2263 4324; x_wconf 93' lang='lat' dir='ltr'><strong>ln</strong></span> <span class='ocrx_word' id='word_1_588' title='bbox 2320 4270 2425 4324; x_wconf 88' lang='lat' dir='ltr'><strong>hac</strong></span> <span class='ocrx_word' id='word_1_589' title='bbox 2470 4279 2655 4324; x_wconf 86' lang='lat' dir='ltr'><strong>autem</strong></span> <span class='ocrx_word' id='word_1_590' title='bbox 2711 4270 2823 4338; x_wconf 84' lang='lat' dir='ltr'><strong>agit</strong></span> <span class='ocrx_word' id='word_1_591' title='bbox 2855 4267 3277 4343; x_wconf 72' lang='lat' dir='ltr'><strong>(lbrysostomus</strong></span> <span class='ocrx_word' id='word_1_592' title='bbox 3333 4267 3401 4320; x_wconf 89' lang='lat' dir='ltr'><strong>de</strong></span> 
     </span>
    </p>
   </div>
   <div class='ocr_carea' id='block_1_46' title="bbox 105 4358 2250 4435">
    <p class='ocr_par' dir='ltr' id='par_1_46' title="bbox 105 4358 2250 4435">
     <span class='ocr_line' id='line_1_46' title="bbox 105 4358 2250 4435; baseline 0.001 -18"><span class='ocrx_word' id='word_1_593' title='bbox 105 4363 411 4418; x_wconf 68' lang='lat' dir='ltr'><strong>Eleazaro</strong></span> <span class='ocrx_word' id='word_1_594' title='bbox 437 4370 492 4414; x_wconf 90' lang='lat' dir='ltr'><strong>et</strong></span> <span class='ocrx_word' id='word_1_595' title='bbox 522 4358 589 4414; x_wconf 87' lang='lat' dir='ltr'><strong>de</strong></span> <span class='ocrx_word' id='word_1_596' title='bbox 604 4358 947 4426; x_wconf 72' lang='lat' dir='ltr'><strong>Machabtcis,</strong></span> <span class='ocrx_word' id='word_1_597' title='bbox 981 4376 1116 4430; x_wconf 89' lang='lat' dir='ltr'><strong>quos</strong></span> <span class='ocrx_word' id='word_1_598' title='bbox 1147 4363 1339 4431; x_wconf 87' lang='lat' dir='ltr'><strong>probat</strong></span> <span class='ocrx_word' id='word_1_599' title='bbox 1362 4361 1448 4417; x_wconf 90' lang='lat' dir='ltr'><strong>ille</strong></span> <span class='ocrx_word' id='word_1_600' title='bbox 1470 4376 1569 4431; x_wconf 93' lang='lat' dir='ltr'><strong>pro</strong></span> <span class='ocrx_word' id='word_1_601' title='bbox 1596 4361 1817 4419; x_wconf 89' lang='lat' dir='ltr'><strong>Christo</strong></span> <span class='ocrx_word' id='word_1_602' title='bbox 1846 4379 2034 4435; x_wconf 89' lang='lat' dir='ltr'><strong>passos</strong></span> <span class='ocrx_word' id='word_1_603' title='bbox 2065 4366 2250 4422; x_wconf 84' lang='lat' dir='ltr'><strong>fuisse.</strong></span> 
     </span>
    </p>
   </div>
   <div class='ocr_carea' id='block_1_47' title="bbox 187 4559 3398 4632">
    <p class='ocr_par' dir='ltr' id='par_1_47' title="bbox 187 4559 3398 4632">
     <span class='ocr_line' id='line_1_47' title="bbox 187 4559 3398 4632; baseline 0.001 -22"><span class='ocrx_word' id='word_1_604' title='bbox 187 4560 277 4624; x_wconf 69' lang='grc' dir='ltr'><strong>(ιι)</strong></span> <span class='ocrx_word' id='word_1_605' title='bbox 309 4559 1302 4632; x_wconf 32' lang='lat' dir='ltr'><strong>blatthaeiuscontenditillamhomiliqm</strong></span> <span class='ocrx_word' id='word_1_606' title='bbox 1335 4563 1552 4632; x_wconf 74' lang='lat' dir='ltr'><strong>habitam</strong></span> <span class='ocrx_word' id='word_1_607' title='bbox 1591 4563 1752 4632; x_wconf 72' lang='lat' dir='ltr'><strong>fuisse</strong></span> <span class='ocrx_word' id='word_1_608' title='bbox 1779 4565 2070 4632; x_wconf 40' lang='lat' dir='ltr'><strong>meoet-esis</strong></span> <span class='ocrx_word' id='word_1_609' title='bbox 2087 4565 2483 4632; x_wconf 44' lang='lat' dir='ltr'><strong>Apostolorum,</strong></span> <span class='ocrx_word' id='word_1_610' title='bbox 2513 4561 2563 4613; x_wconf 92' lang='lat' dir='ltr'><strong>id</strong></span> <span class='ocrx_word' id='word_1_611' title='bbox 2587 4576 2742 4632; x_wconf 72' lang='lat' dir='ltr'><strong>exeo</strong></span> <span class='ocrx_word' id='word_1_612' title='bbox 2754 4562 3040 4632; x_wconf 57' lang='lat' dir='ltr'><strong>conjiciens</strong></span> <span class='ocrx_word' id='word_1_613' title='bbox 3062 4565 3201 4632; x_wconf 69' lang='lat' dir='ltr'><strong>quod</strong></span> <span class='ocrx_word' id='word_1_614' title='bbox 3227 4563 3285 4632; x_wconf 82' lang='lat' dir='ltr'><strong>in</strong></span> <span class='ocrx_word' id='word_1_615' title='bbox 3307 4566 3398 4632; x_wconf 85' lang='lat' dir='ltr'><strong>de—_</strong></span> 
     </span>
    </p>
   </div>
   <div class='ocr_carea' id='block_1_48' title="bbox 98 4622 3399 4688">
    <p class='ocr_par' dir='ltr' id='par_1_48' title="bbox 98 4622 3399 4688">
     <span class='ocr_line' id='line_1_48' title="bbox 98 4622 3399 4688; baseline 0 -13"><span class='ocrx_word' id='word_1_616' title='bbox 98 4622 292 4675; x_wconf 75' lang='lat' dir='ltr'><strong>cui-su</strong></span> <span class='ocrx_word' id='word_1_617' title='bbox 321 4622 713 4688; x_wconf 69' lang='lat' dir='ltr'><strong>illius_d_icatur_:</strong></span> <span class='ocrx_word' id='word_1_618' title='bbox 732 4622 815 4688; x_wconf 10' lang='lat' dir='ltr'><strong>7A4</strong></span> <span class='ocrx_word' id='word_1_619' title='bbox 849 4624 1187 4681; x_wconf 71' lang='lat' dir='ltr'><strong>Apostolorum</strong></span> <span class='ocrx_word' id='word_1_620' title='bbox 1215 4622 1611 4688; x_wconf 8' lang='lat' dir='ltr'><strong>tliecusgvenimus</strong></span> <span class='ocrx_word' id='word_1_621' title='bbox 1642 4628 1770 4683; x_wconf 86' lang='lat' dir='ltr'><strong>(Col.</strong></span> <span class='ocrx_word' id='word_1_622' title='bbox 1798 4623 2016 4675; x_wconf 59' lang='lat'><strong>526.1131.</strong></span> <span class='ocrx_word' id='word_1_623' title='bbox 2042 4622 2153 4686; x_wconf 51' lang='lat' dir='ltr'><strong>Si):</strong></span> <span class='ocrx_word' id='word_1_624' title='bbox 2187 4626 2323 4675; x_wconf 84' lang='lat' dir='ltr'><strong>Idem</strong></span> <span class='ocrx_word' id='word_1_625' title='bbox 2351 4640 2410 4674; x_wconf 80' lang='lat' dir='ltr'><strong>ex</strong></span> <span class='ocrx_word' id='word_1_626' title='bbox 2438 4622 2510 4674; x_wconf 68' lang='lat' dir='ltr'><strong>bis</strong></span> <span class='ocrx_word' id='word_1_627' title='bbox 2540 4626 2722 4683; x_wconf 87' lang='lat' dir='ltr'><strong>verbis,</strong></span> <span class='ocrx_word' id='word_1_628' title='bbox 2750 4622 2823 4674; x_wconf 84' lang='lat' dir='ltr'><strong>Iis</strong></span> <span class='ocrx_word' id='word_1_629' title='bbox 2847 4622 2957 4688; x_wconf 76' lang='lat' dir='ltr'><strong>qua:</strong></span> <span class='ocrx_word' id='word_1_630' title='bbox 2977 4622 3125 4688; x_wconf 61' lang='lat' dir='ltr'><strong>hodie</strong></span> <span class='ocrx_word' id='word_1_631' title='bbox 3145 4623 3267 4676; x_wconf 79' lang='lat' dir='ltr'><strong>lecta</strong></span> <span class='ocrx_word' id='word_1_632' title='bbox 3290 4628 3399 4676; x_wconf 71' lang='lat' dir='ltr'><strong>sunt</strong></span> 
     </span>
    </p>
   </div>
   <div class='ocr_carea' id='block_1_49' title="bbox 106 4680 3398 4757">
    <p class='ocr_par' dir='ltr' id='par_1_49' title="bbox 106 4680 3398 4757">
     <span class='ocr_line' id='line_1_49' title="bbox 106 4680 3398 4757; baseline 0.001 -22"><span class='ocrx_word' id='word_1_633' title='bbox 106 4680 554 4757; x_wconf 45' lang='grc' dir='ltr'><strong>(ωηερευᾷίαιεξεε</strong></span> <span class='ocrx_word' id='word_1_634' title='bbox 573 4682 623 4739; x_wconf 88' lang='lat'><strong>9,</strong></span> <span class='ocrx_word' id='word_1_635' title='bbox 650 4683 742 4757; x_wconf 42' lang='lat'><strong>3&#39;7)</strong></span> <span class='ocrx_word' id='word_1_636' title='bbox 775 4680 944 4757; x_wconf 69' lang='lat' dir='ltr'><strong>demus</strong></span> <span class='ocrx_word' id='word_1_637' title='bbox 967 4696 1194 4757; x_wconf 74' lang='lat' dir='ltr'><strong>operam,</strong></span> <span class='ocrx_word' id='word_1_638' title='bbox 1220 4698 1331 4757; x_wconf 59' lang='lat' dir='ltr'><strong>qua:</strong></span> <span class='ocrx_word' id='word_1_639' title='bbox 1355 4685 1557 4757; x_wconf 76' lang='lat' dir='ltr'><strong>ibidem,</strong></span> <span class='ocrx_word' id='word_1_640' title='bbox 1583 4680 1693 4757; x_wconf 63' lang='lat' dir='ltr'><strong>post</strong></span> <span class='ocrx_word' id='word_1_641' title='bbox 1713 4689 1904 4757; x_wconf 74' lang='lat' dir='ltr'><strong>aliquot</strong></span> <span class='ocrx_word' id='word_1_642' title='bbox 1930 4689 2089 4757; x_wconf 75' lang='lat' dir='ltr'><strong>lineas</strong></span> <span class='ocrx_word' id='word_1_643' title='bbox 2109 4680 2364 4757; x_wconf 72' lang='lat' dir='ltr'><strong>leguntur,</strong></span> <span class='ocrx_word' id='word_1_644' title='bbox 2390 4701 2489 4757; x_wconf 81' lang='lat' dir='ltr'><strong>quo</strong></span> <span class='ocrx_word' id='word_1_645' title='bbox 2504 4680 2741 4757; x_wconf 66' lang='lat' dir='ltr'><strong>tempore</strong></span> <span class='ocrx_word' id='word_1_646' title='bbox 2776 4680 2988 4757; x_wconf 70' lang='lat' dir='ltr'><strong>homilia</strong></span> <span class='ocrx_word' id='word_1_647' title='bbox 3016 4684 3180 4757; x_wconf 64' lang='lat' dir='ltr'><strong>habita</strong></span> <span class='ocrx_word' id='word_1_648' title='bbox 3216 4688 3398 4757; x_wconf 64' lang='lat' dir='ltr'><strong>fuerit.</strong></span> 
     </span>
    </p>
   </div>
   <div class='ocr_carea' id='block_1_50' title="bbox 102 4744 3401 4815">
    <p class='ocr_par' dir='ltr' id='par_1_50' title="bbox 102 4744 3401 4815">
     <span class='ocr_line' id='line_1_50' title="bbox 102 4744 3401 4815; baseline 0 -18"><span class='ocrx_word' id='word_1_649' title='bbox 102 4744 421 4815; x_wconf 57' lang='lat' dir='ltr'><strong>Concludit.</strong></span> <span class='ocrx_word' id='word_1_650' title='bbox 451 4758 469 4789; x_wconf 72' lang='grc' dir='ltr'>ι</span> <span class='ocrx_word' id='word_1_651' title='bbox 501 4744 844 4815; x_wconf 37' lang='grc' dir='ltr'><strong>Ηίιιρηίιιαυίι,</strong></span> <span class='ocrx_word' id='word_1_652' title='bbox 872 4744 1061 4795; x_wconf 81' lang='lat' dir='ltr'><strong>constat</strong></span> <span class='ocrx_word' id='word_1_653' title='bbox 1091 4744 1303 4815; x_wconf 71' lang='lat' dir='ltr'><strong>quodie</strong></span> <span class='ocrx_word' id='word_1_654' title='bbox 1322 4750 1446 4795; x_wconf 86' lang='lat' dir='ltr'><strong>hanc</strong></span> <span class='ocrx_word' id='word_1_655' title='bbox 1487 4744 1995 4815; x_wconf 37' lang='lat' dir='ltr'><strong>houiiliam_ba‘buerit</strong></span> <span class='ocrx_word' id='word_1_656' title='bbox 2034 4764 2054 4815; x_wconf 39' lang='grc' dir='ltr'><strong>ε,</strong></span> <span class='ocrx_word' id='word_1_657' title='bbox 2083 4744 2319 4815; x_wconf 22' lang='grc' dir='ltr'><strong>ιιλὶῃῆιξιιηι-</strong></span> <span class='ocrx_word' id='word_1_658' title='bbox 2342 4744 2597 4815; x_wconf 72' lang='lat' dir='ltr'><strong>tricesimo</strong></span> <span class='ocrx_word' id='word_1_659' title='bbox 2623 4744 2817 4797; x_wconf 61' lang='lat' dir='ltr'><strong>&#39;mensis</strong></span> <span class='ocrx_word' id='word_1_660' title='bbox 2854 4749 3012 4815; x_wconf 72' lang='lat' dir='ltr'><strong>Junii.</strong></span> <span class='ocrx_word' id='word_1_661' title='bbox 3049 4748 3120 4796; x_wconf 83' lang='lat' dir='ltr'><strong>Eo</strong></span> <span class='ocrx_word' id='word_1_662' title='bbox 3150 4750 3293 4815; x_wconf 14' lang='lat' dir='ltr'><strong>enim»</strong></span> <span class='ocrx_word' id='word_1_663' title='bbox 3316 4749 3401 4797; x_wconf 81' lang='lat' dir='ltr'><strong>die</strong></span> 
     </span>
    </p>
   </div>
   <div class='ocr_carea' id='block_1_51' title="bbox 98 4807 3400 4870">
    <p class='ocr_par' dir='ltr' id='par_1_51' title="bbox 98 4807 3400 4870">
     <span class='ocr_line' id='line_1_51' title="bbox 98 4807 3400 4870; baseline -0 -11"><span class='ocrx_word' id='word_1_664' title='bbox 98 4810 437 4858; x_wconf 76' lang='lat' dir='ltr'><strong>celebratur</strong></span> <span class='ocrx_word' id='word_1_665' title='bbox 459 4810 690 4855; x_wconf 87' lang='lat' dir='ltr'><strong>memoria</strong></span> <span class='ocrx_word' id='word_1_666' title='bbox 717 4820 781 4856; x_wconf 83' lang='lat' dir='ltr'><strong>xit</strong></span> <span class='ocrx_word' id='word_1_667' title='bbox 804 4815 1155 4868; x_wconf 56' lang='lat' dir='ltr'><strong>apustotorutn.</strong></span> <span class='ocrx_word' id='word_1_668' title='bbox 1185 4807 1390 4870; x_wconf 81' lang='lat' dir='ltr'><strong>Legitur</strong></span> <span class='ocrx_word' id='word_1_669' title='bbox 1412 4816 1577 4858; x_wconf 75' lang='lat' dir='ltr'><strong>auten.</strong></span> <span class='ocrx_word' id='word_1_670' title='bbox 1614 4809 1785 4859; x_wconf 70' lang='lat' dir='ltr'><strong>Mali/1.</strong></span> <span class='ocrx_word' id='word_1_671' title='bbox 1816 4810 1866 4868; x_wconf 88' lang='lat'><strong>9,</strong></span> <span class='ocrx_word' id='word_1_672' title='bbox 1892 4812 1953 4859; x_wconf 76' lang='lat'><strong>56</strong></span> <span class='ocrx_word' id='word_1_673' title='bbox 1988 4807 2054 4858; x_wconf 83' lang='lat' dir='ltr'><strong>ad</strong></span> <span class='ocrx_word' id='word_1_674' title='bbox 2104 4812 2177 4869; x_wconf 87' lang='lat' dir='ltr'><strong>l0,</strong></span> <span class='ocrx_word' id='word_1_675' title='bbox 2208 4812 2256 4859; x_wconf 91' lang='lat'><strong>8.</strong></span> <span class='ocrx_word' id='word_1_676' title='bbox 2301 4811 2351 4860; x_wconf 87' lang='lat' dir='ltr'><strong>Id</strong></span> <span class='ocrx_word' id='word_1_677' title='bbox 2388 4812 2504 4859; x_wconf 88' lang='lat' dir='ltr'><strong>mibi</strong></span> <span class='ocrx_word' id='word_1_678' title='bbox 2545 4818 2714 4859; x_wconf 88' lang='lat' dir='ltr'><strong>notum</strong></span> <span class='ocrx_word' id='word_1_679' title='bbox 2747 4818 2825 4859; x_wconf 88' lang='lat' dir='ltr'><strong>est</strong></span> <span class='ocrx_word' id='word_1_680' title='bbox 2855 4823 2916 4858; x_wconf 74' lang='lat' dir='ltr'><strong>ex</strong></span> <span class='ocrx_word' id='word_1_681' title='bbox 2944 4808 3231 4869; x_wconf 77' lang='lat' dir='ltr'><strong>Synaxariis</strong></span> <span class='ocrx_word' id='word_1_682' title='bbox 3265 4811 3400 4858; x_wconf 63' lang='lat' dir='ltr'><strong>Crte—</strong></span> 
     </span>
    </p>
   </div>
   <div class='ocr_carea' id='block_1_52' title="bbox 98 4883 388 4921">
    <p class='ocr_par' dir='ltr' id='par_1_52' title="bbox 98 4883 388 4921">
     <span class='ocr_line' id='line_1_52' title="bbox 98 4883 388 4921; baseline -0.017 -1"><span class='ocrx_word' id='word_1_683' title='bbox 98 4884 335 4921; x_wconf 76' lang='lat' dir='ltr'><strong>COI’UID.</strong></span> <span class='ocrx_word' id='word_1_684' title='bbox 368 4883 388 4915; x_wconf 71' lang='grc' dir='ltr'><strong><em>ι</em></strong></span> 
     </span>
    </p>
   </div>
   <div class='ocr_carea' id='block_1_53' title="bbox 191 4929 3399 5001">
    <p class='ocr_par' dir='ltr' id='par_1_53' title="bbox 191 4929 3399 5001">
     <span class='ocr_line' id='line_1_53' title="bbox 191 4929 3399 5001; baseline 0.001 -22"><span class='ocrx_word' id='word_1_685' title='bbox 191 4931 276 4992; x_wconf 80' lang='lat' dir='ltr'><strong>(b)</strong></span> <span class='ocrx_word' id='word_1_686' title='bbox 310 4930 585 5000; x_wconf 82' lang='lat' dir='ltr'><strong>Perperam</strong></span> <span class='ocrx_word' id='word_1_687' title='bbox 609 4929 713 5001; x_wconf 69' lang='lat' dir='ltr'><strong>haec</strong></span> <span class='ocrx_word' id='word_1_688' title='bbox 738 4936 911 4978; x_wconf 82' lang='lat' dir='ltr'><strong>notant</strong></span> <span class='ocrx_word' id='word_1_689' title='bbox 932 4929 1264 5001; x_wconf 65' lang='lat' dir='ltr'><strong>Benedictiui,</strong></span> <span class='ocrx_word' id='word_1_690' title='bbox 1285 4944 1394 4980; x_wconf 85' lang='lat' dir='ltr'><strong>cum</strong></span> <span class='ocrx_word' id='word_1_691' title='bbox 1433 4931 1480 4980; x_wconf 90' lang='lat' dir='ltr'><strong>in</strong></span> <span class='ocrx_word' id='word_1_692' title='bbox 1497 4933 1596 5001; x_wconf 69' lang='lat' dir='ltr'><strong>liae</strong></span> <span class='ocrx_word' id='word_1_693' title='bbox 1623 4933 1824 5001; x_wconf 75' lang='lat' dir='ltr'><strong>liomilia</strong></span> <span class='ocrx_word' id='word_1_694' title='bbox 1852 4932 2131 5001; x_wconf 70' lang='lat' dir='ltr'><strong>minimese</strong></span> <span class='ocrx_word' id='word_1_695' title='bbox 2150 4935 2389 4996; x_wconf 78' lang='lat' dir='ltr'><strong>juvenem</strong></span> <span class='ocrx_word' id='word_1_696' title='bbox 2411 4937 2570 5001; x_wconf 79' lang='lat' dir='ltr'><strong>vocet,</strong></span> <span class='ocrx_word' id='word_1_697' title='bbox 2592 4933 2683 5001; x_wconf 79' lang='lat' dir='ltr'><strong>sed</strong></span> <span class='ocrx_word' id='word_1_698' title='bbox 2710 4935 2995 5001; x_wconf 75' lang='lat' dir='ltr'><strong>episcopum</strong></span> <span class='ocrx_word' id='word_1_699' title='bbox 3018 4933 3104 4994; x_wconf 88' lang='lat' dir='ltr'><strong>qui</strong></span> <span class='ocrx_word' id='word_1_700' title='bbox 3124 4938 3240 4982; x_wconf 77' lang='lat' dir='ltr'><strong>ante</strong></span> <span class='ocrx_word' id='word_1_701' title='bbox 3260 4933 3399 4982; x_wconf 76' lang='lat' dir='ltr'><strong>illum</strong></span> 
     </span>
    </p>
   </div>
   <div class='ocr_carea' id='block_1_54' title="bbox 100 4994 2937 5059">
    <p class='ocr_par' dir='ltr' id='par_1_54' title="bbox 100 4994 2937 5059">
     <span class='ocr_line' id='line_1_54' title="bbox 100 4994 2937 5059; baseline 0.001 -18"><span class='ocrx_word' id='word_1_702' title='bbox 100 5002 245 5043; x_wconf 78' lang='lat' dir='ltr'><strong>erat.</strong></span> <span class='ocrx_word' id='word_1_703' title='bbox 277 4994 623 5051; x_wconf 81' lang='lat' dir='ltr'><strong>concionatus,</strong></span> <span class='ocrx_word' id='word_1_704' title='bbox 646 4994 881 5054; x_wconf 86' lang='lat' dir='ltr'><strong>juvenem</strong></span> <span class='ocrx_word' id='word_1_705' title='bbox 907 4994 1050 5042; x_wconf 82' lang='lat' dir='ltr'><strong>simul</strong></span> <span class='ocrx_word' id='word_1_706' title='bbox 1072 4998 1125 5043; x_wconf 83' lang='lat' dir='ltr'><strong>el</strong></span> <span class='ocrx_word' id='word_1_707' title='bbox 1147 5004 1317 5041; x_wconf 76' lang='lat' dir='ltr'><strong>senem</strong></span> <span class='ocrx_word' id='word_1_708' title='bbox 1345 5006 1454 5042; x_wconf 83' lang='lat' dir='ltr'><strong>esse</strong></span> <span class='ocrx_word' id='word_1_709' title='bbox 1482 4994 1628 5052; x_wconf 81' lang='lat' dir='ltr'><strong>dicat,</strong></span> <span class='ocrx_word' id='word_1_710' title='bbox 1662 4994 1754 5044; x_wconf 83' lang='lat' dir='ltr'><strong>sub</strong></span> <span class='ocrx_word' id='word_1_711' title='bbox 1777 4995 1962 5057; x_wconf 82' lang='lat' dir='ltr'><strong>duplici</strong></span> <span class='ocrx_word' id='word_1_712' title='bbox 1986 4994 2177 5046; x_wconf 73' lang='lat' dir='ltr'><strong>sciltccl</strong></span> <span class='ocrx_word' id='word_1_713' title='bbox 2205 5000 2432 5057; x_wconf 71' lang='lat' dir='ltr'><strong>respectu</strong></span> <span class='ocrx_word' id='word_1_714' title='bbox 2457 4996 2603 5045; x_wconf 86' lang='lat' dir='ltr'><strong>animi</strong></span> <span class='ocrx_word' id='word_1_715' title='bbox 2629 5002 2681 5045; x_wconf 82' lang='lat' dir='ltr'><strong>el</strong></span> <span class='ocrx_word' id='word_1_716' title='bbox 2700 4994 2937 5059; x_wconf 77' lang='lat' dir='ltr'><strong>COrpct‘is.</strong></span> 
     </span>
    </p>
   </div>
  </div>
