3892 6402
316 245 395 305 ισι
828 237 843 247 ’
919 245 939 299 l
979 244 1278 313 llOMlLIA,
1316 246 1504 316 QUOD
1544 244 2008 314 FREQUENTER
2047 245 2580 307 CONVENIENDUM
2619 248 2749 317 SIT,
2792 250 2945 307 ETC.

3459 253 3566 310 ωε

313 397 3558 446 mm

350 426 1521 439 T—'-—-——————-—__-—bo——o

1299 544 1427 619 SA
1436 545 1682 617 NCTI
1736 544 2130 618 PATRIS
2171 545 2558 619 NOSTBI

689 713 1060 863 JOA
1087 712 1536 859 NNIS
1645 658 3183 879 CHRYSOSTOMI,

1158 934 1762 1001 ARCHIEPISCOPI
1823 933 2759 998 CONSTANTINOPOLITANI
2781 982 2799 1010 ,

301 1101 558 1145 BOMILIA
625 1100 861 1144 ΒΔΒΙΤΔ.
922 1099 989 1143 IN
1050 1097 1382 1145 MARTYRIO
1444 1096 1583 1141 SIVB
1646 1095 1713 1139 IN
1779 1094 1854 1138 EC

1970 1095 2073 1139 BIL
2094 1121 2111 1153 ,
2156 1096 2300 1150 QUB
2361 1098 2475 1141 EST
2498 1099 2559 1143 IN
2583 1097 2865 1149 ANTIQUA
2890 1099 3003 1143 SEU
3033 1102 3261 1144 νιξτιςιι.
3296 1100 3499 1142 PETRA
3533 1128 3550 1153 ,

371 1204 471 1248 UB!
515 1200 699 1245 PAUC!
734 1200 815 1245 OB
864 1200 1195 1244 DELAPSAM
1236 1196 1523 1273 ηυνιωξ
1568 1194 2039 1239 CONVENERAN’I‘
2085 1197 2100 1237 ε

2156 1194 2328 1248 QUOD
2381 1196 2809 1251 PBEQUBNTER
2850 1198 3352 1242 CONVBNIENDUM
3404 1200 3550 1253 ειτς

371 1307 576 1359 NEQUE
619 1304 951 1348 OPORTEA'I‘
1005 1302 1118 1347 EOS
1170 1300 1280 1354 QUI
1322 1300 1386 1343 IN
1445 1295 1742 1341 PECCA'I‘IS
1800 1294 1960 1339 SUN'I‘
2028 1297 2113 1339 DE
2156 1296 2399 1341 SALUTB
2450 1298 2846 1357 υεειιειυη,
2909 1298 3024 1342 881)
3082 1297 3547 1343 POENITENTIAM

359 1408 699 1453 BXBIBERE.

1553 1544 2261 1600 ψ

358 1664 522 1719 Imber
553 1674 598 1719 et
621 1663 782 1719 lutum
809 1663 1042 1734 plurimis
1072 1678 1134 1716 ne
1160 1662 1214 1715 in
1242 1660 1504 1716 ecclesiam
1536 1659 1858 1715 convenirent

286 1771 436 1809 causa
463 1755 581 1825 fuit.
603 1752 829 1819 —Quid
856 1752 958 1807 hoc
995 1753 1116 1807 est?
1139 1766 1261 1808 cum
1291 1759 1563 1820 oporteret
1593 1748 1753 1803 hodie
1782 1758 1864 1802 to-

285 1854 392 1901 tum
418 1844 691 1899 civitatem
726 1843 938 1908 adesse,
971 1857 1038 1898 ne
1078 1842 1300 1897 minima
1326 1840 1541 1912 quidem
1576 1852 1701 1909 pars
1734 1852 1865 1892 con-

283 1938 473 1994 venit?
514 1936 593 1991 An
638 1935 867 1991 fortasse
903 1935 1072 1989 lutum
1111 1945 1166 1990 et
1206 1934 1385 2005 pluvia
1431 1934 1485 1989 in
1523 1947 1682 1987 causa
1722 1929 1864 1986 fuit?

281 2031 467 2099 Apage
494 2045 509 2082 :
538 2041 643 2082 non
664 2026 964 2091 iutum,sed
984 2025 1207 2095 ignavus
1233 2023 1609 2094 demissusque
1627 2021 1860 2076 animus.

279 2123 450 2188 Quam
479 2121 619 2177 enim
647 2122 856 2177 veniam
888 2128 1285 2191 consequantur
1330 2120 1365 2174 ii
1404 2118 1494 2189 qui
1531 2132 1637 2171 non
1666 2130 1863 2170 conve-

280 2222 494 2279 nerunt,
535 2211 747 2281 quando
791 2218 1057 2283 martyres
1081 2210 1295 2281 quidem
1320 2210 1488 2280 ipsam
1534 2207 1695 2261 vitam
1726 2220 1859 2259 con-

281 2314 650 2375 tempserunt;
678 2304 753 2359 illi
784 2319 912 2359 vero
940 2312 994 2358 ut
1042 2305 1305 2366 venirent,
1335 2317 1404 2356 ne
1446 2300 1614 2354 lutum
1642 2296 1857 2368 quidem

274 2398 558 2469 despicere
593 2398 709 2453 ausi
732 2404 857 2451 sunt
880 2396 905 2448 τ
927 2395 1207 2464 Quomodo
1236 2395 1422 2449 beatos
1454 2408 1551 2447 vos
1572 2388 1857 2462 praedicem

272 2490 370 2560 qui
399 2487 762 2544 convenistis?
789 2501 897 2558 quo
924 2496 1080 2557 pacto
1121 2484 1247 2540 illos
1292 2484 1521 2539 miseros
1550 2480 1855 2544 ostendam,

274 2591 390 2634 tum
418 2580 485 2635 ob
509 2580 827 2645 absentiam,
854 2588 963 2633 tum
993 2577 1063 2633 ob
1089 2576 1346 2633 absentia
1385 2573 1645 2629 causam?
1674 2570 1855 2626 Palam

269 2670 421 2725 enim
446 2680 525 2725 est
552 2670 692 2736 illos,
734 2669 1081 2725 saecularibus
1117 2667 1263 2723 curis
1287 2664 1498 2730 aftixos,
1525 2673 1580 2720 et
1610 2661 1860 2733 pecunia-

268 2778 397 2816 rum
435 2776 637 2827 amore,
678 2762 765 2832 qui
794 2760 971 2816 omnia
1010 2758 1340 2830 pessumdat,
1372 2755 1744 2813 vehementius
1772 2754 1859 2809 in-

266 2869 492 2920 censos,
530 2869 562 2909 a
615 2854 867 2924 pratclnra
911 2853 1011 2908 hac
1056 2852 1346 2909 festivitate
1393 2850 1604 2906 abesse.
1658 2848 1856 2904 Verum

265 2944 486 3000 etiamsi
512 2943 709 3007 absint,
739 2944 1099 2999 necessarium
1128 2951 1303 2997 tamen
1334 2956 1431 2997 nec
1455 2940 1552 2996 abs
1577 2955 1640 2995 re
1658 2948 1742 2995 est
1764 2939 1861 2995 ab-

265 3045 460 3088 sentes
487 3033 683 3104 alloqui
714 3051 729 3088 :
758 3032 889 3088 nihil
916 3032 1134 3088 dubium
1173 3033 1371 3103 quippe
1399 3040 1480 3087 est
1502 3071 1515 3095 ,
1546 3044 1642 3086 eos
1670 3028 1785 3084 inec
1826 3044 1856 3082 a

262 3124 433 3180 vobis
488 3140 627 3179 nunc
683 3124 1035 3194 priesentibus
1075 3123 1351 3179 audituros
1377 3137 1497 3179 esse
1527 3141 1540 3177 :
1568 3121 1855 3191 Quousque

264 3218 394 3271 haec
419 3218 757 3286 pecuniarum
782 3216 958 3271 rabies
976 3215 1001 3269 Υ
1018 3231 1296 3288 quousque
1323 3214 1512 3270 fornax
1542 3215 1712 3280 istinc,
1741 3231 1859 3286 qua:

264 3324 566 3377 numquam
609 3308 986 3379 exstinguitur,
1019 3308 1198 3362 omnia
1250 3307 1451 3362 invadit
1487 3318 1544 3363 et
1583 3306 1860 3361 incendit?

263 3399 499 3455 nescitis
527 3399 663 3454 hanc
691 3399 961 3454 ﬂammam
990 3398 1165 3470 ignem
1197 3399 1347 3454 illum
1375 3397 1859 3469 inexstinguibilem

262 3490 508 3559 parere?
535 3489 675 3545 hanc
701 3490 874 3545 tabem
903 3505 1137 3546 vermem
1168 3489 1316 3545 illum
1360 3490 1504 3544 virus
1532 3489 1859 3560 jaculantem

259 3582 667 3651 generare?Si
708 3592 885 3636 autem
925 3582 1225 3653 gehennam
1272 3581 1525 3653 despicis,
1569 3597 1670 3638 nec
1698 3582 1859 3638 verba

262 3673 465 3727 islhwc
500 3675 736 3728 animum
783 3682 931 3729 tuum
970 3682 1329 3741 commovent,
1358 3688 1424 3729 eo
1470 3674 1613 3744 quod
1650 3674 1857 3744 suppli-

259 3764 420 3818 cium
450 3765 501 3817 iu
532 3766 767 3819 futurum
815 3765 1093 3829 mittatur;
1122 3766 1311 3819 saltem
1345 3764 1626 3835 praesentia
1672 3763 1725 3819 id
1764 3764 1859 3821 tibi

258 3855 556 3909 suadeant.
611 3857 803 3909 Annon
858 3855 1006 3911 scitis
1056 3856 1268 3926 qualem
1320 3855 1547 3911 fructum
1584 3856 1658 3927 (α)
1710 3872 1863 3913 amor

256 3950 519 4017 pecunia:
565 3964 735 4019 nuper
785 3948 1133 4003 exhibuerit?
1174 3966 1351 4004 annon
1380 3949 1601 4021 hujusce
1633 3951 1707 4006 rei
1742 3967 1859 4005 mo.

258 4049 535 4093 numenta
586 4039 655 4093 ob
701 4040 887 4093 oculos
944 4039 1185 4095 habetis?
1228 4057 1406 4096 annon
1454 4051 1635 4097 manet
1682 4042 1859 4098 adhuc

256 4131 413 4183 tanti
444 4129 591 4184 exitii
621 4130 1053 4186 demonstratio?
1078 4131 1219 4189 Urbs
1263 4142 1369 4187 tota
1405 4134 1561 4205 plena
1606 4144 1689 4189 est
1729 4136 1860 4190 tanti

255 4219 540 4291 naufragii
569 4222 842 4292 reliquiis:
875 4233 928 4278 et
953 4239 1288 4294 quocumque
1314 4226 1474 4279 etiam
1502 4228 1686 4296 procul
1709 4227 1859 4283 abie-

254 4310 369 4373 ris,
397 4311 548 4379 quasi
577 4312 695 4366 navi
737 4328 928 4383 magna
973 4314 1239 4381 demersa,
1272 4314 1408 4370 alius
1434 4317 1691 4381 tabulam,
1724 4319 1861 4374 alius

252 4417 510 4467 remum,
541 4402 675 4458 alius
702 4405 896 4471 velum,
928 4406 1063 4461 alius
1093 4406 1420 4463 sarcinarum
1455 4422 1655 4479 partem
1695 4428 1860 4482 penes

250 4511 331 4550 se
362 4507 547 4552 servat
596 4506 647 4552 et
697 4499 1045 4554 circumfert:
1079 4502 1149 4555 ita
1181 4501 1336 4571 igitur
1376 4503 1537 4557 etiam
1570 4504 1620 4558 in
1649 4521 1732 4569 ea,
1767 4507 1893 4576 qui“

251 4603 450 4654 nuper
492 4588 704 4652 accidit,
752 4589 1053 4657 eversione,
1093 4591 1230 4648 alius
1271 4591 1453 4661 domo,
1504 4596 1640 4649 alius
1689 4597 1855 4666 agris,

246 4680 413 4734 alius
446 4681 744 4750 mancipiis,
775 4683 911 4736 alius
937 4696 1178 4754 argento,
1205 4685 1342 4741 alius
1372 4701 1504 4741 auro
1520 4687 1662 4741 inter
1690 4704 1748 4743 se
1774 4689 1852 4742 di-

243 4771 539 4834 stributis,
570 4773 733 4827 latum
778 4774 1071 4830 exhibuere
1108 4775 1428 4832 calamitatis
1464 4779 1854 4846 Spectaculnm,

242 4862 675 4934 effeceruntque
702 4873 758 4919 ut
780 4867 1149 4922 concussionis
1176 4867 1373 4938 ubique
1403 4879 1743 4924 monumenta
1772 4869 1859 4923 di-

242 4963 676 5024 spergerentur.
706 4956 773 5010 Et
814 4957 950 5011 alius
998 4958 1210 5029 quidem
1242 4960 1513 5014 insomnes
1558 4960 1859 5029 transigens

237 5055 485 5112 noctes,
525 5061 646 5100 cum
674 5056 753 5102 tot
804 5059 1017 5117 peccata
1058 5066 1121 5104 ex
1156 5050 1245 5104 tali
1294 5050 1524 5106 habendi
1568 5051 1861 5122 cupiditate

237 5138 689 5203 accumulasset‘,
718 5140 879 5196 domo
924 5151 980 5198 et
1026 5142 1156 5197 urbe
1186 5142 1372 5199 relicta
1404 5143 1661 5214 fugitivus
1711 5155 1861 5198 extra

238 5231 398 5285 ﬁnis
448 5245 506 5285 se
545 5233 789 5298 contulit,
820 5234 981 5288 rebus
1006 5233 1072 5287 ad
1105 5232 1303 5289 victum
1332 5236 1652 5291 necessariis
1680 5236 1861 5306 priva-

234 5334 351 5377 tus
375 5339 392 5387 ;
429 5334 482 5377 et
509 5324 745 5392 quotidie
767 5339 825 5379 se
855 5334 1097 5380 extremo
1129 5327 1366 5395 periculo
1383 5327 1593 5395 videns,
1620 5329 1855 5399 gladios,

231 5416 558 5470 carniﬁces
578 5426 634 5470 et
661 5416 909 5471 barathra
939 5418 1255 5488 imaginaris,
1278 5419 1421 5474 mille
1447 5421 1705 5475 mortibus
1735 5437 1860 5493 gra-

323 5573 678 5641 (a)_l‘ruet_nm
712 5587 837 5641 mute
868 5573 1322 5641 appellatrexitium
1354 5577 1593 5641 Eutropii,
1627 5581 1709 5641 qui
1748 5589 1864 5631 ante

228 5638 351 5747 212‘s
399 5636 514 5683 dies
552 5637 631 5685 vix
675 5639 867 5699 triginta
904 5636 965 5686 ex
1005 5638 1193 5701 fastigio
1230 5654 1317 5690 δυ»
1356 5636 1521 5691 ίὶιυτιιί
1554 5636 1858 5693 deturbatus.

302 5714 465 5746 ATT“.

1966 1659 2170 1714 viorem
2197 1659 2360 1714 vitam
2391 1658 2537 1714 ducit
2564 1676 2577 1712 :
2606 1657 2695 1712 alii
2741 1672 2871 1714 vero
2903 1657 3022 1729 ejus
3061 1657 3216 1713 bonis
3252 1667 3307 1714 et
3336 1673 3552 1728 posses-

1967 1750 2209 1806 sionibus
2240 1749 2512 1813 fruuntur,
2539 1757 2596 1805 et
2623 1750 2712 1820 qui
2760 1747 2965 1819 pridem
3021 1749 3097 1804 illi
3149 1748 3506 1805 adulabantur
3527 1791 3543 1814 ,

1969 1854 2111 1895 nunc
2153 1840 2253 1910 ipsi
2283 1840 2507 1896 insidias
2531 1848 2767 1895 struunt.
2796 1840 2878 1896 An
2909 1840 3025 1895 haec
3054 1855 3161 1895 non
3192 1842 3323 1897 satis
3352 1841 3552 1897 fuerint

1968 1932 2052 1987 vel
2073 1930 2141 1987 ad
2164 1947 2310 1998 eum,
2325 1933 2419 2004 qui
2439 1934 2583 1988 omni
2609 1947 2772 1988 sensu
2792 1941 2992 1999 careat,
3014 1932 3081 1988 ad
3097 1948 3284 1988 sanam
3313 1943 3547 1990 mentem

1968 2023 2564 2087 reducendum?Verum
2578 2034 2700 2098 post
2722 2034 2923 2080 tantam
2944 2024 3171 2096 plagam,
3198 2036 3316 2096 post
3347 2036 3547 2082 tantam

1969 2123 2365 2185 tempestatem,
2397 2124 2517 2184 post
2542 2123 2743 2169 tantam
2778 2116 3150 2183 eversionem,
3181 2125 3303 2186 post
3346 2126 3549 2172 tantam

1966 2213 2020 2259 et
2051 2204 2213 2259 talem
2239 2205 2613 2270 mutationem,
2642 2220 2761 2276 quae
2788 2213 2915 2260 ante
2941 2204 3130 2261 oculos
3170 2206 3383 2271 accidit,
3430 2222 3551 2276 qua:

1968 2312 2073 2352 non
2098 2308 2223 2353 ante
2251 2307 2393 2356 totos
2417 2297 2632 2368 triginta
2656 2297 2772 2353 dies
2800 2298 3009 2353 invecta
3034 2307 3118 2353 est
3143 2297 3243 2371 (a),
3261 2307 3409 2353 tanta
3428 2314 3549 2354 rur-

1965 2405 2057 2445 sus
2082 2390 2285 2447 insania
2314 2392 2549 2462 correpti
2597 2392 2773 2457 estis;
2803 2400 2858 2446 et
2899 2406 3059 2463 quam
3109 2393 3343 2458 veniam,
3388 2408 3548 2461 quam

1964 2482 2368 2538 excusatitinem
2408 2482 2740 2539 habueritis?
2770 2482 2953 2552 Neque
3006 2490 3213 2537 tantum
3268 2483 3545 2549 insanitis,

1964 2572 2059 2627 sed
2084 2587 2154 2628 ne
2183 2573 2288 2629 huc
2311 2573 2527 2644 quidem
2566 2574 2842 2638 acceditis,
2866 2583 2924 2629 ut
2964 2574 3067 2630 hoc
3105 2573 3380 2629 ediscatis.
3414 2574 3547 2630 Nam

1962 2663 2215 2721 absentes
2251 2665 2471 2736 perinde
2516 2674 2677 2737 atque
2728 2678 3024 2737 praesentes
3072 2667 3357 2737 alloquor,
3381 2668 3551 2723 multo

1963 2762 2283 2827 aggravat‘us
2314 2774 2569 2823 maerore,
2590 2758 2733 2829 quod
2762 2774 2861 2815 nec
2899 2759 3200 2814 futurorum
3240 2770 3385 2815 metu
3404 2802 3417 2824 ,
3450 2776 3551 2817 nec

1963 2848 2308 2918 praesentium
2352 2850 2725 2919 experimento
2753 2850 3005 2906 meliores
3032 2850 3263 2906 evadant
3290 2868 3305 2917 ;
3335 2853 3430 2908 sed
3459 2868 3549 2908 ra-

1966 2940 2193 3008 pientes,
2230 2942 2469 2996 avaritiae
2495 2943 2946 3013 studentes,quasi
2973 2960 3187 2999 vermes
3214 2946 3269 2999 in
3293 2946 3419 2999 limo
3440 2948 3552 3001 sol-

1965 3031 2297 3087 licitudimnn
2327 3031 2634 3102 huiusmodi
2670 3034 2923 3104 congerie
2951 3034 3232 3104 intercepti
3256 3044 3312 3089 ct
3338 3034 3547 3103 infossi,

1966 3138 2034 3179 ne
2084 3124 2251 3179 semel
2281 3124 2497 3194 quidem
2529 3125 2583 3180 in
2611 3124 2945 3181 hebdomada
2987 3124 3093 3181 huc
3134 3128 3422 3183 convenire
3451 3144 3550 3183 cu-

1965 3224 2108 3282 rant,
2141 3224 2199 3270 ut
2218 3216 2301 3270 vel
2320 3216 2423 3271 hoc
2441 3216 2669 3284 discant,
2690 3231 2797 3288 quo
2821 3232 3017 3287 nempe
3043 3220 3095 3273 in
3139 3228 3280 3272 statu
3313 3218 3546 3288 iaceant.

1964 3305 2073 3362 Ceu
2100 3306 2327 3377 quadam
2351 3308 2655 3378 phrenitide
2674 3308 2892 3374 detenti,
2914 3309 3012 3380 ipsi
3029 3308 3244 3379 quidem
3262 3325 3421 3366 nasse
3443 3326 3548 3366 non

1966 3407 2191 3469 possunt
2234 3399 2505 3468 quomodo
2532 3399 2764 3464 valeant,
2799 3399 2893 3455 sed
2925 3399 3147 3455 medicis
3173 3416 3308 3469 opus
3350 3386 3549 3456 habent

1964 3490 2055 3559 qui
2087 3488 2211 3543 illos
2231 3488 2300 3543 ab
2322 3489 2526 3544 insania
2558 3488 2789 3545 liberent
2819 3507 2833 3545 :
2862 3491 2941 3546 sic
2969 3491 3128 3545 etiam
3151 3492 3242 3561 qui
3266 3492 3356 3549 illa
3380 3506 3547 3562 pecu.

1966 3579 2177 3634 uiarum
2202 3580 2350 3634 rabie
2373 3580 2579 3635 detenti
2618 3589 2763 3645 sunt,
2793 3579 2913 3637 aliis
2942 3580 3254 3636 doctoribus
3279 3598 3414 3653 opus
3456 3584 3521 3638 ba
3539 3613 3551 3623 -

1965 3670 2115 3737 bent,
2145 3680 2202 3725 ut
2230 3685 2289 3725 se
2309 3670 2458 3726 rabie
2477 3681 2755 3742 correptos
2770 3686 2891 3728 esse
2916 3673 3104 3728 saltem
3131 3675 3323 3729 sciant.
3345 3675 3552 3730 Idcirco

1964 3761 2199 3817 maxime
2227 3762 2374 3832 ipsos
2400 3777 2551 3832 rogo,
2594 3777 2691 3818 oro
2716 3777 2780 3818 ac
2829 3763 3093 3834 deprecor
3114 3807 3131 3833 ,
3156 3764 3223 3821 ad
3252 3782 3350 3821 nos
3398 3783 3553 3825 acce-

1964 3852 2115 3917 dant,
2130 3853 2195 3908 'et
2223 3852 2372 3908 verbi
2396 3853 2681 3923 pharmaca
2712 3854 2997 3924 accipiant.
3018 3854 3135 3911 Non
3162 3865 3247 3912 est
3273 3874 3438 3928 penes
3466 3876 3552 3916 me

1965 3943 2169 3998 ferrum
2197 3954 2436 4011 acutum,
2468 3944 2560 3999 sed
2588 3954 2667 4000 est
2696 3945 2923 4001 verbum
2958 3945 3100 4001 ferro
3128 3949 3544 4017 penetrabilius:

1969 4052 2075 4092 non
2123 4047 2206 4092 est
2243 4053 2405 4108 penes
2451 4054 2538 4093 me
2566 4039 2726 4109 ignis,
2776 4054 2876 4095 nec
2918 4040 3369 4097 medicamentum
3410 4045 3552 4114 quod

1966 4129 2309 4197 mordeat,et
2352 4130 2460 4185 vim
2502 4129 2691 4185 aderat
2715 4129 2810 4185 sed
2835 4138 2962 4185 sunt
2990 4131 3148 4187 verba
3202 4132 3345 4187 ferro
3392 4136 3556 4191 vehe-

1966 4222 2252 4287 mentiora,
2281 4236 2400 4291 quae
2426 4222 2543 4277 sine
2568 4220 2755 4277 dolore
2780 4220 3098 4277 medicinam
3126 4221 3372 4279 afferant.

2036 4313 2093 4366 2.
2133 4312 2241 4366 Cur
2268 4326 2395 4382 ergo
2422 4312 2596 4366 resilis
2616 4353 2631 4379 ,
2660 4311 2747 4367 dic
2775 4312 2903 4365 mihi
2924 4353 2939 4375 ,
2977 4326 3078 4366 nec
3105 4323 3305 4367 tantam
3330 4312 3547 4383 quidem

1966 4416 2065 4471 pro
2111 4402 2324 4467 anima,
2370 4412 2625 4474 quantam
2670 4417 2767 4472 pro
2799 4417 2962 4458 carne
2990 4402 3213 4459 adhibes
3256 4419 3440 4460 curam
3493 4416 3549 4461 et

1966 4495 2418 4550 sollicitudinem?
2457 4496 2632 4551 Carne
2664 4512 2895 4565 namque
2930 4499 3147 4553 malene
3174 4499 3424 4565 habente,
3457 4515 3551 4569 pe-

1965 4586 2150 4642 cunias
2180 4587 2471 4657 expendis;
2498 4598 2553 4643 et
2590 4587 2638 4642 si
2682 4588 2873 4643 faenori
2904 4587 3034 4642 dare
3062 4600 3340 4659 oporteat,
3370 4593 3551 4646 omnia

1967 4679 2242 4752 profundis
2282 4680 2349 4735 ad
2394 4680 2634 4737 medicos
2678 4680 3018 4736 advocandos
3063 4681 3332 4753 impensas
3377 4680 3549 4739 facis:

1967 4774 2012 4829 si
2045 4773 2119 4829 illi
2149 4789 2337 4829 secare
2378 4784 2433 4829 et
2464 4789 2620 4829 urere
2646 4773 2833 4838 velint,
2862 4789 2984 4829 cum
3033 4788 3222 4844 magna
3275 4775 3550 4834 alacritate

1969 4882 2163 4937 corpus
2192 4865 2376 4931 offers,
2406 4874 2463 4919 ut
2491 4866 2661 4935 ipsum
2687 4882 2783 4937 pro
2804 4865 2970 4920 lubito
2995 4875 3203 4921 curent.
3232 4866 3424 4921 Anima
3452 4884 3554 4923 au-

1968 4967 2075 5012 tem
2104 4958 2375 5012 vermibus
2405 4967 2644 5033 scatente
2664 5000 2680 5024 ,
2724 4958 2812 5013 dic
2843 4958 2971 5013 mihi
2993 5003 3008 5027 ,
3042 4976 3145 5014 non
3188 4961 3400 5015 accedis
3436 4976 3557 5015 ser-

1970 5063 2184 5103 monem
2214 5048 2517 5115 auditurus,
2539 5050 2628 5120 qui
2658 5050 2834 5109 tabem
2866 5052 3008 5106 illam
3036 5063 3297 5123 expurget
3325 5070 3336 5106 :
3362 5062 3416 5107 et
3442 5053 3545 5109 hoc

2032 5206 2104 5269 (α)
2137 5205 2230 5256 Hic
2266 5206 2417 5266 locus,
2443 5218 2593 5256 sensu
2616 5205 2901 5270 allegorice,
2935 5207 3001 5257 de
3035 5207 3255 5270 Eutropii
3278 5209 3437 5268 ruina,
3461 5221 3561 5258 non

1966 5268 2032 5332 de
2057 5268 2206 5318 terra:
2228 5277 2363 5317 motu
2394 5269 2705 5332 accipiendus
2726 5268 2822 5332 est.
2848 5268 3038 5319 Erravit
3061 5268 3224 5332 itaque
3249 5270 3571 5332 montetaieoi

1969 5331 2095 5387 nius,
2122 5344 2249 5394 cum,
2276 5335 2469 5394 tempus
2502 5331 2706 5379 delinire
2738 5330 2907 5379 volens
2936 5346 3034 5394 quo
3057 5330 3160 5394 iure
3181 5331 3371 5394 homilia
3396 5332 3561 5383 habita

1970 5400 2105 5442 esset
2123 5429 2135 5449 ,
2163 5392 2290 5440 illam
2312 5392 2697 5454 descriptionem
2719 5407 2868 5441 sensu
2892 5392 3101 5442 naturali
3135 5392 3453 5445 intellectam.
3480 5408 3548 5442 ar-

2039 5455 2189 5503 menti
2219 5455 2323 5503 looo
2353 5456 2675 5516 usurpaverit.
2701 5456 2785 5505 Sic
2819 5456 2964 5517 igitur
2999 5456 3377 5505 ratiocinandum
3413 5463 3557 5505 erat:

1968 5468 2230 5565 atrocius
2248 5518 2294 5565 in
2312 5515 2515 5565 exilium
2538 5526 2675 5565 actus
2700 5527 2777 5565 est
2796 5557 2809 5565 .
2834 5531 2960 5565 anno
2980 5517 3072 5565 599
3092 5554 3105 5565 .
3138 5519 3231 5565 sub
3254 5516 3399 5565 ﬁnem
3425 5530 3557 5564 men-

2013 5518 2230 5579 utropius
2248 5518 2294 5565 in
2312 5515 2515 5565 exilium
2538 5526 2675 5566 actus
2700 5527 2777 5566 cst
2796 5557 2809 5574 ,
2834 5515 2960 5566 anno
2980 5517 3072 5566 599
3092 5554 3105 5576 ,
3138 5519 3231 5566 sub
3254 5516 3399 5566 ﬁnem
3425 5530 3559 5564 men-

1969 5582 2038 5627 sis
2055 5580 2256 5641 Augusti
2284 5593 2298 5637 ;
2323 5591 2466 5641 porro
2486 5580 2592 5627 btet:
2614 5580 2805 5628 humilia
2831 5580 2989 5628 habita
3017 5588 3111 5637 est,
3131 5580 3207 5627 vix
3234 5580 3427 5637 triginta
3450 5585 3560 5638 post

1973 5641 2103 5689 illius
2132 5640 2333 5690 exilium
2356 5642 2495 5706 dies;
2523 5656 2643 5706 ergo
2666 5644 2827 5693 habita
2854 5650 2932 5692 est
2952 5642 3126 5692 eodem
3148 5655 3275 5690 anno
3298 5642 3390 5689 sub
3407 5642 3556 5687 linem

1973 5705 2156 5753 tttclbla‘
2180 5704 2487 5769 septembris.
