3892 6402
457 272 557 328 865

456 404 578 442 eum
602 398 774 453 neque
797 376 1035 450 pecunia:
1057 372 1165 429 sint
1190 365 1595 439 profundenda),
1615 368 1918 453 nectautus
1937 356 2033 453 du-

459 481 540 532 lur
578 447 915 534 subeundus;
961 464 1055 522 sed
1102 463 1328 532 teipsum
1374 459 1426 513 in
1466 451 1827 509 omnimodam
1858 447 2033 520 perni-

457 570 595 623 ciem
627 562 848 634 conjicis
868 562 892 614 τ
915 570 971 615 et
999 552 1267 627 quomodo
1289 551 1403 605 haec
1429 544 1587 604 venia
1612 545 1771 614 digna
1802 541 2035 634 fuerint?

461 660 518 715 Si
550 659 693 715 enim
714 656 948 711 dicerem
980 668 992 703 :
1028 651 1233 704 Avarus
1253 687 1270 711 ,
1306 653 1511 711 raptor,
1556 638 1865 696 fornicator,
1888 633 2038 687 adul-

462 766 565 817 ter,
606 765 673 805 ne
697 746 951 802 accedant
977 742 1043 797 ad
1071 739 1378 802 ecclesiam,
1406 734 1451 788 si
1480 731 1804 802 expellerent
1834 736 1884 782 et
1914 741 2034 795 per-

458 857 714 914 sequerer
740 840 857 893 illos
882 850 1071 891 omnes
1092 833 1180 904 qui
1207 832 1260 885 in
1292 825 1523 897 peccatis
1550 831 1694 887 sunt,
1728 837 1793 875 ne
1813 821 1889 874 sic
1916 819 2036 888 qui-

460 913 581 989 dem
621 929 898 986 excusatio
941 925 1112 990 foret;
1173 927 1448 992 oporteret
1498 916 1643 971 enim
1695 915 1763 969 ab
1808 913 1870 966 iis
1913 925 2041 980 pur-

460 1035 641 1096 gatum
699 1019 1001 1076 accedere:
1038 1021 1403 1069 nunc.antem
1445 1023 1549 1061 non
1592 1004 1695 1059 hoc
1748 1002 1893 1066 diro,
1943 998 2036 1096 sed

462 1090 587 1169 licet
629 1110 941 1174 forniecris,
987 1106 1196 1159 adulter
1238 1102 1350 1163 sis,
1391 1099 1588 1169 rapias,
1645 1094 1896 1164 pecunias
1925 1090 2040 1145 col-

462 1207 596 1275 ligas
627 1218 722 1272 per
762 1199 1026 1260 fraudem,
1057 1196 1108 1249 in
1134 1193 1416 1249 ecclesiam
1442 1188 1671 1252 accede,
1698 1197 1755 1241 ut
1787 1185 1900 1238 haec
1931 1197 2037 1237 non

465 1274 605 1354 ultra
634 1295 920 1351 admittere
963 1289 1138 1344 discas
1170 1308 1183 1342 :
1210 1298 1399 1340 omnes
1427 1279 1661 1343 attralio,
1688 1286 1743 1332 et
1772 1274 1921 1330 verbi
1954 1290 2040 1328 re—

464 1392 535 1446 tia
566 1390 796 1457 undique
816 1382 1141 1453 expandens,
1170 1393 1275 1431 non
1300 1388 1460 1428 sanos
1491 1382 1715 1435 tantum,
1744 1366 1838 1422 sed
1865 1380 2039 1437 axgros

465 1479 552 1536 hic
577 1491 771 1548 capere
796 1474 946 1529 volo.
967 1470 1089 1525 ιιωο
1115 1465 1350 1538 quotidie
1370 1464 1491 1517 dico
1523 1479 1536 1515 :
1562 1460 1719 1526 Veni,
1749 1468 1804 1513 et
1831 1472 2038 1511 mecum

464 1573 748 1628 sanitatem
770 1566 953 1635 accipe
981 1579 996 1622 :
1028 1577 1149 1616 nam
1172 1574 1271 1629 ego
1296 1572 1508 1627 quoque
1536 1552 1772 1608 medicus
1792 1548 2042 1619 pharma-

463 1666 541 1720 cis
566 1677 704 1734 opus
731 1659 902 1714 habeo
934 1674 947 1711 :
975 1656 1134 1709 homo
1158 1664 1388 1720 namque
1423 1664 1561 1711 sum,
1586 1644 1827 1716 ejusdem
1864 1652 2038 1698 tecum

466 1767 670 1811 natura:
716 1750 994 1807 aﬂectibus
1039 1745 1282 1802 subditus
1319 1761 1332 1798 :
1365 1740 1542 1796 verbis
1589 1754 1725 1807 Opus
1768 1744 1851 1791 est
1885 1736 2038 1802 mihi,

463 1862 585 1916 qua:
631 1841 990 1899 inordinatum
1042 1836 1281 1891 animum
1325 1831 1539 1885 vinculo
1586 1828 1799 1884 freneut
1827 1844 1841 1881 :
1869 1842 2042 1897 neque

465 1938 627 1992 vitam
670 1933 810 1990 duco
855 1928 1223 2000 tranquillam,
1275 1924 1419 1980 curis
1441 1932 1496 1977 et
1523 1921 1752 1976 tumultu
1783 1934 2037 1985 vacuam;

463 2026 561 2084 sed
590 2027 761 2096 agitor
790 2024 903 2092 ipse
930 2034 1142 2093 quoque
1164 2013 1617 2086 concupiScentize
1643 2011 1958 2066 tumultibus
1988 2018 2044 2065 et

466 2115 927 2188 perturbationum
967 2111 1237 2167 ﬂuctibus.
1279 2107 1385 2164 Sed
1412 2122 1508 2161 cur
1530 2105 1611 2161 vel
1640 2119 1726 2159 me
1756 2104 1839 2159 vel
1877 2102 2042 2157 alium

464 2208 716 2274 dixerim,
753 2204 968 2278 quando
997 2205 1045 2260 is
1069 2204 1186 2273 ipse
1204 2201 1295 2272 qui
1323 2200 1486 2255 caelos
1507 2196 1802 2267 attingebat
1824 2194 2040 2257 Paulus,

465 2301 630 2357 multa
659 2315 795 2371 opus
825 2296 1057 2353 habebat
1085 2292 1405 2351 curatione?
1430 2292 1495 2346 Et
1522 2290 1662 2362 quod
1692 2303 1753 2345 ea
1784 2301 1920 2358 opus
1945 2286 2042 2340 ba-

466 2392 661 2459 buerit,
699 2391 812 2461 ipse
853 2388 1007 2443 nobis
1057 2384 1375 2442 declaravit.
1414 2381 1597 2451 Neque
1647 2380 1735 2435 ille
1782 2378 2044 2448 tranquil-

467 2486 573 2540 lam
625 2483 815 2554 agebat
868 2480 1061 2545 vitam,
1118 2477 1213 2533 sed
1270 2476 1435 2530 multa
1486 2473 1655 2528 inibat
1704 2470 2041 2527 certamina:

467 2577 695 2646 ideoque
733 2573 949 2630 dicebat
988 2588 1003 2626 :
1042 2570 1246 2639 Castig’o
1283 2583 1466 2636 corpus
1506 2581 1668 2619 meum
1690 2604 1705 2629 ,
1737 2572 1783 2617 et
1827 2563 1882 2616 in
1932 2578 2044 2616 ser-

467 2668 672 2722 vitutem
710 2666 903 2735 redigo,
936 2678 997 2716 ne
1037 2663 1168 2730 forte
1217 2658 1333 2713 aliis
1376 2658 1678 2727 praedicans,
1725 2656 1832 2724 ipse
1864 2669 2043 2722 repro-

466 2759 557 2813 bus
586 2757 815 2827 επῑσὶαν(
846 2757 898 2810 1.
927 2754 1046 2809 Cor.
1086 2752 1139 2807 9.
1171 2752 1239 2805 27
1273 2753 1311 2817 ).
1343 2748 1646 2819 Castigabat
1688 2756 1865 2802 autem
1918 2744 2044 2800 illud

466 2848 608 2918 quod
653 2845 993 2917 insurgebat,
1017 2854 1072 2900 et
1096 2843 1147 2897 in
1174 2842 1485 2897 servitutem
1523 2838 1797 2908 redigebat
1826 2836 1876 2892 id
1904 2836 2044 2907 quod

468 2940 680 2995 l'renutn
712 2938 995 2992 admittere
1037 2934 1252 2990 nolebat
1284 2932 1550 3000 :ideoque
1589 2930 1721 2985 alios
1758 2929 2042 2994 monebat,

467 3030 656 3085 dicens
684 3046 697 3082 :
726 3029 827 3093 Qui
850 3028 945 3082 sibi
970 3028 1165 3080 videtur
1190 3035 1346 3089 stare,
1367 3023 1532 3078 videat
1551 3039 1615 3076 ne
1641 3022 1792 3075 cadat
1820 3022 1897 3090 (l.
1923 3021 2043 3075 Cor.

468 3121 554 3177 10.
588 3121 700 3191 12).
725 3119 875 3189 Quod
900 3121 943 3175 si
977 3119 1172 3175 Paulus
1197 3132 1302 3172 non
1338 3115 1721 3185 tranquillitate
1750 3112 2043 3178 fruebatur,

466 3213 560 3269 sed
595 3213 732 3269 haud
763 3226 917 3268 secus
945 3227 1103 3282 quam
1133 3212 1165 3265 ii
1192 3210 1279 3281 qui
1310 3210 1361 3262 in
1391 3207 1523 3263 mari
1553 3209 1828 3277 navigans.
1847 3205 2047 3259 multos

470 3305 707 3376 undique
734 3305 927 3360 (luctus
953 3303 1208 3359 concitari
1240 3301 1455 3356 videbat
1487 3318 1501 3353 :
1535 3299 1652 3369 quis
1690 3297 1831 3353 ausit
1863 3296 2045 3353 dicere
2124 3358 2128 3362 ,

466 3414 525 3452 se
562 3412 668 3451 non
715 3411 875 3468 egere
917 3394 1290 3460 correctione,
1346 3391 1625 3449 curatione
1668 3397 1724 3444 et
1776 3388 2047 3459 perpetuis

467 3486 695 3557 vigiliis?

551 3577 697 3632 Verbi
724 3577 822 3633 Dei
848 3578 1024 3632 virtus.
1048 3606 1104 3616 —-
1138 3575 1289 3631 Veni'
1308 3573 1489 3646 igitur,
1517 3583 1571 3628 et
1598 3587 1804 3628 mecum
1826 3570 2047 3626 doctore

469 3671 801 3724 curationem
822 3667 1037 3723 adhibe.
1060 3664 1213 3734 Quod
1238 3666 1283 3720 si
1317 3679 1482 3719 sanus
1510 3679 1592 3729 es,
1622 3663 1743 3717 ideo
1771 3660 1967 3716 accede
1990 3670 2046 3715 ut

468 3760 648 3816 sanior
691 3759 905 3815 evadas.
963 3758 1193 3813 \‘erbum
1234 3756 1375 3813 enim
1414 3765 1469 3810 et
1497 3754 1685 3808 morbo
1712 3751 1935 3808 affectos
1977 3750 2047 3805 ab

468 3851 782 3923 aegritudine
811 3851 1016 3917 liberat,
1041 3859 1096 3905 et
1120 3850 1306 3905 morbo
1326 3850 1525 3903 liberos
1553 3847 1817 3902 (iuniores
1838 3845 2044 3911 reddit;

470 3953 655 4014 utpote
683 3942 827 4013 quod
873 3952 928 3997 et
968 3942 1205 3998 admissa
1241 3944 1495 4011 corrigat,
1545 3948 1600 3994 et
1624 3939 1881 3993 adversus
1912 3954 2047 3994 nou-

468 4035 597 4089 dum
616 4033 846 4088 admissa
884 4040 1192 4103 prmservet.
1235 4031 1387 4110 Quod
1417 4031 1460 4084 si
1494 4045 1599 4085 non
1623 4030 1758 4094 hoc,
1808 4040 1865 4085 at
1899 4030 2043 4085 aliud

470 4127 635 4183 habes
662 4136 939 4198 peccatum
968 4144 983 4182 :
1015 4126 1140 4192 Quis
1163 4124 1294 4178 enim
1322 4124 1619 4195 gloriabitur
1643 4139 1698 4177 se
1727 4132 1919 4177 castum
1947 4123 2043 4176 Ita-

431 4204 441 4212 ’
470 4221 584 4273 bere
608 4234 695 4271 cor
716 4218 743 4271 ?
782 4226 869 4270 aut
910 4216 1021 4287 quis
1063 4216 1276 4284 ﬁdenter
1313 4215 1495 4269 dixerit
1521 4232 1575 4269 se
1607 4215 1851 4268 mundum
1877 4231 1985 4269 esse
2014 4232 2046 4267 a

472 4306 872 4378 peceato(Prov.
896 4306 987 4363 20.
1018 4306 1112 4378 9)?
1138 4306 1214 4361 Ne
1235 4308 1412 4377 igitur,
1442 4309 1563 4376 quia
1590 4306 1841 4375 peccasti,
1872 4316 1922 4361 te
1940 4321 2042 4376 pu-

471 4399 596 4454 deat
632 4398 928 4463 accedere;
976 4398 1083 4453 imo
1123 4397 1194 4452 ob
1237 4398 1339 4453 hoc
1382 4399 1553 4468 ipsum
1612 4397 1830 4453 accede.
1875 4396 2047 4451 Nemo

469 4493 615 4550 enim
643 4491 774 4548 dicit
807 4509 821 4546 :
849 4491 981 4559 Quia
1010 4490 1163 4545 ulcus
1186 4489 1358 4544 habeo
1378 4532 1392 4556 ,
1426 4489 1691 4544 medicum
1720 4504 1828 4544 non
1856 4502 2045 4543 accer-
2096 4538 2099 4541 ,

426 4600 567 4659 “so,
613 4600 786 4656 neque
814 4583 1158 4654 pharmacum
1189 4581 1434 4651 accipio:
1467 4581 1576 4635 imo
1617 4580 1689 4636 ob
1728 4579 1830 4635 hoc
1871 4579 2044 4649 ipsum

472 4676 703 4732 maxime
745 4683 802 4731 et
842 4672 1032 4731 medici
1053 4672 1345 4728 advocandi
1378 4681 1523 4736 sunt,
1548 4678 1603 4727 et
1632 4674 2043 4742 pbarmaeorum

469 4771 578 4825 vim
601 4768 874 4839 requirere
897 4781 1032 4837 opus
1063 4774 1165 4821 est.
1191 4766 1402 4822 Scimus
1427 4764 1589 4820 etiam
1621 4778 1719 4819 nos
1746 4764 2043 4833 ignoscere,

471 4860 594 4925 quia
614 4863 669 4907 et
696 4853 793 4923 ipsi
823 4852 943 4906 aliis
973 4851 1204 4921 peccatis
1229 4865 1413 4904 sumus
1440 4849 1676 4903 obnoxii.
1726 4847 1849 4905 Ideo
1892 4864 2046 4903 nam-

473 4961 577 5013 que
610 4944 749 4999 Dens
778 4959 883 4999 non
913 4944 1130 5013 angelos
1167 4942 1320 4998 dedit
1361 4942 1517 4997 nobis
1559 4941 1829 5007 doctores,
1877 4957 2050 5012 neque

477 5035 778 5091 Gabrielem
818 5035 1046 5104 desuper
1088 5035 1308 5089 mittens
1354 5034 1532 5103 ipsum
1568 5033 1715 5103 gregi
1768 5033 2044 5103 praefecit;

476 5126 571 5182 sed
619 5142 684 5181 ex
711 5126 827 5195 ipso
855 5126 984 5180 ovili
1017 5135 1253 5196 pastores
1293 5124 1538 5191 assumit,
1567 5140 1633 5180 ex
1663 5122 1853 5180 ovibus
1875 5126 2053 5195 gregis

477 5218 667 5272 ducem
686 5257 703 5284 ,
755 5218 843 5287 qui
868 5216 936 5272 ad
962 5217 1339 5287 ignoscendum
1370 5215 1596 5270 subditis
1624 5231 1827 5285 pronus
1847 5217 1953 5282 sit,
2000 5227 2055 5271 et

480 5308 839 5364 inﬁrmitatem
867 5308 1134 5378 propriam
1164 5306 1524 5377 perpendens,
1554 5322 1660 5361 non
1690 5307 1929 5377 insurgat
1954 5306 2051 5362 ad-

480 5418 667 5459 versus
689 5402 1001 5473 gregarios;
1055 5400 1150 5455 sed
1185 5398 1395 5455 frenum
1425 5399 1619 5455 habeat
1658 5409 1715 5456 et
1743 5400 2054 5455 humilitatis

479 5512 697 5551 causam
715 5510 826 5550 sua:
844 5509 1035 5565 nempe
1063 5493 1403 5549 conscientiae
1420 5493 1886 5550 necessitudinem.
1903 5493 2054 5561 Quod

479 5602 658 5645 autem
702 5590 818 5645 iure
865 5606 969 5643 non
1015 5588 1327 5658 augurando
1356 5589 1491 5643 dicta
1534 5588 1892 5653 l'ucrint,andi
1921 5587 2054 5640 Pan—

473 5684 580 5740 lunt
613 5685 726 5744 haec
745 5682 1068 5741 scribentem
1099 5692 1149 5738 ct
1178 5681 1637 5748 philosomtantem
1672 5701 1682 5737 :
1709 5680 1774 5736 ad
1798 5680 2051 5735 Hebraeos

1232 255 1287 309 S.
1329 247 1608 307 JOANNIS
1644 238 2123 301 CIIRYSOSTOMI
2165 240 2485 298 ARCHIEI‘.
2518 241 3054 300 CONSTANTINOP.
3563 259 3646 314 ιω

2142 356 2282 409 enim
2327 356 2602 421 scribens,
2653 358 2731 412 sic
2777 359 2894 414 ait:
2935 358 3111 412 Omnis
3146 377 3351 430 namque
3388 366 3651 436 pontifexn-

2140 446 2425 499 hominibus
2466 459 2756 516 assumptus
2778 488 2792 512 ,
2837 464 2929 517 pro
2970 449 3251 501 hominibus
3272 453 3575 521 constituitur,
3611 472 3652 511 ut

2138 533 2318 600 offerat
2344 536 2480 588 dona
2506 545 2553 590 et
2584 538 2838 606 sacriﬁcia
2860 555 2880 601 ;
2907 540 2995 609 qui
3030 540 3295 593 condolere
3332 544 3475 610 possit
3508 547 3561 599 iis
3588 554 3654 617 qui

2139 624 2373 695 ignorant
2397 636 2443 679 et
2482 637 2671 690 errant,
2696 629 2934 696 quoniam
2961 639 3009 682 et
3034 631 3141 697 ipse
3165 631 3487 687 circumdatus
3510 646 3571 689 est
3593 640 3657 690 iu-

2140 715 2377 781 lirmitate
2405 730 2424 770 :
2451 726 2500 771 et
2530 728 2796 788 propterea
2821 719 2963 773 debet
2987 722 3406 789 quemadmodum
3430 742 3513 791 pro
3532 745 3664 797 popu-

2140 804 2212 870 lo,
2233 806 2305 859 ita
2326 808 2478 859 etiam
2503 817 2548 861 et
2566 825 2658 877 pro
2679 811 2943 880 semetipso
2962 810 3146 876 σθεν-γε
3166 828 3258 880 pro
3278 815 3481 883 peccatis
3512 816 3662 885 (Ritu.

2141 899 2193 954 5.
2222 899 2367 967 1-5).
2405 898 2592 955 Viden’
2617 916 2776 970 quam
2805 903 3060 971 optimam
3082 903 3237 958 nobis
3263 919 3470 960 causam
3487 887 3665 971 dixerit.

2144 989 2214 1043 ob
2252 1005 2411 1059 quam
2458 1004 2562 1044 non
2602 992 2812 1061 angeli,
2854 1008 2960 1047 non
2991 992 3317 1064 archangeli,
3348 996 3437 1050 sed
3466 996 3668 1056 homines

2142 1078 2402 1156 Ecelesiis
2430 1080 2809 1150 prailieiantur,
2847 1091 2903 1137 ut
2926 1083 3214 1140 condolere
3252 1085 3452 1155 possint
3482 1087 3557 1154 iis,
3595 1092 3669 1160 qui

2140 1173 2380 1243 ejusdem
2408 1186 2535 1230 sunt
2562 1185 2797 1239 naturm;
2827 1186 3165 1246 peccatorum
3191 1193 3405 1232 suorum
3434 1182 3669 1237 conscien-

2142 1267 2269 1320 tiam
2324 1281 2420 1321 ceu
2451 1267 2742 1322 maximam
2788 1266 3106 1321 humilitatis
3141 1268 3470 1338 disciplinam
3510 1270 3672 1326 haben-

2144 1359 2266 1414 tes?
2313 1359 2519 1415 Etenim
2552 1369 2608 1415 et
2640 1360 2753 1431 ipse
2773 1402 2788 1425 ,
2825 1362 3029 1431 inquit,
3075 1362 3437 1417 circumdatus
3460 1373 3536 1418 est
3557 1366 3673 1419 inlir-

2142 1451 2326 1505 mitate
2350 1492 2365 1516 ,
2419 1458 2475 1505 et
2531 1459 2809 1520 pr0pterea
2858 1451 3013 1506 debet
3045 1493 3061 1519 ,
3095 1452 3561 1521 quemadmodum
3599 1471 3675 1526 pro

2145 1543 2362 1613 populo,
2385 1542 2457 1597 ita
2485 1544 2645 1598 etiam
2677 1559 2775 1613 pro
2800 1545 3095 1613 semetipso
3123 1544 3320 1601 oﬂerre
3345 1561 3439 1616 pro
3465 1552 3675 1616 peccatis.

2143 1632 2255 1688 iloc
2290 1633 2461 1704 ipsum
2508 1649 2649 1689 nunc
2685 1650 2898 1704 quoque
2946 1634 3177 1690 cl'licilnr
3222 1654 3235 1689 :
3278 1636 3332 1691 in
3381 1636 3478 1691 hac
3521 1638 3679 1708 quippe

2143 1740 2295 1780 sacra
2342 1741 2527 1781 mensa
2568 1726 2863 1789 adstantes.
2914 1737 2970 1781 et
3016 1727 3354 1783 tremendum
3402 1728 3680 1783 sacriﬁcium

2142 1815 2451 1881 oll‘erentes,
2474 1815 2924 1887 quemadmodum
2955 1829 3050 1886 pro
3078 1818 3256 1888 populi
3284 1818 3490 1873 delictis
3510 1821 3681 1874 veniam

2144 1908 2369 1977 petimus
2388 1948 2404 1975 ,
2450 1907 2521 1961 ita
2549 1923 2646 1977 pro
2682 1908 2875 1963 nostris
2897 1906 3028 1978 ipsis
3052 1924 3266 1979 quoque
3297 1925 3568 1979 rogamus,
3590 1927 3685 1964 ora-

2146 2014 2284 2065 mus,
2315 1997 2667 2068 deprecamur
2688 2040 2702 2065 ,
2731 2007 2788 2054 et
2826 2013 2924 2070 pro
2961 2000 3211 2055 omnibus
3240 1999 3557 2054 sacriﬁcium
3582 2000 3687 2056 ode-

2144 2089 2355 2144 rimus..
2370 2130 2381 2143 .
2394 2130 2406 2144 .
2442 2090 2520 2160 (α)

2216 2181 2272 2234 '5.
2320 2179 2398 2235 Ne
2447 2179 2573 2234 mihi
2618 2194 2860 2247 avarum,
2888 2179 3093 2236 ventris
3128 2195 3369 2246 servum,
3401 2192 3456 2237 et
3486 2198 3595 2237 eum
3618 2184 3687 2252 qui

2147 2280 2348 2325 naturae
2371 2272 2697 2326 nobilitatem
2732 2271 2979 2341 nequitia:
3011 2272 3265 2341 prodidit,
3289 2272 3593 2337 adduxeris;
3617 2277 3693 2328 sed

2148 2361 2290 2416 hunc
2319 2372 2373 2417 et
2400 2378 2494 2417 eos
2522 2364 2611 2433 qui
2640 2364 2778 2417 sicut
2806 2364 2897 2418 ille
2922 2363 3272 2435 archetypum
3320 2374 3610 2429 servarunt,
3647 2375 3692 2423 et

2149 2452 2350 2522 regium
2396 2453 2757 2509 characterem
2786 2469 2850 2509 ac
2877 2452 3103 2509 formam
3142 2470 3246 2510 nou
3293 2455 3693 2513 labefactarunt;

2147 2551 2203 2598 et
2238 2552 2361 2598 tunc
2400 2544 2540 2598 scies
2573 2545 2698 2615 quid
2739 2546 2807 2600 sit
2848 2545 3029 2601 homo.
3058 2546 3189 2601 Nam
3216 2547 3305 2602 hic
3328 2562 3542 2618 quoque
3566 2548 3697 2603 homo

2147 2641 2284 2699 erat,
2314 2632 2552 2688 mulieris
2580 2644 2732 2702 partu
2758 2644 2914 2690 natus
2938 2646 2992 2690 et
3022 2636 3159 2691 lacte
3187 2636 3428 2691 nutritus
3460 2656 3474 2691 :
3505 2638 3555 2692 in
3582 2648 3698 2694 terra

2150 2721 2443 2790 habitabat,
2474 2738 2653 2778 acrem
2684 2724 2938 2794 spirabat,
2962 2736 3015 2780 et
3042 2728 3241 2791 omnia,
3273 2742 3401 2798 qua:
3430 2728 3590 2793 nobis,
3620 2730 3698 2797 ipsi

2149 2831 2359 2885 quoque
2379 2818 2679 2871 communia
2704 2826 2855 2872 erant
2880 2835 2892 2869 :
2915 2820 3239 2883 communia,
3264 2820 3509 2889 inquam,
3530 2836 3585 2876 ea
3604 2836 3701 2889 qua:

2148 2906 2214 2960 ad
2247 2917 2489 2961 naturam
2523 2910 2819 2978 pertinent;
2855 2910 2946 2964 sed
2975 2911 3223 2980 quoniam
3259 2911 3389 2967 vita:
3438 2913 3702 2967 institutum

2150 3013 2394 3075 spectant
2415 3006 2625 3075 egregia
2648 3014 2823 3071 erant,
2863 3004 2982 3059 ideo
3026 3006 3127 3060 hac
3160 3014 3304 3060 tanta
3353 3006 3524 3077 gratia
3562 3005 3701 3060 l’ulsit.

2149 3097 2307 3167 Atqui
2333 3112 2437 3151 non
2461 3097 2701 3167 pecuniis
2725 3098 3013 3151 instructus
3033 3107 3167 3161 erat,
3186 3111 3291 3152 non
3322 3099 3538 3167 generis
3553 3098 3702 3167 Splen-

2150 3189 2301 3253 dore,
2335 3204 2441 3243 non
2499 3191 2682 3259 patrias
2725 3190 3056 3258 celebritate,
3089 3206 3195 3246 non
3241 3192 3551 3262 eloquentia
3574 3232 3588 3256 ,
3616 3207 3701 3246 nou

2150 3280 2342 3351 lingua:
2367 3280 2631 3349 acumine,
2657 3297 2760 3335 non
2785 3295 3061 3337 servorum
3099 3297 3280 3353 grege,
3319 3298 3425 3338 nec
3459 3283 3705 3339 eunucho-

2150 3386 2268 3443 rum
2294 3372 2541 3439 agmine:
2572 3386 2679 3426 non
2716 3371 2906 3426 domus
2928 3368 3024 3443 ipsi
3052 3373 3308 3428 deaurato
3330 3382 3499 3440 tecto,
3524 3390 3619 3428 non
3639 3390 3706 3427 so-

2151 3462 2274 3516 ricaa
2294 3473 2472 3517 vestes
2493 3478 2600 3517 non
2622 3478 2802 3517 mensa
2821 3463 3026 3519 deliciis
3049 3464 3259 3531 referta,
3281 3481 3395 3520 non
3424 3466 3561 3520 aliud
3579 3466 3709 3536 quid-

2151 3555 2289 3622 piam
2310 3568 2377 3608 ex
2404 3554 2488 3616 iis,
2508 3569 2626 3624 qua:
2648 3553 2795 3608 multi
2819 3554 2970 3609 beata
2995 3571 3113 3611 esse
3138 3565 3419 3626 reputant;
3442 3558 3535 3612 sed
3556 3566 3706 3611 extre-

2152 3663 2235 3702 ma
2260 3656 2572 3717 paupertas:
2600 3663 2704 3701 non
2731 3646 2806 3703 illi
2836 3647 2902 3701 ad
2929 3649 3124 3702 victum
3152 3652 3459 3704 necessaria
3486 3660 3709 3719 suppete-

2153 3740 2302 3807 bant,
2321 3740 2414 3796 sed
2435 3739 2575 3810 apud
2600 3740 2809 3794 viduam
2839 3739 3133 3805 mulierem,
3156 3740 3416 3810 illamque
3434 3741 3705 3801 Sidoniam,

2151 3830 2557 3898 emendicabat,
2600 3846 2812 3886 manum
2851 3830 3148 3887 extendens
3174 3841 3228 3885 et
3257 3847 3455 3901 panem
3498 3842 3707 3902 petens:

2154 3924 2511 3978 habitaculum
2543 3923 2641 3994 ipsi
2666 3933 2782 3978 erat
2808 3923 3059 3992 spelunca
3082 3964 3097 3988 ,
3129 3926 3511 3979 vestimentum
3543 3923 3704 3994 pellis,

2154 4029 2337 4069 mensa
2380 4022 2557 4081 terra,
2600 4014 2968 4085 progenitores
3008 4014 3270 4085 ignobiles
3312 4024 3370 4069 et
3409 4031 3482 4071 ne
3518 4014 3709 4069 nomine

2151 4108 2365 4179 quidem
2394 4107 2527 4174 noti,
2558 4106 2724 4178 patria
2750 4107 2891 4170 vilis,
2919 4108 3026 4162 vita
3048 4106 3293 4177 agrestis.
3322 4111 3573 4163 Attamen
3598 4107 3706 4161 nihil

2153 4203 2343 4258 horum
2361 4202 2741 4273 impedimento
2762 4202 2860 4272 ipsi
2881 4202 2978 4257 iuit
2993 4202 3060 4258 ad
3080 4201 3424 4272 splendorem
3442 4214 3497 4260 et
3510 4203 3710 4260 celebri-

2154 4305 2315 4351 tatem
2331 4295 2425 4350 sed
2447 4295 2605 4352 etiam
2627 4294 2839 4366 regibus
2864 4294 3113 4350 omnibus
3131 4296 3460 4365 opulentior,
3483 4306 3541 4353 et
3562 4296 3707 4365 philo-

2152 4387 2337 4459 sophis
2364 4386 2570 4442 cunctis
2595 4385 3011 4457 rhetoribusque
3051 4387 3363 4458 sapientior,
3397 4398 3454 4444 et
3496 4387 3599 4442 illis
3633 4386 3707 4456 qui

2153 4482 2457 4539 diademate
2505 4479 2865 4549 insigniuntur
2905 4479 3164 4535 illustrior
3192 4489 3345 4536 erat:
3373 4492 3427 4536 et
3457 4480 3708 4535 nobilitate

2156 4574 2323 4645 magis
2346 4573 2721 4638 decorabatur,
2754 4586 2912 4642 quam
2942 4571 2976 4626 ii
3003 4572 3095 4643 qui
3141 4572 3313 4643 regias
3346 4573 3509 4628 urbes
3536 4571 3711 4626 habent

2156 4669 2413 4741 patriam:
2444 4667 2635 4722 orbem
2656 4679 2886 4736 namque
2915 4664 3138 4735 patriam
3165 4665 3426 4731 habebat;
3451 4666 3557 4721 imo
3571 4667 3709 4721 etiam

2156 4760 2302 4817 orbis
2330 4759 2430 4830 ipsi
2456 4773 2554 4814 ceu
2585 4772 2743 4828 parva
2771 4756 2899 4811 urbs
2927 4765 3041 4812 erat
3059 4798 3075 4823 ,
3102 4756 3407 4827 clamatque
3436 4757 3621 4812 Paulus
3642 4755 3711 4809 di-

2156 4871 2286 4912 cens
2319 4870 2335 4911 :
2363 4853 2676 4908 Circuieruut
2725 4851 2777 4904 in
2821 4832 3060 4916 metatis,
3110 4849 3162 4903 iu
3209 4849 3423 4918 pellibus
3461 4850 3709 4919 caprinis:

2156 4949 2333 5020 quibus
2353 4947 2537 5019 dignus
2557 4961 2657 4999 non
2668 4954 2773 4997 erat
2792 4944 3007 4996 mundus
3028 4941 3239 5010 (Πώγά
3254 4943 3277 4996 1
3291 4982 3303 4995 .
3321 4943 3433 5011 '57).
3453 4942 3652 4997 Etenim
3668 4941 3710 4991 in

2160 5054 2389 5110 superna
2414 5038 2631 5093 civitate
2658 5035 2991 5101 versabatur,
3012 5035 3161 5103 cujus
3188 5033 3393 5097 artifex
3409 5044 3463 5089 et
3488 5034 3715 5089 conditor

2161 5142 2245 5189 est
2290 5132 2450 5186 Deus.
2495 5128 2619 5184 Ideo
2646 5127 2738 5183 tibi
2765 5142 3052 5199 pauperem
3082 5138 3131 5180 et
3159 5135 3427 5197 agrestem
3452 5126 3614 5179 virum
3644 5124 3713 5174 in-

2162 5225 2287 5282 duxi
2328 5224 2522 5295 pietate
2550 5220 2917 5291 conspicuum,
2942 5228 2999 5273 ut
3035 5218 3236 5272 mdium
3266 5217 3538 5272 obtentum
3571 5212 3715 5267 habe-

2165 5334 2270 5375 res.
2301 5317 2433 5373 Nam
2463 5315 2508 5371 si
2534 5314 2748 5369 divitem
2775 5322 2830 5367 et
2857 5313 3150 5382 sapientem
3179 5310 3521 5373 induxissem,
3551 5306 3711 5361 dicere

2167 5409 2454 5482 potuisses,
2484 5407 2774 5475 Paupertas
2794 5412 2848 5459 et
2877 5401 3169 5474 ignorantia
3194 5400 3432 5471 impedit,
3453 5397 3713 5465 quominus

2168 5501 2288 5556 talis
2314 5498 2515 5554 el‘liciar
2540 5513 2553 5550 :
2580 5510 2721 5551 nunc
2747 5504 2925 5549 autem
2956 5492 3022 5546 ad
3050 5491 3250 5547 nullum
3279 5492 3433 5548 talem
3455 5490 3705 5545 obtentum

2229 5685 2301 5741 tu)
2328 5679 2417 5730 ilic
2436 5678 2596 5734 deest,
2623 5682 2671 5725 ut
2699 5680 2917 5738 apparet,
2948 5672 3120 5733 ptgina
3144 5670 3324 5720 avulsa.
