  <div class='ocr_page' id='page_1' title='image "/cluster/home/n/w/nwhite01/storage/ocr_20150623/63/hvd.32044013655725/360.png"; bbox 0 0 3950 6554; ppageno 0'>
   <div class='ocr_carea' id='block_1_1' title="bbox 118 4050 135 4485">
    <p class='ocr_par' dir='ltr' id='par_1_1' title="bbox 118 4050 135 4485">
     <span class='ocr_line' id='line_1_1' title="bbox 118 4050 135 4485; baseline 0 -116"><span class='ocrx_word' id='word_1_1' title='bbox 118 4064 135 4485; x_wconf 49' lang='grc' dir='ltr'><strong>ξ</strong></span> 
     </span>
    </p>
   </div>
   <div class='ocr_carea' id='block_1_2' title="bbox 122 4488 133 4725">
    <p class='ocr_par' dir='ltr' id='par_1_2' title="bbox 122 4488 133 4725">
     <span class='ocr_line' id='line_1_2' title="bbox 122 4488 133 4725; baseline 0 0"><span class='ocrx_word' id='word_1_2' title='bbox 122 4488 133 4725; x_wconf 54' lang='grc' dir='ltr'><em>ἱ</em></span> 
     </span>
    </p>
   </div>
   <div class='ocr_carea' id='block_1_3' title="bbox 286 334 3725 420">
    <p class='ocr_par' dir='ltr' id='par_1_3' title="bbox 286 334 3725 420">
     <span class='ocr_line' id='line_1_3' title="bbox 286 334 3725 420; baseline 0.002 -27"><span class='ocrx_word' id='word_1_3' title='bbox 286 346 380 403; x_wconf 69' lang='grc' dir='ltr'>ιω</span> <span class='ocrx_word' id='word_1_4' title='bbox 986 339 1003 394; x_wconf 94' lang='grc'><strong>1</strong></span> <span class='ocrx_word' id='word_1_5' title='bbox 1037 337 1341 405; x_wconf 71' lang='lat' dir='ltr'>IIOMILIA,</span> <span class='ocrx_word' id='word_1_6' title='bbox 1382 337 1570 405; x_wconf 84' lang='lat' dir='ltr'>QUOD</span> <span class='ocrx_word' id='word_1_7' title='bbox 1610 334 2072 420; x_wconf 72' lang='lat' dir='ltr'>FREQUENTER</span> <span class='ocrx_word' id='word_1_8' title='bbox 2111 335 2652 395; x_wconf 77' lang='lat' dir='ltr'>CONVENIENDUM</span> <span class='ocrx_word' id='word_1_9' title='bbox 2694 338 2825 406; x_wconf 83' lang='lat' dir='ltr'>SIT,</span> <span class='ocrx_word' id='word_1_10' title='bbox 2868 338 3022 396; x_wconf 83' lang='lat' dir='ltr'>ETC.</span> <span class='ocrx_word' id='word_1_11' title='bbox 3620 344 3725 399; x_wconf 72' lang='grc' dir='ltr'>ιθι</span> 
     </span>
    </p>
   </div>
   <div class='ocr_carea' id='block_1_4' title="bbox 288 446 1957 532">
    <p class='ocr_par' dir='ltr' id='par_1_4' title="bbox 288 446 1957 532">
     <span class='ocr_line' id='line_1_4' title="bbox 288 446 1957 532; baseline -0.007 -21"><span class='ocrx_word' id='word_1_12' title='bbox 288 460 460 532; x_wconf 71' lang='grc' dir='ltr'>μάθῃς</span> <span class='ocrx_word' id='word_1_13' title='bbox 492 453 693 525; x_wconf 82' lang='grc' dir='ltr'>μηκέτι</span> <span class='ocrx_word' id='word_1_14' title='bbox 713 451 934 506; x_wconf 82' lang='grc' dir='ltr'>τοιαῦτα</span> <span class='ocrx_word' id='word_1_15' title='bbox 963 453 1156 504; x_wconf 75' lang='grc' dir='ltr'>ποιεῖν’</span> <span class='ocrx_word' id='word_1_16' title='bbox 1184 449 1328 503; x_wconf 73' lang='grc' dir='ltr'>ἕλκω</span> <span class='ocrx_word' id='word_1_17' title='bbox 1352 448 1557 512; x_wconf 82' lang='grc' dir='ltr'>πάντας</span> <span class='ocrx_word' id='word_1_18' title='bbox 1593 448 1686 501; x_wconf 74' lang='grc' dir='ltr'>καὶ</span> <span class='ocrx_word' id='word_1_19' title='bbox 1714 446 1957 501; x_wconf 88' lang='grc' dir='ltr'>ἐπισπῶ-</span> 
     </span>
    </p>
   </div>
   <div class='ocr_carea' id='block_1_5' title="bbox 289 534 1959 617">
    <p class='ocr_par' dir='ltr' id='par_1_5' title="bbox 289 534 1959 617">
     <span class='ocr_line' id='line_1_5' title="bbox 289 534 1959 617; baseline -0.007 -18"><span class='ocrx_word' id='word_1_20' title='bbox 289 564 400 617; x_wconf 88' lang='grc' dir='ltr'>μαι,</span> <span class='ocrx_word' id='word_1_21' title='bbox 425 543 522 598; x_wconf 77' lang='grc' dir='ltr'>καὶ</span> <span class='ocrx_word' id='word_1_22' title='bbox 558 543 629 595; x_wconf 82' lang='grc' dir='ltr'>τά</span> <span class='ocrx_word' id='word_1_23' title='bbox 647 543 840 597; x_wconf 79' lang='grc' dir='ltr'><strong>δίκτυα</strong></span> <span class='ocrx_word' id='word_1_24' title='bbox 861 540 955 592; x_wconf 85' lang='grc' dir='ltr'>τοῦ</span> <span class='ocrx_word' id='word_1_25' title='bbox 975 540 1144 608; x_wconf 83' lang='grc' dir='ltr'>λόγου</span> <span class='ocrx_word' id='word_1_26' title='bbox 1181 537 1515 608; x_wconf 76' lang='grc' dir='ltr'>πανταχόθεν</span> <span class='ocrx_word' id='word_1_27' title='bbox 1535 534 1815 600; x_wconf 86' lang='grc' dir='ltr'>ἀπλώσας,</span> <span class='ocrx_word' id='word_1_28' title='bbox 1837 536 1959 605; x_wconf 76' lang='grc' dir='ltr'>οὐχὶ</span> 
     </span>
    </p>
   </div>
   <div class='ocr_carea' id='block_1_6' title="bbox 285 621 1958 697">
    <p class='ocr_par' dir='ltr' id='par_1_6' title="bbox 285 621 1958 697">
     <span class='ocr_line' id='line_1_6' title="bbox 285 621 1958 697; baseline -0.006 -14"><span class='ocrx_word' id='word_1_29' title='bbox 285 632 408 691; x_wconf 78' lang='grc' dir='ltr'>τούς</span> <span class='ocrx_word' id='word_1_30' title='bbox 434 629 805 697; x_wconf 76' lang='grc' dir='ltr'>ὑγιαίνοντας,</span> <span class='ocrx_word' id='word_1_31' title='bbox 833 624 972 679; x_wconf 84' lang='grc' dir='ltr'>ἀλλά</span> <span class='ocrx_word' id='word_1_32' title='bbox 1020 625 1115 676; x_wconf 70' lang='grc' dir='ltr'>καί⁵</span> <span class='ocrx_word' id='word_1_33' title='bbox 1142 625 1270 686; x_wconf 80' lang='grc' dir='ltr'>τοὺς</span> <span class='ocrx_word' id='word_1_34' title='bbox 1288 622 1575 684; x_wconf 83' lang='grc' dir='ltr'>νοσοῦντας</span> <span class='ocrx_word' id='word_1_35' title='bbox 1590 621 1822 675; x_wconf 91' lang='grc' dir='ltr'>ἐνταῦθα</span> <span class='ocrx_word' id='word_1_36' title='bbox 1852 621 1958 684; x_wconf 80' lang='grc' dir='ltr'>ζω-</span> 
     </span>
    </p>
   </div>
   <div class='ocr_carea' id='block_1_7' title="bbox 288 709 1960 787">
    <p class='ocr_par' dir='ltr' id='par_1_7' title="bbox 288 709 1960 787">
     <span class='ocr_line' id='line_1_7' title="bbox 288 709 1960 787; baseline -0.007 -18"><span class='ocrx_word' id='word_1_37' title='bbox 288 718 487 787; x_wconf 80' lang='grc' dir='ltr'>γρῆσαι</span> <span class='ocrx_word' id='word_1_38' title='bbox 502 713 783 782; x_wconf 85' lang='grc' dir='ltr'>ἐπιθυμῶ.</span> <span class='ocrx_word' id='word_1_39' title='bbox 822 712 1006 765; x_wconf 82' lang='grc' dir='ltr'>Ταῦτα</span> <span class='ocrx_word' id='word_1_40' title='bbox 1026 710 1169 779; x_wconf 85' lang='grc' dir='ltr'>λέγω</span> <span class='ocrx_word' id='word_1_41' title='bbox 1187 710 1306 763; x_wconf 80' lang='grc' dir='ltr'>καθ’</span> <span class='ocrx_word' id='word_1_42' title='bbox 1329 711 1565 781; x_wconf 80' lang='grc' dir='ltr'>ἑκάστην</span> <span class='ocrx_word' id='word_1_43' title='bbox 1584 709 1816 779; x_wconf 74' lang='grc' dir='ltr'>ἡμέρανο</span> <span class='ocrx_word' id='word_1_44' title='bbox 1840 709 1960 762; x_wconf 78' lang='grc' dir='ltr'>ἐλθὲ</span> 
     </span>
    </p>
   </div>
   <div class='ocr_carea' id='block_1_8' title="bbox 288 795 1959 873">
    <p class='ocr_par' dir='ltr' id='par_1_8' title="bbox 288 795 1959 873">
     <span class='ocr_line' id='line_1_8' title="bbox 288 795 1959 873; baseline -0.005 -16"><span class='ocrx_word' id='word_1_45' title='bbox 288 806 377 857; x_wconf 74' lang='grc' dir='ltr'>καὶ</span> <span class='ocrx_word' id='word_1_46' title='bbox 394 800 704 873; x_wconf 80' lang='grc' dir='ltr'>θεραπεύου</span> <span class='ocrx_word' id='word_1_47' title='bbox 728 801 845 871; x_wconf 78' lang='grc' dir='ltr'>μετ’</span> <span class='ocrx_word' id='word_1_48' title='bbox 872 798 1028 869; x_wconf 75' lang='grc' dir='ltr'>ἐμοῦ’</span> <span class='ocrx_word' id='word_1_49' title='bbox 1063 799 1156 851; x_wconf 77' lang='grc' dir='ltr'>καὶ</span> <span class='ocrx_word' id='word_1_50' title='bbox 1182 796 1293 867; x_wconf 87' lang='grc' dir='ltr'>γάρ</span> <span class='ocrx_word' id='word_1_51' title='bbox 1336 795 1448 864; x_wconf 87' lang='grc' dir='ltr'>ἐγὼ</span> <span class='ocrx_word' id='word_1_52' title='bbox 1486 796 1747 865; x_wconf 80' lang='grc' dir='ltr'>ἰατρεύων</span> <span class='ocrx_word' id='word_1_53' title='bbox 1770 798 1959 867; x_wconf 85' lang='grc' dir='ltr'>χρείαν</span> 
     </span>
    </p>
   </div>
   <div class='ocr_carea' id='block_1_9' title="bbox 292 882 1961 959">
    <p class='ocr_par' dir='ltr' id='par_1_9' title="bbox 292 882 1961 959">
     <span class='ocr_line' id='line_1_9' title="bbox 292 882 1961 959; baseline -0.005 -16"><span class='ocrx_word' id='word_1_54' title='bbox 292 892 397 959; x_wconf 71' lang='grc' dir='ltr'>ἔχω</span> <span class='ocrx_word' id='word_1_55' title='bbox 416 891 750 959; x_wconf 60' lang='grc' dir='ltr'>φαρμάκων</span> <span class='ocrx_word' id='word_1_56' title='bbox 782 886 1070 958; x_wconf 75' lang='grc' dir='ltr'>ἄνθρωπος</span> <span class='ocrx_word' id='word_1_57' title='bbox 1091 885 1202 955; x_wconf 85' lang='grc' dir='ltr'>γάρ</span> <span class='ocrx_word' id='word_1_58' title='bbox 1233 887 1348 954; x_wconf 91' lang='grc' dir='ltr'>εἰμι</span> <span class='ocrx_word' id='word_1_59' title='bbox 1394 883 1491 936; x_wconf 72' lang='grc' dir='ltr'>καί¹</span> <span class='ocrx_word' id='word_1_60' title='bbox 1517 882 1619 952; x_wconf 80' lang='grc' dir='ltr'>τῆς</span> <span class='ocrx_word' id='word_1_61' title='bbox 1667 882 1839 953; x_wconf 81' lang='grc' dir='ltr'>αὐτῆς</span> <span class='ocrx_word' id='word_1_62' title='bbox 1877 884 1961 935; x_wconf 76' lang='grc' dir='ltr'>σοὶ</span> 
     </span>
    </p>
   </div>
   <div class='ocr_carea' id='block_1_10' title="bbox 291 969 1963 1046">
    <p class='ocr_par' dir='ltr' id='par_1_10' title="bbox 291 969 1963 1046">
     <span class='ocr_line' id='line_1_10' title="bbox 291 969 1963 1046; baseline -0.005 -16"><span class='ocrx_word' id='word_1_63' title='bbox 291 978 502 1046; x_wconf 81' lang='grc' dir='ltr'>φύσεως</span> <span class='ocrx_word' id='word_1_64' title='bbox 517 975 879 1044; x_wconf 77' lang='grc' dir='ltr'>ὑποκείμενος</span> <span class='ocrx_word' id='word_1_65' title='bbox 912 971 1231 1034; x_wconf 76' lang='grc' dir='ltr'>πάθεσι,καὶ</span> <span class='ocrx_word' id='word_1_66' title='bbox 1248 970 1438 1040; x_wconf 76' lang='grc' dir='ltr'>δέομαι</span> <span class='ocrx_word' id='word_1_67' title='bbox 1458 970 1718 1041; x_wconf 77' lang='grc' dir='ltr'>ῥημάτων</span> <span class='ocrx_word' id='word_1_68' title='bbox 1745 970 1852 1022; x_wconf 89' lang='grc' dir='ltr'>τῶν</span> <span class='ocrx_word' id='word_1_69' title='bbox 1872 969 1963 1022; x_wconf 75' lang='grc' dir='ltr'>τὸν</span> 
     </span>
    </p>
   </div>
   <div class='ocr_carea' id='block_1_11' title="bbox 289 1055 1961 1133">
    <p class='ocr_par' dir='ltr' id='par_1_11' title="bbox 289 1055 1961 1133">
     <span class='ocr_line' id='line_1_11' title="bbox 289 1055 1961 1133; baseline -0.006 -14"><span class='ocrx_word' id='word_1_70' title='bbox 289 1066 518 1119; x_wconf 83' lang='grc' dir='ltr'>ἀτακτον</span> <span class='ocrx_word' id='word_1_71' title='bbox 533 1062 735 1133; x_wconf 77' lang='grc' dir='ltr'>δεσμὸν</span> <span class='ocrx_word' id='word_1_72' title='bbox 756 1059 1136 1131; x_wconf 87' lang='grc' dir='ltr'>χαλινούντων·</span> <span class='ocrx_word' id='word_1_73' title='bbox 1150 1058 1269 1111; x_wconf 84' lang='grc' dir='ltr'>οὐδὲ</span> <span class='ocrx_word' id='word_1_74' title='bbox 1290 1058 1620 1129; x_wconf 90' lang='grc' dir='ltr'>ἀπράγμονα</span> <span class='ocrx_word' id='word_1_75' title='bbox 1639 1055 1717 1120; x_wconf 78' lang='grc' dir='ltr'>ζῶ</span> <span class='ocrx_word' id='word_1_76' title='bbox 1737 1055 1849 1126; x_wconf 86' lang='grc' dir='ltr'>βίον</span> <span class='ocrx_word' id='word_1_77' title='bbox 1867 1057 1961 1110; x_wconf 79' lang='grc' dir='ltr'>καὶ</span> 
     </span>
    </p>
   </div>
   <div class='ocr_carea' id='block_1_12' title="bbox 290 1143 1963 1223">
    <p class='ocr_par' dir='ltr' id='par_1_12' title="bbox 290 1143 1963 1223">
     <span class='ocr_line' id='line_1_12' title="bbox 290 1143 1963 1223; baseline -0.006 -18"><span class='ocrx_word' id='word_1_78' title='bbox 290 1152 505 1223; x_wconf 85' lang='grc' dir='ltr'>ήσύχιον</span> <span class='ocrx_word' id='word_1_79' title='bbox 528 1151 627 1204; x_wconf 76' lang='grc' dir='ltr'>καὶ</span> <span class='ocrx_word' id='word_1_80' title='bbox 657 1150 952 1219; x_wconf 88' lang='grc' dir='ltr'>ἀτάραχον,</span> <span class='ocrx_word' id='word_1_81' title='bbox 982 1146 1096 1200; x_wconf 80' lang='grc' dir='ltr'>ἀλλ’</span> <span class='ocrx_word' id='word_1_82' title='bbox 1113 1146 1221 1216; x_wconf 83' lang='grc' dir='ltr'>ἐχω</span> <span class='ocrx_word' id='word_1_83' title='bbox 1241 1144 1338 1199; x_wconf 81' lang='grc' dir='ltr'>καὶ</span> <span class='ocrx_word' id='word_1_84' title='bbox 1368 1144 1531 1207; x_wconf 82' lang='grc' dir='ltr'>αὐτὸς</span> <span class='ocrx_word' id='word_1_85' title='bbox 1546 1143 1808 1214; x_wconf 91' lang='grc' dir='ltr'>θορύϐους</span> <span class='ocrx_word' id='word_1_86' title='bbox 1842 1145 1963 1197; x_wconf 89' lang='grc' dir='ltr'>ἐπι-</span> 
     </span>
    </p>
   </div>
   <div class='ocr_carea' id='block_1_13' title="bbox 294 1229 1961 1309">
    <p class='ocr_par' dir='ltr' id='par_1_13' title="bbox 294 1229 1961 1309">
     <span class='ocr_line' id='line_1_13' title="bbox 294 1229 1961 1309; baseline -0.007 -17"><span class='ocrx_word' id='word_1_87' title='bbox 294 1239 487 1309; x_wconf 85' lang='grc' dir='ltr'>θυμίας</span> <span class='ocrx_word' id='word_1_88' title='bbox 510 1238 608 1291; x_wconf 76' lang='grc' dir='ltr'>καὶ</span> <span class='ocrx_word' id='word_1_89' title='bbox 627 1234 873 1307; x_wconf 83' lang='grc' dir='ltr'>ταραχὰς</span> <span class='ocrx_word' id='word_1_90' title='bbox 912 1233 1196 1303; x_wconf 90' lang='grc' dir='ltr'>κυμάτων.</span> <span class='ocrx_word' id='word_1_91' title='bbox 1226 1232 1334 1284; x_wconf 81' lang='lat' dir='ltr'><strong><em>Kal</em></strong></span> <span class='ocrx_word' id='word_1_92' title='bbox 1368 1231 1422 1283; x_wconf 90' lang='grc' dir='ltr'>τί</span> <span class='ocrx_word' id='word_1_93' title='bbox 1442 1230 1523 1283; x_wconf 86' lang='grc' dir='ltr'>δεῖ</span> <span class='ocrx_word' id='word_1_94' title='bbox 1540 1229 1721 1297; x_wconf 85' lang='grc' dir='ltr'>λέγειν</span> <span class='ocrx_word' id='word_1_95' title='bbox 1742 1229 1843 1300; x_wconf 79' lang='grc' dir='ltr'>ἐμὲ</span> <span class='ocrx_word' id='word_1_96' title='bbox 1866 1230 1961 1283; x_wconf 75' lang='grc' dir='ltr'>καὶ</span> 
     </span>
    </p>
   </div>
   <div class='ocr_carea' id='block_1_14' title="bbox 293 1315 1961 1390">
    <p class='ocr_par' dir='ltr' id='par_1_14' title="bbox 293 1315 1961 1390">
     <span class='ocr_line' id='line_1_14' title="bbox 293 1315 1961 1390; baseline -0.006 -12"><span class='ocrx_word' id='word_1_97' title='bbox 293 1326 377 1378; x_wconf 77' lang='grc' dir='ltr'>τὸν</span> <span class='ocrx_word' id='word_1_98' title='bbox 394 1325 560 1383; x_wconf 90' lang='grc' dir='ltr'>δεῖνα,</span> <span class='ocrx_word' id='word_1_99' title='bbox 583 1326 720 1376; x_wconf 85' lang='grc' dir='ltr'>ὅπου</span> <span class='ocrx_word' id='word_1_100' title='bbox 747 1339 811 1390; x_wconf 88' lang='grc' dir='ltr'>γε</span> <span class='ocrx_word' id='word_1_101' title='bbox 838 1323 867 1374; x_wconf 98' lang='lat'>6</span> <span class='ocrx_word' id='word_1_102' title='bbox 892 1322 1001 1373; x_wconf 86' lang='grc' dir='ltr'>τῶν</span> <span class='ocrx_word' id='word_1_103' title='bbox 1021 1318 1266 1390; x_wconf 74' lang='grc' dir='ltr'>οὐρανῶν</span> <span class='ocrx_word' id='word_1_104' title='bbox 1298 1317 1574 1387; x_wconf 80' lang='grc' dir='ltr'>ἁψάμενος</span> <span class='ocrx_word' id='word_1_105' title='bbox 1612 1315 1823 1379; x_wconf 89' lang='grc' dir='ltr'>Παῦλος</span> <span class='ocrx_word' id='word_1_106' title='bbox 1866 1316 1961 1369; x_wconf 79' lang='grc' dir='ltr'>καὶ</span> 
     </span>
    </p>
   </div>
   <div class='ocr_carea' id='block_1_15' title="bbox 297 1401 1961 1480">
    <p class='ocr_par' dir='ltr' id='par_1_15' title="bbox 297 1401 1961 1480">
     <span class='ocr_line' id='line_1_15' title="bbox 297 1401 1961 1480; baseline -0.007 -15"><span class='ocrx_word' id='word_1_107' title='bbox 297 1411 448 1474; x_wconf 76' lang='grc' dir='ltr'>αὐτὸς</span> <span class='ocrx_word' id='word_1_108' title='bbox 477 1409 678 1480; x_wconf 73' lang='grc' dir='ltr'>πολλῆς</span> <span class='ocrx_word' id='word_1_109' title='bbox 700 1409 871 1462; x_wconf 88' lang='grc' dir='ltr'>ἐδεῖτο</span> <span class='ocrx_word' id='word_1_110' title='bbox 890 1408 989 1478; x_wconf 81' lang='grc' dir='ltr'>τῆς</span> <span class='ocrx_word' id='word_1_111' title='bbox 1028 1405 1359 1478; x_wconf 86' lang='grc' dir='ltr'>θεραπείας;</span> <span class='ocrx_word' id='word_1_112' title='bbox 1392 1404 1502 1457; x_wconf 82' lang='lat' dir='ltr'>Kal</span> <span class='ocrx_word' id='word_1_113' title='bbox 1531 1402 1688 1456; x_wconf 91' lang='grc' dir='ltr'>τοῦτο</span> <span class='ocrx_word' id='word_1_114' title='bbox 1712 1402 1845 1455; x_wconf 79' lang='grc' dir='ltr'>αὐτὸ</span> <span class='ocrx_word' id='word_1_115' title='bbox 1866 1401 1961 1470; x_wconf 81' lang='grc' dir='ltr'>δῆ-</span> 
     </span>
    </p>
   </div>
   <div class='ocr_carea' id='block_1_16' title="bbox 298 1488 1961 1569">
    <p class='ocr_par' dir='ltr' id='par_1_16' title="bbox 298 1488 1961 1569">
     <span class='ocr_line' id='line_1_16' title="bbox 298 1488 1961 1569; baseline -0.007 -16"><span class='ocrx_word' id='word_1_116' title='bbox 298 1501 381 1553; x_wconf 88' lang='grc' dir='ltr'>λον</span> <span class='ocrx_word' id='word_1_117' title='bbox 394 1500 527 1569; x_wconf 86' lang='grc' dir='ltr'>ήμῖν</span> <span class='ocrx_word' id='word_1_118' title='bbox 544 1497 821 1567; x_wconf 86' lang='grc' dir='ltr'>ἐποίησεν,</span> <span class='ocrx_word' id='word_1_119' title='bbox 843 1496 925 1549; x_wconf 83' lang='grc' dir='ltr'>ὅτι</span> <span class='ocrx_word' id='word_1_120' title='bbox 954 1494 1142 1557; x_wconf 85' lang='grc' dir='ltr'>ἐδεῖτο,</span> <span class='ocrx_word' id='word_1_121' title='bbox 1164 1492 1259 1545; x_wconf 76' lang='grc' dir='ltr'>καὶ</span> <span class='ocrx_word' id='word_1_122' title='bbox 1285 1490 1405 1544; x_wconf 86' lang='grc' dir='ltr'>οὐδέ</span> <span class='ocrx_word' id='word_1_123' title='bbox 1438 1489 1599 1553; x_wconf 74' lang='grc' dir='ltr'>αὐτὸς</span> <span class='ocrx_word' id='word_1_124' title='bbox 1630 1488 1961 1559; x_wconf 85' lang='grc' dir='ltr'>ἀπράγμονα</span> 
     </span>
    </p>
   </div>
   <div class='ocr_carea' id='block_1_17' title="bbox 302 1576 1956 1657">
    <p class='ocr_par' dir='ltr' id='par_1_17' title="bbox 302 1576 1956 1657">
     <span class='ocr_line' id='line_1_17' title="bbox 302 1576 1956 1657; baseline -0.007 -18"><span class='ocrx_word' id='word_1_125' title='bbox 302 1590 392 1657; x_wconf 75' lang='grc' dir='ltr'>ἐςη</span> <span class='ocrx_word' id='word_1_126' title='bbox 415 1586 547 1657; x_wconf 78' lang='grc' dir='ltr'>βίον,</span> <span class='ocrx_word' id='word_1_127' title='bbox 571 1583 709 1638; x_wconf 91' lang='grc' dir='ltr'>ἀλλά</span> <span class='ocrx_word' id='word_1_128' title='bbox 734 1582 907 1636; x_wconf 90' lang='grc' dir='ltr'>πολλά</span> <span class='ocrx_word' id='word_1_129' title='bbox 949 1578 1059 1651; x_wconf 78' lang='grc' dir='ltr'>εἶχε</span> <span class='ocrx_word' id='word_1_130' title='bbox 1090 1579 1460 1650; x_wconf 77' lang='grc' dir='ltr'>παλαίσματα·</span> <span class='ocrx_word' id='word_1_131' title='bbox 1509 1576 1590 1631; x_wconf 79' lang='grc' dir='ltr'>διὸ</span> <span class='ocrx_word' id='word_1_132' title='bbox 1630 1578 1725 1630; x_wconf 74' lang='grc' dir='ltr'>καὶ</span> <span class='ocrx_word' id='word_1_133' title='bbox 1752 1576 1956 1644; x_wconf 61' lang='grc' dir='ltr'>ἔλεγεν</span> 
     </span>
    </p>
   </div>
   <div class='ocr_carea' id='block_1_18' title="bbox 310 1663 1962 1741">
    <p class='ocr_par' dir='ltr' id='par_1_18' title="bbox 310 1663 1962 1741">
     <span class='ocr_line' id='line_1_18' title="bbox 310 1663 1962 1741; baseline -0.008 -12"><span class='ocrx_word' id='word_1_134' title='bbox 310 1672 614 1737; x_wconf 77' lang='grc' dir='ltr'>’Υποπιάζω</span> <span class='ocrx_word' id='word_1_135' title='bbox 640 1689 742 1741; x_wconf 92' lang='grc' dir='ltr'>μου</span> <span class='ocrx_word' id='word_1_136' title='bbox 762 1672 823 1723; x_wconf 84' lang='grc' dir='ltr'>τὸ</span> <span class='ocrx_word' id='word_1_137' title='bbox 850 1669 1007 1741; x_wconf 89' lang='grc' dir='ltr'>σῶμα</span> <span class='ocrx_word' id='word_1_138' title='bbox 1030 1668 1124 1722; x_wconf 79' lang='grc' dir='ltr'>καὶ</span> <span class='ocrx_word' id='word_1_139' title='bbox 1141 1664 1489 1735; x_wconf 77' lang='grc' dir='ltr'>δουλαγωγῶ,</span> <span class='ocrx_word' id='word_1_140' title='bbox 1539 1666 1612 1736; x_wconf 90' lang='grc' dir='ltr'>μή</span> <span class='ocrx_word' id='word_1_141' title='bbox 1636 1681 1752 1728; x_wconf 92' lang='grc' dir='ltr'>πως</span> <span class='ocrx_word' id='word_1_142' title='bbox 1780 1663 1962 1726; x_wconf 83' lang='grc' dir='ltr'>ἀλλοις</span> 
     </span>
    </p>
   </div>
   <div class='ocr_carea' id='block_1_19' title="bbox 299 1750 1961 1833">
    <p class='ocr_par' dir='ltr' id='par_1_19' title="bbox 299 1750 1961 1833">
     <span class='ocr_line' id='line_1_19' title="bbox 299 1750 1961 1833; baseline -0.007 -19"><span class='ocrx_word' id='word_1_143' title='bbox 299 1759 546 1833; x_wconf 79' lang='grc' dir='ltr'>κηρύξας,</span> <span class='ocrx_word' id='word_1_144' title='bbox 579 1758 744 1822; x_wconf 84' lang='grc' dir='ltr'>αὐτὸς</span> <span class='ocrx_word' id='word_1_145' title='bbox 774 1757 1030 1826; x_wconf 82' lang='grc' dir='ltr'>ἀδόκιμος</span> <span class='ocrx_word' id='word_1_146' title='bbox 1055 1755 1323 1824; x_wconf 86' lang='grc' dir='ltr'>γένωμαι.</span> <span class='ocrx_word' id='word_1_147' title='bbox 1366 1752 1663 1817; x_wconf 74' lang='grc' dir='ltr'>’Υπεπίαζε</span> <span class='ocrx_word' id='word_1_148' title='bbox 1687 1752 1743 1805; x_wconf 83' lang='grc' dir='ltr'>δὲ</span> <span class='ocrx_word' id='word_1_149' title='bbox 1777 1751 1838 1804; x_wconf 82' lang='grc' dir='ltr'>τὸ</span> <span class='ocrx_word' id='word_1_150' title='bbox 1874 1750 1961 1815; x_wconf 82' lang='grc' dir='ltr'>ἐξ·</span> 
     </span>
    </p>
   </div>
   <div class='ocr_carea' id='block_1_20' title="bbox 298 1837 1959 1916">
    <p class='ocr_par' dir='ltr' id='par_1_20' title="bbox 298 1837 1959 1916">
     <span class='ocr_line' id='line_1_20' title="bbox 298 1837 1959 1916; baseline -0.008 -14"><span class='ocrx_word' id='word_1_151' title='bbox 298 1847 644 1916; x_wconf 88' lang='grc' dir='ltr'>ανιστάμενον</span> <span class='ocrx_word' id='word_1_152' title='bbox 665 1883 681 1908; x_wconf 92' lang='grc'>,</span> <span class='ocrx_word' id='word_1_153' title='bbox 704 1845 798 1898; x_wconf 79' lang='grc' dir='ltr'>καί</span> <span class='ocrx_word' id='word_1_154' title='bbox 832 1840 1189 1909; x_wconf 87' lang='grc' dir='ltr'>ἐδουλαγώγει</span> <span class='ocrx_word' id='word_1_155' title='bbox 1223 1839 1281 1893; x_wconf 87' lang='grc' dir='ltr'>τὸ</span> <span class='ocrx_word' id='word_1_156' title='bbox 1301 1840 1594 1909; x_wconf 73' lang='grc' dir='ltr'>ἀφηνιάσαι</span> <span class='ocrx_word' id='word_1_157' title='bbox 1623 1837 1959 1908; x_wconf 74' lang='grc' dir='ltr'>βουλόμενοψ</span> 
     </span>
    </p>
   </div>
   <div class='ocr_carea' id='block_1_21' title="bbox 298 1924 1962 2001">
    <p class='ocr_par' dir='ltr' id='par_1_21' title="bbox 298 1924 1962 2001">
     <span class='ocr_line' id='line_1_21' title="bbox 298 1924 1962 2001; baseline -0.008 -12"><span class='ocrx_word' id='word_1_158' title='bbox 298 1934 374 1989; x_wconf 81' lang='grc' dir='ltr'>διδ</span> <span class='ocrx_word' id='word_1_159' title='bbox 396 1934 484 1987; x_wconf 82' lang='grc' dir='ltr'>καὶ</span> <span class='ocrx_word' id='word_1_160' title='bbox 513 1932 696 1995; x_wconf 86' lang='grc' dir='ltr'>ἀλλοις</span> <span class='ocrx_word' id='word_1_161' title='bbox 727 1929 1170 2001; x_wconf 80' lang='grc' dir='ltr'>παρῄνειλέγων·</span> <span class='ocrx_word' id='word_1_162' title='bbox 1224 1929 1285 1980; x_wconf 87' lang='lat'>&#39;0</span> <span class='ocrx_word' id='word_1_163' title='bbox 1306 1925 1502 1979; x_wconf 81' lang='grc' dir='ltr'>δοκῶν</span> <span class='ocrx_word' id='word_1_164' title='bbox 1537 1924 1787 1978; x_wconf 78' lang='grc' dir='ltr'>ἑστάναι</span> <span class='ocrx_word' id='word_1_165' title='bbox 1812 1926 1962 1988; x_wconf 76' lang='grc' dir='ltr'>,ϐλε-</span> 
     </span>
    </p>
   </div>
   <div class='ocr_carea' id='block_1_22' title="bbox 299 2011 1963 2089">
    <p class='ocr_par' dir='ltr' id='par_1_22' title="bbox 299 2011 1963 2089">
     <span class='ocr_line' id='line_1_22' title="bbox 299 2011 1963 2089; baseline -0.007 -15"><span class='ocrx_word' id='word_1_166' title='bbox 299 2021 445 2074; x_wconf 71' lang='grc' dir='ltr'>πέτω</span> <span class='ocrx_word' id='word_1_167' title='bbox 462 2020 549 2089; x_wconf 82' lang='grc' dir='ltr'>μὴ</span> <span class='ocrx_word' id='word_1_168' title='bbox 576 2018 760 2086; x_wconf 69' lang='grc' dir='ltr'>πέσῃ.</span> <span class='ocrx_word' id='word_1_169' title='bbox 804 2018 866 2069; x_wconf 85' lang='grc' dir='ltr'>Εἰ</span> <span class='ocrx_word' id='word_1_170' title='bbox 886 2016 943 2069; x_wconf 85' lang='grc' dir='ltr'>δὲ</span> <span class='ocrx_word' id='word_1_171' title='bbox 986 2018 1015 2069; x_wconf 90' lang='grc' dir='ltr'>ό</span> <span class='ocrx_word' id='word_1_172' title='bbox 1052 2013 1263 2076; x_wconf 80' lang='grc' dir='ltr'>Παῦλος</span> <span class='ocrx_word' id='word_1_173' title='bbox 1289 2013 1390 2066; x_wconf 89' lang='grc' dir='ltr'>οὐκ</span> <span class='ocrx_word' id='word_1_174' title='bbox 1426 2011 1663 2065; x_wconf 81' lang='grc' dir='ltr'>ἀπέλαυε</span> <span class='ocrx_word' id='word_1_175' title='bbox 1700 2011 1963 2082; x_wconf 83' lang='grc' dir='ltr'>γαλήνης,</span> 
     </span>
    </p>
   </div>
   <div class='ocr_carea' id='block_1_23' title="bbox 299 2097 1965 2176">
    <p class='ocr_par' dir='ltr' id='par_1_23' title="bbox 299 2097 1965 2176">
     <span class='ocr_line' id='line_1_23' title="bbox 299 2097 1965 2176; baseline -0.007 -16"><span class='ocrx_word' id='word_1_176' title='bbox 299 2107 405 2161; x_wconf 77' lang='grc' dir='ltr'>ἀλλ’</span> <span class='ocrx_word' id='word_1_177' title='bbox 424 2106 610 2176; x_wconf 84' lang='grc' dir='ltr'>ῶσπερ</span> <span class='ocrx_word' id='word_1_178' title='bbox 628 2106 678 2157; x_wconf 88' lang='grc' dir='ltr'>οἰ</span> <span class='ocrx_word' id='word_1_179' title='bbox 700 2103 921 2172; x_wconf 82' lang='grc' dir='ltr'>πελάγει</span> <span class='ocrx_word' id='word_1_180' title='bbox 945 2101 1257 2173; x_wconf 89' lang='grc' dir='ltr'>φερόμενοι,</span> <span class='ocrx_word' id='word_1_181' title='bbox 1278 2097 1449 2152; x_wconf 80' lang='grc' dir='ltr'>πολλά</span> <span class='ocrx_word' id='word_1_182' title='bbox 1468 2097 1803 2168; x_wconf 81' lang='grc' dir='ltr'>πανταχόθεν</span> <span class='ocrx_word' id='word_1_183' title='bbox 1819 2097 1965 2168; x_wconf 84' lang='grc' dir='ltr'>ἐώρα</span> 
     </span>
    </p>
   </div>
   <div class='ocr_carea' id='block_1_24' title="bbox 298 2184 1965 2264">
    <p class='ocr_par' dir='ltr' id='par_1_24' title="bbox 298 2184 1965 2264">
     <span class='ocr_line' id='line_1_24' title="bbox 298 2184 1965 2264; baseline -0.005 -17"><span class='ocrx_word' id='word_1_184' title='bbox 298 2194 665 2264; x_wconf 83' lang='grc' dir='ltr'>διεγειρόμενα</span> <span class='ocrx_word' id='word_1_185' title='bbox 696 2191 935 2261; x_wconf 90' lang='grc' dir='ltr'>κύματα·</span> <span class='ocrx_word' id='word_1_186' title='bbox 965 2190 1050 2252; x_wconf 89' lang='grc' dir='ltr'>τίς</span> <span class='ocrx_word' id='word_1_187' title='bbox 1085 2188 1349 2259; x_wconf 85' lang='grc' dir='ltr'>τολμήσει</span> <span class='ocrx_word' id='word_1_188' title='bbox 1373 2185 1572 2255; x_wconf 82' lang='grc' dir='ltr'>λέγειν,</span> <span class='ocrx_word' id='word_1_189' title='bbox 1598 2186 1680 2239; x_wconf 83' lang='grc' dir='ltr'>ὅτι</span> <span class='ocrx_word' id='word_1_190' title='bbox 1710 2186 1770 2237; x_wconf 91' lang='grc' dir='ltr'>οὐ</span> <span class='ocrx_word' id='word_1_191' title='bbox 1795 2184 1965 2239; x_wconf 90' lang='grc' dir='ltr'>δεῖται</span> 
     </span>
    </p>
   </div>
   <div class='ocr_carea' id='block_1_25' title="bbox 300 2270 1964 2351">
    <p class='ocr_par' dir='ltr' id='par_1_25' title="bbox 300 2270 1964 2351">
     <span class='ocr_line' id='line_1_25' title="bbox 300 2270 1964 2351; baseline -0.006 -19"><span class='ocrx_word' id='word_1_192' title='bbox 300 2279 631 2351; x_wconf 81' lang='grc' dir='ltr'>διορθώσεως</span> <span class='ocrx_word' id='word_1_193' title='bbox 682 2278 779 2331; x_wconf 72' lang='grc' dir='ltr'>καὶ</span> <span class='ocrx_word' id='word_1_194' title='bbox 822 2275 1122 2346; x_wconf 82' lang='grc' dir='ltr'>θεραπείας</span> <span class='ocrx_word' id='word_1_195' title='bbox 1169 2276 1263 2329; x_wconf 78' lang='grc' dir='ltr'>καὶ</span> <span class='ocrx_word' id='word_1_196' title='bbox 1295 2270 1576 2344; x_wconf 75' lang='grc' dir='ltr'>διηνεκοῦς</span> <span class='ocrx_word' id='word_1_197' title='bbox 1628 2272 1964 2341; x_wconf 87' lang='grc' dir='ltr'>ἀγρυπνίας;</span> 
     </span>
    </p>
   </div>
   <div class='ocr_carea' id='block_1_26' title="bbox 378 2355 1962 2433">
    <p class='ocr_par' dir='ltr' id='par_1_26' title="bbox 378 2355 1962 2433">
     <span class='ocr_line' id='line_1_26' title="bbox 378 2355 1962 2433; baseline -0.006 -14"><span class='ocrx_word' id='word_1_198' title='bbox 378 2364 523 2419; x_wconf 80' lang='grc' dir='ltr'>Ἑλθέ</span> <span class='ocrx_word' id='word_1_199' title='bbox 538 2364 719 2417; x_wconf 84' lang='grc' dir='ltr'>τοίνυν</span> <span class='ocrx_word' id='word_1_200' title='bbox 742 2364 835 2415; x_wconf 72' lang='grc' dir='ltr'>καὶ</span> <span class='ocrx_word' id='word_1_201' title='bbox 853 2360 1157 2433; x_wconf 80' lang='grc' dir='ltr'>θεραπεύοι)</span> <span class='ocrx_word' id='word_1_202' title='bbox 1183 2358 1302 2432; x_wconf 82' lang='grc' dir='ltr'>μετ’</span> <span class='ocrx_word' id='word_1_203' title='bbox 1333 2357 1470 2429; x_wconf 89' lang='grc' dir='ltr'>ἐμοῦ</span> <span class='ocrx_word' id='word_1_204' title='bbox 1503 2355 1597 2411; x_wconf 89' lang='grc' dir='ltr'>τοῦ</span> <span class='ocrx_word' id='word_1_205' title='bbox 1620 2356 1962 2411; x_wconf 85' lang='grc' dir='ltr'>διδασκάλου.</span> 
     </span>
    </p>
   </div>
   <div class='ocr_carea' id='block_1_27' title="bbox 303 2444 1966 2521">
    <p class='ocr_par' dir='ltr' id='par_1_27' title="bbox 303 2444 1966 2521">
     <span class='ocr_line' id='line_1_27' title="bbox 303 2444 1966 2521; baseline -0.005 -16"><span class='ocrx_word' id='word_1_206' title='bbox 303 2452 361 2506; x_wconf 80' lang='grc' dir='ltr'>Εἰ</span> <span class='ocrx_word' id='word_1_207' title='bbox 380 2452 435 2505; x_wconf 85' lang='grc' dir='ltr'>δὲ</span> <span class='ocrx_word' id='word_1_208' title='bbox 461 2451 621 2521; x_wconf 77' lang='grc' dir='ltr'>ὑγιής</span> <span class='ocrx_word' id='word_1_209' title='bbox 654 2445 725 2515; x_wconf 83' lang='grc' dir='ltr'>εἰ,</span> <span class='ocrx_word' id='word_1_210' title='bbox 766 2449 860 2503; x_wconf 74' lang='grc' dir='ltr'>καί</span> <span class='ocrx_word' id='word_1_211' title='bbox 878 2448 968 2501; x_wconf 88' lang='grc' dir='ltr'>διά</span> <span class='ocrx_word' id='word_1_212' title='bbox 996 2446 1155 2502; x_wconf 91' lang='grc' dir='ltr'>τοῦτο</span> <span class='ocrx_word' id='word_1_213' title='bbox 1180 2446 1509 2518; x_wconf 90' lang='grc' dir='ltr'>παραγίνου,</span> <span class='ocrx_word' id='word_1_214' title='bbox 1537 2445 1622 2498; x_wconf 80' lang='grc' dir='ltr'>ἵνα</span> <span class='ocrx_word' id='word_1_215' title='bbox 1652 2444 1966 2515; x_wconf 85' lang='grc' dir='ltr'>ὑγιέστερος</span> 
     </span>
    </p>
   </div>
   <div class='ocr_carea' id='block_1_28' title="bbox 302 2530 1968 2611">
    <p class='ocr_par' dir='ltr' id='par_1_28' title="bbox 302 2530 1968 2611">
     <span class='ocr_line' id='line_1_28' title="bbox 302 2530 1968 2611; baseline -0.006 -18"><span class='ocrx_word' id='word_1_216' title='bbox 302 2543 445 2611; x_wconf 71' lang='grc' dir='ltr'>γένῃ·</span> <span class='ocrx_word' id='word_1_217' title='bbox 482 2540 510 2591; x_wconf 92' lang='lat'>6</span> <span class='ocrx_word' id='word_1_218' title='bbox 542 2538 654 2609; x_wconf 86' lang='grc' dir='ltr'>γάρ</span> <span class='ocrx_word' id='word_1_219' title='bbox 678 2538 834 2605; x_wconf 87' lang='grc' dir='ltr'>λόγος</span> <span class='ocrx_word' id='word_1_220' title='bbox 858 2535 985 2599; x_wconf 89' lang='grc' dir='ltr'>τούς</span> <span class='ocrx_word' id='word_1_221' title='bbox 1021 2552 1081 2588; x_wconf 89' lang='grc' dir='ltr'>τε</span> <span class='ocrx_word' id='word_1_222' title='bbox 1112 2534 1334 2604; x_wconf 76' lang='grc' dir='ltr'>ἔχοντας</span> <span class='ocrx_word' id='word_1_223' title='bbox 1372 2534 1652 2603; x_wconf 89' lang='grc' dir='ltr'>νοσήματα</span> <span class='ocrx_word' id='word_1_224' title='bbox 1690 2530 1968 2585; x_wconf 73' lang='grc' dir='ltr'>ἀπαλλάτο</span> 
     </span>
    </p>
   </div>
   <div class='ocr_carea' id='block_1_29' title="bbox 298 2619 1967 2698">
    <p class='ocr_par' dir='ltr' id='par_1_29' title="bbox 298 2619 1967 2698">
     <span class='ocr_line' id='line_1_29' title="bbox 298 2619 1967 2698; baseline -0.005 -17"><span class='ocrx_word' id='word_1_225' title='bbox 298 2645 377 2682; x_wconf 83' lang='grc' dir='ltr'>τει</span> <span class='ocrx_word' id='word_1_226' title='bbox 404 2629 499 2697; x_wconf 86' lang='grc' dir='ltr'>τῆς</span> <span class='ocrx_word' id='word_1_227' title='bbox 514 2625 850 2698; x_wconf 72' lang='grc' dir='ltr'>ἀρρωστίας,</span> <span class='ocrx_word' id='word_1_228' title='bbox 871 2624 997 2687; x_wconf 92' lang='grc' dir='ltr'>τούς</span> <span class='ocrx_word' id='word_1_229' title='bbox 1030 2640 1091 2676; x_wconf 87' lang='grc' dir='ltr'>τε</span> <span class='ocrx_word' id='word_1_230' title='bbox 1129 2623 1228 2676; x_wconf 90' lang='grc' dir='ltr'>οὐκ</span> <span class='ocrx_word' id='word_1_231' title='bbox 1260 2621 1483 2692; x_wconf 76' lang='grc' dir='ltr'>ἔχοντας</span> <span class='ocrx_word' id='word_1_232' title='bbox 1532 2619 1967 2691; x_wconf 83' lang='grc' dir='ltr'>ἀσφαλεστέρους</span> 
     </span>
    </p>
   </div>
   <div class='ocr_carea' id='block_1_30' title="bbox 300 2708 1969 2785">
    <p class='ocr_par' dir='ltr' id='par_1_30' title="bbox 300 2708 1969 2785">
     <span class='ocr_line' id='line_1_30' title="bbox 300 2708 1969 2785; baseline -0.004 -17"><span class='ocrx_word' id='word_1_233' title='bbox 300 2714 605 2784; x_wconf 82' lang='grc' dir='ltr'>καθίστησι,</span> <span class='ocrx_word' id='word_1_234' title='bbox 635 2711 986 2785; x_wconf 81' lang='grc' dir='ltr'>διορθωτικός</span> <span class='ocrx_word' id='word_1_235' title='bbox 1003 2728 1063 2765; x_wconf 91' lang='grc' dir='ltr'>τε</span> <span class='ocrx_word' id='word_1_236' title='bbox 1088 2709 1163 2763; x_wconf 85' lang='grc' dir='ltr'>ὢν</span> <span class='ocrx_word' id='word_1_237' title='bbox 1189 2709 1299 2763; x_wconf 91' lang='grc' dir='ltr'>τῶν</span> <span class='ocrx_word' id='word_1_238' title='bbox 1347 2708 1673 2779; x_wconf 78' lang='grc' dir='ltr'>γενομένων,</span> <span class='ocrx_word' id='word_1_239' title='bbox 1702 2709 1797 2762; x_wconf 78' lang='grc' dir='ltr'>καὶ</span> <span class='ocrx_word' id='word_1_240' title='bbox 1835 2725 1969 2779; x_wconf 84' lang='grc' dir='ltr'>προ-</span> 
     </span>
    </p>
   </div>
   <div class='ocr_carea' id='block_1_31' title="bbox 298 2796 1969 2871">
    <p class='ocr_par' dir='ltr' id='par_1_31' title="bbox 298 2796 1969 2871">
     <span class='ocr_line' id='line_1_31' title="bbox 298 2796 1969 2871; baseline -0.003 -15"><span class='ocrx_word' id='word_1_241' title='bbox 298 2802 624 2871; x_wconf 81' lang='grc' dir='ltr'>φυλακτικὸς</span> <span class='ocrx_word' id='word_1_242' title='bbox 675 2800 785 2855; x_wconf 90' lang='grc' dir='ltr'>τῶν</span> <span class='ocrx_word' id='word_1_243' title='bbox 836 2798 1047 2853; x_wconf 82' lang='grc' dir='ltr'>οὐδέπω</span> <span class='ocrx_word' id='word_1_244' title='bbox 1105 2797 1446 2868; x_wconf 85' lang='grc' dir='ltr'>συμϐάντων.</span> <span class='ocrx_word' id='word_1_245' title='bbox 1493 2797 1555 2850; x_wconf 84' lang='grc' dir='ltr'>Εἰ</span> <span class='ocrx_word' id='word_1_246' title='bbox 1604 2796 1661 2850; x_wconf 89' lang='grc' dir='ltr'>δὲ</span> <span class='ocrx_word' id='word_1_247' title='bbox 1701 2798 1777 2869; x_wconf 85' lang='grc' dir='ltr'>μὴ</span> <span class='ocrx_word' id='word_1_248' title='bbox 1812 2796 1969 2851; x_wconf 89' lang='grc' dir='ltr'>τοῦτο</span> 
     </span>
    </p>
   </div>
   <div class='ocr_carea' id='block_1_32' title="bbox 297 2884 1969 2960">
    <p class='ocr_par' dir='ltr' id='par_1_32' title="bbox 297 2884 1969 2960">
     <span class='ocr_line' id='line_1_32' title="bbox 297 2884 1969 2960; baseline -0.002 -19"><span class='ocrx_word' id='word_1_249' title='bbox 297 2889 439 2960; x_wconf 73' lang='grc' dir='ltr'>ἔχεις</span> <span class='ocrx_word' id='word_1_250' title='bbox 459 2889 521 2943; x_wconf 80' lang='lat'>:6</span> <span class='ocrx_word' id='word_1_251' title='bbox 560 2889 888 2960; x_wconf 78' lang='grc' dir='ltr'>ἁμάρτημα,</span> <span class='ocrx_word' id='word_1_252' title='bbox 937 2886 1054 2940; x_wconf 79' lang='grc' dir='ltr'>ἀλλ’</span> <span class='ocrx_word' id='word_1_253' title='bbox 1094 2886 1280 2956; x_wconf 70' lang='grc' dir='ltr'>ἕτερον</span> <span class='ocrx_word' id='word_1_254' title='bbox 1323 2884 1489 2955; x_wconf 74' lang='grc' dir='ltr'>ἔχεις·</span> <span class='ocrx_word' id='word_1_255' title='bbox 1528 2886 1624 2950; x_wconf 86' lang='grc' dir='ltr'>Τίς</span> <span class='ocrx_word' id='word_1_256' title='bbox 1681 2886 1791 2953; x_wconf 73' lang='grc' dir='ltr'>γὰρ</span> <span class='ocrx_word' id='word_1_257' title='bbox 1825 2901 1969 2938; x_wconf 80' lang='grc' dir='ltr'>καυ-</span> 
     </span>
    </p>
   </div>
   <div class='ocr_carea' id='block_1_33' title="bbox 294 2972 1987 3047">
    <p class='ocr_par' dir='ltr' id='par_1_33' title="bbox 294 2972 1987 3047">
     <span class='ocr_line' id='line_1_33' title="bbox 294 2972 1987 3047; baseline 0.001 -22"><span class='ocrx_word' id='word_1_258' title='bbox 294 2976 541 3047; x_wconf 75' lang='grc' dir='ltr'>χήσεται</span> <span class='ocrx_word' id='word_1_259' title='bbox 568 2974 764 3043; x_wconf 73' lang='grc' dir='ltr'>ἁγνὴν</span> <span class='ocrx_word' id='word_1_260' title='bbox 798 2976 961 3042; x_wconf 78' lang='grc' dir='ltr'>ἔχειν</span> <span class='ocrx_word' id='word_1_261' title='bbox 986 2972 1239 3041; x_wconf 79' lang='grc' dir='ltr'>καρδίαν</span> <span class='ocrx_word' id='word_1_262' title='bbox 1260 2989 1280 3036; x_wconf 85' lang='grc'><strong><em>;</em></strong></span> <span class='ocrx_word' id='word_1_263' title='bbox 1304 2974 1341 3039; x_wconf 80' lang='grc' dir='ltr'><strong>ἢ</strong></span> <span class='ocrx_word' id='word_1_264' title='bbox 1377 2972 1468 3037; x_wconf 85' lang='grc' dir='ltr'>τίς</span> <span class='ocrx_word' id='word_1_265' title='bbox 1492 2972 1987 3040; x_wconf 47' lang='grc' dir='ltr'>παῤῥησιάσεταιν</span> 
     </span>
    </p>
   </div>
   <div class='ocr_carea' id='block_1_34' title="bbox 293 3058 1971 3132">
    <p class='ocr_par' dir='ltr' id='par_1_34' title="bbox 293 3058 1971 3132">
     <span class='ocr_line' id='line_1_34' title="bbox 293 3058 1971 3132; baseline -0.004 -14"><span class='ocrx_word' id='word_1_266' title='bbox 293 3066 552 3132; x_wconf 76' lang='grc' dir='ltr'>καθαρὸς</span> <span class='ocrx_word' id='word_1_267' title='bbox 583 3064 735 3117; x_wconf 75' lang='grc' dir='ltr'>εἶναι</span> <span class='ocrx_word' id='word_1_268' title='bbox 755 3063 875 3117; x_wconf 79' lang='grc' dir='ltr'>ἀπὸ</span> <span class='ocrx_word' id='word_1_269' title='bbox 898 3061 1225 3130; x_wconf 80' lang='grc' dir='ltr'>ἀμαρτίας;</span> <span class='ocrx_word' id='word_1_270' title='bbox 1256 3059 1347 3130; x_wconf 81' lang='grc' dir='ltr'>Μὴ</span> <span class='ocrx_word' id='word_1_271' title='bbox 1367 3060 1563 3122; x_wconf 84' lang='grc' dir='ltr'>τοίνυν,</span> <span class='ocrx_word' id='word_1_272' title='bbox 1589 3058 1777 3130; x_wconf 78' lang='grc' dir='ltr'>ἐπειδὴ</span> <span class='ocrx_word' id='word_1_273' title='bbox 1797 3060 1971 3131; x_wconf 74' lang='grc' dir='ltr'>ἦμαρ⁸</span> 
     </span>
    </p>
   </div>
   <div class='ocr_carea' id='block_1_35' title="bbox 293 3142 1969 3221">
    <p class='ocr_par' dir='ltr' id='par_1_35' title="bbox 293 3142 1969 3221">
     <span class='ocr_line' id='line_1_35' title="bbox 293 3142 1969 3221; baseline -0.004 -16"><span class='ocrx_word' id='word_1_274' title='bbox 293 3167 411 3217; x_wconf 82' lang='grc' dir='ltr'>τες,</span> <span class='ocrx_word' id='word_1_275' title='bbox 456 3150 754 3221; x_wconf 76' lang='grc' dir='ltr'>αἰσχυνθῇς</span> <span class='ocrx_word' id='word_1_276' title='bbox 800 3147 1225 3219; x_wconf 79' lang='grc' dir='ltr'>παραγενέσθαι,</span> <span class='ocrx_word' id='word_1_277' title='bbox 1282 3146 1416 3200; x_wconf 89' lang='grc' dir='ltr'>ἀλλά</span> <span class='ocrx_word' id='word_1_278' title='bbox 1460 3146 1526 3199; x_wconf 87' lang='grc' dir='ltr'>δι’</span> <span class='ocrx_word' id='word_1_279' title='bbox 1562 3146 1693 3199; x_wconf 75' lang='grc' dir='ltr'>αὐτὸ</span> <span class='ocrx_word' id='word_1_280' title='bbox 1732 3147 1829 3216; x_wconf 84' lang='grc' dir='ltr'>μὲν</span> <span class='ocrx_word' id='word_1_281' title='bbox 1878 3142 1969 3198; x_wconf 81' lang='grc' dir='ltr'>οὖν</span> 
     </span>
    </p>
   </div>
   <div class='ocr_carea' id='block_1_36' title="bbox 294 3227 1968 3306">
    <p class='ocr_par' dir='ltr' id='par_1_36' title="bbox 294 3227 1968 3306">
     <span class='ocr_line' id='line_1_36' title="bbox 294 3227 1968 3306; baseline -0.005 -13"><span class='ocrx_word' id='word_1_282' title='bbox 294 3238 450 3293; x_wconf 85' lang='grc' dir='ltr'>τοῦτο</span> <span class='ocrx_word' id='word_1_283' title='bbox 477 3239 811 3306; x_wconf 86' lang='grc' dir='ltr'>ἀπάντησον.</span> <span class='ocrx_word' id='word_1_284' title='bbox 836 3227 1024 3299; x_wconf 77' lang='grc' dir='ltr'>Οὐδεὶς</span> <span class='ocrx_word' id='word_1_285' title='bbox 1040 3235 1147 3306; x_wconf 90' lang='grc' dir='ltr'>γάρ</span> <span class='ocrx_word' id='word_1_286' title='bbox 1188 3233 1357 3302; x_wconf 85' lang='grc' dir='ltr'>λέγει’</span> <span class='ocrx_word' id='word_1_287' title='bbox 1405 3232 1624 3303; x_wconf 77' lang='grc' dir='ltr'>Ἐπειδὴ</span> <span class='ocrx_word' id='word_1_288' title='bbox 1654 3232 1806 3296; x_wconf 72' lang='grc' dir='ltr'>ἕλκος</span> <span class='ocrx_word' id='word_1_289' title='bbox 1841 3231 1968 3302; x_wconf 76' lang='grc' dir='ltr'>ἔχω,</span> 
     </span>
    </p>
   </div>
   <div class='ocr_carea' id='block_1_37' title="bbox 297 3319 1974 3396">
    <p class='ocr_par' dir='ltr' id='par_1_37' title="bbox 297 3319 1974 3396">
     <span class='ocr_line' id='line_1_37' title="bbox 297 3319 1974 3396; baseline -0.004 -19"><span class='ocrx_word' id='word_1_290' title='bbox 297 3324 403 3379; x_wconf 87' lang='grc' dir='ltr'>οὐκ</span> <span class='ocrx_word' id='word_1_291' title='bbox 424 3324 669 3396; x_wconf 76' lang='grc' dir='ltr'>ἐπιζητῶ</span> <span class='ocrx_word' id='word_1_292' title='bbox 696 3324 788 3376; x_wconf 72' lang='grc' dir='ltr'>τὸν</span> <span class='ocrx_word' id='word_1_293' title='bbox 825 3322 1025 3395; x_wconf 80' lang='grc' dir='ltr'>ίατρδν,</span> <span class='ocrx_word' id='word_1_294' title='bbox 1062 3322 1174 3375; x_wconf 83' lang='grc' dir='ltr'>ἀλλ’</span> <span class='ocrx_word' id='word_1_295' title='bbox 1208 3322 1326 3374; x_wconf 88' lang='grc' dir='ltr'>οὐδὲ</span> <span class='ocrx_word' id='word_1_296' title='bbox 1358 3319 1721 3390; x_wconf 85' lang='grc' dir='ltr'>καταδέχομαι</span> <span class='ocrx_word' id='word_1_297' title='bbox 1755 3320 1974 3390; x_wconf 86' lang='grc' dir='ltr'>φάρμα-</span> 
     </span>
    </p>
   </div>
   <div class='ocr_carea' id='block_1_38' title="bbox 297 3405 1972 3481">
    <p class='ocr_par' dir='ltr' id='par_1_38' title="bbox 297 3405 1972 3481">
     <span class='ocr_line' id='line_1_38' title="bbox 297 3405 1972 3481; baseline -0.005 -14"><span class='ocrx_word' id='word_1_298' title='bbox 297 3430 413 3467; x_wconf 81' lang='grc' dir='ltr'>κον·</span> <span class='ocrx_word' id='word_1_299' title='bbox 440 3412 578 3467; x_wconf 88' lang='grc' dir='ltr'>ἀλλά</span> <span class='ocrx_word' id='word_1_300' title='bbox 610 3411 678 3464; x_wconf 80' lang='grc' dir='ltr'>δι’</span> <span class='ocrx_word' id='word_1_301' title='bbox 710 3410 843 3464; x_wconf 80' lang='grc' dir='ltr'>αὐτὸ</span> <span class='ocrx_word' id='word_1_302' title='bbox 879 3410 979 3481; x_wconf 85' lang='grc' dir='ltr'>μὲν</span> <span class='ocrx_word' id='word_1_303' title='bbox 1007 3405 1105 3463; x_wconf 85' lang='grc' dir='ltr'>οὖν</span> <span class='ocrx_word' id='word_1_304' title='bbox 1130 3408 1290 3462; x_wconf 89' lang='grc' dir='ltr'>τοῦτο</span> <span class='ocrx_word' id='word_1_305' title='bbox 1322 3406 1559 3478; x_wconf 88' lang='grc' dir='ltr'>μάλιστα</span> <span class='ocrx_word' id='word_1_306' title='bbox 1587 3408 1678 3460; x_wconf 79' lang='grc' dir='ltr'>καί</span> <span class='ocrx_word' id='word_1_307' title='bbox 1730 3408 1854 3470; x_wconf 83' lang='grc' dir='ltr'>τοὺς</span> <span class='ocrx_word' id='word_1_308' title='bbox 1888 3408 1972 3459; x_wconf 87' lang='grc' dir='ltr'>ἰα-</span> 
     </span>
    </p>
   </div>
   <div class='ocr_carea' id='block_1_39' title="bbox 295 3490 1972 3571">
    <p class='ocr_par' dir='ltr' id='par_1_39' title="bbox 295 3490 1972 3571">
     <span class='ocr_line' id='line_1_39' title="bbox 295 3490 1972 3571; baseline -0.005 -17"><span class='ocrx_word' id='word_1_309' title='bbox 295 3501 588 3571; x_wconf 88' lang='grc' dir='ltr'>τρεύοντας</span> <span class='ocrx_word' id='word_1_310' title='bbox 615 3498 708 3552; x_wconf 78' lang='grc' dir='ltr'>καὶ</span> <span class='ocrx_word' id='word_1_311' title='bbox 753 3498 863 3550; x_wconf 89' lang='grc' dir='ltr'>τῶν</span> <span class='ocrx_word' id='word_1_312' title='bbox 908 3496 1218 3567; x_wconf 82' lang='grc' dir='ltr'>φαρμάκων</span> <span class='ocrx_word' id='word_1_313' title='bbox 1277 3494 1375 3565; x_wconf 84' lang='grc' dir='ltr'>τὴν</span> <span class='ocrx_word' id='word_1_314' title='bbox 1415 3493 1644 3564; x_wconf 88' lang='grc' dir='ltr'>δύναμιν</span> <span class='ocrx_word' id='word_1_315' title='bbox 1691 3490 1972 3563; x_wconf 75' lang='grc' dir='ltr'>ἐπιζητεῖν</span> 
     </span>
    </p>
   </div>
   <div class='ocr_carea' id='block_1_40' title="bbox 298 3580 1975 3656">
    <p class='ocr_par' dir='ltr' id='par_1_40' title="bbox 298 3580 1975 3656">
     <span class='ocr_line' id='line_1_40' title="bbox 298 3580 1975 3656; baseline -0.007 -14"><span class='ocrx_word' id='word_1_316' title='bbox 298 3587 615 3656; x_wconf 85' lang='grc' dir='ltr'>ἀναγκαῖον.</span> <span class='ocrx_word' id='word_1_317' title='bbox 656 3587 846 3656; x_wconf 84' lang='grc' dir='ltr'>Ἰσμεν</span> <span class='ocrx_word' id='word_1_318' title='bbox 879 3583 989 3656; x_wconf 89' lang='grc' dir='ltr'>γάρ</span> <span class='ocrx_word' id='word_1_319' title='bbox 1017 3585 1109 3637; x_wconf 76' lang='grc' dir='ltr'>καὶ</span> <span class='ocrx_word' id='word_1_320' title='bbox 1131 3584 1291 3653; x_wconf 77' lang='grc' dir='ltr'>ἡμεῖς</span> <span class='ocrx_word' id='word_1_321' title='bbox 1321 3581 1730 3650; x_wconf 86' lang='grc' dir='ltr'>συγγινώσκειν,</span> <span class='ocrx_word' id='word_1_322' title='bbox 1760 3580 1855 3633; x_wconf 84' lang='grc' dir='ltr'>ἀτε</span> <span class='ocrx_word' id='word_1_323' title='bbox 1882 3580 1975 3632; x_wconf 74' lang='grc' dir='ltr'>καὶ</span> 
     </span>
    </p>
   </div>
   <div class='ocr_carea' id='block_1_41' title="bbox 300 3666 1975 3745">
    <p class='ocr_par' dir='ltr' id='par_1_41' title="bbox 300 3666 1975 3745">
     <span class='ocr_line' id='line_1_41' title="bbox 300 3666 1975 3745; baseline -0.005 -17"><span class='ocrx_word' id='word_1_324' title='bbox 300 3676 454 3728; x_wconf 69' lang='grc' dir='ltr'>αὐτοὶ</span> <span class='ocrx_word' id='word_1_325' title='bbox 476 3675 685 3745; x_wconf 79' lang='grc' dir='ltr'>ἑτέροις</span> <span class='ocrx_word' id='word_1_326' title='bbox 734 3674 1124 3744; x_wconf 80' lang='grc' dir='ltr'>ἁμαρτήμασιν</span> <span class='ocrx_word' id='word_1_327' title='bbox 1150 3671 1301 3734; x_wconf 73' lang='grc' dir='ltr'>ὄντες</span> <span class='ocrx_word' id='word_1_328' title='bbox 1356 3668 1667 3723; x_wconf 84' lang='grc' dir='ltr'>ὑπεύθυνοι.</span> <span class='ocrx_word' id='word_1_329' title='bbox 1716 3666 1815 3720; x_wconf 84' lang='grc' dir='ltr'>Διά</span> <span class='ocrx_word' id='word_1_330' title='bbox 1866 3667 1975 3739; x_wconf 86' lang='grc' dir='ltr'>γάρ</span> 
     </span>
    </p>
   </div>
   <div class='ocr_carea' id='block_1_42' title="bbox 300 3756 1975 3829">
    <p class='ocr_par' dir='ltr' id='par_1_42' title="bbox 300 3756 1975 3829">
     <span class='ocr_line' id='line_1_42' title="bbox 300 3756 1975 3829; baseline -0.003 -13"><span class='ocrx_word' id='word_1_331' title='bbox 300 3762 456 3816; x_wconf 81' lang='grc' dir='ltr'>τοῦτο</span> <span class='ocrx_word' id='word_1_332' title='bbox 482 3765 579 3815; x_wconf 62' lang='grc' dir='ltr'>καὶ</span> <span class='ocrx_word' id='word_1_333' title='bbox 607 3763 636 3814; x_wconf 92' lang='lat'>6</span> <span class='ocrx_word' id='word_1_334' title='bbox 666 3761 797 3825; x_wconf 75' lang='grc' dir='ltr'>Θεὸς</span> <span class='ocrx_word' id='word_1_335' title='bbox 824 3761 924 3813; x_wconf 90' lang='grc' dir='ltr'>οὐκ</span> <span class='ocrx_word' id='word_1_336' title='bbox 981 3760 1246 3829; x_wconf 85' lang='grc' dir='ltr'>ἀγγέλους</span> <span class='ocrx_word' id='word_1_337' title='bbox 1278 3760 1478 3813; x_wconf 75' lang='grc' dir='ltr'>ἔδωκεν</span> <span class='ocrx_word' id='word_1_338' title='bbox 1534 3759 1668 3829; x_wconf 79' lang='grc' dir='ltr'>ἡμῖν</span> <span class='ocrx_word' id='word_1_339' title='bbox 1719 3756 1975 3811; x_wconf 85' lang='grc' dir='ltr'>διδασκά-</span> 
     </span>
    </p>
   </div>
   <div class='ocr_carea' id='block_1_43' title="bbox 302 3843 1975 3918">
    <p class='ocr_par' dir='ltr' id='par_1_43' title="bbox 302 3843 1975 3918">
     <span class='ocr_line' id='line_1_43' title="bbox 302 3843 1975 3918; baseline -0.004 -15"><span class='ocrx_word' id='word_1_340' title='bbox 302 3848 444 3915; x_wconf 87' lang='grc' dir='ltr'>λους,</span> <span class='ocrx_word' id='word_1_341' title='bbox 469 3849 592 3903; x_wconf 85' lang='grc' dir='ltr'>οὐδέ</span> <span class='ocrx_word' id='word_1_342' title='bbox 622 3848 716 3901; x_wconf 77' lang='grc' dir='ltr'>τὸν</span> <span class='ocrx_word' id='word_1_343' title='bbox 758 3846 1001 3918; x_wconf 79' lang='grc' dir='ltr'>Γαϐριὴλ</span> <span class='ocrx_word' id='word_1_344' title='bbox 1049 3846 1253 3900; x_wconf 83' lang='grc' dir='ltr'>ἀνωθεν</span> <span class='ocrx_word' id='word_1_345' title='bbox 1294 3843 1639 3910; x_wconf 88' lang='grc' dir='ltr'>κατενεγκὼν</span> <span class='ocrx_word' id='word_1_346' title='bbox 1675 3843 1975 3913; x_wconf 76' lang='grc' dir='ltr'>ἐπέστησεν</span> 
     </span>
    </p>
   </div>
   <div class='ocr_carea' id='block_1_44' title="bbox 305 3932 1979 4004">
    <p class='ocr_par' dir='ltr' id='par_1_44' title="bbox 305 3932 1979 4004">
     <span class='ocr_line' id='line_1_44' title="bbox 305 3932 1979 4004; baseline -0.004 -15"><span class='ocrx_word' id='word_1_347' title='bbox 305 3937 463 3991; x_wconf 85' lang='grc' dir='ltr'>αὐτοῦ</span> <span class='ocrx_word' id='word_1_348' title='bbox 485 3938 607 4000; x_wconf 85' lang='grc' dir='ltr'>ταῖς</span> <span class='ocrx_word' id='word_1_349' title='bbox 626 3935 869 4004; x_wconf 88' lang='grc' dir='ltr'>ἀγέλαις,</span> <span class='ocrx_word' id='word_1_350' title='bbox 898 3934 1011 3987; x_wconf 79' lang='grc' dir='ltr'>ἀλλ’</span> <span class='ocrx_word' id='word_1_351' title='bbox 1041 3933 1137 3988; x_wconf 88' lang='grc' dir='ltr'>ἀπ’</span> <span class='ocrx_word' id='word_1_352' title='bbox 1165 3933 1331 3987; x_wconf 90' lang='grc' dir='ltr'>αὐτοῦ</span> <span class='ocrx_word' id='word_1_353' title='bbox 1346 3932 1441 3987; x_wconf 91' lang='grc' dir='ltr'>τοῦ</span> <span class='ocrx_word' id='word_1_354' title='bbox 1462 3932 1712 4003; x_wconf 88' lang='grc' dir='ltr'>ποιμνίου</span> <span class='ocrx_word' id='word_1_355' title='bbox 1739 3932 1979 4002; x_wconf 75' lang='grc' dir='ltr'>άναλαμο</span> 
     </span>
    </p>
   </div>
   <div class='ocr_carea' id='block_1_45' title="bbox 308 4017 1977 4093">
    <p class='ocr_par' dir='ltr' id='par_1_45' title="bbox 308 4017 1977 4093">
     <span class='ocr_line' id='line_1_45' title="bbox 308 4017 1977 4093; baseline -0.005 -16"><span class='ocrx_word' id='word_1_356' title='bbox 308 4022 476 4077; x_wconf 86' lang='grc' dir='ltr'>ϐάνων</span> <span class='ocrx_word' id='word_1_357' title='bbox 499 4025 646 4076; x_wconf 86' lang='grc' dir='ltr'>ποιεῖ</span> <span class='ocrx_word' id='word_1_358' title='bbox 668 4020 1054 4093; x_wconf 81' lang='grc' dir='ltr'>ποιμένας,άπ’</span> <span class='ocrx_word' id='word_1_359' title='bbox 1074 4018 1253 4073; x_wconf 92' lang='grc' dir='ltr'>αὐτῶν</span> <span class='ocrx_word' id='word_1_360' title='bbox 1270 4019 1380 4073; x_wconf 91' lang='grc' dir='ltr'>τῶν</span> <span class='ocrx_word' id='word_1_361' title='bbox 1408 4018 1694 4088; x_wconf 88' lang='grc' dir='ltr'>προϐάτων</span> <span class='ocrx_word' id='word_1_362' title='bbox 1714 4017 1804 4070; x_wconf 80' lang='grc' dir='ltr'>τὸν</span> <span class='ocrx_word' id='word_1_363' title='bbox 1824 4017 1977 4085; x_wconf 90' lang='grc' dir='ltr'>ἀγελ-</span> 
     </span>
    </p>
   </div>
   <div class='ocr_carea' id='block_1_46' title="bbox 310 4103 1977 4182">
    <p class='ocr_par' dir='ltr' id='par_1_46' title="bbox 310 4103 1977 4182">
     <span class='ocr_line' id='line_1_46' title="bbox 310 4103 1977 4182; baseline -0.004 -18"><span class='ocrx_word' id='word_1_364' title='bbox 310 4110 493 4182; x_wconf 88' lang='grc' dir='ltr'>ἀρχην,</span> <span class='ocrx_word' id='word_1_365' title='bbox 550 4112 641 4163; x_wconf 81' lang='grc' dir='ltr'>ἵνα</span> <span class='ocrx_word' id='word_1_366' title='bbox 675 4108 1118 4179; x_wconf 83' lang='grc' dir='ltr'>συγγνωμονικδς</span> <span class='ocrx_word' id='word_1_367' title='bbox 1154 4103 1327 4181; x_wconf 73' lang='grc' dir='ltr'>ᾖτοῖς</span> <span class='ocrx_word' id='word_1_368' title='bbox 1374 4106 1722 4179; x_wconf 85' lang='grc' dir='ltr'>ἀρχομένοις,</span> <span class='ocrx_word' id='word_1_369' title='bbox 1756 4106 1848 4158; x_wconf 74' lang='grc' dir='ltr'>καὶ</span> <span class='ocrx_word' id='word_1_370' title='bbox 1877 4106 1977 4175; x_wconf 81' lang='grc' dir='ltr'>τὴν</span> 
     </span>
    </p>
   </div>
   <div class='ocr_carea' id='block_1_47' title="bbox 308 4193 1978 4266">
    <p class='ocr_par' dir='ltr' id='par_1_47' title="bbox 308 4193 1978 4266">
     <span class='ocr_line' id='line_1_47' title="bbox 308 4193 1978 4266; baseline -0.005 -13"><span class='ocrx_word' id='word_1_371' title='bbox 308 4200 506 4253; x_wconf 83' lang='grc' dir='ltr'>οἰκείαν</span> <span class='ocrx_word' id='word_1_372' title='bbox 526 4198 816 4252; x_wconf 87' lang='grc' dir='ltr'>ἀσθένειαν</span> <span class='ocrx_word' id='word_1_373' title='bbox 836 4196 1051 4260; x_wconf 77' lang='grc' dir='ltr'>ἐννοῶν,</span> <span class='ocrx_word' id='word_1_374' title='bbox 1086 4194 1161 4266; x_wconf 81' lang='grc' dir='ltr'>μὴ</span> <span class='ocrx_word' id='word_1_375' title='bbox 1208 4193 1503 4265; x_wconf 85' lang='grc' dir='ltr'>ἐπαίρηται</span> <span class='ocrx_word' id='word_1_376' title='bbox 1529 4194 1668 4247; x_wconf 82' lang='grc' dir='ltr'>κατά</span> <span class='ocrx_word' id='word_1_377' title='bbox 1713 4193 1823 4246; x_wconf 88' lang='grc' dir='ltr'>τῶν</span> <span class='ocrx_word' id='word_1_378' title='bbox 1858 4210 1978 4245; x_wconf 89' lang='grc' dir='ltr'>ποι-</span> 
     </span>
    </p>
   </div>
   <div class='ocr_carea' id='block_1_48' title="bbox 315 4279 1979 4358">
    <p class='ocr_par' dir='ltr' id='par_1_48' title="bbox 315 4279 1979 4358">
     <span class='ocr_line' id='line_1_48' title="bbox 315 4279 1979 4358; baseline -0.005 -18"><span class='ocrx_word' id='word_1_379' title='bbox 315 4288 669 4358; x_wconf 89' lang='grc' dir='ltr'>μαινομένων,</span> <span class='ocrx_word' id='word_1_380' title='bbox 698 4285 813 4338; x_wconf 85' lang='grc' dir='ltr'>ἀλλ’</span> <span class='ocrx_word' id='word_1_381' title='bbox 843 4284 942 4357; x_wconf 74' lang='grc' dir='ltr'>ἔχῃ</span> <span class='ocrx_word' id='word_1_382' title='bbox 961 4283 1178 4354; x_wconf 84' lang='grc' dir='ltr'>χαλινὸν</span> <span class='ocrx_word' id='word_1_383' title='bbox 1205 4282 1299 4336; x_wconf 72' lang='grc' dir='ltr'>καὶ</span> <span class='ocrx_word' id='word_1_384' title='bbox 1330 4279 1829 4351; x_wconf 81' lang='grc' dir='ltr'>ταπεινοφροσύνης</span> <span class='ocrx_word' id='word_1_385' title='bbox 1848 4280 1979 4333; x_wconf 81' lang='lat'><em>61:6-</em></span> 
     </span>
    </p>
   </div>
   <div class='ocr_carea' id='block_1_49' title="bbox 315 4366 1976 4440">
    <p class='ocr_par' dir='ltr' id='par_1_49' title="bbox 315 4366 1976 4440">
     <span class='ocr_line' id='line_1_49' title="bbox 315 4366 1976 4440; baseline -0.004 -12"><span class='ocrx_word' id='word_1_386' title='bbox 315 4374 452 4428; x_wconf 88' lang='grc' dir='ltr'>θεσιν</span> <span class='ocrx_word' id='word_1_387' title='bbox 499 4371 597 4427; x_wconf 88' lang='grc' dir='ltr'>τοῦ</span> <span class='ocrx_word' id='word_1_388' title='bbox 631 4372 835 4426; x_wconf 77' lang='grc' dir='ltr'>οἰκείου</span> <span class='ocrx_word' id='word_1_389' title='bbox 866 4370 1166 4434; x_wconf 85' lang='grc' dir='ltr'>συνειδότος</span> <span class='ocrx_word' id='word_1_390' title='bbox 1192 4370 1291 4440; x_wconf 80' lang='grc' dir='ltr'>τήν</span> <span class='ocrx_word' id='word_1_391' title='bbox 1333 4368 1599 4440; x_wconf 91' lang='grc' dir='ltr'>ἀνάγκην.</span> <span class='ocrx_word' id='word_1_392' title='bbox 1654 4366 1758 4422; x_wconf 81' lang='grc' dir='ltr'>Καὶ</span> <span class='ocrx_word' id='word_1_393' title='bbox 1805 4369 1976 4422; x_wconf 82' lang='grc' dir='ltr'>ὅτιού</span> 
     </span>
    </p>
   </div>
   <div class='ocr_carea' id='block_1_50' title="bbox 317 4454 1977 4533">
    <p class='ocr_par' dir='ltr' id='par_1_50' title="bbox 317 4454 1977 4533">
     <span class='ocr_line' id='line_1_50' title="bbox 317 4454 1977 4533; baseline -0.004 -17"><span class='ocrx_word' id='word_1_394' title='bbox 317 4462 611 4533; x_wconf 72' lang='grc' dir='ltr'>στοχασμὸς</span> <span class='ocrx_word' id='word_1_395' title='bbox 645 4460 716 4513; x_wconf 84' lang='grc' dir='ltr'>τά</span> <span class='ocrx_word' id='word_1_396' title='bbox 742 4458 1028 4531; x_wconf 85' lang='grc' dir='ltr'>εἰρημένα,</span> <span class='ocrx_word' id='word_1_397' title='bbox 1062 4458 1290 4511; x_wconf 86' lang='grc' dir='ltr'>ἀκουσον</span> <span class='ocrx_word' id='word_1_398' title='bbox 1311 4455 1523 4509; x_wconf 85' lang='grc' dir='ltr'>Παύλου</span> <span class='ocrx_word' id='word_1_399' title='bbox 1548 4454 1722 4510; x_wconf 90' lang='grc' dir='ltr'>ταῦτα</span> <span class='ocrx_word' id='word_1_400' title='bbox 1736 4456 1977 4528; x_wconf 82' lang='grc' dir='ltr'>γράφον-</span> 
     </span>
    </p>
   </div>
   <div class='ocr_carea' id='block_1_51' title="bbox 316 4543 1976 4618">
    <p class='ocr_par' dir='ltr' id='par_1_51' title="bbox 316 4543 1976 4618">
     <span class='ocr_line' id='line_1_51' title="bbox 316 4543 1976 4618; baseline -0.005 -14"><span class='ocrx_word' id='word_1_401' title='bbox 316 4567 396 4615; x_wconf 85' lang='grc' dir='ltr'>τος</span> <span class='ocrx_word' id='word_1_402' title='bbox 427 4550 523 4605; x_wconf 79' lang='grc' dir='ltr'>καὶ</span> <span class='ocrx_word' id='word_1_403' title='bbox 555 4546 993 4618; x_wconf 61' lang='grc' dir='ltr'>φιλοσοφοῦντος·</span> <span class='ocrx_word' id='word_1_404' title='bbox 1035 4548 1148 4608; x_wconf 89' lang='grc' dir='ltr'>τοῖς</span> <span class='ocrx_word' id='word_1_405' title='bbox 1171 4545 1280 4615; x_wconf 84' lang='grc' dir='ltr'>γάρ</span> <span class='ocrx_word' id='word_1_406' title='bbox 1316 4543 1586 4616; x_wconf 83' lang='grc' dir='ltr'>Ἑϐραίοις</span> <span class='ocrx_word' id='word_1_407' title='bbox 1627 4543 1976 4606; x_wconf 89' lang='grc' dir='ltr'>ἐπιστέλλων,</span> 
     </span>
    </p>
   </div>
   <div class='ocr_carea' id='block_1_52' title="bbox 315 4629 1977 4705">
    <p class='ocr_par' dir='ltr' id='par_1_52' title="bbox 315 4629 1977 4705">
     <span class='ocr_line' id='line_1_52' title="bbox 315 4629 1977 4705; baseline -0.003 -15"><span class='ocrx_word' id='word_1_408' title='bbox 315 4635 477 4700; x_wconf 72' lang='grc' dir='ltr'>οὕτως</span> <span class='ocrx_word' id='word_1_409' title='bbox 508 4634 637 4705; x_wconf 76' lang='grc' dir='ltr'>ἔφη’</span> <span class='ocrx_word' id='word_1_410' title='bbox 657 4633 784 4699; x_wconf 84' lang='grc' dir='ltr'>Πᾶς</span> <span class='ocrx_word' id='word_1_411' title='bbox 806 4633 917 4702; x_wconf 82' lang='grc' dir='ltr'>τὰρ</span> <span class='ocrx_word' id='word_1_412' title='bbox 956 4631 1264 4702; x_wconf 83' lang='grc' dir='ltr'>ἀρχιερεὺς</span> <span class='ocrx_word' id='word_1_413' title='bbox 1291 4630 1359 4696; x_wconf 76' lang='grc' dir='ltr'>ἐξ</span> <span class='ocrx_word' id='word_1_414' title='bbox 1399 4629 1725 4699; x_wconf 81' lang='grc' dir='ltr'>ἀνθρώπων</span> <span class='ocrx_word' id='word_1_415' title='bbox 1754 4632 1977 4701; x_wconf 78' lang='grc' dir='ltr'>λαμϐα-</span> 
     </span>
    </p>
   </div>
   <div class='ocr_carea' id='block_1_53' title="bbox 315 4716 1978 4793">
    <p class='ocr_par' dir='ltr' id='par_1_53' title="bbox 315 4716 1978 4793">
     <span class='ocr_line' id='line_1_53' title="bbox 315 4716 1978 4793; baseline -0.004 -16"><span class='ocrx_word' id='word_1_416' title='bbox 315 4724 581 4793; x_wconf 82' lang='grc' dir='ltr'>νόμενος,</span> <span class='ocrx_word' id='word_1_417' title='bbox 600 4721 753 4789; x_wconf 83' lang='grc' dir='ltr'>ὑπὲρ</span> <span class='ocrx_word' id='word_1_418' title='bbox 790 4719 1117 4789; x_wconf 77' lang='grc' dir='ltr'>ἀνθρώπων</span> <span class='ocrx_word' id='word_1_419' title='bbox 1141 4719 1511 4783; x_wconf 81' lang='grc' dir='ltr'>καθίσταται,</span> <span class='ocrx_word' id='word_1_420' title='bbox 1534 4716 1689 4771; x_wconf 82' lang='grc' dir='ltr'>ὥστε</span> <span class='ocrx_word' id='word_1_421' title='bbox 1717 4718 1978 4787; x_wconf 65' lang='grc' dir='ltr'>προσφέ-</span> 
     </span>
    </p>
   </div>
   <div class='ocr_carea' id='block_1_54' title="bbox 310 4803 1979 4881">
    <p class='ocr_par' dir='ltr' id='par_1_54' title="bbox 310 4803 1979 4881">
     <span class='ocr_line' id='line_1_54' title="bbox 310 4803 1979 4881; baseline -0.005 -16"><span class='ocrx_word' id='word_1_422' title='bbox 310 4828 431 4881; x_wconf 85' lang='grc' dir='ltr'>ρειν</span> <span class='ocrx_word' id='word_1_423' title='bbox 450 4810 611 4880; x_wconf 78' lang='grc' dir='ltr'>δῶρα</span> <span class='ocrx_word' id='word_1_424' title='bbox 642 4809 742 4862; x_wconf 80' lang='grc' dir='ltr'>καὶ</span> <span class='ocrx_word' id='word_1_425' title='bbox 771 4808 1008 4872; x_wconf 82' lang='grc' dir='ltr'>θυσίας,</span> <span class='ocrx_word' id='word_1_426' title='bbox 1031 4804 1443 4877; x_wconf 74' lang='grc' dir='ltr'>μετριοπαθεῖν</span> <span class='ocrx_word' id='word_1_427' title='bbox 1480 4803 1814 4873; x_wconf 79' lang='grc' dir='ltr'>δυνάμενος</span> <span class='ocrx_word' id='word_1_428' title='bbox 1857 4805 1979 4871; x_wconf 80' lang='grc' dir='ltr'>τοῖς</span> 
     </span>
    </p>
   </div>
   <div class='ocr_carea' id='block_1_55' title="bbox 313 4891 1979 4969">
    <p class='ocr_par' dir='ltr' id='par_1_55' title="bbox 313 4891 1979 4969">
     <span class='ocr_line' id='line_1_55' title="bbox 313 4891 1979 4969; baseline -0.005 -15"><span class='ocrx_word' id='word_1_429' title='bbox 313 4898 597 4969; x_wconf 75' lang='grc' dir='ltr'>ἀγνοοῦσι</span> <span class='ocrx_word' id='word_1_430' title='bbox 629 4897 723 4951; x_wconf 83' lang='grc' dir='ltr'>καί</span> <span class='ocrx_word' id='word_1_431' title='bbox 753 4894 1187 4963; x_wconf 72' lang='grc' dir='ltr'>πλανωμένοις,</span> <span class='ocrx_word' id='word_1_432' title='bbox 1212 4892 1341 4947; x_wconf 79' lang='grc' dir='ltr'>ἐπεὶ</span> <span class='ocrx_word' id='word_1_433' title='bbox 1371 4892 1466 4945; x_wconf 79' lang='grc' dir='ltr'>καὶ</span> <span class='ocrx_word' id='word_1_434' title='bbox 1490 4891 1674 4957; x_wconf 79' lang='grc' dir='ltr'>αὐτὸς</span> <span class='ocrx_word' id='word_1_435' title='bbox 1722 4892 1979 4960; x_wconf 74' lang='grc' dir='ltr'>περίκει-</span> 
     </span>
    </p>
   </div>
   <div class='ocr_carea' id='block_1_56' title="bbox 314 4977 1977 5049">
    <p class='ocr_par' dir='ltr' id='par_1_56' title="bbox 314 4977 1977 5049">
     <span class='ocr_line' id='line_1_56' title="bbox 314 4977 1977 5049; baseline -0.005 -8"><span class='ocrx_word' id='word_1_436' title='bbox 314 5004 398 5041; x_wconf 82' lang='grc' dir='ltr'>ται</span> <span class='ocrx_word' id='word_1_437' title='bbox 415 4986 762 5041; x_wconf 71' lang='grc' dir='ltr'>ἀσθένειανο</span> <span class='ocrx_word' id='word_1_438' title='bbox 810 4982 909 5037; x_wconf 77' lang='grc' dir='ltr'>καὶ</span> <span class='ocrx_word' id='word_1_439' title='bbox 938 4982 1034 5035; x_wconf 82' lang='grc' dir='ltr'>διὰ</span> <span class='ocrx_word' id='word_1_440' title='bbox 1062 4982 1285 5049; x_wconf 78' lang='grc' dir='ltr'>ταύτην</span> <span class='ocrx_word' id='word_1_441' title='bbox 1313 4980 1559 5049; x_wconf 60' lang='grc' dir='ltr'>ὀφείλει,</span> <span class='ocrx_word' id='word_1_442' title='bbox 1608 4977 1802 5045; x_wconf 82' lang='grc' dir='ltr'>καθὼς</span> <span class='ocrx_word' id='word_1_443' title='bbox 1844 4980 1977 5047; x_wconf 78' lang='grc' dir='ltr'>περὶ</span> 
     </span>
    </p>
   </div>
   <div class='ocr_carea' id='block_1_57' title="bbox 313 5065 1982 5141">
    <p class='ocr_par' dir='ltr' id='par_1_57' title="bbox 313 5065 1982 5141">
     <span class='ocr_line' id='line_1_57' title="bbox 313 5065 1982 5141; baseline -0.006 -14"><span class='ocrx_word' id='word_1_444' title='bbox 313 5074 415 5129; x_wconf 81' lang='grc' dir='ltr'>τοῦ</span> <span class='ocrx_word' id='word_1_445' title='bbox 452 5072 629 5135; x_wconf 73' lang='grc' dir='ltr'>λαοῦ.</span> <span class='ocrx_word' id='word_1_446' title='bbox 654 5072 807 5126; x_wconf 81' lang='grc' dir='ltr'>οὕτω</span> <span class='ocrx_word' id='word_1_447' title='bbox 850 5071 946 5123; x_wconf 82' lang='grc' dir='ltr'>καὶ</span> <span class='ocrx_word' id='word_1_448' title='bbox 988 5067 1139 5141; x_wconf 66' lang='grc'>[526]</span> <span class='ocrx_word' id='word_1_449' title='bbox 1192 5067 1324 5136; x_wconf 80' lang='grc' dir='ltr'>περὶ</span> <span class='ocrx_word' id='word_1_450' title='bbox 1350 5065 1568 5121; x_wconf 84' lang='grc' dir='ltr'>ἑαυτοῦ</span> <span class='ocrx_word' id='word_1_451' title='bbox 1616 5066 1982 5134; x_wconf 66' lang='grc' dir='ltr'>προσφέρειν</span> 
     </span>
    </p>
   </div>
   <div class='ocr_carea' id='block_1_58' title="bbox 313 5153 1980 5231">
    <p class='ocr_par' dir='ltr' id='par_1_58' title="bbox 313 5153 1980 5231">
     <span class='ocr_line' id='line_1_58' title="bbox 313 5153 1980 5231; baseline -0.007 -14"><span class='ocrx_word' id='word_1_452' title='bbox 313 5162 442 5231; x_wconf 78' lang='grc' dir='ltr'>περί</span> <span class='ocrx_word' id='word_1_453' title='bbox 493 5158 816 5230; x_wconf 74' lang='grc' dir='ltr'>ἁμαρτιῶν.</span> <span class='ocrx_word' id='word_1_454' title='bbox 869 5153 1020 5220; x_wconf 75' lang='grc' dir='ltr'>Εἶδες</span> <span class='ocrx_word' id='word_1_455' title='bbox 1083 5156 1198 5219; x_wconf 86' lang='grc' dir='ltr'>πῶς</span> <span class='ocrx_word' id='word_1_456' title='bbox 1242 5156 1436 5227; x_wconf 83' lang='grc' dir='ltr'>ἄριστα</span> <span class='ocrx_word' id='word_1_457' title='bbox 1476 5154 1574 5223; x_wconf 83' lang='grc' dir='ltr'>τήν</span> <span class='ocrx_word' id='word_1_458' title='bbox 1620 5153 1798 5206; x_wconf 82' lang='grc' dir='ltr'>αἰτίαν</span> <span class='ocrx_word' id='word_1_459' title='bbox 1849 5155 1980 5224; x_wconf 89' lang='grc' dir='ltr'>ήμῖν</span> 
     </span>
    </p>
   </div>
   <div class='ocr_carea' id='block_1_59' title="bbox 315 5240 1982 5323">
    <p class='ocr_par' dir='ltr' id='par_1_59' title="bbox 315 5240 1982 5323">
     <span class='ocr_line' id='line_1_59' title="bbox 315 5240 1982 5323; baseline -0.008 -17"><span class='ocrx_word' id='word_1_460' title='bbox 315 5255 523 5323; x_wconf 72' lang='grc' dir='ltr'>εἴρηκε,</span> <span class='ocrx_word' id='word_1_461' title='bbox 551 5250 617 5302; x_wconf 76' lang='grc' dir='ltr'>δι’</span> <span class='ocrx_word' id='word_1_462' title='bbox 643 5248 711 5318; x_wconf 77' lang='grc' dir='ltr'>ἢν</span> <span class='ocrx_word' id='word_1_463' title='bbox 729 5247 829 5300; x_wconf 87' lang='grc' dir='ltr'>οὐκ</span> <span class='ocrx_word' id='word_1_464' title='bbox 860 5244 1081 5313; x_wconf 79' lang='grc' dir='ltr'>ἄγγελοι</span> <span class='ocrx_word' id='word_1_465' title='bbox 1114 5243 1232 5296; x_wconf 85' lang='grc' dir='ltr'>οὐδέ</span> <span class='ocrx_word' id='word_1_466' title='bbox 1255 5242 1605 5315; x_wconf 81' lang='grc' dir='ltr'>ἀρχάγγελοι,</span> <span class='ocrx_word' id='word_1_467' title='bbox 1633 5240 1748 5294; x_wconf 81' lang='grc' dir='ltr'>ἀλλ’</span> <span class='ocrx_word' id='word_1_468' title='bbox 1774 5241 1982 5314; x_wconf 75' lang='grc' dir='ltr'>ἄνθρωο</span> 
     </span>
    </p>
   </div>
   <div class='ocr_carea' id='block_1_60' title="bbox 315 5327 1980 5403">
    <p class='ocr_par' dir='ltr' id='par_1_60' title="bbox 315 5327 1980 5403">
     <span class='ocr_line' id='line_1_60' title="bbox 315 5327 1980 5403; baseline -0.005 -12"><span class='ocrx_word' id='word_1_469' title='bbox 315 5354 403 5390; x_wconf 86' lang='grc' dir='ltr'>ποι</span> <span class='ocrx_word' id='word_1_470' title='bbox 448 5340 566 5398; x_wconf 88' lang='grc' dir='ltr'>ταῖς</span> <span class='ocrx_word' id='word_1_471' title='bbox 611 5333 958 5403; x_wconf 85' lang='grc' dir='ltr'>Ἐκκλησίαις</span> <span class='ocrx_word' id='word_1_472' title='bbox 1019 5333 1398 5402; x_wconf 81' lang='grc' dir='ltr'>ἐφεστήκασιν,</span> <span class='ocrx_word' id='word_1_473' title='bbox 1428 5328 1515 5382; x_wconf 86' lang='grc' dir='ltr'>ἴνα</span> <span class='ocrx_word' id='word_1_474' title='bbox 1547 5327 1809 5382; x_wconf 88' lang='grc' dir='ltr'>δύνωνται</span> <span class='ocrx_word' id='word_1_475' title='bbox 1851 5346 1980 5383; x_wconf 87' lang='grc' dir='ltr'>συν-</span> 
     </span>
    </p>
   </div>
   <div class='ocr_carea' id='block_1_61' title="bbox 316 5416 1983 5493">
    <p class='ocr_par' dir='ltr' id='par_1_61' title="bbox 316 5416 1983 5493">
     <span class='ocr_line' id='line_1_61' title="bbox 316 5416 1983 5493; baseline -0.004 -15"><span class='ocrx_word' id='word_1_476' title='bbox 316 5424 496 5493; x_wconf 87' lang='grc' dir='ltr'>αλγεῖν</span> <span class='ocrx_word' id='word_1_477' title='bbox 528 5426 640 5485; x_wconf 86' lang='grc' dir='ltr'>τοῖς</span> <span class='ocrx_word' id='word_1_478' title='bbox 687 5420 995 5491; x_wconf 87' lang='grc' dir='ltr'>όμογενέσι.</span> <span class='ocrx_word' id='word_1_479' title='bbox 1036 5418 1097 5471; x_wconf 84' lang='lat'>:6</span> <span class='ocrx_word' id='word_1_480' title='bbox 1154 5418 1264 5472; x_wconf 87' lang='grc' dir='ltr'>τῶν</span> <span class='ocrx_word' id='word_1_481' title='bbox 1295 5416 1511 5471; x_wconf 82' lang='grc' dir='ltr'>οἰκείων</span> <span class='ocrx_word' id='word_1_482' title='bbox 1570 5417 1983 5489; x_wconf 82' lang='grc' dir='ltr'>ἁμαρτημάτων</span> 
     </span>
    </p>
   </div>
   <div class='ocr_carea' id='block_1_62' title="bbox 319 5506 1979 5583">
    <p class='ocr_par' dir='ltr' id='par_1_62' title="bbox 319 5506 1979 5583">
     <span class='ocr_line' id='line_1_62' title="bbox 319 5506 1979 5583; baseline -0.006 -13"><span class='ocrx_word' id='word_1_483' title='bbox 319 5514 550 5577; x_wconf 79' lang='grc' dir='ltr'>συνειδὸς</span> <span class='ocrx_word' id='word_1_484' title='bbox 573 5514 828 5583; x_wconf 86' lang='grc' dir='ltr'>μέγιστον</span> <span class='ocrx_word' id='word_1_485' title='bbox 848 5510 1186 5564; x_wconf 81' lang='grc' dir='ltr'>διδασκάλιον</span> <span class='ocrx_word' id='word_1_486' title='bbox 1207 5508 1704 5578; x_wconf 83' lang='grc' dir='ltr'>ταπεινοφροσύνης</span> <span class='ocrx_word' id='word_1_487' title='bbox 1732 5506 1946 5578; x_wconf 74' lang='grc' dir='ltr'>ἔχοντες</span> <span class='ocrx_word' id='word_1_488' title='bbox 1965 5525 1979 5573; x_wconf 90' lang='lat'>;</span> 
     </span>
    </p>
   </div>
   <div class='ocr_carea' id='block_1_63' title="bbox 318 5592 1983 5672">
    <p class='ocr_par' dir='ltr' id='par_1_63' title="bbox 318 5592 1983 5672">
     <span class='ocr_line' id='line_1_63' title="bbox 318 5592 1983 5672; baseline -0.005 -16"><span class='ocrx_word' id='word_1_489' title='bbox 318 5603 423 5657; x_wconf 75' lang='lat' dir='ltr'><strong><em>Kal</em></strong></span> <span class='ocrx_word' id='word_1_490' title='bbox 450 5602 557 5672; x_wconf 85' lang='grc' dir='ltr'>γάρ</span> <span class='ocrx_word' id='word_1_491' title='bbox 577 5601 670 5653; x_wconf 75' lang='grc' dir='ltr'>καὶ</span> <span class='ocrx_word' id='word_1_492' title='bbox 702 5598 866 5659; x_wconf 77' lang='grc' dir='ltr'>αὐτὸς</span> <span class='ocrx_word' id='word_1_493' title='bbox 898 5596 1225 5668; x_wconf 84' lang='grc' dir='ltr'>περίκειται,</span> <span class='ocrx_word' id='word_1_494' title='bbox 1245 5594 1428 5663; x_wconf 77' lang='grc' dir='ltr'>φησὶν,</span> <span class='ocrx_word' id='word_1_495' title='bbox 1451 5592 1753 5656; x_wconf 86' lang='grc' dir='ltr'>ἀσθένειαν,</span> <span class='ocrx_word' id='word_1_496' title='bbox 1786 5593 1880 5647; x_wconf 78' lang='grc' dir='ltr'>καὶ</span> <span class='ocrx_word' id='word_1_497' title='bbox 1896 5592 1983 5647; x_wconf 85' lang='grc' dir='ltr'>διὰ</span> 
     </span>
    </p>
   </div>
   <div class='ocr_carea' id='block_1_64' title="bbox 319 5678 1981 5759">
    <p class='ocr_par' dir='ltr' id='par_1_64' title="bbox 319 5678 1981 5759">
     <span class='ocr_line' id='line_1_64' title="bbox 319 5678 1981 5759; baseline -0.007 -16"><span class='ocrx_word' id='word_1_498' title='bbox 319 5689 515 5759; x_wconf 84' lang='grc' dir='ltr'>ταύτην</span> <span class='ocrx_word' id='word_1_499' title='bbox 544 5688 767 5757; x_wconf 77' lang='grc' dir='ltr'>ὀφείλει,</span> <span class='ocrx_word' id='word_1_500' title='bbox 788 5683 969 5747; x_wconf 73' lang='grc' dir='ltr'>καθὼς</span> <span class='ocrx_word' id='word_1_501' title='bbox 994 5683 1118 5753; x_wconf 70' lang='grc' dir='ltr'>περὶ</span> <span class='ocrx_word' id='word_1_502' title='bbox 1139 5680 1232 5734; x_wconf 86' lang='grc' dir='ltr'>τοῦ</span> <span class='ocrx_word' id='word_1_503' title='bbox 1251 5680 1401 5741; x_wconf 82' lang='grc' dir='ltr'>λαοῦ,</span> <span class='ocrx_word' id='word_1_504' title='bbox 1433 5678 1573 5733; x_wconf 81' lang='grc' dir='ltr'>οῦτω</span> <span class='ocrx_word' id='word_1_505' title='bbox 1594 5682 1686 5734; x_wconf 74' lang='grc' dir='ltr'>καὶ</span> <span class='ocrx_word' id='word_1_506' title='bbox 1708 5681 1835 5751; x_wconf 84' lang='grc' dir='ltr'>περί</span> <span class='ocrx_word' id='word_1_507' title='bbox 1853 5682 1981 5733; x_wconf 84' lang='grc' dir='ltr'>ἐαυ-</span> 
     </span>
    </p>
   </div>
   <div class='ocr_carea' id='block_1_65' title="bbox 320 5766 1979 5849">
    <p class='ocr_par' dir='ltr' id='par_1_65' title="bbox 320 5766 1979 5849">
     <span class='ocr_line' id='line_1_65' title="bbox 320 5766 1979 5849; baseline -0.008 -17"><span class='ocrx_word' id='word_1_508' title='bbox 320 5778 406 5832; x_wconf 82' lang='grc' dir='ltr'>τοῦ</span> <span class='ocrx_word' id='word_1_509' title='bbox 446 5775 776 5849; x_wconf 79' lang='grc' dir='ltr'>προσφέρειν</span> <span class='ocrx_word' id='word_1_510' title='bbox 809 5772 936 5842; x_wconf 74' lang='grc' dir='ltr'>περὶ</span> <span class='ocrx_word' id='word_1_511' title='bbox 965 5769 1263 5842; x_wconf 82' lang='grc' dir='ltr'>ἁμαρτιῶν.</span> <span class='ocrx_word' id='word_1_512' title='bbox 1297 5766 1468 5822; x_wconf 77' lang='grc' dir='ltr'>Τοῦτο</span> <span class='ocrx_word' id='word_1_513' title='bbox 1492 5767 1623 5835; x_wconf 83' lang='grc' dir='ltr'>γοῦν</span> <span class='ocrx_word' id='word_1_514' title='bbox 1644 5768 1737 5821; x_wconf 72' lang='grc' dir='ltr'>καὶ</span> <span class='ocrx_word' id='word_1_515' title='bbox 1766 5767 1861 5821; x_wconf 88' lang='grc' dir='ltr'>νῦν</span> <span class='ocrx_word' id='word_1_516' title='bbox 1893 5768 1979 5836; x_wconf 69' lang='grc' dir='ltr'>γίο</span> 
     </span>
    </p>
   </div>
   <div class='ocr_carea' id='block_1_66' title="bbox 320 5855 1977 5934">
    <p class='ocr_par' dir='ltr' id='par_1_66' title="bbox 320 5855 1977 5934">
     <span class='ocr_line' id='line_1_66' title="bbox 320 5855 1977 5934; baseline -0.006 -15"><span class='ocrx_word' id='word_1_517' title='bbox 320 5883 481 5920; x_wconf 83' lang='grc' dir='ltr'>νεται·</span> <span class='ocrx_word' id='word_1_518' title='bbox 514 5866 605 5919; x_wconf 73' lang='grc' dir='ltr'>καὶ</span> <span class='ocrx_word' id='word_1_519' title='bbox 637 5864 748 5934; x_wconf 69' lang='grc' dir='ltr'>γὰρ</span> <span class='ocrx_word' id='word_1_520' title='bbox 766 5866 829 5933; x_wconf 82' lang='grc' dir='ltr'>τῇ</span> <span class='ocrx_word' id='word_1_521' title='bbox 853 5864 975 5933; x_wconf 75' lang='grc' dir='ltr'>ἱερᾷ</span> <span class='ocrx_word' id='word_1_522' title='bbox 1001 5860 1170 5930; x_wconf 79' lang='grc' dir='ltr'>ταύτῃ</span> <span class='ocrx_word' id='word_1_523' title='bbox 1204 5856 1450 5929; x_wconf 79' lang='grc' dir='ltr'>τραπέζῃ</span> <span class='ocrx_word' id='word_1_524' title='bbox 1480 5856 1846 5928; x_wconf 81' lang='grc' dir='ltr'>παρεστῶτες.</span> <span class='ocrx_word' id='word_1_525' title='bbox 1885 5855 1977 5909; x_wconf 74' lang='grc' dir='ltr'>καὶ</span> 
     </span>
    </p>
   </div>
   <div class='ocr_carea' id='block_1_67' title="bbox 264 5943 1979 6023">
    <p class='ocr_par' dir='ltr' id='par_1_67' title="bbox 264 5943 1979 6023">
     <span class='ocr_line' id='line_1_67' title="bbox 264 5943 1979 6023; baseline -0.007 -15"><span class='ocrx_word' id='word_1_526' title='bbox 264 5984 271 5989; x_wconf 64' lang='grc' dir='ltr'>τ</span> <span class='ocrx_word' id='word_1_527' title='bbox 321 5956 413 6021; x_wconf 64' lang='grc' dir='ltr'>τὴν</span> <span class='ocrx_word' id='word_1_528' title='bbox 435 5952 663 6023; x_wconf 77' lang='grc' dir='ltr'>φρικτὴν</span> <span class='ocrx_word' id='word_1_529' title='bbox 683 5951 873 6006; x_wconf 81' lang='grc' dir='ltr'>θυσίαν</span> <span class='ocrx_word' id='word_1_530' title='bbox 934 5948 1311 6019; x_wconf 80' lang='grc' dir='ltr'>ἀναφέροντες,</span> <span class='ocrx_word' id='word_1_531' title='bbox 1345 5944 1530 6017; x_wconf 75' lang='grc' dir='ltr'>ὥσπερ</span> <span class='ocrx_word' id='word_1_532' title='bbox 1579 5944 1715 6017; x_wconf 80' lang='grc' dir='ltr'>ὑπὲρ</span> <span class='ocrx_word' id='word_1_533' title='bbox 1750 5943 1853 5997; x_wconf 85' lang='grc' dir='ltr'>τῶν</span> <span class='ocrx_word' id='word_1_534' title='bbox 1888 5944 1979 5997; x_wconf 79' lang='grc' dir='ltr'>τοῦ</span> 
     </span>
    </p>
   </div>
   <div class='ocr_carea' id='block_1_68' title="bbox 2060 444 3725 529">
    <p class='ocr_par' dir='ltr' id='par_1_68' title="bbox 2060 444 3725 529">
     <span class='ocr_line' id='line_1_68' title="bbox 2060 444 3725 529; baseline 0.008 -31"><span class='ocrx_word' id='word_1_535' title='bbox 2060 444 2190 499; x_wconf 85' lang='grc' dir='ltr'>λαοῦ</span> <span class='ocrx_word' id='word_1_536' title='bbox 2238 447 2724 521; x_wconf 88' lang='grc' dir='ltr'>πλημμελημάτων</span> <span class='ocrx_word' id='word_1_537' title='bbox 2768 450 3028 521; x_wconf 80' lang='grc' dir='ltr'>αἰτοῦμεν</span> <span class='ocrx_word' id='word_1_538' title='bbox 3069 450 3321 520; x_wconf 83' lang='grc' dir='ltr'>γενέσθαι</span> <span class='ocrx_word' id='word_1_539' title='bbox 3356 454 3725 529; x_wconf 85' lang='grc' dir='ltr'>συγχώρησιν,</span> 
     </span>
    </p>
   </div>
   <div class='ocr_carea' id='block_1_69' title="bbox 2059 533 3727 613">
    <p class='ocr_par' dir='ltr' id='par_1_69' title="bbox 2059 533 3727 613">
     <span class='ocr_line' id='line_1_69' title="bbox 2059 533 3727 613; baseline 0.008 -28"><span class='ocrx_word' id='word_1_540' title='bbox 2059 533 2202 587; x_wconf 82' lang='grc' dir='ltr'>οὕτω</span> <span class='ocrx_word' id='word_1_541' title='bbox 2219 534 2311 587; x_wconf 80' lang='grc' dir='ltr'>καὶ</span> <span class='ocrx_word' id='word_1_542' title='bbox 2331 535 2472 606; x_wconf 86' lang='grc' dir='ltr'>ὐπέρ</span> <span class='ocrx_word' id='word_1_543' title='bbox 2508 536 2617 589; x_wconf 89' lang='grc' dir='ltr'>τῶν</span> <span class='ocrx_word' id='word_1_544' title='bbox 2638 537 2921 609; x_wconf 85' lang='grc' dir='ltr'>ἡμετέρων</span> <span class='ocrx_word' id='word_1_545' title='bbox 2949 538 3127 592; x_wconf 89' lang='grc' dir='ltr'>αὐτῶν</span> <span class='ocrx_word' id='word_1_546' title='bbox 3161 540 3587 613; x_wconf 85' lang='grc' dir='ltr'>παρακαλοῦμεν</span> <span class='ocrx_word' id='word_1_547' title='bbox 3630 547 3727 599; x_wconf 75' lang='grc' dir='ltr'>καὶ</span> 
     </span>
    </p>
   </div>
   <div class='ocr_carea' id='block_1_70' title="bbox 2058 619 3741 699">
    <p class='ocr_par' dir='ltr' id='par_1_70' title="bbox 2058 619 3741 699">
     <span class='ocr_line' id='line_1_70' title="bbox 2058 619 3741 699; baseline 0.008 -27"><span class='ocrx_word' id='word_1_548' title='bbox 2058 619 2291 689; x_wconf 82' lang='grc' dir='ltr'>δεόμεθα</span> <span class='ocrx_word' id='word_1_549' title='bbox 2312 623 2406 675; x_wconf 79' lang='grc' dir='ltr'>καὶ</span> <span class='ocrx_word' id='word_1_550' title='bbox 2445 622 2756 695; x_wconf 75' lang='grc' dir='ltr'>ἱκετεύομεν</span> <span class='ocrx_word' id='word_1_551' title='bbox 2784 626 2880 679; x_wconf 73' lang='grc' dir='ltr'>καὶ</span> <span class='ocrx_word' id='word_1_552' title='bbox 2928 626 3069 697; x_wconf 87' lang='grc' dir='ltr'>ὐπέρ</span> <span class='ocrx_word' id='word_1_553' title='bbox 3099 627 3352 681; x_wconf 90' lang='grc' dir='ltr'>ἀπάντων</span> <span class='ocrx_word' id='word_1_554' title='bbox 3378 628 3479 699; x_wconf 83' lang='grc' dir='ltr'>τὴν</span> <span class='ocrx_word' id='word_1_555' title='bbox 3537 624 3741 686; x_wconf 63' lang='grc' dir='ltr'>θυσίάν</span> 
     </span>
    </p>
   </div>
   <div class='ocr_carea' id='block_1_71' title="bbox 2060 707 2549 778">
    <p class='ocr_par' dir='ltr' id='par_1_71' title="bbox 2060 707 2549 778">
     <span class='ocr_line' id='line_1_71' title="bbox 2060 707 2549 778; baseline 0.01 -18"><span class='ocrx_word' id='word_1_556' title='bbox 2060 707 2445 778; x_wconf 79' lang='grc' dir='ltr'>ἀναφέρομεν..</span> <span class='ocrx_word' id='word_1_557' title='bbox 2460 751 2471 763; x_wconf 92' lang='grc'>.</span> <span class='ocrx_word' id='word_1_558' title='bbox 2484 750 2497 763; x_wconf 96' lang='grc'>.</span> <span class='ocrx_word' id='word_1_559' title='bbox 2508 750 2521 764; x_wconf 92' lang='grc'>.</span> <span class='ocrx_word' id='word_1_560' title='bbox 2536 750 2549 765; x_wconf 97' lang='grc'>.</span> 
     </span>
    </p>
   </div>
   <div class='ocr_carea' id='block_1_72' title="bbox 2132 795 3727 873">
    <p class='ocr_par' dir='ltr' id='par_1_72' title="bbox 2132 795 3727 873">
     <span class='ocr_line' id='line_1_72' title="bbox 2132 795 3727 873; baseline 0.007 -26"><span class='ocrx_word' id='word_1_561' title='bbox 2132 798 2180 861; x_wconf 70' lang='grc' dir='ltr'>γ</span> <span class='ocrx_word' id='word_1_562' title='bbox 2190 834 2204 848; x_wconf 95' lang='grc'>.</span> <span class='ocrx_word' id='word_1_563' title='bbox 2218 795 2309 865; x_wconf 87' lang='grc' dir='ltr'>Μή</span> <span class='ocrx_word' id='word_1_564' title='bbox 2332 811 2422 858; x_wconf 89' lang='grc' dir='ltr'>μοι</span> <span class='ocrx_word' id='word_1_565' title='bbox 2441 796 2532 848; x_wconf 78' lang='grc' dir='ltr'>τὸν</span> <span class='ocrx_word' id='word_1_566' title='bbox 2554 796 2899 869; x_wconf 81' lang='grc' dir='ltr'>πλεονέκτην,</span> <span class='ocrx_word' id='word_1_567' title='bbox 2923 800 3017 853; x_wconf 72' lang='grc' dir='ltr'>καὶ</span> <span class='ocrx_word' id='word_1_568' title='bbox 3044 799 3136 854; x_wconf 88' lang='grc' dir='ltr'>τδν</span> <span class='ocrx_word' id='word_1_569' title='bbox 3161 803 3397 873; x_wconf 79' lang='grc' dir='ltr'>γαστρὸς</span> <span class='ocrx_word' id='word_1_570' title='bbox 3420 802 3727 869; x_wconf 68' lang='grc' dir='ltr'>δοῦλον,κα’ί⁵</span> 
     </span>
    </p>
   </div>
   <div class='ocr_carea' id='block_1_73' title="bbox 2060 880 3727 960">
    <p class='ocr_par' dir='ltr' id='par_1_73' title="bbox 2060 880 3727 960">
     <span class='ocr_line' id='line_1_73' title="bbox 2060 880 3727 960; baseline 0.006 -27"><span class='ocrx_word' id='word_1_571' title='bbox 2060 880 2153 934; x_wconf 82' lang='grc' dir='ltr'>τὸν</span> <span class='ocrx_word' id='word_1_572' title='bbox 2176 881 2635 953; x_wconf 77' lang='grc' dir='ltr'>προδεδωκότατῇ</span> <span class='ocrx_word' id='word_1_573' title='bbox 2670 886 2906 957; x_wconf 81' lang='grc' dir='ltr'>πονηρίᾳ</span> <span class='ocrx_word' id='word_1_574' title='bbox 2922 886 3021 957; x_wconf 82' lang='grc' dir='ltr'>τῆς</span> <span class='ocrx_word' id='word_1_575' title='bbox 3057 887 3273 956; x_wconf 85' lang='grc' dir='ltr'>φύσεως</span> <span class='ocrx_word' id='word_1_576' title='bbox 3311 891 3411 960; x_wconf 78' lang='grc' dir='ltr'>τὴν</span> <span class='ocrx_word' id='word_1_577' title='bbox 3448 891 3727 959; x_wconf 79' lang='grc' dir='ltr'>εὐγένειαν</span> 
     </span>
    </p>
   </div>
   <div class='ocr_carea' id='block_1_74' title="bbox 2061 968 3728 1039">
    <p class='ocr_par' dir='ltr' id='par_1_74' title="bbox 2061 968 3728 1039">
     <span class='ocr_line' id='line_1_74' title="bbox 2061 968 3728 1039; baseline 0.007 -18"><span class='ocrx_word' id='word_1_578' title='bbox 2061 968 2141 1031; x_wconf 85' lang='grc' dir='ltr'>εἰς</span> <span class='ocrx_word' id='word_1_579' title='bbox 2171 968 2332 1039; x_wconf 82' lang='grc' dir='ltr'>μέσον</span> <span class='ocrx_word' id='word_1_580' title='bbox 2357 970 2591 1039; x_wconf 83' lang='grc' dir='ltr'>ἀγάγῃς,</span> <span class='ocrx_word' id='word_1_581' title='bbox 2613 970 2749 1023; x_wconf 88' lang='grc' dir='ltr'>ἀλλά</span> <span class='ocrx_word' id='word_1_582' title='bbox 2768 972 2956 1025; x_wconf 90' lang='grc' dir='ltr'>τοῦτον</span> <span class='ocrx_word' id='word_1_583' title='bbox 2983 974 3077 1027; x_wconf 68' lang='grc' dir='ltr'>κα)⁸</span> <span class='ocrx_word' id='word_1_584' title='bbox 3101 976 3225 1039; x_wconf 88' lang='grc' dir='ltr'>τούς</span> <span class='ocrx_word' id='word_1_585' title='bbox 3260 976 3379 1029; x_wconf 81' lang='grc' dir='ltr'>κατ’</span> <span class='ocrx_word' id='word_1_586' title='bbox 3408 978 3614 1035; x_wconf 76' lang='grc' dir='ltr'>ἐκεῖνον</span> <span class='ocrx_word' id='word_1_587' title='bbox 3632 978 3728 1032; x_wconf 80' lang='grc' dir='ltr'>ἄν·</span> 
     </span>
    </p>
   </div>
   <div class='ocr_carea' id='block_1_75' title="bbox 2060 1055 3729 1136">
    <p class='ocr_par' dir='ltr' id='par_1_75' title="bbox 2060 1055 3729 1136">
     <span class='ocr_line' id='line_1_75' title="bbox 2060 1055 3729 1136; baseline 0.007 -29"><span class='ocrx_word' id='word_1_588' title='bbox 2060 1055 2214 1125; x_wconf 86' lang='grc' dir='ltr'>δρας,</span> <span class='ocrx_word' id='word_1_589' title='bbox 2246 1057 2375 1120; x_wconf 82' lang='grc' dir='ltr'>τοὺς</span> <span class='ocrx_word' id='word_1_590' title='bbox 2398 1056 2460 1110; x_wconf 86' lang='grc' dir='ltr'>τδ</span> <span class='ocrx_word' id='word_1_591' title='bbox 2482 1057 2787 1130; x_wconf 88' lang='grc' dir='ltr'>ἀρχέτυπον</span> <span class='ocrx_word' id='word_1_592' title='bbox 2832 1059 3236 1130; x_wconf 89' lang='grc' dir='ltr'>διατηροῦντας,</span> <span class='ocrx_word' id='word_1_593' title='bbox 3283 1064 3379 1117; x_wconf 79' lang='grc' dir='ltr'>καὶ</span> <span class='ocrx_word' id='word_1_594' title='bbox 3422 1064 3514 1117; x_wconf 81' lang='grc' dir='ltr'>τὸν</span> <span class='ocrx_word' id='word_1_595' title='bbox 3558 1082 3729 1136; x_wconf 86' lang='grc' dir='ltr'>χαρα-</span> 
     </span>
    </p>
   </div>
   <div class='ocr_carea' id='block_1_76' title="bbox 2062 1140 3728 1225">
    <p class='ocr_par' dir='ltr' id='par_1_76' title="bbox 2062 1140 3728 1225">
     <span class='ocr_line' id='line_1_76' title="bbox 2062 1140 3728 1225; baseline 0.006 -29"><span class='ocrx_word' id='word_1_596' title='bbox 2062 1142 2239 1214; x_wconf 87' lang='grc' dir='ltr'>κτῆρα</span> <span class='ocrx_word' id='word_1_597' title='bbox 2264 1143 2356 1196; x_wconf 83' lang='grc' dir='ltr'>τὸν</span> <span class='ocrx_word' id='word_1_598' title='bbox 2381 1142 2658 1213; x_wconf 82' lang='grc' dir='ltr'>βασιλικὸν</span> <span class='ocrx_word' id='word_1_599' title='bbox 2690 1145 2751 1198; x_wconf 93' lang='grc' dir='ltr'>οὐ</span> <span class='ocrx_word' id='word_1_600' title='bbox 2779 1140 3226 1217; x_wconf 84' lang='grc' dir='ltr'>λυμαινομένους,</span> <span class='ocrx_word' id='word_1_601' title='bbox 3258 1149 3350 1203; x_wconf 74' lang='grc' dir='ltr'>καὶ</span> <span class='ocrx_word' id='word_1_602' title='bbox 3372 1152 3491 1203; x_wconf 88' lang='grc' dir='ltr'>τότε</span> <span class='ocrx_word' id='word_1_603' title='bbox 3527 1152 3648 1225; x_wconf 77' lang='grc' dir='ltr'>εῖσῃ</span> <span class='ocrx_word' id='word_1_604' title='bbox 3673 1153 3728 1206; x_wconf 89' lang='grc' dir='ltr'>τί</span> 
     </span>
    </p>
   </div>
   <div class='ocr_carea' id='block_1_77' title="bbox 2063 1229 3727 1309">
    <p class='ocr_par' dir='ltr' id='par_1_77' title="bbox 2063 1229 3727 1309">
     <span class='ocr_line' id='line_1_77' title="bbox 2063 1229 3727 1309; baseline 0.005 -26"><span class='ocrx_word' id='word_1_605' title='bbox 2063 1230 2193 1284; x_wconf 85' lang='grc' dir='ltr'>ποτέ</span> <span class='ocrx_word' id='word_1_606' title='bbox 2217 1231 2365 1284; x_wconf 89' lang='grc' dir='ltr'>ἐστιν</span> <span class='ocrx_word' id='word_1_607' title='bbox 2383 1230 2687 1301; x_wconf 81' lang='grc' dir='ltr'>ἄνθρωπος.</span> <span class='ocrx_word' id='word_1_608' title='bbox 2717 1231 2826 1284; x_wconf 70' lang='grc' dir='ltr'>Καὶ</span> <span class='ocrx_word' id='word_1_609' title='bbox 2878 1232 2986 1302; x_wconf 84' lang='grc' dir='ltr'>γὰρ</span> <span class='ocrx_word' id='word_1_610' title='bbox 3017 1234 3107 1285; x_wconf 78' lang='grc' dir='ltr'>καὶ</span> <span class='ocrx_word' id='word_1_611' title='bbox 3152 1229 3303 1298; x_wconf 81' lang='lat'><em>06:0;</em></span> <span class='ocrx_word' id='word_1_612' title='bbox 3329 1236 3612 1307; x_wconf 78' lang='grc' dir='ltr'>ἄνθρωπος</span> <span class='ocrx_word' id='word_1_613' title='bbox 3636 1235 3727 1309; x_wconf 78' lang='grc' dir='ltr'>ἦν,</span> 
     </span>
    </p>
   </div>
   <div class='ocr_carea' id='block_1_78' title="bbox 2062 1317 3729 1397">
    <p class='ocr_par' dir='ltr' id='par_1_78' title="bbox 2062 1317 3729 1397">
     <span class='ocr_line' id='line_1_78' title="bbox 2062 1317 3729 1397; baseline 0.007 -29"><span class='ocrx_word' id='word_1_614' title='bbox 2062 1317 2156 1369; x_wconf 77' lang='grc' dir='ltr'>καὶ</span> <span class='ocrx_word' id='word_1_615' title='bbox 2172 1317 2279 1370; x_wconf 83' lang='grc' dir='ltr'>ἀπὸ</span> <span class='ocrx_word' id='word_1_616' title='bbox 2300 1318 2557 1385; x_wconf 83' lang='grc' dir='ltr'>γυναικὸς</span> <span class='ocrx_word' id='word_1_617' title='bbox 2582 1318 2799 1388; x_wconf 90' lang='grc' dir='ltr'>ἐτέχθη,</span> <span class='ocrx_word' id='word_1_618' title='bbox 2835 1320 2928 1372; x_wconf 68' lang='grc' dir='ltr'>καὶ</span> <span class='ocrx_word' id='word_1_619' title='bbox 2950 1319 3180 1387; x_wconf 84' lang='grc' dir='ltr'>γάλακτι</span> <span class='ocrx_word' id='word_1_620' title='bbox 3232 1322 3464 1394; x_wconf 83' lang='grc' dir='ltr'>ἐτράφη,</span> <span class='ocrx_word' id='word_1_621' title='bbox 3490 1326 3585 1379; x_wconf 66' lang='grc' dir='ltr'>καὶ⁵</span> <span class='ocrx_word' id='word_1_622' title='bbox 3625 1328 3729 1397; x_wconf 78' lang='grc' dir='ltr'>γῆν</span> 
     </span>
    </p>
   </div>
   <div class='ocr_carea' id='block_1_79' title="bbox 2061 1399 3730 1482">
    <p class='ocr_par' dir='ltr' id='par_1_79' title="bbox 2061 1399 3730 1482">
     <span class='ocr_line' id='line_1_79' title="bbox 2061 1399 3730 1482; baseline 0.006 -28"><span class='ocrx_word' id='word_1_623' title='bbox 2061 1399 2267 1472; x_wconf 74' lang='grc' dir='ltr'>ᾤκησε,</span> <span class='ocrx_word' id='word_1_624' title='bbox 2292 1403 2385 1456; x_wconf 81' lang='grc' dir='ltr'>καὶ</span> <span class='ocrx_word' id='word_1_625' title='bbox 2416 1403 2548 1474; x_wconf 84' lang='grc' dir='ltr'>ἀέρα</span> <span class='ocrx_word' id='word_1_626' title='bbox 2595 1404 2914 1468; x_wconf 86' lang='grc' dir='ltr'>ἀνέπνευσε,</span> <span class='ocrx_word' id='word_1_627' title='bbox 2962 1406 3056 1457; x_wconf 75' lang='grc' dir='ltr'>καὶ</span> <span class='ocrx_word' id='word_1_628' title='bbox 3082 1407 3257 1459; x_wconf 87' lang='grc' dir='ltr'>πάντα</span> <span class='ocrx_word' id='word_1_629' title='bbox 3285 1408 3438 1461; x_wconf 89' lang='grc' dir='ltr'>κοινά</span> <span class='ocrx_word' id='word_1_630' title='bbox 3474 1410 3624 1481; x_wconf 83' lang='grc' dir='ltr'>αὐτῷ</span> <span class='ocrx_word' id='word_1_631' title='bbox 3660 1407 3730 1482; x_wconf 75' lang='grc' dir='ltr'>ἦν</span> 
     </span>
    </p>
   </div>
   <div class='ocr_carea' id='block_1_80' title="bbox 2064 1487 3732 1567">
    <p class='ocr_par' dir='ltr' id='par_1_80' title="bbox 2064 1487 3732 1567">
     <span class='ocr_line' id='line_1_80' title="bbox 2064 1487 3732 1567; baseline 0.01 -32"><span class='ocrx_word' id='word_1_632' title='bbox 2064 1487 2202 1560; x_wconf 83' lang='grc' dir='ltr'>πρὸς</span> <span class='ocrx_word' id='word_1_633' title='bbox 2224 1492 2395 1560; x_wconf 81' lang='grc' dir='ltr'>ἡμᾶς,</span> <span class='ocrx_word' id='word_1_634' title='bbox 2458 1489 2617 1543; x_wconf 91' lang='grc' dir='ltr'>κοινά</span> <span class='ocrx_word' id='word_1_635' title='bbox 2640 1491 2708 1543; x_wconf 89' lang='grc' dir='ltr'>τά</span> <span class='ocrx_word' id='word_1_636' title='bbox 2740 1492 2838 1561; x_wconf 83' lang='grc' dir='ltr'>τῆς</span> <span class='ocrx_word' id='word_1_637' title='bbox 2893 1490 3129 1559; x_wconf 73' lang='grc' dir='ltr'>φύσεωςσ</span> <span class='ocrx_word' id='word_1_638' title='bbox 3171 1493 3285 1546; x_wconf 83' lang='grc' dir='ltr'>ἀλλ’</span> <span class='ocrx_word' id='word_1_639' title='bbox 3318 1494 3504 1566; x_wconf 76' lang='grc' dir='ltr'>ἐπειδὴ</span> <span class='ocrx_word' id='word_1_640' title='bbox 3535 1497 3603 1550; x_wconf 91' lang='grc' dir='ltr'>τά</span> <span class='ocrx_word' id='word_1_641' title='bbox 3632 1497 3732 1567; x_wconf 76' lang='grc' dir='ltr'>τῆς</span> 
     </span>
    </p>
   </div>
   <div class='ocr_carea' id='block_1_81' title="bbox 2064 1576 3725 1655">
    <p class='ocr_par' dir='ltr' id='par_1_81' title="bbox 2064 1576 3725 1655">
     <span class='ocr_line' id='line_1_81' title="bbox 2064 1576 3725 1655; baseline 0.005 -26"><span class='ocrx_word' id='word_1_642' title='bbox 2064 1577 2434 1648; x_wconf 88' lang='grc' dir='ltr'>προαιρέσεως</span> <span class='ocrx_word' id='word_1_643' title='bbox 2462 1576 2717 1647; x_wconf 82' lang='grc' dir='ltr'>ἐξαίρετα</span> <span class='ocrx_word' id='word_1_644' title='bbox 2757 1578 2944 1647; x_wconf 89' lang='grc' dir='ltr'>γέγονε</span> <span class='ocrx_word' id='word_1_645' title='bbox 2965 1618 2979 1638; x_wconf 87' lang='grc'>.</span> <span class='ocrx_word' id='word_1_646' title='bbox 3019 1580 3106 1633; x_wconf 80' lang='grc' dir='ltr'>διὰ</span> <span class='ocrx_word' id='word_1_647' title='bbox 3132 1580 3305 1635; x_wconf 83' lang='grc' dir='ltr'>ταῦτα</span> <span class='ocrx_word' id='word_1_648' title='bbox 3342 1584 3434 1636; x_wconf 75' lang='grc' dir='ltr'>καὶ</span> <span class='ocrx_word' id='word_1_649' title='bbox 3463 1583 3666 1655; x_wconf 87' lang='grc' dir='ltr'>ταύτης</span> <span class='ocrx_word' id='word_1_650' title='bbox 3696 1599 3725 1628; x_wconf 78' lang='grc' dir='ltr'>ι</span> 
     </span>
    </p>
   </div>
   <div class='ocr_carea' id='block_1_82' title="bbox 2062 1664 3725 1744">
    <p class='ocr_par' dir='ltr' id='par_1_82' title="bbox 2062 1664 3725 1744">
     <span class='ocr_line' id='line_1_82' title="bbox 2062 1664 3725 1744; baseline 0.005 -25"><span class='ocrx_word' id='word_1_651' title='bbox 2062 1666 2284 1735; x_wconf 87' lang='grc' dir='ltr'>χάριτος</span> <span class='ocrx_word' id='word_1_652' title='bbox 2306 1664 2596 1736; x_wconf 74' lang='grc' dir='ltr'>ἐξέλαμψε.</span> <span class='ocrx_word' id='word_1_653' title='bbox 2624 1666 2813 1719; x_wconf 85' lang='grc' dir='ltr'>Καίτοι</span> <span class='ocrx_word' id='word_1_654' title='bbox 2839 1667 2957 1719; x_wconf 89' lang='grc' dir='ltr'>οὐδέ</span> <span class='ocrx_word' id='word_1_655' title='bbox 2986 1669 3087 1739; x_wconf 90' lang='grc' dir='ltr'>χρή</span> <span class='ocrx_word' id='word_1_656' title='bbox 3098 1686 3241 1737; x_wconf 88' lang='grc' dir='ltr'>ματα</span> <span class='ocrx_word' id='word_1_657' title='bbox 3267 1671 3415 1741; x_wconf 82' lang='grc' dir='ltr'>αὐτῷ</span> <span class='ocrx_word' id='word_1_658' title='bbox 3441 1673 3642 1744; x_wconf 81' lang='grc' dir='ltr'>παρῆν,</span> <span class='ocrx_word' id='word_1_659' title='bbox 3661 1674 3725 1727; x_wconf 86' lang='grc' dir='ltr'>οὐ</span> 
     </span>
    </p>
   </div>
   <div class='ocr_carea' id='block_1_83' title="bbox 2063 1751 3730 1828">
    <p class='ocr_par' dir='ltr' id='par_1_83' title="bbox 2063 1751 3730 1828">
     <span class='ocr_line' id='line_1_83' title="bbox 2063 1751 3730 1828; baseline 0.006 -25"><span class='ocrx_word' id='word_1_660' title='bbox 2063 1751 2251 1821; x_wconf 87' lang='grc' dir='ltr'>γένους</span> <span class='ocrx_word' id='word_1_661' title='bbox 2267 1752 2615 1822; x_wconf 87' lang='grc' dir='ltr'>περιφάνεια,</span> <span class='ocrx_word' id='word_1_662' title='bbox 2663 1752 2725 1805; x_wconf 92' lang='grc' dir='ltr'>οὐ</span> <span class='ocrx_word' id='word_1_663' title='bbox 2758 1753 3013 1823; x_wconf 89' lang='grc' dir='ltr'>πατρίδος</span> <span class='ocrx_word' id='word_1_664' title='bbox 3046 1755 3292 1825; x_wconf 89' lang='grc' dir='ltr'>μέγεθος,</span> <span class='ocrx_word' id='word_1_665' title='bbox 3326 1759 3387 1810; x_wconf 87' lang='grc' dir='ltr'>οὐ</span> <span class='ocrx_word' id='word_1_666' title='bbox 3421 1758 3592 1828; x_wconf 87' lang='grc' dir='ltr'>λόγων</span> <span class='ocrx_word' id='word_1_667' title='bbox 3619 1760 3730 1814; x_wconf 84' lang='grc' dir='ltr'>δει-</span> 
     </span>
    </p>
   </div>
   <div class='ocr_carea' id='block_1_84' title="bbox 2063 1837 3727 1915">
    <p class='ocr_par' dir='ltr' id='par_1_84' title="bbox 2063 1837 3727 1915">
     <span class='ocr_line' id='line_1_84' title="bbox 2063 1837 3727 1915; baseline 0.007 -26"><span class='ocrx_word' id='word_1_668' title='bbox 2063 1837 2241 1907; x_wconf 88' lang='grc' dir='ltr'>νότης,</span> <span class='ocrx_word' id='word_1_669' title='bbox 2260 1837 2319 1889; x_wconf 89' lang='grc' dir='ltr'>οὐ</span> <span class='ocrx_word' id='word_1_670' title='bbox 2348 1838 2564 1906; x_wconf 90' lang='grc' dir='ltr'>γλῶττα</span> <span class='ocrx_word' id='word_1_671' title='bbox 2603 1839 2940 1910; x_wconf 81' lang='grc' dir='ltr'>ήκονημένη,</span> <span class='ocrx_word' id='word_1_672' title='bbox 2975 1840 3075 1893; x_wconf 88' lang='grc' dir='ltr'>οὐκ</span> <span class='ocrx_word' id='word_1_673' title='bbox 3130 1841 3477 1914; x_wconf 80' lang='grc' dir='ltr'>ἀνδραπόδων</span> <span class='ocrx_word' id='word_1_674' title='bbox 3516 1845 3727 1915; x_wconf 88' lang='grc' dir='ltr'>ἀγέλαι,</span> 
     </span>
    </p>
   </div>
   <div class='ocr_carea' id='block_1_85' title="bbox 2063 1924 3733 2003">
    <p class='ocr_par' dir='ltr' id='par_1_85' title="bbox 2063 1924 3733 2003">
     <span class='ocr_line' id='line_1_85' title="bbox 2063 1924 3733 2003; baseline 0.007 -26"><span class='ocrx_word' id='word_1_675' title='bbox 2063 1926 2164 1978; x_wconf 92' lang='grc' dir='ltr'>οὐκ</span> <span class='ocrx_word' id='word_1_676' title='bbox 2192 1924 2462 1995; x_wconf 83' lang='grc' dir='ltr'>εὐνούχων</span> <span class='ocrx_word' id='word_1_677' title='bbox 2490 1926 2676 1997; x_wconf 80' lang='grc' dir='ltr'>ἐσμὸς.</span> <span class='ocrx_word' id='word_1_678' title='bbox 2711 1927 2809 1980; x_wconf 92' lang='grc' dir='ltr'>οὐκ</span> <span class='ocrx_word' id='word_1_679' title='bbox 2845 1927 2991 1980; x_wconf 86' lang='grc' dir='ltr'>οἰκία</span> <span class='ocrx_word' id='word_1_680' title='bbox 3028 1928 3383 1999; x_wconf 83' lang='grc' dir='ltr'>χρυσόροφος,</span> <span class='ocrx_word' id='word_1_681' title='bbox 3413 1933 3509 2003; x_wconf 91' lang='grc' dir='ltr'>οὐχ</span> <span class='ocrx_word' id='word_1_682' title='bbox 3540 1934 3733 2001; x_wconf 89' lang='grc' dir='ltr'>ίμάτια</span> 
     </span>
    </p>
   </div>
   <div class='ocr_carea' id='block_1_86' title="bbox 2066 2006 3732 2085">
    <p class='ocr_par' dir='ltr' id='par_1_86' title="bbox 2066 2006 3732 2085">
     <span class='ocr_line' id='line_1_86' title="bbox 2066 2006 3732 2085; baseline 0.007 -22"><span class='ocrx_word' id='word_1_683' title='bbox 2066 2010 2287 2082; x_wconf 82' lang='grc' dir='ltr'>σηρικὰ,</span> <span class='ocrx_word' id='word_1_684' title='bbox 2310 2012 2370 2065; x_wconf 89' lang='grc' dir='ltr'>οὐ</span> <span class='ocrx_word' id='word_1_685' title='bbox 2400 2011 2650 2083; x_wconf 80' lang='grc' dir='ltr'>τράπεζα</span> <span class='ocrx_word' id='word_1_686' title='bbox 2675 2012 2886 2085; x_wconf 83' lang='grc' dir='ltr'>τρυφὴν</span> <span class='ocrx_word' id='word_1_687' title='bbox 2914 2006 3132 2084; x_wconf 77' lang='grc' dir='ltr'>ἔχουσα,</span> <span class='ocrx_word' id='word_1_688' title='bbox 3156 2017 3256 2069; x_wconf 84' lang='grc' dir='ltr'>οὐκ</span> <span class='ocrx_word' id='word_1_689' title='bbox 3277 2017 3405 2071; x_wconf 84' lang='grc' dir='ltr'>ἀλλο</span> <span class='ocrx_word' id='word_1_690' title='bbox 3427 2036 3478 2073; x_wconf 90' lang='grc' dir='ltr'>τι</span> <span class='ocrx_word' id='word_1_691' title='bbox 3507 2020 3617 2073; x_wconf 90' lang='grc' dir='ltr'>τῶν</span> <span class='ocrx_word' id='word_1_692' title='bbox 3641 2022 3732 2075; x_wconf 87' lang='grc' dir='ltr'>δο-</span> 
     </span>
    </p>
   </div>
   <div class='ocr_carea' id='block_1_87' title="bbox 2065 2094 3731 2179">
    <p class='ocr_par' dir='ltr' id='par_1_87' title="bbox 2065 2094 3731 2179">
     <span class='ocr_line' id='line_1_87' title="bbox 2065 2094 3731 2179; baseline 0.006 -28"><span class='ocrx_word' id='word_1_693' title='bbox 2065 2097 2304 2152; x_wconf 89' lang='grc' dir='ltr'>κούντων</span> <span class='ocrx_word' id='word_1_694' title='bbox 2324 2094 2462 2152; x_wconf 73' lang='grc' dir='ltr'>εἶναι</span> <span class='ocrx_word' id='word_1_695' title='bbox 2486 2099 2696 2164; x_wconf 83' lang='grc' dir='ltr'>πολλοῖς</span> <span class='ocrx_word' id='word_1_696' title='bbox 2718 2103 3093 2172; x_wconf 90' lang='grc' dir='ltr'>μακαριστῶν,</span> <span class='ocrx_word' id='word_1_697' title='bbox 3117 2102 3249 2158; x_wconf 88' lang='grc' dir='ltr'>ἀλλά</span> <span class='ocrx_word' id='word_1_698' title='bbox 3270 2107 3428 2159; x_wconf 87' lang='grc' dir='ltr'>πενία</span> <span class='ocrx_word' id='word_1_699' title='bbox 3447 2108 3480 2178; x_wconf 87' lang='grc' dir='ltr'>ή</span> <span class='ocrx_word' id='word_1_700' title='bbox 3507 2108 3731 2179; x_wconf 79' lang='grc' dir='ltr'>ἐσχάτη·</span> 
     </span>
    </p>
   </div>
   <div class='ocr_carea' id='block_1_88' title="bbox 2064 2185 3732 2266">
    <p class='ocr_par' dir='ltr' id='par_1_88' title="bbox 2064 2185 3732 2266">
     <span class='ocr_line' id='line_1_88' title="bbox 2064 2185 3732 2266; baseline 0.007 -28"><span class='ocrx_word' id='word_1_701' title='bbox 2064 2186 2185 2240; x_wconf 75' lang='grc' dir='ltr'>οὐδὲ</span> <span class='ocrx_word' id='word_1_702' title='bbox 2215 2185 2320 2256; x_wconf 91' lang='grc' dir='ltr'>γάρ</span> <span class='ocrx_word' id='word_1_703' title='bbox 2339 2186 2437 2255; x_wconf 81' lang='grc' dir='ltr'>τῆς</span> <span class='ocrx_word' id='word_1_704' title='bbox 2485 2187 2790 2255; x_wconf 89' lang='grc' dir='ltr'>ἀναγκαίας</span> <span class='ocrx_word' id='word_1_705' title='bbox 2840 2190 3068 2261; x_wconf 79' lang='grc' dir='ltr'>ηὐπόρει</span> <span class='ocrx_word' id='word_1_706' title='bbox 3098 2192 3326 2263; x_wconf 86' lang='grc' dir='ltr'>τροφῆς,</span> <span class='ocrx_word' id='word_1_707' title='bbox 3376 2192 3511 2246; x_wconf 89' lang='grc' dir='ltr'>ἀλλά</span> <span class='ocrx_word' id='word_1_708' title='bbox 3558 2198 3732 2266; x_wconf 86' lang='grc' dir='ltr'>χήρας</span> 
     </span>
    </p>
   </div>
   <div class='ocr_carea' id='block_1_89' title="bbox 2064 2273 3734 2353">
    <p class='ocr_par' dir='ltr' id='par_1_89' title="bbox 2064 2273 3734 2353">
     <span class='ocr_line' id='line_1_89' title="bbox 2064 2273 3734 2353; baseline 0.005 -28"><span class='ocrx_word' id='word_1_709' title='bbox 2064 2273 2339 2343; x_wconf 83' lang='grc' dir='ltr'>γυναικὸς,</span> <span class='ocrx_word' id='word_1_710' title='bbox 2374 2274 2652 2327; x_wconf 77' lang='grc' dir='ltr'>καὶταῦτα</span> <span class='ocrx_word' id='word_1_711' title='bbox 2687 2275 2963 2339; x_wconf 86' lang='grc' dir='ltr'>Σιδωνίας,</span> <span class='ocrx_word' id='word_1_712' title='bbox 3012 2278 3310 2347; x_wconf 86' lang='grc' dir='ltr'>προσαίτης</span> <span class='ocrx_word' id='word_1_713' title='bbox 3330 2280 3554 2347; x_wconf 86' lang='grc' dir='ltr'>ἐγίνετο,</span> <span class='ocrx_word' id='word_1_714' title='bbox 3578 2283 3734 2353; x_wconf 83' lang='grc' dir='ltr'>χεῖρα</span> 
     </span>
    </p>
   </div>
   <div class='ocr_carea' id='block_1_90' title="bbox 2066 2360 3737 2439">
    <p class='ocr_par' dir='ltr' id='par_1_90' title="bbox 2066 2360 3737 2439">
     <span class='ocr_line' id='line_1_90' title="bbox 2066 2360 3737 2439; baseline 0.007 -26"><span class='ocrx_word' id='word_1_715' title='bbox 2066 2360 2386 2430; x_wconf 77' lang='grc' dir='ltr'>προτείνων,</span> <span class='ocrx_word' id='word_1_716' title='bbox 2422 2361 2515 2415; x_wconf 78' lang='grc' dir='ltr'>καὶ</span> <span class='ocrx_word' id='word_1_717' title='bbox 2554 2362 2718 2433; x_wconf 86' lang='grc' dir='ltr'>άρτον</span> <span class='ocrx_word' id='word_1_718' title='bbox 2750 2363 2936 2417; x_wconf 75' lang='grc' dir='ltr'>αίτῶψ</span> <span class='ocrx_word' id='word_1_719' title='bbox 2979 2366 3075 2418; x_wconf 78' lang='grc' dir='ltr'>καὶ</span> <span class='ocrx_word' id='word_1_720' title='bbox 3102 2364 3363 2438; x_wconf 85' lang='grc' dir='ltr'>σπήλαιον</span> <span class='ocrx_word' id='word_1_721' title='bbox 3407 2363 3475 2439; x_wconf 80' lang='grc' dir='ltr'>ἦν</span> <span class='ocrx_word' id='word_1_722' title='bbox 3507 2368 3656 2439; x_wconf 87' lang='grc' dir='ltr'>αὐτῷ</span> <span class='ocrx_word' id='word_1_723' title='bbox 3674 2370 3737 2424; x_wconf 79' lang='grc' dir='ltr'>τὺ</span> 
     </span>
    </p>
   </div>
   <div class='ocr_carea' id='block_1_91' title="bbox 2065 2448 3737 2525">
    <p class='ocr_par' dir='ltr' id='par_1_91' title="bbox 2065 2448 3737 2525">
     <span class='ocr_line' id='line_1_91' title="bbox 2065 2448 3737 2525; baseline 0.005 -24"><span class='ocrx_word' id='word_1_724' title='bbox 2065 2448 2291 2518; x_wconf 73' lang='grc' dir='ltr'>οἴκημα,</span> <span class='ocrx_word' id='word_1_725' title='bbox 2318 2448 2410 2502; x_wconf 81' lang='grc' dir='ltr'>καὶ</span> <span class='ocrx_word' id='word_1_726' title='bbox 2439 2449 2621 2520; x_wconf 92' lang='grc' dir='ltr'>δέρμα</span> <span class='ocrx_word' id='word_1_727' title='bbox 2652 2448 2714 2503; x_wconf 84' lang='lat'>:6</span> <span class='ocrx_word' id='word_1_728' title='bbox 2742 2451 2978 2520; x_wconf 87' lang='grc' dir='ltr'>ἰμάτιον,</span> <span class='ocrx_word' id='word_1_729' title='bbox 3022 2452 3118 2505; x_wconf 79' lang='grc' dir='ltr'>καὶ</span> <span class='ocrx_word' id='word_1_730' title='bbox 3142 2453 3175 2523; x_wconf 86' lang='grc' dir='ltr'>ή</span> <span class='ocrx_word' id='word_1_731' title='bbox 3224 2453 3473 2524; x_wconf 81' lang='grc' dir='ltr'>τράπεζα</span> <span class='ocrx_word' id='word_1_732' title='bbox 3497 2456 3592 2525; x_wconf 84' lang='grc' dir='ltr'>γῆ,</span> <span class='ocrx_word' id='word_1_733' title='bbox 3642 2457 3737 2510; x_wconf 75' lang='grc' dir='ltr'>καὶ</span> 
     </span>
    </p>
   </div>
   <div class='ocr_carea' id='block_1_92' title="bbox 2066 2535 3734 2614">
    <p class='ocr_par' dir='ltr' id='par_1_92' title="bbox 2066 2535 3734 2614">
     <span class='ocr_line' id='line_1_92' title="bbox 2066 2535 3734 2614; baseline 0.007 -29"><span class='ocrx_word' id='word_1_734' title='bbox 2066 2536 2323 2607; x_wconf 86' lang='grc' dir='ltr'>πρόγονοι</span> <span class='ocrx_word' id='word_1_735' title='bbox 2344 2535 2545 2607; x_wconf 82' lang='grc' dir='ltr'>ἄσημοί</span> <span class='ocrx_word' id='word_1_736' title='bbox 2566 2553 2623 2589; x_wconf 91' lang='grc' dir='ltr'>τε</span> <span class='ocrx_word' id='word_1_737' title='bbox 2647 2537 2743 2590; x_wconf 77' lang='grc' dir='ltr'>καὶ</span> <span class='ocrx_word' id='word_1_738' title='bbox 2792 2535 3085 2607; x_wconf 89' lang='grc' dir='ltr'>ἀνώνυμοι,</span> <span class='ocrx_word' id='word_1_739' title='bbox 3131 2540 3226 2593; x_wconf 75' lang='grc' dir='ltr'>καὶ</span> <span class='ocrx_word' id='word_1_740' title='bbox 3263 2541 3460 2610; x_wconf 78' lang='grc' dir='ltr'>πατρὶς</span> <span class='ocrx_word' id='word_1_741' title='bbox 3492 2542 3734 2614; x_wconf 76' lang='grc' dir='ltr'>εὐτελὴς,</span> 
     </span>
    </p>
   </div>
   <div class='ocr_carea' id='block_1_93' title="bbox 2066 2622 3814 2697">
    <p class='ocr_par' dir='ltr' id='par_1_93' title="bbox 2066 2622 3814 2697">
     <span class='ocr_line' id='line_1_93' title="bbox 2066 2622 3814 2697; baseline 0.005 -22"><span class='ocrx_word' id='word_1_742' title='bbox 2066 2622 2161 2675; x_wconf 83' lang='grc' dir='ltr'>καί</span> <span class='ocrx_word' id='word_1_743' title='bbox 2191 2622 2304 2693; x_wconf 86' lang='grc' dir='ltr'>βίος</span> <span class='ocrx_word' id='word_1_744' title='bbox 2337 2622 2695 2693; x_wconf 85' lang='grc' dir='ltr'>ἀγροικώδης.</span> <span class='ocrx_word' id='word_1_745' title='bbox 2746 2623 2887 2676; x_wconf 79' lang='grc' dir='ltr'>Ἀλλ’</span> <span class='ocrx_word' id='word_1_746' title='bbox 2912 2625 3063 2694; x_wconf 85' lang='grc' dir='ltr'>ὅμως</span> <span class='ocrx_word' id='word_1_747' title='bbox 3093 2625 3244 2679; x_wconf 86' lang='grc' dir='ltr'>οὐδὲν</span> <span class='ocrx_word' id='word_1_748' title='bbox 3286 2627 3492 2681; x_wconf 88' lang='grc' dir='ltr'>τούτων</span> <span class='ocrx_word' id='word_1_749' title='bbox 3519 2629 3738 2697; x_wconf 88' lang='grc' dir='ltr'>ἐγένετο</span> <span class='ocrx_word' id='word_1_750' title='bbox 3805 2663 3814 2669; x_wconf 94' lang='grc'><strong>-</strong></span> 
     </span>
    </p>
   </div>
   <div class='ocr_carea' id='block_1_94' title="bbox 2069 2708 3737 2785">
    <p class='ocr_par' dir='ltr' id='par_1_94' title="bbox 2069 2708 3737 2785">
     <span class='ocr_line' id='line_1_94' title="bbox 2069 2708 3737 2785; baseline 0.004 -21"><span class='ocrx_word' id='word_1_751' title='bbox 2069 2708 2297 2781; x_wconf 85' lang='grc' dir='ltr'>κώλυμα</span> <span class='ocrx_word' id='word_1_752' title='bbox 2325 2709 2405 2780; x_wconf 83' lang='grc' dir='ltr'>τῷ</span> <span class='ocrx_word' id='word_1_753' title='bbox 2433 2711 2586 2779; x_wconf 73' lang='grc' dir='ltr'>ἀνδρὶ</span> <span class='ocrx_word' id='word_1_754' title='bbox 2615 2709 2750 2781; x_wconf 82' lang='grc' dir='ltr'>πρὸς</span> <span class='ocrx_word' id='word_1_755' title='bbox 2780 2710 3153 2783; x_wconf 87' lang='grc' dir='ltr'>εὐδοκίμησιν,</span> <span class='ocrx_word' id='word_1_756' title='bbox 3184 2713 3320 2767; x_wconf 87' lang='grc' dir='ltr'>ἀλλά</span> <span class='ocrx_word' id='word_1_757' title='bbox 3352 2716 3443 2769; x_wconf 78' lang='grc' dir='ltr'>καὶ</span> <span class='ocrx_word' id='word_1_758' title='bbox 3474 2715 3737 2785; x_wconf 84' lang='grc' dir='ltr'>βασιλέων</span> 
     </span>
    </p>
   </div>
   <div class='ocr_carea' id='block_1_95' title="bbox 2070 2794 3738 2872">
    <p class='ocr_par' dir='ltr' id='par_1_95' title="bbox 2070 2794 3738 2872">
     <span class='ocr_line' id='line_1_95' title="bbox 2070 2794 3738 2872; baseline 0.005 -20"><span class='ocrx_word' id='word_1_759' title='bbox 2070 2799 2325 2853; x_wconf 88' lang='grc' dir='ltr'>ἀπάντων</span> <span class='ocrx_word' id='word_1_760' title='bbox 2346 2797 2722 2870; x_wconf 86' lang='grc' dir='ltr'>εὐπορώτερος</span> <span class='ocrx_word' id='word_1_761' title='bbox 2747 2794 2836 2871; x_wconf 83' lang='grc' dir='ltr'>ἦν,</span> <span class='ocrx_word' id='word_1_762' title='bbox 2885 2801 2978 2855; x_wconf 76' lang='grc' dir='ltr'>καὶ</span> <span class='ocrx_word' id='word_1_763' title='bbox 3010 2800 3315 2872; x_wconf 86' lang='grc' dir='ltr'>φιλοσόφων</span> <span class='ocrx_word' id='word_1_764' title='bbox 3342 2804 3599 2859; x_wconf 87' lang='grc' dir='ltr'>ἀπάντων</span> <span class='ocrx_word' id='word_1_765' title='bbox 3641 2807 3738 2859; x_wconf 74' lang='grc' dir='ltr'>καὶ</span> 
     </span>
    </p>
   </div>
   <div class='ocr_carea' id='block_1_96' title="bbox 2070 2882 3740 2959">
    <p class='ocr_par' dir='ltr' id='par_1_96' title="bbox 2070 2882 3740 2959">
     <span class='ocr_line' id='line_1_96' title="bbox 2070 2882 3740 2959; baseline 0.004 -22"><span class='ocrx_word' id='word_1_766' title='bbox 2070 2886 2315 2957; x_wconf 75' lang='grc' dir='ltr'>ρητόρων</span> <span class='ocrx_word' id='word_1_767' title='bbox 2348 2882 2671 2956; x_wconf 86' lang='grc' dir='ltr'>σοφώτερος,</span> <span class='ocrx_word' id='word_1_768' title='bbox 2703 2886 2797 2938; x_wconf 74' lang='grc' dir='ltr'>καὶ</span> <span class='ocrx_word' id='word_1_769' title='bbox 2821 2885 2929 2939; x_wconf 89' lang='grc' dir='ltr'>τῶν</span> <span class='ocrx_word' id='word_1_770' title='bbox 2956 2885 3025 2940; x_wconf 80' lang='grc' dir='ltr'>τὰ</span> <span class='ocrx_word' id='word_1_771' title='bbox 3055 2886 3359 2959; x_wconf 78' lang='grc' dir='ltr'>διαδήματα</span> <span class='ocrx_word' id='word_1_772' title='bbox 3381 2890 3612 2959; x_wconf 87' lang='grc' dir='ltr'>ἐχόντων</span> <span class='ocrx_word' id='word_1_773' title='bbox 3639 2907 3740 2944; x_wconf 85' lang='grc' dir='ltr'>πε·</span> 
     </span>
    </p>
   </div>
   <div class='ocr_carea' id='block_1_97' title="bbox 2072 2970 3737 3045">
    <p class='ocr_par' dir='ltr' id='par_1_97' title="bbox 2072 2970 3737 3045">
     <span class='ocr_line' id='line_1_97' title="bbox 2072 2970 3737 3045; baseline 0.004 -22"><span class='ocrx_word' id='word_1_774' title='bbox 2072 2970 2476 3042; x_wconf 86' lang='grc' dir='ltr'>ριφανέστερος,</span> <span class='ocrx_word' id='word_1_775' title='bbox 2508 2972 2603 3025; x_wconf 74' lang='lat' dir='ltr'><strong><em>xal</em></strong></span> <span class='ocrx_word' id='word_1_776' title='bbox 2633 2970 2832 3041; x_wconf 83' lang='grc' dir='ltr'>μᾶλλον</span> <span class='ocrx_word' id='word_1_777' title='bbox 2853 2973 3180 3045; x_wconf 89' lang='grc' dir='ltr'>εὐπατρίδης</span> <span class='ocrx_word' id='word_1_778' title='bbox 3200 2974 3308 3027; x_wconf 88' lang='grc' dir='ltr'>τῶν</span> <span class='ocrx_word' id='word_1_779' title='bbox 3330 2976 3429 3038; x_wconf 91' lang='grc' dir='ltr'>τάς</span> <span class='ocrx_word' id='word_1_780' title='bbox 3453 2975 3737 3045; x_wconf 81' lang='grc' dir='ltr'>βασιλικὰς</span> 
     </span>
    </p>
   </div>
   <div class='ocr_carea' id='block_1_98' title="bbox 2071 3058 3737 3137">
    <p class='ocr_par' dir='ltr' id='par_1_98' title="bbox 2071 3058 3737 3137">
     <span class='ocr_line' id='line_1_98' title="bbox 2071 3058 3737 3137; baseline 0.005 -26"><span class='ocrx_word' id='word_1_781' title='bbox 2071 3058 2424 3130; x_wconf 86' lang='grc' dir='ltr'>κεκτημένων</span> <span class='ocrx_word' id='word_1_782' title='bbox 2456 3060 2659 3124; x_wconf 89' lang='grc' dir='ltr'>πόλεις·</span> <span class='ocrx_word' id='word_1_783' title='bbox 2690 3060 2788 3131; x_wconf 81' lang='grc' dir='ltr'>τὴν</span> <span class='ocrx_word' id='word_1_784' title='bbox 2821 3060 2929 3133; x_wconf 91' lang='grc' dir='ltr'>γάρ</span> <span class='ocrx_word' id='word_1_785' title='bbox 2959 3062 3283 3134; x_wconf 86' lang='grc' dir='ltr'>οἰκουμένην</span> <span class='ocrx_word' id='word_1_786' title='bbox 3316 3062 3429 3135; x_wconf 77' lang='grc' dir='ltr'>εἶχε</span> <span class='ocrx_word' id='word_1_787' title='bbox 3482 3067 3737 3137; x_wconf 88' lang='grc' dir='ltr'>πατρίδα,</span> 
     </span>
    </p>
   </div>
   <div class='ocr_carea' id='block_1_99' title="bbox 2072 3145 3738 3224">
    <p class='ocr_par' dir='ltr' id='par_1_99' title="bbox 2072 3145 3738 3224">
     <span class='ocr_line' id='line_1_99' title="bbox 2072 3145 3738 3224; baseline 0.005 -25"><span class='ocrx_word' id='word_1_788' title='bbox 2072 3145 2270 3216; x_wconf 77' lang='grc' dir='ltr'>μᾶλλον</span> <span class='ocrx_word' id='word_1_789' title='bbox 2294 3146 2349 3199; x_wconf 88' lang='grc' dir='ltr'>δέ</span> <span class='ocrx_word' id='word_1_790' title='bbox 2371 3146 2463 3199; x_wconf 78' lang='grc' dir='ltr'>καὶ</span> <span class='ocrx_word' id='word_1_791' title='bbox 2489 3148 2627 3219; x_wconf 84' lang='grc' dir='ltr'>αὐτὴ</span> <span class='ocrx_word' id='word_1_792' title='bbox 2648 3146 2795 3218; x_wconf 87' lang='grc' dir='ltr'>αὐτῷ</span> <span class='ocrx_word' id='word_1_793' title='bbox 2820 3148 2990 3219; x_wconf 90' lang='grc' dir='ltr'>μικρά</span> <span class='ocrx_word' id='word_1_794' title='bbox 3006 3150 3161 3213; x_wconf 90' lang='grc' dir='ltr'>πόλις</span> <span class='ocrx_word' id='word_1_795' title='bbox 3178 3146 3265 3221; x_wconf 75' lang='grc' dir='ltr'>ἧν,</span> <span class='ocrx_word' id='word_1_796' title='bbox 3294 3153 3389 3205; x_wconf 81' lang='grc' dir='ltr'>καὶ</span> <span class='ocrx_word' id='word_1_797' title='bbox 3413 3152 3510 3224; x_wconf 70' lang='grc' dir='ltr'>βοᾷ</span> <span class='ocrx_word' id='word_1_798' title='bbox 3527 3153 3738 3219; x_wconf 86' lang='grc' dir='ltr'>Παῦλος</span> 
     </span>
    </p>
   </div>
   <div class='ocr_carea' id='block_1_100' title="bbox 2071 3233 3741 3309">
    <p class='ocr_par' dir='ltr' id='par_1_100' title="bbox 2071 3233 3741 3309">
     <span class='ocr_line' id='line_1_100' title="bbox 2071 3233 3741 3309; baseline 0.007 -22"><span class='ocrx_word' id='word_1_799' title='bbox 2071 3233 2604 3306; x_wconf 77' lang='grc' dir='ltr'>λέγωνοΠεριῆλθον</span> <span class='ocrx_word' id='word_1_800' title='bbox 2614 3236 3082 3305; x_wconf 77' lang='grc' dir='ltr'>ἐνμηλωταῒς,ἐν</span> <span class='ocrx_word' id='word_1_801' title='bbox 3092 3240 3334 3308; x_wconf 79' lang='grc' dir='ltr'>αἰγείοις</span> <span class='ocrx_word' id='word_1_802' title='bbox 3344 3235 3741 3309; x_wconf 68' lang='grc' dir='ltr'>δέρμασινοῶ</span> 
     </span>
    </p>
   </div>
   <div class='ocr_carea' id='block_1_101' title="bbox 2073 3317 3803 3396">
    <p class='ocr_par' dir='ltr' id='par_1_101' title="bbox 2073 3317 3803 3396">
     <span class='ocr_line' id='line_1_101' title="bbox 2073 3317 3803 3396; baseline 0.005 -21"><span class='ocrx_word' id='word_1_803' title='bbox 2073 3323 2182 3375; x_wconf 83' lang='grc' dir='ltr'>οὐκ</span> <span class='ocrx_word' id='word_1_804' title='bbox 2199 3317 2276 3391; x_wconf 82' lang='grc' dir='ltr'>ἦν</span> <span class='ocrx_word' id='word_1_805' title='bbox 2287 3322 2453 3389; x_wconf 78' lang='grc' dir='ltr'>ἄξιος</span> <span class='ocrx_word' id='word_1_806' title='bbox 2468 3325 2502 3377; x_wconf 82' lang='grc' dir='ltr'><em>ὁ</em></span> <span class='ocrx_word' id='word_1_807' title='bbox 2516 3323 2765 3391; x_wconf 82' lang='grc' dir='ltr'>κόσμος.</span> <span class='ocrx_word' id='word_1_808' title='bbox 2786 3324 2894 3376; x_wconf 82' lang='lat' dir='ltr'><strong><em>Kal</em></strong></span> <span class='ocrx_word' id='word_1_809' title='bbox 2910 3323 3017 3393; x_wconf 89' lang='grc' dir='ltr'>γάρ</span> <span class='ocrx_word' id='word_1_810' title='bbox 3034 3325 3113 3389; x_wconf 90' lang='grc' dir='ltr'>εἰς</span> <span class='ocrx_word' id='word_1_811' title='bbox 3137 3324 3234 3396; x_wconf 80' lang='grc' dir='ltr'>τήν</span> <span class='ocrx_word' id='word_1_812' title='bbox 3248 3327 3358 3381; x_wconf 82' lang='grc' dir='ltr'>ἀνω</span> <span class='ocrx_word' id='word_1_813' title='bbox 3376 3326 3528 3380; x_wconf 90' lang='grc' dir='ltr'>πόλιν</span> <span class='ocrx_word' id='word_1_814' title='bbox 3546 3328 3740 3393; x_wconf 80' lang='grc' dir='ltr'>ἐτέλει,</span> <span class='ocrx_word' id='word_1_815' title='bbox 3796 3346 3803 3349; x_wconf 62' lang='lat'><em>‘</em></span> 
     </span>
    </p>
   </div>
   <div class='ocr_carea' id='block_1_102' title="bbox 2072 3403 3742 3486">
    <p class='ocr_par' dir='ltr' id='par_1_102' title="bbox 2072 3403 3742 3486">
     <span class='ocr_line' id='line_1_102' title="bbox 2072 3403 3742 3486; baseline 0.005 -25"><span class='ocrx_word' id='word_1_816' title='bbox 2072 3403 2139 3478; x_wconf 81' lang='grc' dir='ltr'>ἦς</span> <span class='ocrx_word' id='word_1_817' title='bbox 2162 3410 2408 3480; x_wconf 79' lang='grc' dir='ltr'>τεχνίτης</span> <span class='ocrx_word' id='word_1_818' title='bbox 2438 3409 2529 3463; x_wconf 72' lang='grc' dir='ltr'>καὶ</span> <span class='ocrx_word' id='word_1_819' title='bbox 2555 3410 2617 3481; x_wconf 92' lang='grc' dir='ltr'>δη</span> <span class='ocrx_word' id='word_1_820' title='bbox 2627 3410 2927 3480; x_wconf 79' lang='grc' dir='ltr'>μιουργὸςό</span> <span class='ocrx_word' id='word_1_821' title='bbox 2956 3411 3107 3475; x_wconf 79' lang='grc' dir='ltr'>Θεός.</span> <span class='ocrx_word' id='word_1_822' title='bbox 3132 3412 3230 3465; x_wconf 82' lang='grc' dir='ltr'>Διά</span> <span class='ocrx_word' id='word_1_823' title='bbox 3258 3411 3412 3467; x_wconf 88' lang='grc' dir='ltr'>τοῦτό</span> <span class='ocrx_word' id='word_1_824' title='bbox 3437 3431 3518 3467; x_wconf 85' lang='grc' dir='ltr'>σοι</span> <span class='ocrx_word' id='word_1_825' title='bbox 3535 3414 3742 3486; x_wconf 79' lang='grc' dir='ltr'>πένητα</span> 
     </span>
    </p>
   </div>
   <div class='ocr_carea' id='block_1_103' title="bbox 2075 3496 3743 3573">
    <p class='ocr_par' dir='ltr' id='par_1_103' title="bbox 2075 3496 3743 3573">
     <span class='ocr_line' id='line_1_103' title="bbox 2075 3496 3743 3573; baseline 0.005 -25"><span class='ocrx_word' id='word_1_826' title='bbox 2075 3496 2167 3549; x_wconf 75' lang='grc' dir='ltr'>καὶ</span> <span class='ocrx_word' id='word_1_827' title='bbox 2204 3496 2457 3567; x_wconf 85' lang='grc' dir='ltr'>ἄγροικον</span> <span class='ocrx_word' id='word_1_828' title='bbox 2507 3498 2828 3567; x_wconf 86' lang='grc' dir='ltr'>παρήγαγον</span> <span class='ocrx_word' id='word_1_829' title='bbox 2878 3498 3299 3569; x_wconf 86' lang='grc' dir='ltr'>εὐδοκιμοῦντα,</span> <span class='ocrx_word' id='word_1_830' title='bbox 3333 3501 3419 3555; x_wconf 82' lang='grc' dir='ltr'>ἵνα</span> <span class='ocrx_word' id='word_1_831' title='bbox 3469 3503 3743 3573; x_wconf 86' lang='grc' dir='ltr'>μηδεμίαν</span> 
     </span>
    </p>
   </div>
   <div class='ocr_carea' id='block_1_104' title="bbox 2074 3582 3744 3660">
    <p class='ocr_par' dir='ltr' id='par_1_104' title="bbox 2074 3582 3744 3660">
     <span class='ocr_line' id='line_1_104' title="bbox 2074 3582 3744 3660; baseline 0.006 -25"><span class='ocrx_word' id='word_1_832' title='bbox 2074 3582 2204 3655; x_wconf 76' lang='grc' dir='ltr'>ἔχῃς</span> <span class='ocrx_word' id='word_1_833' title='bbox 2236 3584 2525 3655; x_wconf 87' lang='grc' dir='ltr'>πρόφασιν.</span> <span class='ocrx_word' id='word_1_834' title='bbox 2556 3586 2618 3640; x_wconf 80' lang='grc' dir='ltr'>Εἰ</span> <span class='ocrx_word' id='word_1_835' title='bbox 2663 3585 2761 3656; x_wconf 84' lang='grc' dir='ltr'>μὲν</span> <span class='ocrx_word' id='word_1_836' title='bbox 2801 3585 2909 3658; x_wconf 76' lang='grc' dir='ltr'>γάρ</span> <span class='ocrx_word' id='word_1_837' title='bbox 2961 3584 3214 3641; x_wconf 90' lang='grc' dir='ltr'>πλούσιον</span> <span class='ocrx_word' id='word_1_838' title='bbox 3270 3590 3592 3660; x_wconf 88' lang='grc' dir='ltr'>παρήγαγον</span> <span class='ocrx_word' id='word_1_839' title='bbox 3647 3591 3744 3646; x_wconf 72' lang='grc' dir='ltr'>καὶ</span> 
     </span>
    </p>
   </div>
   <div class='ocr_carea' id='block_1_105' title="bbox 2079 3672 3743 3748">
    <p class='ocr_par' dir='ltr' id='par_1_105' title="bbox 2079 3672 3743 3748">
     <span class='ocr_line' id='line_1_105' title="bbox 2079 3672 3743 3748; baseline 0.005 -23"><span class='ocrx_word' id='word_1_840' title='bbox 2079 3673 2263 3741; x_wconf 79' lang='grc' dir='ltr'>σοφὸν,</span> <span class='ocrx_word' id='word_1_841' title='bbox 2294 3672 2526 3741; x_wconf 86' lang='grc' dir='ltr'>ήδύνασο</span> <span class='ocrx_word' id='word_1_842' title='bbox 2554 3672 2755 3741; x_wconf 85' lang='grc' dir='ltr'>λέγειν,</span> <span class='ocrx_word' id='word_1_843' title='bbox 2783 3675 2865 3728; x_wconf 84' lang='grc' dir='ltr'>ὃτι</span> <span class='ocrx_word' id='word_1_844' title='bbox 2894 3674 2956 3746; x_wconf 81' lang='grc' dir='ltr'>δὴ</span> <span class='ocrx_word' id='word_1_845' title='bbox 2983 3672 3113 3745; x_wconf 83' lang='grc' dir='ltr'>Ἐμέ</span> <span class='ocrx_word' id='word_1_846' title='bbox 3130 3676 3162 3747; x_wconf 87' lang='grc' dir='ltr'>ή</span> <span class='ocrx_word' id='word_1_847' title='bbox 3180 3676 3338 3730; x_wconf 89' lang='grc' dir='ltr'>πενία</span> <span class='ocrx_word' id='word_1_848' title='bbox 3367 3678 3507 3748; x_wconf 77' lang='grc' dir='ltr'>καίή</span> <span class='ocrx_word' id='word_1_849' title='bbox 3534 3678 3743 3748; x_wconf 87' lang='grc' dir='ltr'>ἀμαθία</span> 
     </span>
    </p>
   </div>
   <div class='ocr_carea' id='block_1_106' title="bbox 2077 3760 3743 3836">
    <p class='ocr_par' dir='ltr' id='par_1_106' title="bbox 2077 3760 3743 3836">
     <span class='ocr_line' id='line_1_106' title="bbox 2077 3760 3743 3836; baseline 0.003 -21"><span class='ocrx_word' id='word_1_850' title='bbox 2077 3761 2275 3815; x_wconf 88' lang='grc' dir='ltr'>κωλύει</span> <span class='ocrx_word' id='word_1_851' title='bbox 2290 3761 2542 3831; x_wconf 88' lang='grc' dir='ltr'>γενέσθαι</span> <span class='ocrx_word' id='word_1_852' title='bbox 2576 3760 2834 3815; x_wconf 80' lang='grc' dir='ltr'>τοιοῦτον·</span> <span class='ocrx_word' id='word_1_853' title='bbox 2854 3762 3043 3817; x_wconf 85' lang='grc' dir='ltr'>νυνίδέ</span> <span class='ocrx_word' id='word_1_854' title='bbox 3073 3764 3152 3828; x_wconf 89' lang='grc' dir='ltr'>είς</span> <span class='ocrx_word' id='word_1_855' title='bbox 3184 3764 3441 3834; x_wconf 87' lang='grc' dir='ltr'>οὐδεμίαν</span> <span class='ocrx_word' id='word_1_856' title='bbox 3472 3765 3743 3836; x_wconf 87' lang='grc' dir='ltr'>πρόφασιν</span> 
     </span>
    </p>
   </div>
   <div class='ocr_carea' id='block_1_107' title="bbox 2074 3846 3742 3922">
    <p class='ocr_par' dir='ltr' id='par_1_107' title="bbox 2074 3846 3742 3922">
     <span class='ocr_line' id='line_1_107' title="bbox 2074 3846 3742 3922; baseline 0.002 -19"><span class='ocrx_word' id='word_1_857' title='bbox 2074 3848 2333 3921; x_wconf 88' lang='grc' dir='ltr'>τοιαύτην</span> <span class='ocrx_word' id='word_1_858' title='bbox 2346 3848 2489 3918; x_wconf 76' lang='grc' dir='ltr'>ἔχεις</span> <span class='ocrx_word' id='word_1_859' title='bbox 2502 3850 2859 3917; x_wconf 72' lang='grc' dir='ltr'>καταφυγεῖνο</span> <span class='ocrx_word' id='word_1_860' title='bbox 2876 3849 2968 3903; x_wconf 68' lang='grc' dir='ltr'>καὶ</span> <span class='ocrx_word' id='word_1_861' title='bbox 2982 3848 3089 3920; x_wconf 86' lang='grc' dir='ltr'>γάρ</span> <span class='ocrx_word' id='word_1_862' title='bbox 3113 3852 3207 3903; x_wconf 77' lang='grc' dir='ltr'>καὶ</span> <span class='ocrx_word' id='word_1_863' title='bbox 3237 3851 3402 3921; x_wconf 87' lang='grc' dir='ltr'>πένης</span> <span class='ocrx_word' id='word_1_864' title='bbox 3419 3846 3486 3922; x_wconf 81' lang='grc' dir='ltr'>ἦν</span> <span class='ocrx_word' id='word_1_865' title='bbox 3511 3853 3742 3916; x_wconf 81' lang='grc' dir='ltr'>ἐκεῖνος,</span> 
     </span>
    </p>
   </div>
   <div class='ocr_carea' id='block_1_108' title="bbox 2078 3935 3744 4011">
    <p class='ocr_par' dir='ltr' id='par_1_108' title="bbox 2078 3935 3744 4011">
     <span class='ocr_line' id='line_1_108' title="bbox 2078 3935 3744 4011; baseline 0.002 -20"><span class='ocrx_word' id='word_1_866' title='bbox 2078 3938 2296 3993; x_wconf 91' lang='grc' dir='ltr'>πάντων</span> <span class='ocrx_word' id='word_1_867' title='bbox 2309 3942 2338 3983; x_wconf 75' lang='grc'>1»</span> <span class='ocrx_word' id='word_1_868' title='bbox 2356 3935 2453 3990; x_wconf 88' lang='grc' dir='ltr'>ἀνθ</span> <span class='ocrx_word' id='word_1_869' title='bbox 2460 3935 2658 4008; x_wconf 81' lang='grc' dir='ltr'>ρώπων</span> <span class='ocrx_word' id='word_1_870' title='bbox 2678 3936 2804 3989; x_wconf 91' lang='grc' dir='ltr'>πενέ</span> <span class='ocrx_word' id='word_1_871' title='bbox 2811 3953 2899 3990; x_wconf 88' lang='grc' dir='ltr'>στε</span> <span class='ocrx_word' id='word_1_872' title='bbox 2908 3953 3016 4007; x_wconf 90' lang='grc' dir='ltr'>ρος,</span> <span class='ocrx_word' id='word_1_873' title='bbox 3032 3939 3125 3990; x_wconf 76' lang='grc' dir='ltr'>καὶ</span> <span class='ocrx_word' id='word_1_874' title='bbox 3138 3938 3236 4009; x_wconf 81' lang='grc' dir='ltr'>τὴν</span> <span class='ocrx_word' id='word_1_875' title='bbox 3250 3938 3454 4010; x_wconf 76' lang='grc' dir='ltr'>ἔρημον</span> <span class='ocrx_word' id='word_1_876' title='bbox 3480 3938 3631 4011; x_wconf 81' lang='grc' dir='ltr'>ᾤκει,</span> <span class='ocrx_word' id='word_1_877' title='bbox 3648 3942 3744 3995; x_wconf 75' lang='grc' dir='ltr'>καὶ</span> 
     </span>
    </p>
   </div>
   <div class='ocr_carea' id='block_1_109' title="bbox 2077 4023 3745 4097">
    <p class='ocr_par' dir='ltr' id='par_1_109' title="bbox 2077 4023 3745 4097">
     <span class='ocr_line' id='line_1_109' title="bbox 2077 4023 3745 4097; baseline 0.001 -18"><span class='ocrx_word' id='word_1_878' title='bbox 2077 4026 2142 4079; x_wconf 90' lang='grc' dir='ltr'>ἐκ</span> <span class='ocrx_word' id='word_1_879' title='bbox 2169 4024 2451 4096; x_wconf 89' lang='grc' dir='ltr'>προγόνων</span> <span class='ocrx_word' id='word_1_880' title='bbox 2489 4023 2592 4094; x_wconf 86' lang='grc' dir='ltr'>άση</span> <span class='ocrx_word' id='word_1_881' title='bbox 2602 4041 2700 4094; x_wconf 91' lang='grc' dir='ltr'>μος</span> <span class='ocrx_word' id='word_1_882' title='bbox 2718 4024 2812 4078; x_wconf 76' lang='grc' dir='ltr'>καὶ</span> <span class='ocrx_word' id='word_1_883' title='bbox 2831 4024 2896 4077; x_wconf 86' lang='grc' dir='ltr'>ἐκ</span> <span class='ocrx_word' id='word_1_884' title='bbox 2914 4024 3168 4097; x_wconf 84' lang='grc' dir='ltr'>πατρίδος</span> <span class='ocrx_word' id='word_1_885' title='bbox 3193 4027 3285 4079; x_wconf 76' lang='grc' dir='ltr'>καὶ</span> <span class='ocrx_word' id='word_1_886' title='bbox 3303 4026 3412 4080; x_wconf 84' lang='grc' dir='ltr'>ἀπὸ</span> <span class='ocrx_word' id='word_1_887' title='bbox 3434 4026 3541 4081; x_wconf 91' lang='grc' dir='ltr'>τῶν</span> <span class='ocrx_word' id='word_1_888' title='bbox 3570 4028 3745 4082; x_wconf 85' lang='grc' dir='ltr'>ἀλλων</span> 
     </span>
    </p>
   </div>
   <div class='ocr_carea' id='block_1_110' title="bbox 2079 4111 3745 4187">
    <p class='ocr_par' dir='ltr' id='par_1_110' title="bbox 2079 4111 3745 4187">
     <span class='ocr_line' id='line_1_110' title="bbox 2079 4111 3745 4187; baseline 0.001 -20"><span class='ocrx_word' id='word_1_889' title='bbox 2079 4112 2228 4187; x_wconf 68' lang='grc'>[5271</span> <span class='ocrx_word' id='word_1_890' title='bbox 2255 4114 2531 4166; x_wconf 87' lang='grc' dir='ltr'>ἁπάντων.</span> <span class='ocrx_word' id='word_1_891' title='bbox 2577 4111 2718 4164; x_wconf 80' lang='grc' dir='ltr'>Ἀλλ’</span> <span class='ocrx_word' id='word_1_892' title='bbox 2764 4114 2913 4181; x_wconf 84' lang='grc' dir='ltr'>ὅμως</span> <span class='ocrx_word' id='word_1_893' title='bbox 2943 4112 3084 4182; x_wconf 84' lang='grc' dir='ltr'>ὐπέρ</span> <span class='ocrx_word' id='word_1_894' title='bbox 3118 4112 3209 4165; x_wconf 77' lang='grc' dir='ltr'>τέν</span> <span class='ocrx_word' id='word_1_895' title='bbox 3236 4112 3388 4184; x_wconf 76' lang='grc' dir='ltr'>ἥλιον</span> <span class='ocrx_word' id='word_1_896' title='bbox 3413 4113 3619 4185; x_wconf 77' lang='grc' dir='ltr'>ἔλαμψε</span> <span class='ocrx_word' id='word_1_897' title='bbox 3650 4116 3745 4168; x_wconf 79' lang='grc' dir='ltr'>καὶ</span> 
     </span>
    </p>
   </div>
   <div class='ocr_carea' id='block_1_111' title="bbox 2076 4198 3743 4273">
    <p class='ocr_par' dir='ltr' id='par_1_111' title="bbox 2076 4198 3743 4273">
     <span class='ocr_line' id='line_1_111' title="bbox 2076 4198 3743 4273; baseline 0.002 -20"><span class='ocrx_word' id='word_1_898' title='bbox 2076 4201 2199 4254; x_wconf 88' lang='grc' dir='ltr'>τότε</span> <span class='ocrx_word' id='word_1_899' title='bbox 2227 4201 2320 4254; x_wconf 73' lang='grc' dir='ltr'>καὶ</span> <span class='ocrx_word' id='word_1_900' title='bbox 2344 4199 2459 4264; x_wconf 86' lang='grc' dir='ltr'>νῦν,</span> <span class='ocrx_word' id='word_1_901' title='bbox 2483 4200 2580 4253; x_wconf 75' lang='grc' dir='ltr'>καὶ</span> <span class='ocrx_word' id='word_1_902' title='bbox 2600 4200 2732 4270; x_wconf 84' lang='grc' dir='ltr'>ὅσην</span> <span class='ocrx_word' id='word_1_903' title='bbox 2764 4198 2916 4269; x_wconf 73' lang='grc' dir='ltr'>ἥλιος</span> <span class='ocrx_word' id='word_1_904' title='bbox 2946 4201 3117 4271; x_wconf 76' lang='grc' dir='ltr'>ἐφορᾷ</span> <span class='ocrx_word' id='word_1_905' title='bbox 3145 4200 3269 4272; x_wconf 85' lang='grc' dir='ltr'>γῆν,</span> <span class='ocrx_word' id='word_1_906' title='bbox 3299 4201 3567 4273; x_wconf 87' lang='grc' dir='ltr'>τοσαύτην</span> <span class='ocrx_word' id='word_1_907' title='bbox 3590 4202 3743 4256; x_wconf 82' lang='grc' dir='ltr'>ἐπει-</span> 
     </span>
    </p>
   </div>
   <div class='ocr_carea' id='block_1_112' title="bbox 2081 4286 3746 4361">
    <p class='ocr_par' dir='ltr' id='par_1_112' title="bbox 2081 4286 3746 4361">
     <span class='ocr_line' id='line_1_112' title="bbox 2081 4286 3746 4361; baseline 0.002 -20"><span class='ocrx_word' id='word_1_908' title='bbox 2081 4305 2166 4341; x_wconf 91' lang='grc' dir='ltr'>σιν</span> <span class='ocrx_word' id='word_1_909' title='bbox 2197 4286 2361 4340; x_wconf 90' lang='grc' dir='ltr'>αὐτοῦ</span> <span class='ocrx_word' id='word_1_910' title='bbox 2394 4289 2426 4357; x_wconf 81' lang='grc' dir='ltr'><strong>ἡ</strong></span> <span class='ocrx_word' id='word_1_911' title='bbox 2458 4286 2604 4353; x_wconf 80' lang='grc' dir='ltr'>δόξα,</span> <span class='ocrx_word' id='word_1_912' title='bbox 2636 4287 2813 4339; x_wconf 90' lang='grc' dir='ltr'>καίτοι</span> <span class='ocrx_word' id='word_1_913' title='bbox 2848 4286 2956 4359; x_wconf 82' lang='grc' dir='ltr'>πρὸ</span> <span class='ocrx_word' id='word_1_914' title='bbox 3004 4288 3257 4342; x_wconf 91' lang='grc' dir='ltr'>τοσούτου</span> <span class='ocrx_word' id='word_1_915' title='bbox 3304 4290 3497 4361; x_wconf 87' lang='grc' dir='ltr'>χρόνου</span> <span class='ocrx_word' id='word_1_916' title='bbox 3529 4292 3746 4360; x_wconf 85' lang='grc' dir='ltr'>γεγονό-</span> 
     </span>
    </p>
   </div>
   <div class='ocr_carea' id='block_1_113' title="bbox 2078 4372 3745 4449">
    <p class='ocr_par' dir='ltr' id='par_1_113' title="bbox 2078 4372 3745 4449">
     <span class='ocr_line' id='line_1_113' title="bbox 2078 4372 3745 4449; baseline 0.002 -20"><span class='ocrx_word' id='word_1_917' title='bbox 2078 4393 2188 4439; x_wconf 90' lang='grc' dir='ltr'>τος·</span> <span class='ocrx_word' id='word_1_918' title='bbox 2214 4374 2330 4429; x_wconf 85' lang='grc' dir='ltr'>άλλ’</span> <span class='ocrx_word' id='word_1_919' title='bbox 2360 4374 2459 4428; x_wconf 91' lang='grc' dir='ltr'>οὐκ</span> <span class='ocrx_word' id='word_1_920' title='bbox 2511 4372 2701 4427; x_wconf 78' lang='grc' dir='ltr'>ἔσϐεσε</span> <span class='ocrx_word' id='word_1_921' title='bbox 2738 4374 2832 4427; x_wconf 90' lang='grc' dir='ltr'>τοῦ</span> <span class='ocrx_word' id='word_1_922' title='bbox 2874 4375 3069 4445; x_wconf 84' lang='grc' dir='ltr'>χρόνου</span> <span class='ocrx_word' id='word_1_923' title='bbox 3108 4375 3171 4429; x_wconf 82' lang='grc' dir='ltr'>τὸ</span> <span class='ocrx_word' id='word_1_924' title='bbox 3234 4375 3433 4447; x_wconf 82' lang='grc' dir='ltr'>πλῆθος</span> <span class='ocrx_word' id='word_1_925' title='bbox 3456 4376 3619 4431; x_wconf 85' lang='grc' dir='ltr'>αὐτοῦ</span> <span class='ocrx_word' id='word_1_926' title='bbox 3645 4379 3745 4449; x_wconf 81' lang='grc' dir='ltr'>τὴν</span> 
     </span>
    </p>
   </div>
   <div class='ocr_carea' id='block_1_114' title="bbox 2082 4461 3747 4540">
    <p class='ocr_par' dir='ltr' id='par_1_114' title="bbox 2082 4461 3747 4540">
     <span class='ocr_line' id='line_1_114' title="bbox 2082 4461 3747 4540; baseline 0.001 -23"><span class='ocrx_word' id='word_1_927' title='bbox 2082 4465 2326 4535; x_wconf 62' lang='grc' dir='ltr'>μνήμην</span> <span class='ocrx_word' id='word_1_928' title='bbox 2355 4463 2449 4517; x_wconf 78' lang='grc' dir='ltr'>καὶ</span> <span class='ocrx_word' id='word_1_929' title='bbox 2479 4461 2624 4532; x_wconf 89' lang='grc' dir='ltr'>μάλα</span> <span class='ocrx_word' id='word_1_930' title='bbox 2652 4461 2895 4524; x_wconf 82' lang='grc' dir='ltr'>εἰκότως.</span> <span class='ocrx_word' id='word_1_931' title='bbox 2938 4462 3189 4517; x_wconf 87' lang='grc' dir='ltr'>Τοιοῦτον</span> <span class='ocrx_word' id='word_1_932' title='bbox 3208 4463 3316 4535; x_wconf 86' lang='grc' dir='ltr'>γάρ</span> <span class='ocrx_word' id='word_1_933' title='bbox 3335 4465 3367 4535; x_wconf 89' lang='grc' dir='ltr'>ή</span> <span class='ocrx_word' id='word_1_934' title='bbox 3384 4465 3573 4537; x_wconf 85' lang='grc' dir='ltr'>ἀρετή,</span> <span class='ocrx_word' id='word_1_935' title='bbox 3606 4468 3747 4540; x_wconf 78' lang='grc' dir='ltr'>πρᾶ-</span> 
     </span>
    </p>
   </div>
   <div class='ocr_carea' id='block_1_115' title="bbox 2079 4548 3745 4625">
    <p class='ocr_par' dir='ltr' id='par_1_115' title="bbox 2079 4548 3745 4625">
     <span class='ocr_line' id='line_1_115' title="bbox 2079 4548 3745 4625; baseline 0.002 -21"><span class='ocrx_word' id='word_1_936' title='bbox 2079 4570 2195 4623; x_wconf 91' lang='grc' dir='ltr'>γμα</span> <span class='ocrx_word' id='word_1_937' title='bbox 2226 4551 2509 4615; x_wconf 86' lang='grc' dir='ltr'>ἀθάνατον,</span> <span class='ocrx_word' id='word_1_938' title='bbox 2542 4548 2635 4602; x_wconf 75' lang='grc' dir='ltr'>καὶ</span> <span class='ocrx_word' id='word_1_939' title='bbox 2660 4549 2797 4619; x_wconf 88' lang='grc' dir='ltr'>ὐπέρ</span> <span class='ocrx_word' id='word_1_940' title='bbox 2823 4548 2914 4602; x_wconf 86' lang='grc' dir='ltr'>τὸν</span> <span class='ocrx_word' id='word_1_941' title='bbox 2942 4549 3091 4621; x_wconf 78' lang='grc' dir='ltr'>ἥλιον</span> <span class='ocrx_word' id='word_1_942' title='bbox 3122 4549 3355 4621; x_wconf 86' lang='grc' dir='ltr'>λάμπον.</span> <span class='ocrx_word' id='word_1_943' title='bbox 3407 4552 3569 4616; x_wconf 61' lang='lat' dir='ltr'>mw.</span> <span class='ocrx_word' id='word_1_944' title='bbox 3606 4555 3745 4625; x_wconf 84' lang='grc' dir='ltr'>ὅπερ</span> 
     </span>
    </p>
   </div>
   <div class='ocr_carea' id='block_1_116' title="bbox 2078 4636 3744 4711">
    <p class='ocr_par' dir='ltr' id='par_1_116' title="bbox 2078 4636 3744 4711">
     <span class='ocr_line' id='line_1_116' title="bbox 2078 4636 3744 4711; baseline 0.001 -17"><span class='ocrx_word' id='word_1_945' title='bbox 2078 4640 2250 4711; x_wconf 70' lang='grc' dir='ltr'>ἔφθην</span> <span class='ocrx_word' id='word_1_946' title='bbox 2277 4638 2444 4691; x_wconf 83' lang='grc' dir='ltr'>εἰπὼν</span> <span class='ocrx_word' id='word_1_947' title='bbox 2468 4637 2547 4698; x_wconf 81' lang='grc' dir='ltr'>(οὐ</span> <span class='ocrx_word' id='word_1_948' title='bbox 2570 4636 2678 4707; x_wconf 87' lang='grc' dir='ltr'>γάρ</span> <span class='ocrx_word' id='word_1_949' title='bbox 2707 4636 2788 4689; x_wconf 84' lang='grc' dir='ltr'>δεῖ</span> <span class='ocrx_word' id='word_1_950' title='bbox 2809 4637 2909 4708; x_wconf 84' lang='grc' dir='ltr'>τῆς</span> <span class='ocrx_word' id='word_1_951' title='bbox 2930 4637 3236 4701; x_wconf 86' lang='grc' dir='ltr'>ὑποθέσεως</span> <span class='ocrx_word' id='word_1_952' title='bbox 3282 4638 3630 4694; x_wconf 81' lang='grc' dir='ltr'>ἐπιλαθέσθαι</span> <span class='ocrx_word' id='word_1_953' title='bbox 3663 4643 3744 4705; x_wconf 87' lang='grc' dir='ltr'>είς</span> 
     </span>
    </p>
   </div>
   <div class='ocr_carea' id='block_1_117' title="bbox 2079 4722 3744 4797">
    <p class='ocr_par' dir='ltr' id='par_1_117' title="bbox 2079 4722 3744 4797">
     <span class='ocr_line' id='line_1_117' title="bbox 2079 4722 3744 4797; baseline -0.001 -16"><span class='ocrx_word' id='word_1_954' title='bbox 2079 4728 2141 4782; x_wconf 85' lang='grc' dir='ltr'>τὸ</span> <span class='ocrx_word' id='word_1_955' title='bbox 2164 4727 2400 4794; x_wconf 87' lang='grc' dir='ltr'>πέλαγος</span> <span class='ocrx_word' id='word_1_956' title='bbox 2429 4724 2807 4793; x_wconf 77' lang='grc' dir='ltr'>ἐξενεχθέντας</span> <span class='ocrx_word' id='word_1_957' title='bbox 2834 4722 2942 4776; x_wconf 90' lang='grc' dir='ltr'>τῶν</span> <span class='ocrx_word' id='word_1_958' title='bbox 2981 4724 3271 4794; x_wconf 88' lang='grc' dir='ltr'>ἐγκωμίων</span> <span class='ocrx_word' id='word_1_959' title='bbox 3301 4724 3396 4778; x_wconf 89' lang='grc' dir='ltr'>τοῦ</span> <span class='ocrx_word' id='word_1_960' title='bbox 3417 4728 3744 4797; x_wconf 86' lang='grc' dir='ltr'>προφήτου),</span> 
     </span>
    </p>
   </div>
   <div class='ocr_carea' id='block_1_118' title="bbox 2080 4808 3743 4883">
    <p class='ocr_par' dir='ltr' id='par_1_118' title="bbox 2080 4808 3743 4883">
     <span class='ocr_line' id='line_1_118' title="bbox 2080 4808 3743 4883; baseline 0 -15"><span class='ocrx_word' id='word_1_961' title='bbox 2080 4814 2175 4868; x_wconf 80' lang='grc' dir='ltr'>καὶ</span> <span class='ocrx_word' id='word_1_962' title='bbox 2220 4809 2373 4877; x_wconf 72' lang='grc' dir='ltr'>οὗτος</span> <span class='ocrx_word' id='word_1_963' title='bbox 2421 4811 2655 4865; x_wconf 90' lang='grc' dir='ltr'>δείκνυσι</span> <span class='ocrx_word' id='word_1_964' title='bbox 2708 4809 2779 4862; x_wconf 88' lang='grc' dir='ltr'>τά</span> <span class='ocrx_word' id='word_1_965' title='bbox 2827 4810 2921 4862; x_wconf 77' lang='grc' dir='ltr'>ἐπὶ</span> <span class='ocrx_word' id='word_1_966' title='bbox 2962 4808 3055 4863; x_wconf 90' lang='grc' dir='ltr'>τοῦ</span> <span class='ocrx_word' id='word_1_967' title='bbox 3109 4811 3386 4874; x_wconf 78' lang='grc' dir='ltr'>Μωῦσέως</span> <span class='ocrx_word' id='word_1_968' title='bbox 3442 4813 3743 4883; x_wconf 75' lang='grc' dir='ltr'>είρημένα.</span> 
     </span>
    </p>
   </div>
   <div class='ocr_carea' id='block_1_119' title="bbox 2093 4894 3744 4971">
    <p class='ocr_par' dir='ltr' id='par_1_119' title="bbox 2093 4894 3744 4971">
     <span class='ocr_line' id='line_1_119' title="bbox 2093 4894 3744 4971; baseline -0.001 -16"><span class='ocrx_word' id='word_1_969' title='bbox 2093 4902 2312 4967; x_wconf 79' lang='grc' dir='ltr'>Ἐπειδὴ</span> <span class='ocrx_word' id='word_1_970' title='bbox 2351 4899 2461 4971; x_wconf 91' lang='grc' dir='ltr'>γάρ</span> <span class='ocrx_word' id='word_1_971' title='bbox 2500 4899 2645 4962; x_wconf 82' lang='grc' dir='ltr'>εἰκὸς</span> <span class='ocrx_word' id='word_1_972' title='bbox 2669 4894 2738 4970; x_wconf 80' lang='grc' dir='ltr'>ἦν</span> <span class='ocrx_word' id='word_1_973' title='bbox 2782 4896 2886 4950; x_wconf 79' lang='lat'><em>61:6</em></span> <span class='ocrx_word' id='word_1_974' title='bbox 2929 4897 3039 4951; x_wconf 91' lang='grc' dir='ltr'>τῶν</span> <span class='ocrx_word' id='word_1_975' title='bbox 3083 4896 3523 4969; x_wconf 89' lang='grc' dir='ltr'>κατορθωμάτων</span> <span class='ocrx_word' id='word_1_976' title='bbox 3582 4900 3744 4954; x_wconf 81' lang='grc' dir='ltr'>αὐτὸν</span> 
     </span>
    </p>
   </div>
   <div class='ocr_carea' id='block_1_120' title="bbox 2080 4982 3743 5061">
    <p class='ocr_par' dir='ltr' id='par_1_120' title="bbox 2080 4982 3743 5061">
     <span class='ocr_line' id='line_1_120' title="bbox 2080 4982 3743 5061; baseline -0.001 -18"><span class='ocrx_word' id='word_1_977' title='bbox 2080 4990 2411 5061; x_wconf 87' lang='grc' dir='ltr'>ἐπαρθέντα,</span> <span class='ocrx_word' id='word_1_978' title='bbox 2445 4988 2506 5042; x_wconf 92' lang='grc' dir='ltr'>οὐ</span> <span class='ocrx_word' id='word_1_979' title='bbox 2530 4987 2731 5057; x_wconf 80' lang='grc' dir='ltr'>σφόδρα</span> <span class='ocrx_word' id='word_1_980' title='bbox 2760 4982 2899 5038; x_wconf 74' lang='grc' dir='ltr'>εἶναι</span> <span class='ocrx_word' id='word_1_981' title='bbox 2921 4988 3031 5047; x_wconf 85' lang='grc' dir='ltr'>τοῖς</span> <span class='ocrx_word' id='word_1_982' title='bbox 3052 4984 3266 5049; x_wconf 86' lang='grc' dir='ltr'>πολλοῖς</span> <span class='ocrx_word' id='word_1_983' title='bbox 3287 4988 3743 5058; x_wconf 71' lang='grc' dir='ltr'>συγγνωμονικόν,</span> 
     </span>
    </p>
   </div>
   <div class='ocr_carea' id='block_1_121' title="bbox 2080 5062 3745 5151">
    <p class='ocr_par' dir='ltr' id='par_1_121' title="bbox 2080 5062 3745 5151">
     <span class='ocr_line' id='line_1_121' title="bbox 2080 5062 3745 5151; baseline -0.002 -18"><span class='ocrx_word' id='word_1_984' title='bbox 2080 5080 2182 5151; x_wconf 83' lang='grc' dir='ltr'>ὅρα</span> <span class='ocrx_word' id='word_1_985' title='bbox 2212 5078 2264 5131; x_wconf 83' lang='grc' dir='ltr'>τί</span> <span class='ocrx_word' id='word_1_986' title='bbox 2296 5079 2440 5130; x_wconf 87' lang='grc' dir='ltr'>ποιεῖ</span> <span class='ocrx_word' id='word_1_987' title='bbox 2454 5078 2481 5128; x_wconf 92' lang='lat'>6</span> <span class='ocrx_word' id='word_1_988' title='bbox 2501 5075 2652 5137; x_wconf 79' lang='grc' dir='ltr'>Θεός’</span> <span class='ocrx_word' id='word_1_989' title='bbox 2684 5073 2929 5143; x_wconf 79' lang='grc' dir='ltr'>Ἀφίησιν</span> <span class='ocrx_word' id='word_1_990' title='bbox 2952 5071 3113 5127; x_wconf 77' lang='grc' dir='ltr'>αὐτὸν</span> <span class='ocrx_word' id='word_1_991' title='bbox 3134 5072 3484 5145; x_wconf 83' lang='grc' dir='ltr'>γυμνωθῆναι</span> <span class='ocrx_word' id='word_1_992' title='bbox 3504 5074 3601 5145; x_wconf 81' lang='grc' dir='ltr'>τῆς</span> <span class='ocrx_word' id='word_1_993' title='bbox 3615 5062 3745 5149; x_wconf 64' lang='grc' dir='ltr'>παρὁ</span> 
     </span>
    </p>
   </div>
   <div class='ocr_carea' id='block_1_122' title="bbox 2081 5159 3740 5235">
    <p class='ocr_par' dir='ltr' id='par_1_122' title="bbox 2081 5159 3740 5235">
     <span class='ocr_line' id='line_1_122' title="bbox 2081 5159 3740 5235; baseline 0.006 -28"><span class='ocrx_word' id='word_1_994' title='bbox 2081 5165 2246 5222; x_wconf 64' lang='grc' dir='ltr'>αὐτοῦ</span> <span class='ocrx_word' id='word_1_995' title='bbox 2278 5165 2519 5235; x_wconf 74' lang='grc' dir='ltr'>χάριτος,</span> <span class='ocrx_word' id='word_1_996' title='bbox 2569 5160 2709 5215; x_wconf 84' lang='grc' dir='ltr'>ὥστε</span> <span class='ocrx_word' id='word_1_997' title='bbox 2755 5159 3031 5231; x_wconf 83' lang='grc' dir='ltr'>δειχθῆναι</span> <span class='ocrx_word' id='word_1_998' title='bbox 3078 5160 3241 5214; x_wconf 86' lang='grc' dir='ltr'>αὐτοῦ</span> <span class='ocrx_word' id='word_1_999' title='bbox 3288 5161 3385 5233; x_wconf 79' lang='grc' dir='ltr'>τὴν</span> <span class='ocrx_word' id='word_1_1000' title='bbox 3442 5162 3740 5219; x_wconf 80' lang='grc' dir='ltr'>ἀσθένειαν·</span> 
     </span>
    </p>
   </div>
   <div class='ocr_carea' id='block_1_123' title="bbox 2086 5246 3747 5327">
    <p class='ocr_par' dir='ltr' id='par_1_123' title="bbox 2086 5246 3747 5327">
     <span class='ocr_line' id='line_1_123' title="bbox 2086 5246 3747 5327; baseline -0.003 -19"><span class='ocrx_word' id='word_1_1001' title='bbox 2086 5254 2284 5327; x_wconf 78' lang='grc' dir='ltr'>μᾶλλον</span> <span class='ocrx_word' id='word_1_1002' title='bbox 2311 5253 2366 5305; x_wconf 82' lang='grc' dir='ltr'>δὲ</span> <span class='ocrx_word' id='word_1_1003' title='bbox 2402 5250 2666 5322; x_wconf 89' lang='grc' dir='ltr'>πρότερον</span> <span class='ocrx_word' id='word_1_1004' title='bbox 2694 5249 2986 5317; x_wconf 87' lang='grc' dir='ltr'>ἀναγκαῖον</span> <span class='ocrx_word' id='word_1_1005' title='bbox 3018 5248 3188 5312; x_wconf 78' lang='grc' dir='ltr'>δεῖξαι</span> <span class='ocrx_word' id='word_1_1006' title='bbox 3219 5248 3333 5313; x_wconf 89' lang='grc' dir='ltr'>πῶς</span> <span class='ocrx_word' id='word_1_1007' title='bbox 3357 5249 3417 5302; x_wconf 91' lang='grc' dir='ltr'>οὐ</span> <span class='ocrx_word' id='word_1_1008' title='bbox 3448 5250 3649 5321; x_wconf 90' lang='grc' dir='ltr'>σφόδρα</span> <span class='ocrx_word' id='word_1_1009' title='bbox 3677 5246 3747 5322; x_wconf 77' lang='grc' dir='ltr'>ἦν</span> 
     </span>
    </p>
   </div>
   <div class='ocr_carea' id='block_1_124' title="bbox 2086 5334 3746 5411">
    <p class='ocr_par' dir='ltr' id='par_1_124' title="bbox 2086 5334 3746 5411">
     <span class='ocr_line' id='line_1_124' title="bbox 2086 5334 3746 5411; baseline -0.004 -16"><span class='ocrx_word' id='word_1_1010' title='bbox 2086 5337 2545 5411; x_wconf 90' lang='grc' dir='ltr'>συγγνωμονικός.</span> <span class='ocrx_word' id='word_1_1011' title='bbox 2562 5334 2783 5407; x_wconf 79' lang='grc' dir='ltr'>Ἐπειδὴ</span> <span class='ocrx_word' id='word_1_1012' title='bbox 2796 5334 2904 5407; x_wconf 82' lang='grc' dir='ltr'>γὰρ</span> <span class='ocrx_word' id='word_1_1013' title='bbox 2921 5334 3129 5388; x_wconf 87' lang='grc' dir='ltr'>έκλεισε</span> <span class='ocrx_word' id='word_1_1014' title='bbox 3148 5334 3239 5389; x_wconf 75' lang='grc' dir='ltr'>τὸν</span> <span class='ocrx_word' id='word_1_1015' title='bbox 3259 5336 3503 5408; x_wconf 82' lang='grc' dir='ltr'>οὐρανὸν,</span> <span class='ocrx_word' id='word_1_1016' title='bbox 3533 5336 3629 5389; x_wconf 69' lang='grc' dir='ltr'>καί⁵</span> <span class='ocrx_word' id='word_1_1017' title='bbox 3648 5336 3746 5408; x_wconf 80' lang='grc' dir='ltr'>τὴν</span> 
     </span>
    </p>
   </div>
   <div class='ocr_carea' id='block_1_125' title="bbox 2084 5416 3745 5500">
    <p class='ocr_par' dir='ltr' id='par_1_125' title="bbox 2084 5416 3745 5500">
     <span class='ocr_line' id='line_1_125' title="bbox 2084 5416 3745 5500; baseline -0.003 -18"><span class='ocrx_word' id='word_1_1018' title='bbox 2084 5430 2187 5500; x_wconf 84' lang='grc' dir='ltr'>γῆν</span> <span class='ocrx_word' id='word_1_1019' title='bbox 2218 5426 2469 5499; x_wconf 85' lang='grc' dir='ltr'>ἐποίησεν</span> <span class='ocrx_word' id='word_1_1020' title='bbox 2499 5424 2711 5494; x_wconf 80' lang='grc' dir='ltr'>ἄγονον,</span> <span class='ocrx_word' id='word_1_1021' title='bbox 2768 5424 2860 5477; x_wconf 74' lang='grc' dir='ltr'>καὶ</span> <span class='ocrx_word' id='word_1_1022' title='bbox 2909 5422 3065 5495; x_wconf 77' lang='grc' dir='ltr'>λιμὸς</span> <span class='ocrx_word' id='word_1_1023' title='bbox 3102 5416 3193 5495; x_wconf 74' lang='grc' dir='ltr'>ἦν,</span> <span class='ocrx_word' id='word_1_1024' title='bbox 3241 5424 3397 5492; x_wconf 82' lang='grc' dir='ltr'>λιμὸς</span> <span class='ocrx_word' id='word_1_1025' title='bbox 3438 5424 3690 5478; x_wconf 85' lang='grc' dir='ltr'>ἁπάντων</span> <span class='ocrx_word' id='word_1_1026' title='bbox 3716 5426 3745 5477; x_wconf 91' lang='lat'>6</span> 
     </span>
    </p>
   </div>
   <div class='ocr_carea' id='block_1_126' title="bbox 2086 5510 3744 5590">
    <p class='ocr_par' dir='ltr' id='par_1_126' title="bbox 2086 5510 3744 5590">
     <span class='ocr_line' id='line_1_126' title="bbox 2086 5510 3744 5590; baseline -0.006 -17"><span class='ocrx_word' id='word_1_1027' title='bbox 2086 5519 2430 5590; x_wconf 90' lang='grc' dir='ltr'>πικρότατος,</span> <span class='ocrx_word' id='word_1_1028' title='bbox 2464 5514 2558 5568; x_wconf 82' lang='grc' dir='ltr'>καί</span> <span class='ocrx_word' id='word_1_1029' title='bbox 2585 5512 2828 5567; x_wconf 90' lang='grc' dir='ltr'>ἀνάλωτο</span> <span class='ocrx_word' id='word_1_1030' title='bbox 2873 5510 3037 5565; x_wconf 86' lang='grc' dir='ltr'>ὐδατα</span> <span class='ocrx_word' id='word_1_1031' title='bbox 3060 5553 3075 5578; x_wconf 93' lang='grc'>,</span> <span class='ocrx_word' id='word_1_1032' title='bbox 3108 5512 3201 5564; x_wconf 75' lang='grc' dir='ltr'>καὶ</span> <span class='ocrx_word' id='word_1_1033' title='bbox 3243 5511 3513 5583; x_wconf 83' lang='grc' dir='ltr'>ἐξηράνθη</span> <span class='ocrx_word' id='word_1_1034' title='bbox 3544 5511 3744 5582; x_wconf 83' lang='grc' dir='ltr'>βοτάνη</span> 
     </span>
    </p>
   </div>
   <div class='ocr_carea' id='block_1_127' title="bbox 2086 5598 3747 5672">
    <p class='ocr_par' dir='ltr' id='par_1_127' title="bbox 2086 5598 3747 5672">
     <span class='ocr_line' id='line_1_127' title="bbox 2086 5598 3747 5672; baseline -0.007 -9"><span class='ocrx_word' id='word_1_1035' title='bbox 2086 5610 2259 5670; x_wconf 79' lang='grc' dir='ltr'>πᾶσα,</span> <span class='ocrx_word' id='word_1_1036' title='bbox 2295 5606 2389 5660; x_wconf 73' lang='grc' dir='ltr'>καὶ</span> <span class='ocrx_word' id='word_1_1037' title='bbox 2432 5603 2688 5657; x_wconf 89' lang='grc' dir='ltr'>ἐπέλιπον</span> <span class='ocrx_word' id='word_1_1038' title='bbox 2723 5601 2977 5672; x_wconf 75' lang='grc' dir='ltr'>ποταμοὶ,</span> <span class='ocrx_word' id='word_1_1039' title='bbox 3015 5600 3107 5653; x_wconf 80' lang='grc' dir='ltr'>καὶ</span> <span class='ocrx_word' id='word_1_1040' title='bbox 3144 5599 3372 5669; x_wconf 82' lang='grc' dir='ltr'>φοϐερὸν</span> <span class='ocrx_word' id='word_1_1041' title='bbox 3424 5598 3519 5668; x_wconf 81' lang='grc' dir='ltr'>τῆς</span> <span class='ocrx_word' id='word_1_1042' title='bbox 3552 5600 3654 5668; x_wconf 79' lang='grc' dir='ltr'>γῆς</span> <span class='ocrx_word' id='word_1_1043' title='bbox 3684 5600 3747 5652; x_wconf 83' lang='lat'>:6</span> 
     </span>
    </p>
   </div>
   <div class='ocr_carea' id='block_1_128' title="bbox 2087 5684 3745 5768">
    <p class='ocr_par' dir='ltr' id='par_1_128' title="bbox 2087 5684 3745 5768">
     <span class='ocr_line' id='line_1_128' title="bbox 2087 5684 3745 5768; baseline -0.007 -18"><span class='ocrx_word' id='word_1_1044' title='bbox 2087 5697 2375 5768; x_wconf 86' lang='grc' dir='ltr'>πρόσωπον</span> <span class='ocrx_word' id='word_1_1045' title='bbox 2418 5688 2504 5763; x_wconf 76' lang='grc' dir='ltr'>ἦν,</span> <span class='ocrx_word' id='word_1_1046' title='bbox 2561 5690 2789 5745; x_wconf 86' lang='grc' dir='ltr'>θάνατον</span> <span class='ocrx_word' id='word_1_1047' title='bbox 2818 5686 3093 5755; x_wconf 83' lang='grc' dir='ltr'>ἀπειλοῦν,</span> <span class='ocrx_word' id='word_1_1048' title='bbox 3141 5686 3231 5740; x_wconf 76' lang='grc' dir='ltr'>καὶ</span> <span class='ocrx_word' id='word_1_1049' title='bbox 3287 5684 3460 5739; x_wconf 82' lang='grc' dir='ltr'>πάντα</span> <span class='ocrx_word' id='word_1_1050' title='bbox 3512 5688 3540 5739; x_wconf 89' lang='lat'>6</span> <span class='ocrx_word' id='word_1_1051' title='bbox 3592 5685 3745 5756; x_wconf 83' lang='grc' dir='ltr'>λιμὸς</span> 
     </span>
    </p>
   </div>
   <div class='ocr_carea' id='block_1_129' title="bbox 2151 5881 2827 5949">
    <p class='ocr_par' dir='ltr' id='par_1_129' title="bbox 2151 5881 2827 5949">
     <span class='ocr_line' id='line_1_129' title="bbox 2151 5881 2827 5949; baseline -0.006 -13"><span class='ocrx_word' id='word_1_1052' title='bbox 2151 5891 2172 5919; x_wconf 80' lang='grc'><strong><em>⁸</em></strong></span> <span class='ocrx_word' id='word_1_1053' title='bbox 2199 5888 2316 5949; x_wconf 64' lang='lat' dir='ltr'>leg.</span> <span class='ocrx_word' id='word_1_1054' title='bbox 2343 5886 2499 5934; x_wconf 82' lang='grc' dir='ltr'>καὶτὰ</span> <span class='ocrx_word' id='word_1_1055' title='bbox 2520 5892 2616 5941; x_wconf 80' lang='grc' dir='ltr'>τῆς.</span> <span class='ocrx_word' id='word_1_1056' title='bbox 2640 5881 2827 5933; x_wconf 67' lang='grc' dir='ltr'>Μιιῐη.</span> 
     </span>
    </p>
   </div>
   <div class='ocr_carea' id='block_1_130' title="bbox 2153 5949 2651 6015">
    <p class='ocr_par' dir='ltr' id='par_1_130' title="bbox 2153 5949 2651 6015">
     <span class='ocr_line' id='line_1_130' title="bbox 2153 5949 2651 6015; baseline -0.014 -13"><span class='ocrx_word' id='word_1_1057' title='bbox 2153 5955 2179 5993; x_wconf 69' lang='grc' dir='ltr'>ιθ</span> <span class='ocrx_word' id='word_1_1058' title='bbox 2204 5950 2320 6015; x_wconf 70' lang='lat' dir='ltr'>Leg.</span> <span class='ocrx_word' id='word_1_1059' title='bbox 2346 5950 2421 5998; x_wconf 82' lang='grc' dir='ltr'>καὶ</span> <span class='ocrx_word' id='word_1_1060' title='bbox 2450 5949 2651 5997; x_wconf 75' lang='grc' dir='ltr'>πάντων.</span> 
     </span>
    </p>
   </div>
  </div>
