3950 6568
351 332 496 392 "665

383 451 554 505 ἐπιὼν
578 445 894 516 ἐπενέμετο,
939 440 1166 494 θάνατον
1220 434 1443 502 ἐπάγων
1466 433 1560 486 τὸν
1604 431 1891 486 οἴκτιστον·
1929 426 2049 516 οὐδέ

383 537 558 599 οὓτως
577 532 834 595 ἐνεδίδου,
871 525 984 581 ἀλλ’
1012 521 1263 580 ἀπελθὼν
1295 521 1388 575 ἐπὶ
1434 520 1679 591 κορυφῆς
1702 519 1862 589 δρους
1885 515 2050 570 ἐκάθ-

382 638 504 690 ητο,
636 618 844 690 χαλεπῇ
873 612 1042 682 ταύτῃ
1065 610 1314 681 τηκεδόνι
1336 609 1445 662 τῶν
1482 606 1745 661 Ἰουδαίων
1771 598 1864 656 τὸν
1881 604 2051 674 δῆμον

387 706 682 778 παραδούς.
723 702 858 756 Ἀλλ’
880 704 909 754 6
933 699 1309 768 φιλάνθρωπος
1328 695 1481 758 Θεὸς,
1501 695 1597 748 καὶ
1616 696 1650 764 ή
1688 694 1893 760 ἀφατος
1916 691 2052 778 ἀγαέ

388 775 594 862 θόιιης,
623 791 724 844 οὐκ
767 788 1014 858 ἠνείχετο
1070 784 1170 853 τῆς
1230 782 1633 854 αὐστηρότητος
1674 778 1898 848 ταύτης·
1937 775 2050 829 ἀλλ’

387 879 576 949 ἐπειδή
609 876 771 938 αὐτὸς
803 874 966 930 αὐτὸν
987 871 1198 926 οἴκοθεν
1245 868 1624 940 παρακαλέσαι
1650 866 1751 920 οὐκ
1777 862 2051 934 ἠϐουλήθη

387 968 547 1020 λῦσαι
575 965 636 1018 τὸ
658 963 854 1024 δεινὸν,
881 960 1043 1022 αὐτός
1069 976 1131 1012 τε
1155 953 1226 1011 αὖ
1269 957 1430 1012 πάλιν
1470 957 1636 1027 χωρὶς
1657 953 1864 1007 ἐκείνου
1895 949 2053 1004 τοῦτο

386 1054 612 1124 ποιῆσαι
633 1051 736 1105 οὐκ
760 1049 973 1120 ἠθελεν,
1001 1047 1102 1119 δρα
1137 1045 1190 1098 τί
1213 1045 1445 1112 γίνεται·
1482 1042 1744 1112 πρότερον
1765 1037 1914 1108 αὐτῷ
1936 1053 2050 1090 κοι-

385 1140 608 1206 νοῦται,
660 1136 756 1191 καὶ
776 1136 899 1189 τότε
951 1135 1144 1204 ἀφίησι
1169 1133 1260 1185 τὸν
1295 1130 1461 1186 ὑετόν.
1497 1125 1646 1190 Εἶδες
1671 1125 1806 1180 Θεοῦ
1858 1124 1949 1178 καὶ
1993 1125 2052 1176 ἐν

387 1225 562 1295 τούτῳ
587 1222 900 1292 ἀγαθότητα
952 1221 1046 1273 καὶ
1089 1217 1497 1288 φιλανθρωπίαν
1551 1215 1646 1267 καὶ
1679 1214 1759 1276 είς
1783 1212 1873 1264 τὸν
1900 1209 2053 1277 ἅγιον

386 1315 584 1384 τιμήν;
605 1311 738 1365 Οὐδέ
761 1310 868 1380 γὰρ
888 1308 1150 1378 πρότερον
1175 1306 1352 1374 ἀφῆκε
1381 1303 1479 1366 τὰς
1508 1302 1663 1372 ἡνίας
1679 1299 1784 1352 τῶν
1809 1297 2050 1368 ὃμϐρων,

387 1383 618 1465 ῑωςνὸτε
644 1396 793 1466 αὐτῷ
821 1395 1064 1464 διελέχθη
1089 1393 1183 1446 καὶ
1211 1388 1331 1444 εἷπε
1359 1391 1427 1443 τὸ·
1454 1387 1645 1460 μέλλον
1672 1384 1909 1447 ἔσεσθαι,
1962 1383 2053 1437 καὶ

389 1489 614 1559 κήρυκα
677 1483 841 1539 αὐτὸν
887 1482 987 1550 τῆς
1049 1478 1346 1550 μελλούσης
1403 1475 1661 1546 εὐπορίας
1711 1469 2049 1559 ἀπέστειλεν.

403 1557 622 1643 Ἐπειδή
641 1572 750 1642 γάρ
781 1570 849 1623 δι’
873 1566 1039 1623 αὐτοῦ
1080 1566 1150 1620 τά
1191 1563 1490 1637 σκυθρωπά
1515 1563 1757 1630 γέγονεν,
1779 1557 2052 1629 ἠϐουλήθη

393 1659 607 1714 καὶτῶν
629 1656 880 1727 χρηστῶν
908 1653 1070 1707 αὐτὸν
1115 1650 1344 1718 ἄγγελον
1383 1647 1650 1717 γενέσθαι⁶
1691 1646 1786 1700 καὶ
1809 1661 2054 1712 καταγα-

394 1747 508 1815 γὼν
538 1746 646 1799 ἀπὸ
674 1743 768 1797 τοῦ
803 1742 962 1813 δρους
983 1780 998 1803 ,
1032 1737 1274 1808 ἐπεμψεν
1327 1735 1736 1804 ἀπαγγέλλοντα
1779 1730 2053 1802 πανταχοῦ

392 1835 490 1904 τῆς
510 1833 612 1902 γῆς
640 1828 853 1898 ἐκείνης
879 1829 977 1897 τὴν
1000 1825 1108 1892 τῷν
1136 1824 1355 1895 δμδρων
1383 1821 1680 1894 παρουσίαν
1717 1820 1810 1873 καὶ
1840 1818 1938 1890 τήν
1959 1817 2053 1870 τοῦ

394 1921 554 1992 λιμοῦ
605 1919 776 1972 λύσιν.
818 1915 957 1970 Ἀλλ’
989 1909 1136 1985 ὅμως
1175 1911 1590 1983 κατενεχθέντος
1623 1909 1688 1981 δὴ
1727 1909 1821 1990 τοῦ
1874 1906 2051 1973 ὑετοῦ,

395 2009 490 2063 καὶ
520 2010 578 2060 ἐν
599 2004 828 2078 βραχείᾳ
853 2001 1047 2072 καιροῦ
1071 2003 1212 2070 ῥοπῇ
1244 1999 1342 2069 τῆς
1356 1997 1610 2068 εὐθηνίας
1632 1996 2052 2067 ἐπανελθούσης,

395 2094 616 2166 ἀγαγὼν
636 2095 761 2156 τοὺς
794 2092 959 2162 ἱερεῖς
991 2089 1085 2142 τοῦ
1128 2088 1276 2142 Βάαλ
1333 2089 1457 2151 τοὺς
1495 2087 1912 2158 τετρακοσίους,
1961 2088 2056 2140 καὶ

392 2187 518 2248 τοὺς
557 2180 941 2254 τετρακοσίους
967 2178 1316 2248 ὀγδοήκοντα,
1341 2175 1666 2246 κατέσφαξε,
1709 2177 1802 2229 καὶ
1826 2177 2056 2248 χειμάρο-

396 2277 523 2347 ρους
544 2271 753 2340 ἀφῆκεν
767 2267 1036 2338 αἱμάτων.

465 2388 529 2441 δ’.
557 2387 624 2440 Τί
644 2382 744 2444 οὖν,
767 2383 938 2438 ταῦτα
966 2383 1103 2455 πρὸς
1122 2382 1221 2451 τὴν
1253 2381 1617 2453 προκειμένην
1637 2381 1891 2436 ὑπόθεσιν
1919 2401 1933 2448 ;
1967 2383 2056 2454 Μὴ

396 2471 724 2545 θορυϐηθῇς,
765 2469 1037 2540 ἀγαπητέ·
1075 2468 1211 2538 πρὸς
1253 2467 1363 2538 γὰρ
1385 2467 1515 2520 αὐτὸ
1558 2467 1841 2538 βαδιοῦμαι
1874 2468 2057 2522 λοιπὸν

393 2561 457 2615 τὸ
485 2561 658 2629 πέρας
684 2558 791 2610 τῶν
819 2555 1140 2628 είρημένων.
1159 2555 1372 2626 Ἐπειδὴ
1394 2555 1502 2627 γὰρ
1529 2555 1625 2626 τήν
1645 2554 1900 2626 λαμπάδα
1927 2574 2059 2611 κατ-

397 2651 626 2719 ήνεγκεν
654 2643 890 2716 ἐκείνην,
924 2643 1018 2697 καὶ
1040 2641 1139 2713 τὴν
1167 2641 1324 2712 νίκην
1367 2643 1567 2714 ἠρατο,
1590 2643 1684 2696 καὶ
1721 2643 1972 2714 λαμπρὸν
1996 2645 2058 2698 τὸ

397 2736 655 2806 τρόπαιον
672 2732 887 2802 ἐστησε,
918 2731 1011 2784 καὶ
1039 2731 1138 2799 τήν
1162 2727 1372 2800 σφαγὴν
1400 2728 1508 2783 τῶν
1525 2730 1714 2802 ἱερέων
1746 2732 2057 2803 είργάσατο,

398 2816 918 2891 ἀπῄειχαίρων,κα“ι
951 2816 1093 2885 μέγα
1127 2814 1336 2885 φρονῶν
1376 2816 1468 2869 ἐπὶ
1507 2819 1620 2880 τοῖς
1653 2818 2058 2888 γεγενημένοις.

411 2905 721 2960 Ἀπέστειλε
749 2905 887 2974 πρὸς
914 2903 1076 2956 αὐτὸν
1109 2905 1141 2972 ἡ
1188 2903 1324 2974 γυνή
1355 2901 1450 2954 τοῦ
1513 2903 1734 2974 Ἀχαά6,
1793 2906 2062 2975 πορνίδιον

399 2995 614 3059 εὐτελὲς
635 2995 728 3047 καὶ
744 2992 1237 3062 εὐκαταφρόνητον,
1271 2991 1523 3060 λέγουσαν
1562 2992 1707 3046 Τάδε
1747 2993 2064 3059 ποιήσειαν
2096 2997 2102 3004 ’

394 3103 496 3155 μοι
533 3086 588 3138 οι
607 3083 750 3148 θεοί,
781 3081 878 3134 καί
905 3079 1044 3134 τάδε
1094 3079 1528 3146 προσθείησαν,
1567 3080 1677 3134 ἐὰν
1717 3080 1803 3150 μὴ
1849 3080 1929 3137 θῶ
1951 3080 2065 3148 τὴν

399 3172 612 3244 ψυχήν
641 3188 758 3226 σου
788 3171 997 3239 αὔριον
1027 3169 1108 3235 ὡς
1144 3167 1284 3234 ἐνὸς
1311 3166 1430 3221 τῶν
1461 3169 1661 3236 ἱερέων
1684 3171 1926 3223 τούτων.
1956 3169 2062 3224 Καὶ

401 3258 688 3328 ἐφοϐήθη,
739 3257 837 3312 καὶ
887 3257 1113 3325 ἔφυγεν
1141 3255 1286 3309 ὁδὸν
1313 3254 1547 3324 ἡμερῶν
1590 3255 2059 3323 τεσσαράκοντα.

405 3347 473 3401 Τί
500 3341 625 3409 οὖνς
648 3347 681 3416 ἡ
701 3345 1083 3416 οὐρανομήκης
1111 3342 1291 3413 ἐκείνη
1321 3341 1466 3413 ψυχὴ
1484 3383 1498 3403 ,
1527 3344 1555 3397 6
1578 3342 1671 3396 τοῦ
1695 3344 1899 3413 κόσμου
1928 3361 2066 3398 παν-

405 3433 498 3497 τὸς
531 3432 834 3503 ὑπερορῶν,
863 3431 892 3483 6
919 3427 1078 3500 λιμοῦ
1097 3428 1349 3483 τοσούτου
1378 3432 1813 3501 καταφρονήσας,
1843 3433 1938 3484 καὶ
1968 3431 2058 3502 βαι

409 3521 599 3585 σιλέως
621 3520 764 3574 οὕτω
813 3516 1134 3590 τυραννικοῦ
1177 3517 1610 3583 κατεξαναστάς,
1642 3521 1671 3572 6
1716 3519 1931 3583 κλείσας
1975 3519 2068 3573 τὸν

409 3608 638 3679 οὐρανὸν
673 3607 767 3660 καὶ
804 3603 1038 3673 ἀνοίξας,
1062 3607 1091 3658 6
1123 3605 1216 3658 νῦν
1266 3606 1367 3675 μὲν
1393 3605 1578 3672 ὑετὸν,
1617 3605 1710 3659 νῦν
1732 3605 1788 3660 δὲ
1812 3606 2068 3677 λαμπάδα

407 3691 773 3761 κατενεγκὼν,
802 3690 948 3763 [528]
977 3691 1006 3743 6
1035 3692 1136 3756 τάς
1164 3691 1408 3760 ἀνάγκας
1431 3691 1533 3762 τῆς
1586 3691 1799 3762 φύσεως
1824 3709 2070 3746 καταπα-

405 3783 599 3849 τήσας,
631 3783 661 3833 6
723 3779 1158 3850 ἀκατάπληκτος,
1209 3780 1238 3832 6
1279 3778 1554 3849 πανταχοῦ
1619 3777 1871 3850 θαρρῶν·
1916 3773 2068 3844 οὗτος

407 3867 622 3938 ἀθρόον,
655 3865 791 3936 μετά
821 3865 1058 3919 τοσαῦτα
1091 3864 1509 3936 κατορθώματα,
1570 3865 1706 3936 μετὰ
1738 3865 2070 3938 τηλικαύτην

409 3953 740 4026 παρρησίαν,
766 3955 892 4024 μιᾶς
912 3953 1079 4024 κόρης
1099 3951 1498 4023 πορνευομένης
1516 3951 1740 4023 ἀπειλὴν
1759 3953 1857 4006 οὐκ
1873 3955 2069 4024 ἠνεγκε

406 4041 506 4112 τὴν
526 4041 613 4094 διά
638 4042 895 4112 ῥημάτων
913 4081 928 4103 ,
951 4039 1087 4094 ἀλλά
1106 4038 1288 4092 λοιπὸν
1310 4038 1484 4106 φυγὰς
1508 4041 1600 4093 καὶ
1627 4040 1815 4104 ἄπολις
1838 4040 2066 4109 γίνεται,

410 4127 828 4196 καὶδραπετεύει
853 4127 986 4196 πρὸς
1014 4127 1113 4198 τὴν
1143 4125 1367 4197 ἔρημον,
1395 4127 1487 4180 καὶ⁸
1509 4128 1914 4199 τεσσαράκοντα
1938 4131 2070 4201 ἠμε-

413 4215 522 4285 ρῶν
554 4215 671 4268 ὁδὸν
697 4214 986 4283 ἀναχωρεῖ.
1005 4213 1072 4265 Τί
1107 4230 1236 4266 ποτε
1269 4213 1376 4284 ἀρα
1401 4213 1461 4267 τὸ
1485 4215 1682 4278 αῖτιονς
1727 4216 2070 4288 Ἐγύμνωσεν

410 4299 573 4353 αὐτὸν
618 4302 648 4352 6
676 4299 806 4362 Θεὸς
832 4299 931 4368 τῆς
959 4301 1199 4371 χάριτος,
1244 4300 1339 4354 καὶ
1382 4300 1589 4372 ἐδείχθη
1648 4302 1747 4372 τῆς
1783 4303 1996 4373 φύσεως
2034 4306 2068 4377 ή

407 4387 686 4441 ἀσθένειαο
731 4385 896 4450 ἔδειξε
930 4386 1026 4439 τὸν
1055 4387 1360 4458 προφήτην,
1411 4387 1577 4454 ἔδειξε
1619 4390 1712 4442 καὶ
1749 4390 1840 4444 τὸν
1864 4391 2072 4462 ἀνθρω-

410 4491 533 4536 πον,
573 4474 660 4526 ἵνα
690 4473 953 4544 μάθωσιν,
998 4474 1080 4527 ὅτι
1114 4475 1208 4527 καὶ
1246 4474 1315 4527 τά
1337 4476 1601 4546 γενόμενα
1633 4478 1752 4531 τότε
1789 4478 1887 4548 τῆς
1913 4479 2070 4551 χάρι-

289 4613 310 4636 ο
408 4577 502 4626 τος
530 4559 752 4631 γέγονεν
780 4561 960 4632 ἔργον.
1005 4560 1270 4614 Ταῦταδέ
1318 4562 1488 4616 ἐποίει
1534 4566 1970 4637 συγγνωμονικόν
2011 4584 2071 4621 τε

408 4649 573 4704 αὐτὸν
603 4649 1024 4714 κατασκευάζων
1042 4651 1154 4714 τοῖς
1180 4649 1413 4714 πολλοῖς,
1457 4651 1552 4705 καὶ
1577 4652 1675 4723 τήν
1695 4653 1760 4706 ἐκ
1789 4652 1898 4706 τῶν
1936 4671 2070 4708 κατ-

406 4735 742 4808 ορθωμάτων
783 4736 1137 4808 ἐγγινομένην
1181 4737 1438 4791 ἀπόνοιαν
1485 4738 1918 4809 ὑποτεμνόμενος
1977 4742 2073 4794 καὶ

409 4823 658 4879 κωλύων.
715 4825 840 4879 Ὅτι
879 4825 990 4895 γὰρ
1048 4823 1257 4895 μεγάλα
1309 4825 1436 4896 περὶ
1495 4825 1686 4879 ἐαυτοῦ
1722 4826 1937 4898 ἐφρόνει
1978 4830 2072 4882 καὶ

408 4914 764 4978 ἐφαντάςετο,
798 4914 893 4966 καὶ
938 4911 1048 4966 τῶν
1090 4911 1266 4965 ἄλλων
1320 4912 1575 4967 ἀπάντων
1631 4914 2070 4979 κατεξανίστατο.

361 5037 366 5043 .
410 5001 576 5054 αὐτὸν
595 5004 725 5072 ὑμῖν
743 5003 931 5057 τοῦτον
951 5003 1258 5074 παρέξομαι
1281 5005 1549 5076 μάρτυρα.
1581 5005 1796 5079 Ἐπειδὴ
1811 5009 1919 5081 γάρ
1941 5005 2072 5082 ἦλθε

413 5087 552 5156 πρὸς
590 5089 753 5141 αὐτὸν
798 5091 827 5140 6
850 5089 1002 5152 Θεὸς,
1034 5092 1129 5144 καὶ
1168 5088 1356 5161 ἠρώτα
1403 5091 1501 5164 τήν
1531 5093 1708 5149 αἰτίαν
1750 5096 1847 5168 τῆς
1888 5098 2073 5153 αὐτόθι

409 5171 709 5242 διατριϐῆς,
741 5174 932 5241 λέγων’
973 5177 1035 5230 Τί
1052 5193 1150 5230 σοι
1179 5170 1313 5240 ὧδε,
1352 5177 1545 5243 ‘Hlla;
1572 5181 1686 5242 καὶ,
1720 5183 1778 5236 Τί
1803 5200 1903 5238 σοι
1922 5179 2072 5251 ὦδε;

411 5257 621 5328 ἠρώτα,
647 5261 706 5346 οὐ
744 5261 934 5330 μαθεῖν
948 5261 1138 5325 θέλων,
1165 5262 1300 5316 ἀλλά
1319 5265 1452 5334 ἡμῖν
1473 5267 1770 5338 ἐκκαλύψαι
1794 5271 1863 5325 τὰ
1904 5273 2075 5346 ἀπόρ-

415 5346 557 5414 ρητα
578 5346 675 5415 τῆς
692 5345 929 5411 διανοίας
953 5348 1118 5426 αὐτοῦ
1165 5349 1506 5420 βουλόμενοςο
1546 5353 1666 5405 ἐπεὶ
1699 5356 1792 5408 καὶ
1833 5358 1931 5426 τὴν
1963 5345 2076 5414 Χαο

413 5430 680 5485 ναναίανό
707 5434 936 5504 Χριστὸς
970 5436 1058 5489 ὅτε
1115 5437 1331 5508 ἠρώτα,
1371 5439 1470 5510 οὐχ
1500 5438 1585 5492 ἴνα
1627 5441 1774 5514 μάθῃ
1796 5484 1810 5507 ,
1830 5444 1944 5497 ἀλλ’
1989 5445 2076 5501 ἵνα

414 5523 446 5590 ή
456 5521 562 5590 μᾶς
614 5521 800 5593 διδάξῃ
821 5523 912 5576 τὸν
937 5524 1208 5596 θησαυρὸν
1237 5526 1328 5580 τὸν
1369 5527 1788 5601 ἐναποκείμενον
1814 5532 1950 5606 αὐτῇ
1977 5536 2072 5604 τῆς

414 5607 664 5672 πίστεως·
713 5610 889 5680 ἐρωτᾷ
939 5612 1116 5664 τοίνυν
1165 5613 1360 5677 αὐτὸν,
1420 5614 1472 5668 τί
1525 5615 1724 5688 δήποτε
1774 5619 2075 5691 ἀφιγμένος

417 5694 498 5766 εἴη
523 5694 786 5766 τοσαύτην
819 5697 954 5763 ὁδὸν,
1000 5700 1091 5753 καὶ
1130 5701 1442 5757 καταλιπὼν
1477 5704 1660 5771 πόλεις
1707 5707 1802 5762 καὶ
1852 5707 2071 5779 δήμους,

365 5797 372 5804 ·
411 5783 510 5852 τὴν
555 5782 759 5854 ἔρημον
807 5788 1139 5855 ἀσπάζεται,
1191 5791 1289 5862 οὐχ
1362 5792 1448 5846 ἵνα
1501 5795 1660 5858 αὐτὸς
1703 5795 1847 5866 μάθῃ
1876 5839 1890 5860 ,
1934 5798 2071 5865 (πῶς

409 5871 570 5942 γάρὸ
621 5873 794 5929 πάντα
833 5875 983 5942 εἰδώς
1008 5877 1046 5951 ;)
1076 5879 1188 5934 ἀλλ’
1241 5883 1324 5935 ἵνα
1379 5883 1522 5954 ἡμᾶς
1569 5883 1750 5956 διδάξῃ
1815 5887 1906 5940 διαὶ
1971 5891 2066 5959 τῆς

1199 325 1258 379 s.
1298 305 1586 379 JOANNIS
1625 311 2109 376 cnnvsosrom
2147 311 2471 370 manu-:9.
2509 314 3056 373 consumma
3687 325 3769 382 “36

2154 427 2497 500 ἀποκρίσεως
2545 433 2751 488 ἐκείνου
2794 436 2864 490 τὰ
2909 435 3191 506 ἀπόρρητα
3226 437 3323 504 τῆς
3361 437 3586 499 διανοίας
3611 444 3773 507 αὐτοῦ,

2154 518 2246 570 καὶ
2274 519 2355 571 δτι
2380 519 2603 583 είκότως
2630 524 2838 592 ἀφῆκεν
2868 523 3028 576 αὐτὸν
3062 521 3165 574 ὑπὸ
3195 522 3286 574 τοῦ
3319 523 3479 590 φόϐου
3505 525 3777 598 διασεισθῆο

2154 620 2263 661 ναι.
2291 608 2386 658 καὶ
2412 606 2492 670 εἰς
2517 606 2715 660 δειλίαν
2746 611 3006 678 ἐμπεσεῖν
3023 624 3039 638 ο
3070 609 3300 677 ἀφῆκεν,
3321 611 3422 664 οὐκ
3453 610 3617 681 ώθησε
3637 631 3651 646 ·
3673 635 3778 671 συν-

2155 691 2452 762 εχώρησεν,
2483 696 2582 748 οὐκ
2621 697 2941 767 ἐνήργησεν,
2965 696 3078 749 ἀλλ’
3111 697 3419 764 ἐγύμνωσεν
3447 700 3598 752 αὐτὸν
3624 703 3776 770 μόνον,

2154 779 2251 831 καὶ
2291 780 2530 852 ἠλέγχθη
2550 797 2566 813 ο
2617 782 2802 852 ἐπειδὴ
2845 779 2938 836 οὖν
2970 779 3142 848 εἶπεν,
3196 782 3260 836 Τί
3303 799 3404 837 σοι
3444 779 3573 846 ὧδε,
3604 788 3776 849 Ἠλίας

2155 865 2474 936 ἀκούσωμεν
2525 868 2577 920 τί
2615 885 2749 939 φησι
2763 884 2780 899 ο
2821 870 2896 923 Τὰ
2935 869 3335 936 θυσιαστήριά
3372 886 3486 924 σου
3524 876 3780 928 κατέσκαρ

2155 954 2285 1020 ψαν
2303 990 2320 1015 ,
2374 953 2476 1006 καὶ
2521 953 2663 1020 τοὺς
2708 954 3018 1023 προφήτας
3063 970 3180 1008 σου
3222 955 3599 1010 ἀπέκτειναν·
3645 961 3783 1030 κάγὼ

2154 1039 2528 1109 ὑπελείφθην
2565 1041 2774 1109 μόνος,
2830 1041 2927 1095 καί
2979 1039 3216 1108 ζητοῦσι
3262 1041 3381 1108 τὴν
3424 1043 3626 1111 ψυχήν
3661 1064 3780 1113 μου.

2168 1126 2330 1197 Ὁρᾷς
2355 1128 2439 1182 ὅτι
2471 1128 2676 1194 πάντας
2715 1129 2961 1200 ἐνόμιζεν
2991 1129 3345 1191 ἀπολωλέναι,
3391 1130 3484 1182 καὶ
3527 1131 3670 1200 μόνον
3703 1133 3784 1187 αὐ-

2155 1213 2247 1268 τὸν
2289 1215 2685 1284 ὑπολελεῖφθαι,
2719 1217 2814 1270 καὶ
2847 1217 2963 1287 μετ’
2996 1217 3157 1270 αὐτὸν
3198 1216 3394 1270 οὐδένα
3423 1213 3557 1271 εῖναι
3597 1219 3779 1290 ἕτερον·

2157 1301 2295 1372 ὅπερ
2321 1303 2482 1355 αὐτὸν
2517 1302 2657 1356 κατά
2686 1303 2878 1375 μικρὸν
2910 1306 2989 1367 είς
3030 1303 3286 1356 ἀπόνοιαν
3317 1305 3542 1372 ἀγαγεῖν
3565 1305 3781 1375 ἠδύνατο.

2158 1389 2257 1442 Διά
2287 1389 2349 1460 δή
2377 1389 2534 1443 τοῦτο
2564 1392 2592 1443 6
2616 1390 2748 1453 Θεὸς
2777 1389 2963 1443 τοῦτον
2991 1389 3220 1462 ἐξαίρων
3250 1391 3416 1444 αὐτοῦ
3442 1391 3529 1444 τὸν
3562 1391 3783 1462 λογισμὸν

2156 1474 2248 1528 τὸν
2275 1475 2705 1546 πεπλανημένον,
2729 1478 2890 1547 φησί’
2918 1474 3250 1532 Κατέλιπον
3280 1475 3512 1546 ἐμαυτῷ
3536 1477 3784 1531 ἑπτακισ-

2160 1562 2395 1632 χιλίους
2459 1563 2680 1630 ἇνδρας
2704 1604 2718 1628 ,
2764 1565 2981 1631 οἵτινες
3050 1566 3159 1618 οὐκ
3214 1564 3498 1634 ἔκαμψαν
3547 1565 3682 1632 γόνυ
3724 1566 3786 1629 τῷ

2159 1649 2343 1706 Βάαλ.
2387 1650 2538 1712 Ἐπεὶ
2573 1646 2665 1704 οὖν
2695 1652 2790 1704 καὶ
2827 1651 2987 1721 ἡνίκα
3012 1651 3102 1705 τὸν
3132 1651 3343 1721 αὐχμὸν
3383 1653 3640 1720 ἐπήγαγε,
3673 1670 3786 1721 παρ-

2160 1736 2352 1806 έμενεν
2395 1737 2674 1791 ἐπιτείνων
2724 1737 2822 1809 τήν
2867 1739 3106 1802 κόλασιν,
3148 1738 3242 1791 καὶ
3292 1737 3433 1808 μετά
3481 1737 3642 1790 ταῦτα
3683 1741 3786 1808 περὶ

2159 1823 2352 1878 ἑαυτοῦ
2382 1825 2591 1895 μεγάλα
2633 1824 2980 1895 ἐφαντάζετο,
3033 1826 3129 1879 ἀτε
3172 1825 3238 1896 δὴ
3286 1824 3445 1896 μόνος
3483 1824 3554 1878 ὣν
3593 1825 3675 1877 ἐπὶ
3707 1827 3785 1893 τῆς

2160 1913 2264 1982 γῆς
2314 1911 2586 1976 τοιοῦτος·
2640 1913 2863 1983 ἀφίησιν
2913 1913 3073 1967 αὐτὸν
3129 1911 3417 1966 αἰσθέσθαι
3475 1911 3567 1982 τήν
3617 1913 3789 1965 οἰκείαν

2161 1999 2463 2064 ἀσθένειαν,
2507 1999 2771 2053 διδάσκων
2812 1999 2872 2054 τὸ
2929 1999 3128 2071 πλῆθος
3174 1999 3285 2053 τῶν
3334 1999 3702 2062 διασωθέντων,
3734 1999 3788 2051 δι’

2161 2086 2485 2160 ἀμφοτέρων
2519 2085 2724 2140 τούτων
2771 2087 3048 2155 καθαιρῶν
3094 2087 3259 2140 αὐτοῦ
3309 2085 3408 2157 τήν
3449 2086 3687 2149 διάνοιαν,
3714 2085 3790 2139 καὶ

2162 2172 2363 2226 πείθων
2415 2173 2725 2244 μετριάζειν
2774 2173 3070 2243 πανταχοῦ,
3100 2174 3196 2227 καὶ
3243 2174 3617 2245 συγγνωμικδν
3655 2169 3788 2236 εἶναι,

2161 2261 2257 2312 καὶ
2282 2259 2360 2329 τῷ
2392 2259 2538 2330 ζήλῳ
2571 2259 2890 2330 κεραννύναι
2920 2259 3348 2331 φιλανθρωπίαν.

2232 2380 2293 2437 ε’.
2319 2383 2382 2437 El
2407 2383 2461 2437 δὲ
2486 2383 2662 2454 βούλει
2697 2384 2789 2438 καὶ
2825 2385 2917 2438 ἐπὶ
2944 2386 3042 2457 τῆς
3067 2385 3279 2456 Καινῆς
3313 2385 3451 2439 αὐτά
3479 2384 3634 2439 ταῦτα
3668 2384 3787 2447 ἰδεῖν,

2164 2469 2326 2524 πάλιν
2353 2489 2433 2524 σοι
2458 2473 2582 2535 τοὺς
2617 2472 2944 2544 κορυφαίους
2989 2472 3079 2526 καὶ
3116 2471 3360 2544 πύργους
3403 2472 3492 2525 καὶ
3517 2470 3789 2542 προϐόλους,

2165 2558 2257 2611 καὶ
2296 2558 2364 2611 τὰ
2409 2558 2675 2627 κεφάλαια
2718 2559 2825 2613 τῶν
2869 2559 2926 2613 ἐν
2957 2561 3022 2631 τῇ
3063 2560 3234 2629 Καινῇ
3285 2561 3366 2622 είς
3412 2559 3566 2630 μέσον
3601 2561 3790 2628 ἀγαγεῖν

2165 2646 2556 2719 πειρασόμεθα.
2589 2649 2795 2718 Ὠσπερ
2834 2649 3070 2702 Μωῦσέα
3119 2647 3213 2702 καὶ
3249 2648 3460 2711 Ἠλίαν,
3507 2646 3638 2700 οὕτω
3673 2645 3792 2699 Παῦε-

2164 2735 2254 2791 λον
2283 2735 2376 2789 καὶ
2397 2735 2600 2805 Πέτρον
2621 2736 2712 2788 ἐπὶ
2736 2735 2834 2805 τῆς
2856 2735 3064 2805 Καινῆς
3089 2734 3416 2789 δείκνυνται.
3444 2734 3688 2803 Καθάπερ
3705 2733 3791 2803 γὰρ

2165 2823 2366 2877 τούτων
2423 2825 2680 2892 ἑκάτερος
2720 2825 2747 2877 6
2791 2823 2890 2894 μὲν
2931 2822 3224 2891 Αἰγυπτίου
3268 2821 3409 2886 ἐνὸς,
3448 2823 3476 2874 6
3520 2822 3574 2876 δέ
3623 2822 3791 2892 πόρνης

2171 2913 2298 2981 μιᾶς
2340 2911 2565 2982 ἀπειλὴν
2609 2911 2877 2974 δείσαντες
2923 2909 3399 2982 ἐφυγαδεύθησαῖν·
3447 2908 3583 2964 οὕτω
3625 2909 3681 2980 δὴ
3717 2910 3791 2961 καὶ

2170 2998 2370 3068 Πέτρος
2411 3000 2445 3069 ἠ
2491 2997 2716 3069 κρηπὶς.
2767 2999 2794 3050 6
2829 2996 3096 3068 θεμέλιος,
3143 2998 3171 3050 6
3215 2995 3427 3061 στῦλος,
3481 2995 3609 3068 μετά
3654 2995 3792 3067 μυρία

2170 3086 2616 3157 παραγγέλματα,
2651 3085 2790 3157 μετά
2833 3084 2900 3138 τὰ
2945 3083 3179 3138 τοσαῦτα
3230 3084 3504 3156 θαύματα,
3555 3083 3678 3155 μετὰ
3714 3082 3792 3152 τὴν

2169 3173 2433 3244 τοσαύτην
2468 3173 2802 3243 φιλοσοφίαν,
2836 3171 2956 3225 οὐδὲ
2990 3170 3278 3241 βασιλίδος,
3313 3173 3431 3226 οὐδὲ
3451 3171 3790 3244 1529]ἀνδρὸς,

2171 3259 2304 3312 ἀλλά
2317 3259 2563 3331 θυρωροῦ
2581 3260 2746 3331 κόρης
2767 3259 2992 3330 ἀπειλὴν
3010 3258 3199 3313 ἔδεισε·
3219 3259 3314 3314 καὶ
3330 3254 3399 3330 ἦν
3412 3258 3504 3312 τοῦ
3525 3271 3550 3299 α
3566 3257 3792 3330 προτέρου

2173 3346 2349 3418 πολλῷ
2379 3347 2771 3417 χαλεπώτερον.
2803 3347 2866 3400 Οί
2911 3348 3008 3418 μὲν
3043 3347 3151 3419 γάρ
3191 3348 3466 3412 δείσαντες
3512 3347 3693 3416 ἔφυγον
3718 3345 3792 3414 μό-

2173 3452 2293 3498 νον,
2343 3428 2496 3496 οὐτος
2548 3433 2606 3488 δέ
2655 3435 2750 3488 καὶ
2800 3434 2999 3505 πτῶμα
3040 3434 3200 3487 ἔπεσε
3249 3433 3651 3506 χαλεπώτατον,
3685 3435 3793 3501 ὅπερ

2173 3522 2407 3584 ἅπαντες
2454 3521 2660 3575 ἴσασινο
2709 3521 2894 3593 ἐπειδὴ
2938 3524 3045 3594 γὰρ
3101 3521 3390 3593 ἐγυμνώθη
3443 3523 3540 3594 τῆς
3587 3522 3790 3592 χάριτος.

2172 3609 2382 3680 ἐδείχθη
2439 3611 2533 3663 καὶ
2578 3611 2610 3680 ἠ
2663 3608 2851 3664 τούτου
2888 3609 3159 3675 ἀσθένεια,
3200 3611 3383 3681 ἐρήμη
3440 3609 3685 3680 γενομένη
3716 3609 3793 3675 τῆς

2172 3697 2266 3750 τοῦ
2305 3697 2438 3750 Θεοῦ
2470 3697 2806 3768 κηδεμονίας.
2843 3698 3043 3768 ’Δφῆκε
3092 3698 3149 3752 δὲ
3184 3701 3212 3752 6
3248 3698 3382 3761 Θεὸς
3417 3697 3572 3751 αὐτὸν
3619 3697 3790 3757 πεσεῖν,

2175 3785 2358 3857 ἐπειδή
2388 3785 2482 3840 καὶ
2513 3786 2696 3839 τοῦτον
2733 3785 2952 3856 ἔμελλεν
2993 3785 3228 3857 ἄρχοντα
3260 3789 3437 3840 ποιεῖν
3457 3785 3552 3856 τῆς
3577 3781 3792 3851 οίκουμέ⁴

2175 3890 2270 3944 νης
2303 3873 2519 3942 ἁπάσης
2540 3891 2553 3905 ο
2602 3874 2686 3926 ἵνα
2711 3873 2819 3927 τῶν
2857 3874 3069 3927 οἰκείων
3117 3874 3649 3945 ἀναμιμνησκόμενος
3677 3888 3792 3923 πτω-

2178 3961 2381 4032 μάτων,
2412 3961 2522 4014 τῶν
2581 3960 2780 4030 ἐφεξῆς
2816 3961 3112 4032 γινομένων
3159 3961 3504 4032 συγγινώσκη
3543 3964 3643 4022 τοῖς
3683 3959 3790 4010 ὐπο-

2177 4047 2596 4120 σκελιζομένοις.
2642 4046 2745 4102 Καὶ
2803 4049 2884 4102 ὅτι
2950 4049 3009 4101 οὐ
3072 4051 3376 4119 στοχασμὸς
3421 4048 3488 4102 τά
3537 4045 3788 4118 εἰρημένα.

2175 4137 2405 4190 ἄκουσον
2440 4135 2600 4190 αὐτοῦ
2632 4135 2876 4204 λέγοντος
2909 4133 3004 4188 τοῦ
3053 4135 3284 4206 Χριστοῦ
3306 4153 3321 4166 ο
3373 4135 3580 4204 Σίμων,
3609 4133 3787 4200 Σίμων.

2175 4226 2432 4292 ποσάκις
2473 4224 2761 4292 ἐζήτησεν
2811 4226 2843 4278 ό
2889 4221 3156 4289 Σατανᾶς
3204 4223 3473 4277 σινιάσαι
3515 4239 3584 4274 σε
3611 4221 3680 4285 ὡς
3707 4217 3790 4269 τὸν

2174 4312 2381 4366 σῖτονο
2413 4312 2574 4382 κάγὼ
2615 4310 2868 4380 ἐδεήθην
2911 4309 3043 4379 περὶ
3093 4310 3230 4374 σοῦ,
3273 4311 3374 4363 ἵνα
3418 4309 3496 4378 μὴ
3532 4308 3723 4371 ἐκλίπῃ
3758 4305 3787 4367 ἡ

2177 4401 2378 4467 πίστις
2405 4417 2539 4455 σου.
2565 4400 2670 4454 Καὶ
2695 4401 2774 4454 σύ
2803 4416 2947 4454 ποτε
2977 4397 3363 4466 ἐπιστρέψας,
3387 4397 3655 4465 στήριξον
3681 4390 3788 4452 τοὺς

2175 4487 2475 4558 ἀδελφούς
2507 4505 2643 4542 σου.
2670 4485 2885 4558 Ταύτην
2921 4504 3008 4557 μοι
3037 4485 3124 4550 δὸς
3153 4486 3249 4557 τὴν
3279 4485 3526 4555 ἀμοιϐὴν,
3550 4482 3684 4552 φησὶ,
3712 4479 3787 4544 τῆς

2176 4575 2304 4646 περὶ
2344 4575 2402 4629 σέ
2436 4575 2714 4646 βοηθείας·
2752 4576 2800 4628 εί
2833 4573 2939 4644 γὰρ
2972 4573 3045 4644 μή
3090 4573 3190 4642 τῆς
3237 4574 3376 4644 ἐμῆς
3406 4572 3654 4631 ἀπέλαυες
3685 4581 3788 4633 προ·

2176 4661 2343 4726 νοίας,
2366 4661 2466 4715 οὐκ
2501 4660 2566 4714 ἂν
2596 4661 2832 4733 ἦρκεσας
2866 4660 2985 4716 καθ’
3016 4661 3202 4714 ἐαυτὸν
3233 4661 3470 4729 ἐνεγκεῖν
3509 4655 3692 4709 ἐκείνου
3710 4651 3785 4718 τὴν

2177 4748 2382 4818 ἔφοδον.
2436 4747 2660 4803 Ἑννοῶν
2713 4748 2888 4803 τοίνυν
2940 4749 3010 4802 τά
3056 4747 3141 4808 ai.
3186 4748 3336 4817 γίνου
3382 4747 3475 4802 καὶ
3517 4745 3617 4806 τοῖς
3643 4741 3786 4799 ἄλλοις

2180 4837 2615 4906 συγγνωμονικός
2633 4853 2648 4867 ⁸
2687 4835 2750 4889 τὺ
2775 4836 2902 4907 γὰρ.
2931 4835 3232 4904 Στήριξον,
3259 4834 3415 4889 τοῦτό
3444 4836 3579 4887 ἐστιν
3602 4831 3784 4882 αἰνιττο-

2182 4924 2373 4995 μένουο
2422 4925 2546 4988 τοὺς
2602 4924 2988 4993 σαλευομένους
3050 4923 3296 4995 στηριξον
3362 4917 3781 4990 συγκαταϐαίνων.

2179 5013 2337 5083 χεῖρα
2379 5011 2609 5081 ὀρέγων,
2671 5010 3077 5083 φιλανθρωπίαν
3135 5009 3559 5080 ἐπιδεικνύμενος
3606 5000 3779 5070 πολλήνο

2179 5099 2288 5153 Καὶ
2317 5099 2346 5152 ὀ
2378 5097 2587 5162 Παῦλος
2613 5099 2641 5152 6
2669 5098 2877 5161 λέοντος
2915 5099 3111 5162 παντὸς
3144 5096 3466 5170 θρασύτερος
3495 5095 3586 5158 ὢν,
3616 5093 3644 5163 ἠ
3671 5091 3780 5142 ἀκα-

2179 5185 2485 5257 τάπληκτος
2514 5184 2680 5256 ψυχὴ,
2721 5185 2780 5238 τὸ
2818 5186 2947 5240 αὐτὸ
2981 5185 3138 5238 τοῦτο
3185 5184 3371 5240 ἔπαθε.
3420 5183 3524 5236 Καὶ⁸
3565 5181 3653 5249 ὅρα
3691 5172 3780 5232 πῶς

2178 5273 2448 5327 δείκνυσιν
2492 5273 2682 5328 ἑαυτὸν
2739 5272 2974 5344 συνεχῶς
3013 5273 3264 5343 δεόμενον
3301 5273 3408 5327 τῶν
3449 5273 3540 5341 τῆς
3580 5276 3779 5319 ταπεινο-

2181 5359 2450 5438 φροσύνης
2493 5360 2835 5431 φαρμάκωνο
2880 5360 3179 5430 Κορινθίοις
3220 5361 3328 5430 γὰρ
3377 5354 3670 5439 ἐπιστέλλων
3697 5363 3778 5439 φη-

2183 5446 2298 5500 σίν·
2334 5436 2416 5500 Οὐ
2465 5444 2615 5501 θέλω
2635 5446 2702 5498 δὲ
2728 5445 2882 5516 ὑμᾶς
2924 5445 3182 5516 ἀγνοεῖν,
3229 5442 3489 5513 ἀδελφοί,
3537 5436 3650 5505 περὶ
3694 5436 3777 5495 τῆς

2180 5533 2440 5600 θλίψεως
2486 5531 2655 5602 ἡμῶν
2699 5532 2809 5602 τῆς
2865 5534 3191 5604 γενομένης
3239 5532 3378 5602 ἡμῖν
3418 5531 3483 5584 ἐν
3525 5524 3591 5594 τῇ
3633 5520 3775 5582 Ἄσίίιν

2182 5617 2269 5671 ὅτι
2319 5619 2446 5673 καθ’
2503 5621 2848 5690 ὑπερϐολὴν
2913 5621 3280 5691 ἐϐαρήθημεν
3352 5616 3494 5684 ὑπὲρ
3537 5612 3771 5676 ὃύναί¹⁰”

2183 5707 2318 5760 ἀλλ’
2355 5707 2521 5762 αὐτοὶ
2567 5707 2637 5761 ἐν
2686 5708 2915 5774 ἑαυτοῖς
2962 5709 3024 5762 τὸ
3078 5709 3368 5776 ἀπόκριμα
3424 5701 3520 5757 τοῦ
3566 5695 3771 5755 θανάτου

2244 5898 2266 5925 ⁴¹
2297 5895 2474 5947 Melius
2496 5895 2792 5946 scriberetur
2814 5896 2968 5947 τοῦτο.
