3892 6402
254 315 321 370 465
714 299 725 353 l
763 298 1057 367 ll0.\llLlA,
1096 299 1283 370 QUOD
1321 296 1785 365 FllEQUENTEfl
1820 294 2361 361 CONVENIENDUM
2398 305 2527 375 Si'l',
2571 308 2721 366 ETC.

251 423 439 490 confugere
464 421 573 485 potes
596 433 606 469 :
629 429 716 468 nam
740 423 791 469 et
818 414 911 470 ille
939 429 1139 484 pauper
1160 422 1301 479 erat,
1330 412 1602 467 omnium-

243 533 311 586 que
329 508 523 567 hominum
545 506 839 576 pauperrimus
871 521 885 558 :
914 506 970 560 in
999 508 1215 560 deserto
1242 503 1545 568 habitabat,
1578 517 1609 557 a

240 604 437 677 iunioribus
461 609 501 655 et
519 614 541 653 a
562 600 684 669 patria
711 599 946 669 ignobilis
967 640 981 662 ,
1013 613 1220 652 necnon
1254 599 1321 651 ab
1346 596 1468 651 aliis
1488 609 1611 650 om-

232 699 353 754 nibus.
388 697 569 747 Altamen
606 690 673 746 ille
707 691 814 761 plus
851 705 1012 760 quam
1046 690 1127 745 sol
1168 688 1385 753 etiulsit,
1427 696 1483 744 et
1517 687 1612 742 illo

230 799 398 855 tempore
428 791 468 837 et
502 796 609 837 nunc
642 796 839 851 qunque,
884 789 940 836 et
980 789 1232 851 quantam
1274 780 1355 834 sol
1396 779 1613 848 respicit

222 893 379 939 terram.
404 884 557 930 tantam
581 875 668 943 ejus
682 874 829 944 gloria
863 874 1121 943 pervadit,
1142 872 1351 928 etiamsi
1382 880 1506 926 ante
1535 879 1613 925 tot

218 969 354 1026 sucula
377 966 577 1021 exstiterit
592 982 603 1029 ;
618 965 689 1020 sed
704 975 894 1019 tantum
926 976 1135 1034 tempus
1154 964 1271 1034 ejus
1295 963 1609 1018 memoriam

210 1078 287 1116 non
304 1056 528 1121 exsriuxit;
550 1057 697 1126 etjure
720 1057 906 1111 merito
930 1055 1166 1127 quidem.
1209 1054 1356 1109 Talis
1382 1068 1611 1124 namque

206 1169 266 1207 res
290 1159 352 1206 est
373 1152 530 1214 virtus,
553 1148 810 1204 inrmortalis
828 1190 844 1215 ,
874 1164 994 1219 quae
1022 1148 1139 1218 plus
1155 1161 1319 1216 quam
1340 1145 1419 1201 sol
1461 1144 1613 1200 etfui—

197 1253 302 1314 gont.
337 1239 519 1305 Verum,
559 1248 603 1295 ut
642 1240 728 1310 jam
786 1239 891 1294 dixi
938 1240 1161 1309 (neque
1203 1239 1343 1293 enim
1399 1234 1613 1308 oportet

3193 322 3302 378 466

1724 411 1866 467 modi
1900 415 2279 483 insurrexemt,
2321 421 2413 489 qui
2456 422 2643 478 callum
2689 426 2951 484 clauserat
2987 440 3041 486 et
3066 448 3298 503 aperue-

1718 511 1833 571 rat,
1858 506 1949 573 qui
2006 520 2149 560 nunc
2191 509 2456 577 pluviam,
2489 529 2629 571 nunc
2666 515 2932 574 flammam
2979 520 3297 593 deduxerat,

1716 596 1805 666 qui
1843 605 2049 650 natura:
2082 603 2430 657 necessitates
2466 608 2909 678 conculcaverat,
2952 616 3041 683 qui
3086 620 3299 675 concuti

1718 703 1826 742 non
1864 699 2106 760 poterat,
2149 701 2204 746 et
2242 693 2440 762 ubique
2484 698 2790 754 confidebat
2832 719 2847 756 :
2897 701 2984 759 hic
3029 718 3298 776 repente,

1719 789 1837 850 post
1867 790 1944 834 tot
1972 782 2230 849 pneclare
2256 795 2405 853 gesta
2425 824 2441 849 ,
2472 798 2588 853 post
2618 798 2816 845 tantam
2842 794 3111 862 fiduciam,
3140 804 3300 857 unius

1719 873 2016 929 fornicariae
2056 876 2245 944 puellae
2290 879 2489 944 minas,
2546 885 2712 939 verbo
2769 896 2974 945 tantum
3023 895 3296 963 prolatas,

1719 981 1823 1019 non
1854 967 2003 1030 tulit,
2045 970 2138 1023 sed
2173 971 2423 1041 profugus
2446 985 2499 1029 et
2525 977 2677 1031 exsul
2706 980 2942 1036 efficitur
2962 1024 2978 1049 ,
3011 986 3075 1039 ad
3108 988 3297 1042 descr-

1721 1067 1829 1111 tum
1866 1058 2138 1129 confugit,
2180 1072 2235 1116 et
2281 1065 2629 1136 quadraginta
2673 1070 2881 1127 dierrrm
2923 1072 3028 1129 iter
3073 1080 3297 1133 recedit.

1717 1152 1973 1220 Quaenam
2021 1154 2179 1224 igitur
2223 1157 2378 1227 lmjus
2422 1162 2497 1214 rei
2547 1178 2707 1218 causa
2761 1167 2888 1221 est?
2940 1169 3078 1224 Deus
3130 1175 3297 1239 gratia

1718 1257 1811 1298 sua
1850 1244 2068 1300 nudavit
2109 1247 2278 1312 illum,
2305 1258 2359 1304 et
2401 1260 2522 1306 tunc
2551 1257 2796 1324 apparuit
2830 1267 3031 1314 natura:
3078 1262 3299 1316 infirmi-

195 1351 280 1398 rros,
308 1335 350 1388 in
385 1333 602 1403 prophetae
638 1334 819 1387 laudum
869 1334 1085 1403 pelagus
1126 1332 1351 1394 delatos,
1387 1332 1610 1385 instituti
1650 1342 1802 1409 ..ωε
1833 1352 1847 1389 :
1878 1346 2274 1393 monstraverat
2303 1340 2443 1396 Deus
2477 1345 2792 1413 prophetam
2815 1388 2828 1409 ,
2882 1352 3199 1406 monstravit
3245 1364 3303 1408 et

189 1426 415 1497 argumenti
438 1425 665 1494 oblivisci).
689 1426 761 1478 hic
786 1442 996 1495 quoque
1022 1425 1108 1478 illa
1138 1424 1372 1488 exhrbet,
1397 1438 1515 1493 quae
1543 1423 1613 1478 de

182 1520 320 1591 Moyse
338 1519 454 1572 dicta
474 1522 588 1572 su'nt.
613 1519 717 1586 Quia
741 1519 884 1573 enim
907 1518 1194 1573 verisimile
1217 1526 1331 1571 erat
1354 1518 1523 1584 illum,
1545 1531 1609 1569 ex

175 1612 378 1680 praeclare
398 1611 533 1679 gestis
554 1611 732 1673 elatum,
766 1624 867 1663 no.r
909 1609 1193 1663 admodum
1235 1624 1458 1678 pronum
1501 1610 1613 1663 fore

169 1702 219 1758 ad
243 1702 414 1755 veniam
455 1701 625 1757 caneris
660 1701 1074 1767 concedendam;
1120 1701 1241 1756 vide
1290 1700 1413 1772 quid
1455 1698 1611 1754 faciat

168 1796 271 1845 Inus
291 1807 304 1845 :
328 1792 541 1860 permittit
562 1793 684 1847 illurn
706 1794 863 1863 gratia
890 1807 986 1847 sua
1017 1793 1226 1859 nudari,
1252 1802 1307 1846 ut
1330 1792 1613 1847 infirmita-

162 1897 235 1936 Lettt
272 1883 373 1951 ejus
414 1884 749 1939 ostendat:irno
790 1900 916 1939 vero
960 1900 991 1939 e
1030 1900 1088 1939 re
1118 1884 1312 1949 fuerit,
1336 1892 1394 1938 ut
1440 1884 1613 1953 primo

165 1974 439 2029 rstendarnus
459 1976 682 2046 quomodo
708 1991 806 2031 non
836 1987 975 2032 esset
996 1977 1063 2031 ad
1083 1977 1290 2032 veniam
1313 1976 1615 2031 conceden-

164 2072 235 2119 ‘anr
260 2080 458 2135 pronus.
485 2066 723 2137 Postquam
747 2069 890 2123 enim
920 2068 1187 2123 clauserat
1204 2068 1414 2131 caelum,
1433 2076 1487 2123 et
1508 2075 1615 2121 ter-

164 2176 225 2213 rm
252 2159 593 2215 infructuosam
619 2161 924 2224 reddiderat,
949 2156 1222 2231 famesque
1241 2169 1390 2225 erat;
1422 2160 1609 2227 fames,

167 2268 325 2321 quant,
370 2255 583 2306 omnium
623 2255 977 2319 acerbissima;
1024 2260 1083 2308 et
1124 2269 1276 2323 aqua:
1318 2254 1614 2322 absumpta-

164 2353 271 2409 aut,
300 2348 543 2400 exsiccata
572 2345 734 2413 herba,
763 2346 978 2401 ﬂumina
1008 2345 1338 2412 defecerant,
1365 2346 1611 2401 horrida-

163 2454 190 2491 e
215 2445 323 2491 erat
365 2445 511 2492 terra:
552 2439 712 2506 facies,
746 2450 970 2494 mortem
1020 2440 1303 2504 minitans;
1338 2438 1610 2508 famesque

167 2529 300 2583 crius
343 2528 620 2596 procedens
661 2530 939 2598 smviebat,
971 2531 1321 2585 miserrimam
1355 2530 1612 2585 inducens

163 2630 524 2690 rtem:neque
546 2621 614 2675 sic
651 2621 734 2676 ille
780 2621 1004 2677 inflexus
1033 2632 1149 2701 est;
1182 2622 1275 2676 scd
1333 2622 1517 2677 abiens
1560 2623 1611 2676 in

161 2715 253 2766 ntis
272 2714 547 2768 cacumine
564 2713 729 2768 sedem
758 2716 966 2783 posuit,
985 2730 1105 2770 cum
1131 2715 1408 2770 Judaicum
1440 2730 1611 2786 popu-

162 2806 240 2859 uin
267 2815 375 2859 tam
409 2820 605 2875 gravem
622 2806 966 2861 calamitatem
990 2817 1043 2862 et
1068 2806 1243 2861 tabem
1269 2807 1606 2877 conjeciSset.

181 2898 453 2967 benignus
479 2897 627 2962 Deus,
646 2909 694 2952 et
712 2897 991 2953 ineffabilis
1018 2898 1236 2968 ejusque
1252 2898 1483 2961 bonitas,
1504 2907 1612 2952 tan-

185 2989 538 3044 severilatem
577 3003 676 3043 non
716 2990 862 3054 tulit;
892 2989 987 3044 sed
1031 2990 1281 3058 qrroniam
1316 2989 1408 3043 ille
1438 2989 1611 3059 ipsum

162 3082 238 3135 ari
280 3083 509 3136 nolebat
550 3091 602 3136 ut
625 3083 977 3138 calamitatem
998 3083 1253 3148 auferret,
1279 3096 1401 3137 curn
1432 3092 1611 3136 tamen

170 3176 321 3228 tsirre
352 3175 451 3229 illo
480 3173 528 3228 id
560 3174 809 3243 perficere
837 3174 1034 3238 nollet;
1077 3173 1198 3229 vide
1248 3173 1374 3244 quid
1418 3176 1610 3228 factrrur

165 3267 328 3319 tt‘illlO
354 3280 482 3318 cum
512 3264 600 3318 illo
627 3281 736 3319 rem
763 3266 1141 3329 communicat,
1161 3274 1213 3319 et
1238 3273 1365 3319 tunc
1385 3265 1613 3334 pluviam

178 3399 191 3410 .
226 3356 427 3411 Viden’
458 3356 510 3411 in
540 3356 640 3412 huc
658 3359 817 3412 etianr
842 3359 929 3412 Dei
960 3358 1336 3428 benignitatem
1355 3340 1406 3412 et
1426 3358 1615 3413 burna-

166 3465 246 3511 nr,
277 3457 458 3515 atque
500 3449 757 3502 honorem
788 3463 894 3518 quo
940 3458 1180 3503 sanctum
1211 3450 1380 3502 virum
1423 3464 1609 3518 prose-

170 3541 308 3592 tur?
336 3537 536 3606 Neque
582 3539 725 3592 enim
775 3540 923 3607 prius
966 3539 1164 3593 imbres
1205 3539 1417 3604 emisit,
1450 3554 1607 3608 quam

174 3641 343 3687 esset
407 3631 726 3702 alloquutus
754 3640 808 3686 et
836 3632 959 3702 quid
1004 3631 1240 3686 futurum
1278 3639 1422 3687 esset
1448 3632 1616 3687 dixis-

169 3734 469 3792 rturaeque
513 3722 665 3776 illum
697 3723 843 3777 misit
882 3737 1062 3778 rerum
1102 3722 1440 3777 abundantia:
1472 3739 1612 3794 pra:-

165 3818 375 3883 .Quia
435 3816 585 3870 enirn
646 3831 747 3885 per
790 3831 911 3870 eum
958 3817 1130 3872 tristia
1179 3827 1489 3882 evenerant,
1517 3833 1607 3872 vo-

172 3929 256 3964 mr
295 3912 594 3965 bonorum
630 3909 986 3978 laetorumque
1012 3912 1253 3963 nuntium
1286 3924 1427 3973 esse,
1451 3918 1611 3975 alqrre

175 4011 243 4055 te
311 4000 599 4054 eductum
651 3999 805 4053 illum
836 4000 979 4054 misit
1009 4001 1096 4071 qui
1131 4001 1325 4071 ubique
1357 4000 1605 4055 imbrium

168 4111 244 4147 :m
282 4105 349 4148 et
380 4101 745 4147 cessaturam
776 4108 896 4148 esse
925 4094 1116 4148 famem
1147 4094 1476 4163 praediceret.
1513 4096 1609 4148 At—

172 4204 287 4241 um
335 4185 585 4240 tandem
615 4186 803 4257 pluvia
832 4185 1140 4249 decidisset,
1173 4196 1225 4239 et
1254 4185 1399 4240 brevi
1431 4202 1607 4240 rerum

194 4278 400 4346 copia
433 4278 687 4333 advecta
733 4276 960 4343 fuisset,
1000 4288 1351 4349 congregatos
1393 4280 1483 4334 ille
1523 4294 1610 4334 sa-

195 4369 432 4423 Baalis
468 4383 726 4422 numero
754 4368 1193 4439 quadringentos,
1219 4370 1329 4424 imo
1349 4371 1606 4440 quadrin-

166 4476 176 4516 -ι
219 4461 565 4532 octoginta
624 4461 939 4534 jugulavit,
968 4474 1019 4518 et
1042 4464 1313 4535 sanguinis
1344 4474 1609 4521 torrentes

166 4646 200 4699 ιν]
247 4645 414 4698 haec
449 4642 528 4696 ad
569 4643 900 4698 institutunr
931 4646 1213 4700 nostrum?
1241 4645 1606 4719 Neturheris,

212 4737 319 4792 ad
363 4737 575 4805 ipsam
616 4737 904 4791 dictorum
928 4754 1192 4795 summam
1218 4740 1327 4809 jarrr
1353 4757 1602 4814 propero.

196 4830 407 4885 enim
467 4828 799 4883 ﬂammam
848 4831 988 4884 illam
1046 4845 1078 4886 e
1132 4831 1267 4886 caelo
1320 4833 1505 4897 duxit,
1550 4844 1606 4891 ct

162 4920 608 4989 reportavit,
627 4920 1100 4991 splendidumque
1126 4935 1383 4992 tropaeum
1408 4927 1600 4989 erexit,

166 5022 358 5063 rtum
397 5009 662 5064 eandem
701 5011 974 5078 patravit,
1004 5012 1134 5067 abiit
1177 5014 1414 5081 gaudens
1442 5028 1493 5069 et
1537 5016 1605 5072 de

168 5101 410 5155 niﬁce
449 5102 784 5156 sentiens.
820 5103 960 5157 Misit
990 5104 1056 5157 ad
1085 5105 1231 5158 illum
1262 5122 1397 5161 uxor
1426 5107 1603 5161 Acba-

163 5193 443 5247 tricuta
506 5192 676 5246 vilis
715 5205 782 5249 et
826 5196 1158 5263 spernenda,
1208 5196 1394 5254 dicens
1427 5216 1439 5251 :
1474 5199 1603 5256 [lac

168 5289 188 5338 i
244 5286 362 5338 dii
392 5326 417 5351 ,
453 5296 517 5339 et
557 5286 708 5342 lues
760 5287 992 5354 addant,
1019 5290 1066 5343 at“
1102 5307 1203 5344 non
1243 5307 1458 5360 posuero
1486 5310 1601 5348 cras

168 5393 321 5428 an;
386 5376 572 5429 sicut
650 5392 838 5431 unum
886 5394 949 5434 ex
999 5379 1077 5433 Iris
1119 5382 1481 5437 sacerdotibus.
1531 5384 1599 5438 Et

167 5480 233 5520 ει
289 5468 483 5537 fugit
522 5468 709 5522 viam
754 5469 1100 5540 quadraginta
1130 5471 1324 5527 dierum
1353 5475 1430 5543 (ὅ.
1463 5475 1599 5546 llcg.

170 5560 347 5613 .uiat
385 5575 573 5631 ergo
602 5561 637 5614 ?
697 5563 890 5614 anima
940 5562 1028 5616 illa
1054 5563 1243 5618 crelum
1286 5565 1554 5635 attingens
1578 5608 1593 5632 .

217 5651 610 5705 usrmdmn
645 5652 1025 5720 despiciebat,
1050 5655 1137 5723 qui
1168 5654 1362 5717 firmem
1395 5666 1592 5711 tantam

197 5755 229 5799 ι
272 5785 299 5811 ,
374 5744 505 5815 qui
569 5755 810 5799 cnntra
861 5761 1042 5816 regem
1072 5757 1357 5819 tyrannum
1406 5750 1594 5819 hujus.

1718 1427 1991 1485 hominem
2017 1470 2032 1494 ,
2085 1440 2142 1484 ut
2167 1432 2437 1489 discerent
2466 1449 2528 1489 ea
2555 1451 2676 1506 quae
2718 1450 2843 1493 tunc
2866 1450 3013 1509 gesta
3051 1441 3297 1510 fuerant,

1717 1520 1909 1590 gratia:
1959 1535 2095 1592 Opus
2127 1522 2313 1579 fuisse.
2366 1526 2490 1581 Haec
2545 1544 2707 1596 porro
2744 1530 3002 1599 faciebat,
3054 1544 3114 1591 ut
3150 1537 3298 1593 illum

1717 1611 1783 1665 ad
1830 1612 2040 1667 veniam
2103 1617 2314 1670 caeteris
2374 1620 2773 1676 concedendam
2815 1638 3043 1694 pronum
3098 1629 3297 1685 redde-

1718 1712 1822 1767 ret,
1844 1715 2003 1775 utque
2020 1711 2378 1778 arrogantiam
2402 1726 2465 1765 ex
2495 1715 2749 1781 praeclare
2767 1717 2934 1786 gesris
2962 1728 3164 1788 partam
3184 1738 3301 1777 suc-

1718 1796 1918 1853 cideret
1939 1809 1992 1853 et
2006 1799 2303 1857 cohiberet.
2334 1804 2485 1870 Quod
2511 1814 2687 1861 autem
2727 1824 2975 1878 magnum
3023 1813 3296 1883 quidpiam

1717 1886 1784 1943 de
1810 1903 1870 1943 se
1897 1891 2120 1945 sentiret
2145 1900 2199 1946 et
2229 1891 2609 1963 iuraginaretur
2631 1937 2647 1962 ,
2675 1897 2925 1969 quodque
2954 1912 3138 1957 contra
3165 1904 3301 1960 alios

1717 1981 2258 2051 omnesinsurgeret;
2289 1984 2438 2038 illum
2468 1985 2640 2055 ipsum
2664 1989 2741 2043 rei
2775 1998 2963 2045 testem
2992 1992 3145 2047 vobis
3174 2012 3298 2063 pro-

1718 2067 1906 2124 feram.
1939 2073 2070 2127 Cum
2101 2075 2243 2128 enim
2286 2076 2423 2130 Deus
2454 2077 2625 2147 ipsum
2652 2079 2822 2145 adiit,
2863 2089 2919 2136 et
2946 2082 3299 2154 interrogavit

1717 2177 1814 2217 cur
1841 2164 1943 2217 isto
1967 2165 2019 2219 in
2048 2165 2168 2220 loco
2194 2175 2516 2234 versaretur,
2546 2170 2731 2224 dicens
2764 2188 2777 2226 :
2812 2172 2947 2239 Quid
2974 2175 3060 2227 tibi
3082 2177 3162 2229 hic
3188 2188 3259 2229 est
3282 2218 3298 2241 ,

1717 2270 1747 2307 o
1793 2253 1910 2308 Elia
1945 2256 2002 2328 (ὅ
2027 2256 2156 2326 Reg.
2179 2257 2266 2312 19.
2301 2258 2394 2327 15)
2415 2260 2439 2309 ν
2468 2260 2592 2315 illud
2622 2274 2769 2325 vero,
2799 2262 2935 2328 Quid
2962 2264 3046 2317 tibi
3074 2266 3154 2318 hic
3186 2268 3301 2320 est?

1720 2346 2084 2417 interrogavit,
2133 2364 2240 2403 non
2295 2359 2353 2403 ut
2392 2352 2506 2421 ipse
2550 2353 2816 2421 disceret,
2865 2356 2958 2409 sed
3000 2365 3057 2410 ut
3104 2372 3298 2412 arcana

1718 2441 1913 2495 mentis
1960 2441 2127 2512 ipsius
2172 2443 2329 2498 nobis
2376 2445 2670 2512 revelaret;
2715 2461 2835 2501 nam
2864 2448 3024 2503 etiam
3051 2447 3300 2505 Christus
3346 2510 3355 2515 ,

1716 2546 1839 2586 cum
1873 2532 2229 2588 Chananzeam
2278 2536 2655 2607 interrogavit.
2712 2554 2818 2594 non
2877 2540 2926 2595 id
2977 2541 3102 2596 fecit
3129 2550 3187 2597 ut
3213 2543 3295 2598 di-

1718 2632 1915 2686 sceret,
1961 2624 2055 2679 sed
2083 2633 2139 2679 ut
2167 2625 2288 2681 fidei
2321 2628 2633 2683 thesaurum
2661 2632 2714 2684 in
2747 2632 2856 2700 ipsa
2885 2634 3176 2702 repositum
3203 2649 3301 2689 nos

1717 2713 1934 2770 doceret
1984 2732 1999 2769 :
2046 2715 2339 2787 interrogat
2402 2719 2560 2789 igitur
2617 2721 2764 2776 illum
2808 2739 2905 2777 cur
2944 2732 3146 2778 tantum
3200 2725 3302 2780 iter

1717 2807 2043 2875 susceperit,
2091 2822 2155 2862 ae
2196 2809 2395 2864 relictis
2431 2812 2653 2866 urbibus
2680 2822 2735 2868 ct
2775 2815 2985 2883 populis
3027 2815 3296 2870 desertum

1682 2910 1685 2913 '
1716 2896 1999 2967 delegerit,
2046 2914 2151 2952 non
2194 2911 2251 2953 ut
2282 2901 2395 2971 ipse
2435 2902 2666 2958 disceret
2693 2921 2707 2957 :
2736 2906 3004 2975 quurnudo
3032 2909 3173 2962 enim
3209 2908 3298 2978 qui

1716 2988 1895 3043 omnia
1941 2989 2178 3043 sciebat?
2227 2990 2322 3045 sed
2365 3001 2421 3046 ut
2452 3009 2549 3047 nos
2592 2994 2810 3050 doceret
2854 3012 2951 3066 per
2995 3000 3304 3068 responsio-

1720 3096 1840 3136 nem
1869 3080 1986 3151 ejus
2011 3091 2216 3137 secreta
2246 3084 2439 3139 mentis
2470 3085 2653 3155 ipsius,
2683 3097 2736 3142 et
2764 3088 2903 3157 quod
2930 3088 3043 3157 ipse
3075 3100 3131 3143 ut
3172 3106 3298 3160 per-

1721 3172 2035 3226 terrefactus
2086 3174 2138 3227 in
2191 3173 2535 3231 formidinem
2582 3177 2876 3243 incideret;
2937 3180 3297 3249 permisisset,

1718 3276 1825 3315 non
1855 3262 2182 3331 impulisset;
2232 3266 2604 3331 concessisset,
2653 3284 2824 3338 neque
2871 3281 3122 3339 cperatus
3171 3271 3303 3325 fuis-

1716 3362 1820 3421 set,
1855 3355 1949 3410 sed
1981 3355 2232 3411 nudasset
2262 3357 2409 3412 illum
2439 3360 2605 3428 gratia
2638 3369 2840 3415 tantum
2871 3402 2888 3428 ,
2918 3372 2972 3416 et
3002 3362 3092 3416 ille
3121 3364 3297 3417 victus

1717 3458 1862 3503 esset
1892 3466 1905 3502 :
1934 3465 2056 3504 cum
2098 3465 2230 3520 ergo
2273 3450 2528 3517 dixisset,
2566 3452 2703 3519 Quid
2732 3454 2821 3507 tibi
2846 3454 2927 3508 hic
2952 3497 2967 3521 ,
2999 3454 3157 3508 Elia?
3196 3472 3297 3509 au-

1716 3539 1930 3595 diamus
1966 3540 2092 3610 quid
2136 3542 2224 3596 ille
2264 3541 2501 3597 dixerit:
2558 3543 2755 3597 Aftaria
2798 3553 2884 3598 tua
2923 3546 3221 3610 diruerant,
3255 3556 3304 3600 et

1719 3630 1990 3699 prophetas
2021 3640 2133 3685 tuo:
2161 3631 2492 3696 occiderunt;
2520 3642 2565 3686 et
2593 3650 2685 3705 ego
2711 3635 2914 3688 relictus
2942 3652 3055 3690 sum
3083 3636 3220 3689 solus
3247 3646 3299 3689 et

1716 3732 1945 3792 quaerunt
1972 3723 2197 3777 animam
2222 3740 2385 3778 meam
2416 3724 2492 3796 (ὅ.
2525 3723 2652 3796 Reg.
2684 3725 2771 3780 i9.
2798 3724 2909 3795 Η).
2945 3724 3130 3781 Viden'
3149 3725 3292 3797 quod

1715 3829 1906 3868 omnes
1946 3814 2172 3885 periisse
2210 3826 2453 3885 putaret,
2496 3828 2551 3872 et
2578 3831 2638 3871 se
2678 3817 2852 3871 solum
2880 3833 3163 3887 superesse
3188 3860 3201 3884 ,
3231 3835 3301 3876 ac

1718 3916 1837 3975 post
1878 3907 2024 3959 illum
2079 3907 2278 3962 mrllum
2309 3923 2431 3964 esse
2474 3908 2678 3962 alium?
2727 3909 2867 3978 quod
2913 3908 3063 3963 illum
3106 3912 3156 3964 in
3207 3925 3296 3964 ar-

1718 3999 2010 4068 rogantiam
2070 3998 2338 4054 deducere
2392 4000 2642 4071 paulatim
2715 4010 2942 4070 poterat.
3064 3998 3297 4069 Ideoque

1721 4090 1878 4154 Deus,
1910 4098 1968 4144 ut
1992 4089 2130 4143 banc
2161 4089 2345 4144 falsam
2374 4090 2491 4160 ejus
2515 4091 2825 4161 opinioacm
2854 4101 3151 4154 amoveret,
3180 4092 3254 4145 ait
3280 4108 3295 4143 :

1719 4183 1921 4251 Reliqui
1944 4183 2069 4237 mihi
2098 4193 2284 4252 septem
2308 4184 2466 4238 millia
2489 4184 2832 4254 virorum,qui
2857 4201 2987 4255 genu
3007 4201 3108 4238 non
3134 4186 3294 4254 ﬂexe-

1715 4283 1833 4328 runt
1874 4284 1989 4328 ante
2015 4273 2149 4328 Batti
2178 4273 2340 4341 (Ibid.
2373 4290 2421 4330 υ.
2469 4273 2579 4347 18).
2623 4276 2884 4341 Quoniam
2932 4276 3093 4346 igitur
3133 4276 3297 4330 etiam

1715 4365 1928 4435 quando
1975 4365 2271 4419 siccitatem
2326 4365 2656 4431 induxerat,
2709 4366 2823 4436 ipse
2880 4368 3189 4436 perstiterat
3241 4375 3296 4419 ut

1716 4456 1994 4526 castigatio
2035 4456 2124 4511 illa
2153 4467 2474 4527 augeretur,
2507 4467 2563 4513 et
2594 4470 2773 4527 postea
2815 4457 2883 4513 de
2912 4459 3090 4527 seipse
3131 4460 3295 4513 altum

1714 4550 1987 4621 sapiebat,
2041 4565 2105 4604 ac
2144 4550 2188 4605 si
2234 4552 2382 4605 solus
2420 4561 2565 4605 esset
2600 4552 2654 4605 in
2707 4560 2847 4605 terra
2894 4552 3025 4604 tanti
3070 4552 3244 4605 meriti
3281 4573 3295 4609 :

1715 4644 1958 4715 permisit
1985 4643 2123 4698 Deos
2161 4651 2219 4697 ut
2246 4643 2569 4698 infirmitatis
2595 4658 2714 4699 suae
2745 4658 2961 4698 sensum
2989 4653 3043 4698 ct
3079 4646 3295 4713 experi-

1715 4748 1951 4794 mentum
1994 4745 2246 4807 caperet,
2277 4737 2476 4791 docens
2526 4745 2657 4805 quot
2700 4746 2883 4791 essent
2929 4736 3017 4807 qui
3065 4737 3298 4791 salutem

1712 4841 2189 4901 consequerentur,
2206 4846 2297 4900 per
2326 4829 2442 4883 lracc
2468 4830 2628 4884 ambo
2670 4830 2786 4900 ejus
2831 4830 3067 4884 animum
3115 4829 3291 4900 depri-

1715 4937 1884 4986 mens,
1913 4924 2249 4991 snadensqne
2294 4932 2347 4976 ut
2381 4923 2575 4991 ubique
2625 4916 2865 4977 modeste
2903 4932 3122 4993 ageret,
3146 4933 3200 4978 et
3225 4924 3294 4979 ad

1712 5014 2091 5085 ignoscendum
2123 5014 2329 5068 caeteris
2358 5030 2556 5084 pronus
2582 5023 2748 5080 esset,
2780 5029 2845 5069 ac
2874 5014 2990 5069 zelo
3017 5027 3115 5069 suo
3145 5012 3298 5069 beni-

1711 5107 1854 5176 gnita
1864 5116 1969 5160 tem
2000 5106 2064 5159 ad
2074 5106 2340 5160 misceret.

1782 5198 1836 5255 5.
1866 5196 2013 5252 Petri
2054 5198 2249 5266 lapsus.
2279 5227 2351 5237 —
2375 5197 2526 5265 Quod
2555 5199 2598 5252 si
2622 5198 2854 5253 volueris
2879 5196 3067 5253 eadem
3095 5199 3209 5269 ipsa
3238 5200 3293 5256 in

1708 5287 1858 5343 Novo
1896 5288 2245 5345 Testamento
2290 5287 2501 5354 videre,
2548 5304 2760 5343 rursum
2790 5289 2884 5343 tibi
2929 5290 3246 5360 crrrypbzeos
3273 5331 3290 5353 ,

1710 5392 1903 5446 turres,
1936 5386 2375 5451 propugnatores,
2412 5390 2467 5437 et
2491 5383 2758 5452 principes
2785 5383 2874 5452 qui
2916 5381 3002 5437 hic
3032 5381 3289 5447 floruere,

1709 5474 1762 5528 in
1806 5472 2038 5528 medium
2086 5472 2352 5529 adducere
2406 5474 2738 5528 conabimur.
2782 5474 2933 5528 Sicut
2975 5473 3191 5544 Moysen
3234 5480 3289 5526 et

1710 5565 1880 5621 Eliam
1907 5564 2256 5630 ostendimus,
2288 5566 2366 5621 sic
2394 5566 2591 5622 Paulus
2628 5575 2683 5621 et
2711 5566 2897 5621 Pe1rus
2925 5566 2979 5619 in
3007 5565 3156 5620 Novo
3181 5564 3222 5617 Τ
3226 5579 3289 5618 ες

1706 5667 1969 5714 stantentu
1985 5668 2364 5714 monstrantur.
2381 5660 2840 5726 Quemadmodum
2852 5660 2996 5713 enim
3015 5654 3286 5715 illianrbo.

1708 5754 1842 5809 alius
1870 5751 2099 5823 [Egyptii
2147 5755 2322 5819 unius,
2376 5755 2513 5809 alius
2559 5755 2857 5811 meretricis
2907 5752 3068 5808 unius
3114 5753 3324 5807 minas.
