3892 6402
459 324 562 383 667

459 437 806 492 formidantes
858 435 911 489 in
941 431 1115 502 fugam
1145 432 1282 486 versi
1311 438 1434 484 sunt
1465 448 1476 482 :
1504 428 1583 483 sic
1610 435 1665 482 et
1694 425 1882 481 Petrus
1901 466 1916 490 ,
1944 424 2034 480 ful-

456 544 606 582 crum
658 525 805 588 illud.
856 524 1260 579 fundamentum
1308 530 1362 575 et
1403 520 1673 582 columna,
1724 526 1843 588 post
1891 515 2034 570 mille

459 621 884 689 praedicationes,
917 624 1035 686 post
1059 625 1136 668 tot
1162 612 1446 676 mirabilia,
1481 620 1603 680 post
1627 620 1826 664 tantam
1870 607 2034 678 philo-

457 712 720 779 sophiam,
747 723 850 762 non
882 708 1101 777 reginae,
1121 720 1292 774 neque
1322 704 1443 767 viri,
1471 702 1564 758 sed
1581 701 1814 756 ostiariae
1841 698 2034 768 puellae

457 803 626 855 minas
657 799 830 853 timuit
855 807 1108 866 :eratque
1132 795 1257 850 illud
1299 793 1566 864 prioribus
1611 793 1769 861 longe
1795 791 2027 860 gravius.

461 892 539 946 Illi
581 905 809 959 namque
857 889 1111 944 timentes
1159 895 1362 940 tantum
1407 885 1692 953 fugerunt;
1726 883 1812 936 hic
1853 891 2031 934 autem

453 984 771 1052 gravissimo
821 982 971 1050 lapsu
1013 979 1209 1035 cecidit
1249 978 1427 1051 (Joan.
1460 977 1547 1031 18.
1583 974 1692 1046 17).
1739 985 1795 1029 ut
1845 988 2034 1029 omnes

452 1077 660 1129 sciant:
695 1084 973 1143 postquam
997 1073 1140 1127 enim
1172 1073 1339 1140 gratia
1369 1070 1593 1124 nudatus
1622 1078 1722 1132 est,
1751 1068 2033 1123 inﬁrmitas

452 1167 570 1234 ejus
597 1165 839 1234 apparuit
864 1165 1145 1218 deserente
1161 1179 1280 1216 cum
1306 1163 1393 1216 Dei
1413 1176 1558 1215 cura.
1585 1159 1834 1215 Permisit
1851 1168 2030 1213 autem

457 1258 596 1310 Deus
626 1266 683 1310 ut
710 1257 947 1320 caderet,
974 1257 1096 1324 quia
1120 1255 1279 1309 etiam
1309 1253 1458 1306 illum
1482 1252 1642 1305 totius
1665 1250 1811 1304 orbis
1836 1249 2035 1319 princi-

454 1364 573 1417 pem
587 1353 975 1402 constituturus
991 1355 1134 1410 erat;
1155 1357 1212 1400 ut
1228 1360 1445 1400 suorum
1463 1358 1669 1397 memor
1687 1342 2028 1405 delictorum,

453 1443 518 1494 iis
548 1444 636 1510 qui
665 1441 920 1511 deinceps
941 1440 1316 1509 supplantaudi
1347 1439 1520 1492 forent
1557 1452 1756 1508 pronus
1783 1445 1926 1491 esset
1963 1435 2030 1489 ad

452 1533 658 1587 veniam
686 1529 1275 1598 concedendum.Quod
1295 1539 1470 1584 autem
1501 1530 1615 1582 hmc
1637 1544 1742 1583 non
1765 1545 1828 1583 ex
1859 1529 2031 1597 conje-

451 1635 601 1680 ctura
622 1625 817 1690 dicam,
845 1623 967 1677 andi
993 1625 1162 1692 ipsum
1190 1621 1462 1676 Christum
1485 1620 1749 1675 dicentem
1783 1639 1796 1674 :
1823 1620 2026 1683 Simon,

453 1718 653 1780 Simon,
685 1717 878 1780 quoties
922 1716 1128 1786 expetiit
1156 1723 1202 1768 te
1228 1725 1453 1779 satanas,
1507 1723 1561 1767 ut
1607 1714 1856 1767 cribraret
1901 1723 2031 1766 tant-

451 1825 600 1877 quam
632 1808 854 1860 triticum
883 1823 902 1860 :
927 1815 975 1860 et
1020 1823 1111 1876 ego
1141 1823 1235 1873 pro
1281 1814 1328 1858 te
1375 1805 1550 1875 rogavi
1579 1813 1634 1856 ut
1681 1820 1783 1857 non
1826 1803 2030 1872 deﬁciat

451 1897 578 1964 ﬁdes
609 1907 713 1950 tua.
741 1897 808 1950 Et
837 1906 891 1948 tu
925 1896 1200 1964 aliquando
1237 1910 1506 1949 conversus
1551 1895 1798 1961 conﬁrma
1843 1898 2028 1964 fratres

449 1997 559 2042 tuos
587 1986 737 2058 (an.
763 1986 857 2041 22.
886 1987 1002 2055 51).
1029 1985 1177 2040 Hanc
1199 1985 1350 2049 inihi,
1381 1985 1570 2054 inquit,
1598 1984 1780 2042 auxilii
1803 1985 2025 2053 praestiti

447 2079 513 2132 da
537 2078 944 2132 retributionem
974 2096 986 2129 :
1019 2076 1120 2130 nisi
1147 2078 1288 2131 enim
1319 2091 1434 2130 mea
1463 2076 1676 2145 adjutus
1699 2076 1890 2130 fuisses
1915 2089 2032 2143 pro-

449 2169 702 2234 videntia,
737 2168 880 2222 illius
910 2167 1268 2222 incursionem
1299 2182 1394 2236 per
1425 2177 1476 2220 te
1518 2165 1661 2221 ferre
1687 2181 1792 2221 non
1817 2167 2029 2236 potuis-

444 2278 552 2317 ses.
582 2263 693 2317 Tua
743 2277 873 2332 ergo
902 2261 1164 2331 cogitans,
1211 2261 1330 2315 aliis
1377 2261 1538 2316 etiam
1571 2273 1686 2316 esto
1713 2263 1975 2331 propitius
2004 2279 2017 2314 :

447 2353 574 2407 illud
602 2353 770 2418 enim,
798 2353 1066 2420 conﬁrma,
1102 2351 1203 2405 hoc
1230 2350 1622 2405 subindicantis
1649 2361 1732 2406 est
1763 2369 1776 2405 :
1815 2366 1911 2406 eos
1937 2351 2027 2421 qui

449 2445 701 2498 vacillant
725 2443 1007 2507 confirma,
1034 2444 1140 2497 illis
1171 2453 1221 2497 te
1248 2451 1633 2511 attemperans,
1666 2460 1882 2498 manum
1914 2459 2028 2514 por-

445 2534 644 2604 rigens,
675 2532 1061 2588 humanitatem
1108 2533 1375 2588 exhibens
1406 2535 1646 2588 multam.
1681 2535 1744 2588 Et
1781 2535 1980 2590 Paulus
2009 2576 2026 2602 ,

448 2625 604 2679 leone
649 2624 837 2692 quovis
883 2625 1156 2690 audacior,
1204 2625 1595 2693 imperterritus
1640 2626 1727 2680 ille
1773 2627 1982 2682 animus
2009 2667 2026 2692 ,

444 2716 674 2784 tdipsum
703 2729 891 2784 passus
918 2726 1020 2770 est.
1055 2714 1120 2770 Et
1148 2715 1265 2771 vide
1304 2716 1573 2787 quomodo
1602 2732 1818 2788 semper
1840 2727 2026 2789 osten-

444 2807 535 2860 dat
562 2822 621 2860 se
649 2805 962 2861 humilitatis
991 2807 1278 2875 pharmace
1302 2823 1439 2877 opus
1467 2808 1663 2864 habere
1693 2828 1706 2865 :
1734 2810 2029 2866 Corinthiis

446 2912 675 2965 namque
705 2897 946 2952 scribens
969 2899 1070 2951 ait:
1090 2897 1228 2951 Nolo
1245 2909 1412 2953 autent
1437 2915 1522 2953 vos
1548 2900 1802 2971 ignorare,
1820 2906 2022 2971 fratres,

447 2989 510 3041 de
539 2988 861 3042 tribulatione
884 2999 1076 3054 nostra,
1107 3004 1218 3058 qua:
1243 2990 1380 3058 facta
1400 3000 1472 3043 est
1495 2990 1638 3044 nobis
1654 2991 1706 3044 in
1735 2991 1876 3054 Asia,
1903 3010 2029 3062 quo~

444 3081 581 3132 niam
608 3096 764 3148 supra
790 3080 996 3132 modum
1026 3080 1221 3149 gravati
1249 3096 1421 3133 sumus
1451 3097 1608 3148 supra
1636 3082 1865 3136 uirtutem
1895 3096 1915 3136 :
1940 3085 2027 3138 sed

444 3173 546 3241 ipsi
573 3172 626 3225 in
666 3172 1038 3241 nobismetipsis
1085 3188 1384 3240 responsum
1433 3173 1610 3228 mortis
1658 3174 1945 3241 habuimus,
1977 3187 2028 3230 ut

445 3279 546 3316 non
573 3262 730 3316 simus
772 3263 984 3330 ﬁdentes
1022 3263 1074 3316 in
1124 3263 1287 3327 nobis,
1329 3263 1418 3316 sed
1447 3264 1500 3316 in
1543 3263 1650 3318 Deo
1691 3267 1779 3330 qui
1821 3267 2030 3321 suscitat

445 3364 688 3418 mortuos,
720 3355 807 3422 qui
834 3355 896 3406 de
917 3354 1069 3408 tantis
1088 3354 1326 3424 periculis
1350 3372 1440 3408 uos
1467 3356 1670 3425 eripuit.
1696 3357 2029 3426 Speravimus

443 3455 612 3510 autem
639 3447 774 3512 quod
802 3462 891 3499 nos
920 3446 1095 3517 eripiet
1127 3445 1199 3516 (2.
1230 3445 1349 3500 Cor.
1380 3448 1432 3502 1.
1466 3448 1647 3518 8-H).
1698 3450 2030 3519 Desperaba-

447 3550 584 3599 Inus,
604 3536 806 3604 inquit,
826 3551 999 3605 neque
1027 3538 1468 3606 exspectabamus
1496 3553 1596 3594 nos
1615 3539 1795 3596 vivere
1827 3557 1983 3611 posse
2012 3561 2027 3609 ;

444 3627 537 3680 sed
571 3630 862 3680 morituros
890 3642 988 3681 nos
1029 3643 1149 3682 esse
1178 3628 1535 3697 putabamus:
1569 3631 1671 3686 hoc
1697 3632 1841 3700 enim
1871 3635 2033 3704 signi-

451 3719 574 3773 ticat
626 3718 752 3773 illud
777 3759 792 3784 ,
848 3717 959 3789 Ipsi
1004 3720 1057 3773 in
1095 3721 1465 3783 nobismetipsis
1512 3739 1808 3792 responsum
1857 3728 2031 3783 mortis

449 3808 713 3862 Imbuiums
746 3824 763 3862 :
797 3808 896 3862 hoc
943 3824 1031 3865 res
1079 3811 1208 3879 ipsae
1262 3811 1419 3867 nobis
1463 3814 1882 3883 respondebant,
1933 3833 2032 3875 nos

446 3900 667 3954 omnino
692 3900 958 3968 perituros
985 3915 1124 3955 esse.
1153 3901 1264 3955 Cur
1289 3901 1557 3958 concessit
1583 3903 1744 3971 Deus,
1772 3917 1832 3960 ut
1854 3907 1921 3961 ad
1955 3917 2034 3965 tot

448 3999 701 4058 tantaque
727 3991 957 4059 pericula
986 3991 1334 4046 veniremus?
1391 3989 1465 4045 Ut
1519 4005 1586 4044 ne
1644 3994 1870 4053 fidentes
1945 4013 2032 4054 es-

449 4097 630 4135 scmus
669 4083 720 4135 in
749 4083 923 4149 nobis,
951 4081 1045 4137 sed
1075 4082 1127 4136 in
1157 4081 1268 4136 Deo
1296 4083 1386 4152 qui
1417 4084 1642 4139 suscitat
1667 4095 1944 4144 mortuos:
1978 4090 2030 4146 id

445 4181 548 4236 est,
579 4182 635 4225 ut
681 4188 785 4226 non
832 4173 999 4226 altum
1044 4186 1353 4240 saperemus
1373 4214 1388 4236 ,
1419 4189 1524 4227 non
1553 4160 1936 4234 extolleremur
1963 4181 2031 4237 de

448 4262 604 4316 bonis
633 4263 908 4330 operibus.
942 4261 1096 4330 Quod
1141 4262 1367 4317 subinde
1417 4264 1613 4320 clarius
1641 4266 1806 4334 dicit,
1836 4269 2028 4327 iterum

449 4354 520 4406 ita
564 4355 828 4409 scribens.
875 4354 1161 4424 Postquam
1198 4356 1339 4409 enim
1387 4357 1596 4411 dixerat
1637 4374 1695 4413 se
1741 4363 1794 4414 in
1839 4363 2027 4420 ca-lum

446 4455 657 4515 raptum
681 4455 734 4500 et
773 4447 824 4500 in
857 4447 1160 4516 paradisum
1202 4447 1500 4516 ingressum
1533 4449 1718 4513 fuisse,
1749 4461 1911 4522 atque
1937 4470 2029 4509 ar-

446 4553 578 4592 cana
604 4539 687 4592 illa
712 4539 871 4593 verba
895 4539 1185 4603 audivisse,
1213 4540 1486 4608 subjunxit
1518 4558 1530 4594 :
1563 4541 1626 4595 Et
1647 4560 1708 4597 ne
1734 4547 2029 4616 magnitudo

445 4630 808 4684 revelationum
834 4630 1042 4684 extollat
1066 4647 1161 4695 me,
1189 4631 1337 4685 datus
1363 4642 1437 4685 est
1459 4633 1583 4686 mihi
1609 4636 1841 4690 stimulus
1862 4641 2024 4704 carni,

443 4723 653 4792 angelus
699 4732 910 4786 satame,
961 4731 1014 4774 ut
1064 4737 1144 4775 me
1181 4722 1462 4790 colapltizet
1509 4722 1588 4792 (2.
1634 4724 1753 4779 Cor.
1801 4727 1888 4780 12.
1922 4728 1976 4799 7)
2013 4747 2027 4784 :

449 4815 532 4868 hic
583 4814 884 4868 subindicat
928 4815 1047 4868 illos
1071 4815 1161 4882 qui
1192 4829 1251 4869 se
1280 4816 1566 4880 vexabant,
1592 4817 1682 4884 qui
1711 4818 1810 4872 sibi
1863 4821 2032 4875 mole-

445 4905 600 4958 stiam
627 4905 926 4973 pariebant,
949 4914 1002 4958 et
1025 4919 1084 4959 se
1115 4905 1166 4958 in
1193 4920 1463 4960 carcerem
1494 4906 1849 4976 conjiciebant
1880 4930 1892 4964 :
1927 4911 2031 4966 sin-

444 4996 596 5061 gulos
618 4994 758 5048 enim
785 4996 993 5049 illorum
1026 5005 1264 5050 satanam
1285 5006 1458 5051 vocat.
1486 4997 1815 5054 Permissum
1847 5013 2026 5058 autem

449 5086 566 5148 fuit,
597 5087 784 5154 inquit,
817 5088 1239 5142 uttentationes
1268 5090 1608 5154 sustinerem,
1642 5103 1698 5144 ut
1722 5097 2027 5160 arrogantia

459 5171 2156 5195 _—_————__———-—_

1161 318 1216 374 S.
1256 314 1530 373 JOANNIS
1566 310 2032 368 CHRYSOSTOMI
2072 307 2383 367 ARCHIEP.
2422 303 2954 364 CONSTANTINOP.
3583 317 3670 374 468

2144 436 2262 476 mea
2312 421 2718 491 reprimeretur,
2767 431 2822 476 et
2873 432 2928 476 ut
2958 422 3203 477 modeste
3243 436 3399 492 agere
3425 424 3670 487 discerem.

2143 510 2371 582 Ideoque
2395 526 2516 566 cum
2548 511 2716 566 Deum
2761 526 3057 582 rogassem,
3085 514 3136 567 id
3174 514 3313 584 quod
3339 517 3564 584 petebam
3587 535 3674 574 nos

2141 607 2456 675 impetravi;
2504 604 2598 660 sed
2629 605 2836 660 insidiis
2877 608 3157 676 expositus
3187 616 3444 675 perpetuo
3489 614 3636 665 mansi
3661 654 3675 675 ,

2140 712 2407 752 atrumnas
2437 696 2641 752 habens
2666 697 2718 751 in
2765 697 3111 766 pharmacuin
3141 698 3466 753 humilitatis.
3495 699 3565 752 Ac
3591 703 3676 755 vita

2140 804 2299 859 quam
2345 787 2548 857 pridem
2605 798 2660 844 et
2707 799 2832 843 ante
2875 790 3282 844 conversionem
3319 789 3552 856 duxerat,
3574 795 3680 846 satis

2138 889 2254 934 erat
2279 879 2344 933 ad
2391 879 2542 934 illum
2573 879 2640 933 ad
2671 893 2856 933 sanam
2885 889 3119 934 mentem
3165 879 3544 935 reducendum.
3571 883 3679 936 Nam

2139 971 2227 1039 qui
2257 970 2323 1024 ad
2358 970 2521 1039 pedes
2547 970 2854 1025 Gamalielis
2882 970 3113 1033 sederat,
3140 972 3231 1040 qui
3257 982 3500 1025 accurate
3523 987 3682 1026 secun-

2137 1061 2261 1115 dum
2294 1069 2564 1130 paternam
2593 1059 2766 1130 legem
2808 1060 2970 1114 vitam
2998 1060 3222 1130 agebat,
3255 1060 3346 1129 qui
3379 1070 3682 1129 paternarum

2138 1152 2483 1207 tradition‘am
2524 1149 2806 1204 aemulator
2831 1157 2966 1215 erat,
3013 1151 3103 1219 qui
3150 1151 3440 1220 prophetas
3480 1153 3685 1219 quotidie

2136 1243 2436 1308 cvolvebat,
2465 1243 2556 1312 qui
2583 1243 2634 1296 in
2663 1243 2777 1312 lege
2802 1242 3062 1298 educatus
3086 1242 3264 1298 fuerat
3298 1261 3310 1295 :
3341 1242 3429 1298 hic
3444 1243 3684 1300 Christum

2137 1337 2225 1406 qui
2257 1337 2566 1400 advenerat,
2595 1346 2650 1391 et
2675 1336 2932 1390 miracula
2960 1336 3229 1405 patrabat,
3258 1335 3350 1405 qui
3383 1335 3501 1390 talia
3531 1336 3688 1408 loque-

2139 1429 2309 1492 batur,
2333 1437 2388 1483 et
2413 1427 2703 1497 Scriptum
2731 1428 2871 1482 dicta
2904 1428 3234 1498 proponebat
3260 1437 3423 1497 atque
3454 1430 3687 1498 inti-rpre-

2137 1521 2366 1585 tabatur,
2413 1536 2517 1575 non
2562 1521 2814 1586 admisit;
2862 1520 2956 1575 sed
3006 1529 3058 1574 et
3108 1529 3390 1590 postquam
3436 1522 3690 1578 cruciﬁxus

2136 1613 2309 1666 fuerat
2351 1622 2403 1666 et
2449 1622 2859 1675 resurrexerat,
2915 1611 3086 1679 ipsum
3137 1612 3594 1680 persequebatur,
3639 1630 3690 1669 ac

2137 1705 2280 1758 mille
2312 1703 2556 1758 manibus
2585 1703 2701 1771 ejus
2728 1702 3048 1772 discipulum
3083 1703 3098 1733 ⁸
3141 1703 3410 1773 lapidibus
3437 1704 3688 1774 impetirit.

2135 1805 2189 1850 et
2214 1805 2398 1850 contra
2421 1795 2689 1848 Ecclesias
2719 1795 2912 1848 bellum
2928 1795 3178 1865 gerebat,
3199 1807 3361 1865 atque
3381 1796 3506 1866 lupo
3531 1800 3690 1866 quovis

2136 1889 2363 1944 ferocior
2388 1898 2504 1943 erat
2526 1906 2538 1940 :
2558 1897 2612 1942 et
2632 1887 2803 1942 donec
2823 1888 2916 1942 lux
2944 1903 3177 1958 superne
3205 1890 3508 1954 refulsit,et
3531 1907 3620 1946 vos
3637 1893 3690 1947 ad

2136 1980 2410 2035 veritatem
2435 1979 2582 2032 illum
2605 1978 2882 2034 attrahens
2898 1979 3070 2034 delata
3091 1988 3194 2045 est,
3211 1995 3280 2035 ex
3305 1996 3370 2037 se
3393 1983 3518 2052 quid
3544 1982 3692 2039 facere

2135 2075 2410 2141 oporteret
2432 2072 2572 2126 scire
2597 2087 2703 2125 non
2743 2079 2972 2138 poterat.
3002 2070 3234 2142 ldwque
3263 2072 3383 2142 ipse
3414 2073 3693 2144 frequenter

2135 2161 2187 2216 in
2211 2162 2452 2231 epistolis
2464 2170 2624 2230 caput
2647 2161 2908 2216 inclinans
2921 2161 3034 2216 haec
3052 2174 3248 2229 versat,
3265 2164 3588 2220 embescens
3601 2182 3693 2236 pra:

2134 2254 2340 2323 pudore
2362 2269 2547 2309 eorum
2572 2269 2706 2317 quar-
2723 2255 2926 2324 pridcm
2953 2253 3183 2310 fecerat:
3206 2270 3269 2310 ac
3284 2256 3570 2312 Timotheo
3591 2262 3696 2314 sosi-

2135 2345 2265 2400 bens
2294 2345 2502 2399 diccbat
2526 2363 2538 2399 :
2561 2343 2766 2398 Gratias
2782 2361 2880 2415 ago
2900 2345 2945 2400 ei
2963 2346 3050 2415 qui
3066 2361 3144 2400 me
3162 2349 3473 2416 conforracit
3494 2347 3691 2414 Christo.

2132 2436 2249 2507 quia
2279 2436 2478 2504 ﬁdelem
2508 2452 2587 2489 me
2629 2437 2955 2502 existimavit,
2986 2453 3177 2506 ponens
3206 2439 3262 2492 in
3301 2439 3596 2505 ministerio,
3625 2445 3696 2512 qui

2134 2528 2274 2597 prius
2304 2528 2625 2596 blasphemus
2645 2528 2723 2597 fui
2749 2536 2796 2581 et
2823 2539 3152 2598 persequutor
3176 2540 3225 2584 et
3265 2534 3656 2588 contumeliosus
3682 2552 3697 2588 :

2132 2618 2220 2672 sed
2249 2619 2645 2672 misericordiam
2675 2630 3010 2690 consequutus
3038 2636 3171 2687 sum,
3199 2624 3322 2692 quia
3347 2625 3589 2694 ignorans
3614 2628 3697 2695 feci

2132 2710 2184 2764 in
2205 2711 2555 2764 incredulitate
2584 2711 2657 2780 (1.
2695 2709 2826 2765 Tim.
2859 2712 2909 2765 1.
2945 2712 3032 2765 12.
3066 2713 3172 2781 15).
3207 2714 3274 2768 Et
3303 2730 3545 2782 rursum,
3591 2718 3698 2772 fdeo

2133 2798 2529 2853 misericordiam
2559 2811 2892 2870 consequutus
2917 2817 3049 2867 sum,
3084 2813 3138 2856 ut
3165 2804 3217 2857 in
3245 2821 3323 2858 me
3366 2807 3532 2874 primo
3556 2819 3703 2862 osten-

2133 2891 2270 2943 deret
2301 2889 2440 2944 Deus
2469 2907 2665 2944 omnem
2687 2891 3003 2960 patientiam,
3027 2894 3094 2946 ad
3117 2895 3531 2965 informationem
3550 2915 3700 2952 eorum

2131 2986 2217 3054 qui
2240 2985 2476 3038 credituri
2501 2995 2618 3038 sunt
2641 2985 2718 3038 illi
2735 2985 2783 3038 in
2805 2987 2959 3039 vitam
2983 2996 3224 3040 wternam
3246 2991 3322 3056 (1.
3351 2988 3492 3044 Tim.
3527 2993 3574 3046 l.
3605 2993 3697 3060 l6).

2134 3075 2204 3129 Et
2231 3075 2523 3130 Corinthiis
2552 3077 2792 3130 scribens
2821 3077 3034 3131 dicebat
3062 3096 3075 3132 :
3111 3078 3211 3144 Qui
3251 3096 3354 3134 non
3403 3099 3516 3135 sum
3541 3083 3700 3153 dignus

2133 3167 2302 3220 vocari
2349 3167 2629 3236 apostolus,
2674 3170 2792 3237 quia
2825 3180 3152 3240 persequutus
3175 3189 3288 3226 sum
3332 3173 3610 3228 Ecclesium
3634 3178 3697 3240 (1.

2133 3255 2253 3310 Cor.
2296 3257 2381 3311 15.
2415 3256 2494 3326 9).

2206 3348 2258 3403 6.
2311 3348 2554 3404 Ecclesia:
2596 3351 2824 3422 prtvfecti
2850 3352 2917 3405 ad
2945 3354 3142 3406 veniam
3168 3357 3549 3412 concedendam
3573 3362 3701 3430 praui

2135 3443 2233 3494 sint
2259 3451 2473 3512 oportet.
2501 3472 2573 3482 —
2603 3444 2725 3499 litae
2768 3455 2948 3501 autem
2993 3450 3173 3504 omnia
3225 3451 3467 3520 fiebant,
3497 3453 3703 3524 illosque

2138 3532 2280 3585 Deus
2297 3531 2578 3588 deserebat
2593 3536 2759 3603 gratia
2782 3551 2877 3590 sua
2907 3538 3152 3606 nudatos,
3174 3547 3234 3594 ut
3261 3551 3550 3614 postquam
3568 3545 3702 3598 intis-

2137 3623 2373 3677 mitatem
2427 3638 2577 3678 suam
2624 3624 2947 3696 didicerant,
2975 3638 3030 3684 et
3057 3632 3328 3700 quomodo
3374 3634 3511 3689 nihil
3556 3636 3705 3706 possit

2135 3711 2298 3767 homo
2320 3715 2436 3770 sine
2460 3730 2691 3785 superna
2713 3731 2815 3786 ope
2832 3759 2848 3783 ,
2882 3734 3002 3774 cum
3031 3721 3098 3776 ad
3125 3722 3443 3792 jodicialem
3470 3725 3700 3782 thronum

2134 3803 2506 3870 ascenderem,
2536 3816 2590 3861 et
2619 3809 2849 3877 praefecti
2871 3821 2926 3865 et
2946 3813 3210 3883 principes
3240 3818 3700 3879 constituerentur.

2137 3894 2355 3949 multam
2385 3894 2765 3953 humanitatem
2784 3909 2838 3954 et
2861 3906 3356 3973 attemperationem
3377 3909 3698 3972 exhiberem.

2135 3996 2295 4058 atque
2322 3987 2387 4041 ad
2418 3989 2626 4044 veniam
2658 3991 2882 4048 subditis
2910 3998 3304 4054 concedendam
3336 4006 3492 4071 proni
3524 4015 3699 4061 essent.

2139 4078 2367 4150 Ideoque
2392 4081 2595 4137 Galatis
2624 4085 2865 4140 scribens
2891 4087 3102 4144 dicebat
3134 4107 3148 4144 :
3179 4090 3415 4158 Fratres,
3449 4097 3495 4149 si
3523 4113 3699 4164 pracc-

2135 4181 2351 4240 cupatus
2381 4174 2529 4243 fuerit
2556 4175 2704 4228 homo
2727 4178 2779 4229 in
2801 4178 2972 4246 aliquo
2993 4181 3196 4248 delicto,
3215 4199 3301 4238 vos
3321 4187 3410 4245 qui
3435 4188 3700 4256 spirituales

2135 4265 2273 4329 estis,
2305 4265 2535 4319 instruite
2566 4269 2879 4338 huiusmodi,
2911 4274 3236 4330 considerans
3262 4278 3482 4348 teipsum
3509 4298 3568 4335 ne
3593 4292 3634 4334 et
3657 4292 3700 4332 tu

2136 4354 2338 4408 tenteris
2364 4353 2506 4424 (Gul.
2537 4357 2590 4412 6.
2626 4358 2703 4424 1).
2739 4359 2863 4414 Haec
2885 4361 3062 4432 itaque
3086 4365 3340 4433 scientes,
3361 4379 3634 4438 protervos
3657 4381 3700 4423 et

2133 4458 2471 4502 contumaces
2522 4451 2870 4515 attrahamus,
2907 4464 2962 4509 et
3001 4455 3068 4508 ad
3114 4458 3321 4512 veniam
3374 4463 3700 4530 peccantibus

2134 4539 2530 4595 concedendam
2567 4543 2715 4611 proni
2746 4544 2932 4610 simus,
2960 4548 3286 4619 multamque
3331 4551 3694 4624 benignitatem

2135 4628 2484 4684 exhibeamus
2513 4646 2634 4686 cum
2678 4634 2872 4690 divinis
2898 4636 3100 4707 legibus
3133 4659 3146 4694 :
3177 4652 3234 4695 ut
3258 4654 3314 4696 et
3356 4644 3456 4712 ipsi
3500 4648 3695 4700 multant

2137 4731 2475 4790 peccatorum
2500 4726 2710 4780 veniam
2737 4742 3150 4800 consequamur,
3170 4737 3338 4804 gratia
3376 4748 3432 4793 et
3475 4739 3697 4809 benigni-

2137 4822 2244 4868 tate
2268 4815 2477 4870 Domini
2505 4820 2671 4873 nostri
2697 4819 2823 4875 Jesu
2843 4821 3062 4892 Christi,
3085 4841 3178 4895 per
3206 4844 3365 4897 quem
3394 4841 3448 4886 et
3474 4847 3697 4901 cumquo

2138 4903 2280 4958 Patri
2308 4904 2473 4976 gloria
2498 4947 2513 4971 ,
2557 4923 2660 4962 una
2691 4925 2813 4965 cum
2844 4903 3045 4982 spiritu
3083 4927 3300 4985 sancto,
3329 4936 3468 4976 nunc
3495 4931 3549 4977 et
3573 4938 3694 4977 sein-

2135 5009 2254 5064 per,
2282 5005 2335 5050 et
2363 4996 2412 5049 iu
2444 4998 2637 5052 saecula
2664 5002 3002 5059 saeculorum.
3031 5008 3222 5063 Amen.

2200 5109 2217 5139 ¹
2254 5107 2574 5171 Stephanum.

1866 5217 2208 5282 HOMILIA
2255 5223 2334 5283 ll.

448 5308 575 5364 Cum
606 5306 915 5373 Imperatria:
941 5310 1108 5362 media
1137 5321 1280 5364 nocte
1305 5313 1356 5364 in
1383 5329 1622 5383 magnam
1651 5317 1915 5371 ecclesiam
1940 5335 2027 5373 ve-

523 5403 707 5463 nisset,
748 5399 960 5468 indeque
1002 5402 1242 5471 reliquias
1280 5414 1559 5474 martyrum
1589 5406 1817 5473 tulisset,
1852 5425 2029 5479 prose-

521 5501 734 5560 cutaque
778 5501 903 5544 esset
946 5508 1034 5561 per
1079 5493 1298 5546 ntedium
1340 5493 1508 5562 [orum
1567 5514 1722 5566 usque
1769 5501 1837 5552 ad
1894 5501 2030 5572 Dry-

522 5583 658 5651 piam
703 5582 805 5652 (a),
846 5599 963 5635 cum
1004 5584 1300 5652 martyrium
1347 5586 1410 5638 ab
1459 5588 1578 5640 urbe
1606 5589 1822 5644 distaret
1854 5608 2028 5646 novent

509 5691 585 5752 (a)
610 5691 888 5756 Martyrium
915 5693 1035 5744 illud
1071 5696 1119 5744 in
1153 5694 1332 5760 Drypia
1366 5705 1472 5750 erat
1510 5700 1716 5752 ecclesia
1751 5702 1802 5752 S.
1830 5703 2031 5757 Thomze

449 5776 646 5837 δμωοιι
671 5784 721 5826 et
745 5777 985 5842 martyris,
1008 5787 1062 5829 ut
1085 5779 1208 5830 infra
1229 5780 1417 5831 dicitur.

2213 5324 2372 5392 signis
2411 5341 2498 5379 seu
2544 5328 2849 5385 milliaribus
2873 5347 2893 5385 :
2921 5333 3058 5388 dicta
3084 5347 3156 5390 est
3183 5337 3394 5394 humilia
3429 5342 3479 5395 in
3517 5352 3687 5412 marty-

2210 5417 2317 5478 rio,
2345 5416 2457 5484 ipsa
2484 5431 2728 5485 praesente
2753 5438 2869 5476 cum
2898 5435 3001 5479 tota
3031 5428 3231 5484 civitate
3247 5442 3293 5484 et
3321 5434 3685 5504 magistratibus.

2213 5507 2262 5560 l.
2283 5506 2417 5573 Quid
2434 5508 2607 5564 dicam
2625 5511 2648 5564 ?
2664 5512 2789 5582 quid
2812 5515 3034 5585 loquar?
3053 5521 3262 5576 exsulto
3289 5532 3342 5577 ct
3369 5525 3581 5582 insanio.
3603 5523 3682 5576 sed

2140 5598 2341 5653 insania
2355 5617 2475 5671 qua:
2494 5603 2602 5670 ipsa
2621 5605 2876 5674 sapientia
2895 5608 3082 5664 melior
3094 5621 3172 5666 est
3192 5629 3205 5664 :
3226 5616 3502 5683 tripudians
3515 5625 3562 5669 ct
3580 5616 3682 5668 clm-

2140 5705 2259 5743 reas
2285 5706 2448 5762 agens
2473 5693 2712 5749 sublimis
2737 5697 2896 5766 feror,
2915 5699 3092 5754 ebrius
3105 5703 3215 5770 jam
3239 5718 3300 5759 ex
3329 5705 3418 5761 hac
3441 5707 3678 5775 voluptate

2137 5785 2417 5852 spirituali.
2441 5787 2577 5854 Quid
2598 5788 2770 5845 dicam
2787 5791 2810 5844 ?
2827 5791 2949 5863 quid
2979 5793 3199 5866 loquar?
3219 5809 3559 5870 martyrunmc
3584 5815 3674 5849 τιτι
