3950 6522
206 381 292 437 867

199 491 531 560 ἐσχήκαμεν,
565 491 664 545 ἵνα
713 492 799 561 μὴ
856 497 1207 560 πεποιθότες
1245 491 1406 565 ὦμεν
1443 499 1537 567 ἐφ’
1571 500 1827 566 ἑαυτοῖς,

198 581 430 636 ἀλλ’ἐπὶ
460 578 537 645 τῷ
567 580 687 645 Θεῷ
722 580 805 647 τῷ
841 582 1129 658 ἐγείροντι
1168 584 1312 650 τοὺς
1357 586 1629 654 νεκροὺς,
1662 587 1732 653 ὃς
1762 588 1830 640 ἐκ

199 669 537 735 τηλικούτων
555 668 827 722 θανάτων
846 671 1143 737 ἐρρύσατο
1180 670 1354 739 ἡμᾶς.
1374 674 1737 742 Ἠλπίκαμεν
1763 675 1832 727 δὲ

197 755 269 807 ὅτι
288 756 374 807 καὶ
395 756 661 819 ῥύσεται.
701 757 1174 828 Ἀπεγνώσθημεν,
1199 761 1381 829 φησὶν,
1405 760 1467 813 ού
1500 762 1830 834 προσεδοκή-

197 859 345 912 σαμεν
378 841 653 910 ζήσεσθαι,
686 844 802 898 ἀλλ’
828 848 886 898 ἐν
928 846 1139 909 ἑαυτοῖς
1168 847 1548 918 ἐλογισάμεθα,
1580 850 1661 902 ὅτι
1692 850 1828 902 πάν-

193 946 282 993 τως
306 929 740 1001 ἀποθανούμεθα’
771 932 929 986 τοῦτο
955 934 1062 1003 γάρ
1089 935 1252 999 ἐστιν,
1274 937 1452 990 Αὐτοὶ
1485 937 1557 990 ἐν
1594 936 1830 1002 ἑαυτοῖς

193 1019 245 1070 τὸ
276 1018 561 1086 ἀπόκριμα
607 1018 712 1072 τοῦ
765 1019 1024 1073 θανάτου
1074 1021 1449 1091 ἐσχήκαμεν·
1497 1023 1654 1077 τοῦτο
1697 1025 1831 1094 ἡμῖν

190 1104 247 1155 τά
280 1104 568 1174 πράγματα
597 1105 947 1175 ἀπεκρίνατο,
977 1108 1059 1161 ὅτι
1101 1108 1448 1179 ἀπολούμεθα
1478 1111 1711 1172 πάντως.
1739 1113 1830 1165 Τί-

193 1187 486 1251 ωςένεκεν⁸
510 1189 853 1262 συνεχώρησε
884 1192 1046 1264 μέχρι
1066 1194 1333 1248 τοσούτων
1364 1196 1621 1249 κινδύνων
1656 1197 1830 1251 ἐλθεῖν

190 1277 313 1346 ἡμᾶς
336 1277 363 1328 ό
387 1275 548 1341 Θεός;
581 1277 696 1330 Ἵνα
724 1278 798 1348 μὴ
826 1280 1144 1343 πεποιθότες
1168 1275 1316 1351 ὦμεν
1354 1284 1439 1353 ἐφ’
1459 1285 1690 1349 ἑαυτοῖς,
1722 1303 1829 1355 φη-

189 1365 274 1425 σὶν,
293 1361 400 1415 ἀλλ’
428 1363 523 1416 ἐπὶ
543 1362 623 1433 τῷ
648 1364 766 1434 Θεῷ
803 1364 882 1435 τῷ
930 1367 1193 1438 ἐγείροντι
1236 1369 1363 1432 τοὺς
1402 1370 1647 1439 νεκρούς.
1678 1373 1744 1423 Ὃ
1772 1372 1828 1424 δὲ

188 1448 568 1516 λέγει,τοιοῦτόν
587 1452 753 1503 ἐστιν’
772 1451 888 1504 Ἵνα
906 1453 980 1523 μή
1004 1453 1144 1523 μέγα
1162 1454 1467 1526 φρονῶμεν,
1484 1456 1568 1510 ἵνα
1589 1457 1663 1527 μὴ
1682 1458 1829 1511 ἐπαι-

189 1534 378 1606 ρώμεθα
403 1538 515 1599 τοῖς
555 1536 993 1608 κατορθώμασιν.
1020 1541 1084 1592 Ὅ
1115 1542 1209 1593 καὶ
1248 1540 1452 1611 προῖὼν
1498 1534 1828 1614 σαφέστερον

184 1622 323 1689 λέγει,
343 1621 501 1674 πάλιν
522 1620 666 1676 οὕτω
692 1624 940 1694 γράφων*
964 1626 1151 1697 ἐπειδὴ
1170 1627 1279 1698 γὰρ
1304 1624 1422 1680 εἷπε
1451 1629 1549 1700 τὴν
1569 1631 1650 1685 είς
1671 1630 1830 1699 οὐρα-

185 1707 255 1761 νὸν
272 1709 537 1780 ἁρπαγὴν,
560 1709 659 1780 τὴν
699 1712 778 1773 εἰς
809 1711 1134 1783 παράδεισον
1157 1715 1377 1778 είσοδον,
1398 1714 1497 1785 τὴν
1521 1715 1630 1767 τῶν
1657 1717 1827 1786 ἀπορο

184 1796 331 1865 ρήτων
364 1796 629 1865 ῥημάτων
667 1797 891 1851 ἐκείνων
937 1800 1240 1865 κοινωνίαν,
1276 1803 1522 1871 ἐπήγαγε
1547 1818 1561 1834 ·
1598 1802 1706 1857 Καὶ
1755 1800 1828 1870 τῇ

182 1880 452 1951 ὑπερϐολῇ
486 1880 612 1936 τῶν
651 1884 1097 1953 ἀποκαλύψεων
1139 1886 1240 1941 ἵνα
1277 1887 1363 1957 μὴ
1407 1888 1823 1957 ὑπεραίρωμαι,

180 1969 327 2035 ἐδόθη
347 1987 444 2038 μοι
465 1972 717 2039 σκόλοψ⁸
741 1970 817 2040 τῇ
844 1972 1043 2041 σαρκὶ,
1087 1973 1335 2045 ἄγγελος
1376 1975 1592 2040 Σατᾶν,
1621 1977 1721 2029 ἵνα
1756 1993 1828 2045 με

180 2055 432 2126 κολαφίζῃ
452 2075 468 2089 ·
490 2060 624 2121 τοὺς
655 2058 935 2124 θλίϐοντας
964 2061 1195 2116 ἐνταῦθα
1221 2063 1590 2133 αἰνιττόμενος
1614 2065 1707 2117 καὶ
1739 2064 1830 2116 ἐπ-

180 2144 498 2213 ήρεάζοντας,
516 2146 617 2200 καὶ
636 2148 715 2209 είς
734 2146 1103 2220 δεσμωτήριον
1120 2150 1282 2204 αὑτὸν
1304 2150 1688 2220 ἐμϐάλλοντας·
1707 2151 1828 2204 τού-

178 2247 264 2284 των
283 2231 384 2302 γάρ
400 2232 635 2287 ἕκαστον
661 2236 904 2289 Σατανᾶν
924 2237 1097 2292 καλεῖ.
1130 2237 1516 2309 Συνεχωρήθην
1544 2238 1602 2291 δὲ
1630 2255 1819 2308 πειραη

181 2320 339 2387 εμοὺς,
357 2321 542 2390 φησιν,
568 2322 881 2393 ὑπομένειν,
904 2324 992 2378 ῐνα
1038 2326 1071 2395 ή
1101 2325 1326 2379 ἀπόνοιά
1347 2342 1446 2394 μου
1472 2326 1827 2397 καταστέλλη-

177 2423 265 2469 ται,
284 2406 369 2459 καὶ
390 2408 711 2479 μετριάζειν
734 2410 912 2481 μάθω.
938 2412 1035 2465 Διά
1062 2412 1127 2483 δὴ
1146 2412 1302 2466 τοῦτο
1320 2413 1415 2466 καὶ
1442 2416 1826 2483 παρακαλέσας

179 2494 250 2546 τὴν
281 2494 424 2561 Θεὸν,
452 2497 562 2550 οὐκ
594 2496 781 2568 ἔτυχον
815 2501 916 2570 τῆς
948 2501 1243 2571 αἰτήσεως·
1286 2500 1399 2553 ἀλλ’
1422 2499 1612 2571 ἔμεινα
1649 2502 1827 2573 διηνε-

179 2580 268 2643 κῶς
298 2581 811 2654 ἐπιϐουλευόμενος,
851 2587 1140 2657 φάρμακον
1181 2587 1677 2658 ταπεινοφρόσυνης
1720 2589 1820 2661 τὴν

179 2667 324 2738 θλίψιν
347 2668 503 2741 ἔχων.
545 2672 658 2726 Καὶ
692 2674 722 2726 ό
758 2672 865 2744 πρὸ
900 2673 1091 2727 τούτου
1133 2674 1191 2727 δὲ
1231 2674 1343 2745 βίος
1373 2678 1402 2728 ό
1438 2676 1545 2747 πρὸ
1570 2675 1671 2745 τῆς
1696 2677 1819 2729 ἐπι-

180 2760 382 2829 στροφῆς
413 2759 605 2822 ἱκανὸς
626 2755 694 2831 ἦν
718 2760 882 2814 αὐτὸν
914 2762 1263 2833 σωφρονίσαι.
1298 2764 1354 2816 '0
1380 2764 1488 2835 γάρ
1526 2763 1677 2834 παρὰ
1699 2763 1823 2828 τοὺς

176 2843 315 2907 πόδας
361 2845 709 2916 Γαμαλιήλου
753 2847 1090 2917 καθήμενος,
1134 2851 1163 2902 ό
1212 2848 1352 2903 κατά
1397 2849 1679 2920 ἀκρίϐειαν
1727 2849 1821 2903 τοῦ

178 2930 397 3002 πατρῴου
426 2934 602 3004 νόμου
636 2933 766 2998 ζῶν,
800 2936 829 2988 ό
879 2935 1127 3006 ζηλωτὴς
1167 2935 1275 2991 τῶν
1310 2936 1593 3008 πατρικῶν
1648 2954 1823 3009 παρα-

175 3015 358 3085 δόσεων,
395 3021 423 3072 ό
448 3021 585 3083 τοὺς
612 3022 898 3092 προφήτας
941 3022 1229 3076 ἀνελίττων
1281 3023 1403 3076 καθ’
1425 3024 1659 3093 ἑκάστην
1685 3024 1823 3094 ὴμέ-

179 3123 275 3176 ραν,
300 3109 327 3159 ό
370 3110 448 3181 τῷ
495 3112 656 3183 νόμῳ
696 3115 1041 3185 συντραφεὶς,
1068 3108 1221 3178 οὗτος
1264 3115 1703 3185 παραγενόμενον
1733 3114 1825 3169 τὸν

177 3196 395 3266 Χριστὸν,
422 3199 518 3253 καὶ
564 3199 814 3270 θαύματα
855 3200 1241 3271 ἐργαζόμενον,
1270 3204 1365 3256 καὶ
1394 3202 1560 3255 ταῦτα
1582 3202 1824 3270 διαλεγό-

179 3301 328 3351 μενον,
351 3287 442 3340 καὶ
472 3287 548 3341 τὰ
564 3289 671 3341 ἀπὸ
688 3289 918 3359 Γραφῶν
950 3286 1312 3360 παρατιθέντα
1350 3288 1501 3362 [350]
1524 3290 1616 3343 καὶ
1648 3292 1822 3360 ἐρμη-

179 3372 389 3439 νεύοντα,
422 3375 528 3429 οὐκ
566 3375 806 3442 ἐδέξατο,
837 3377 968 3430 ἀλλὰ
998 3378 1092 3430 καὶ
1124 3378 1500 3449 σταυρωθέντα
1553 3378 1647 3432 καὶ
1689 3378 1824 3431 ἀνα-

225 3544 239 3569 ⁸
264 3548 412 3599 Ialil'n
431 3552 568 3608 τίνος
589 3553 642 3601 δέ
674 3552 848 3604 ἕνεκεν.
873 3553 1061 3604 Μλττα.

853 382 895 436 ll
934 378 1241 450 HOMILIA,
1281 382 1487 440 DICTA
1528 382 1831 454 Ροετρυι

2004 382 2219 451 ELIQUI
2232 383 2295 439 (1-2
2326 383 2730 448 MARTYRUM,
2758 381 2911 440 ETC.

3494 384 3597 440 468

1935 500 2132 552 στάντα
2160 498 2372 562 ἐδίωκε,
2411 499 2505 551 καὶ
2542 498 2761 570 μυρίαις
2804 497 2961 569 χερσὶ
2985 496 3077 549 τὸν
3112 497 3320 550 ἐκείνου
3361 497 3608 570 μαθητὴν

1914 587 2140 652 νέσαλλε,
2174 588 2268 641 καὶ
2304 591 2421 651 ταῖς
2461 587 2804 657 Ἐκκλησίαις
2846 584 3123 654 ἐπολέμει,
3157 585 3251 639 καὶ
3277 585 3439 640 λύκου
3467 604 3607 640 παν-

1928 674 2018 736 τὸς
2040 673 2467 744 θηριωδέστερος
2495 669 2563 743 ἦν
2582 689 2594 702 ’
2624 673 2716 725 καὶ
2738 673 2842 731 ἕως
2862 673 2949 725 ὅτε
2979 672 3094 741 φῶς
3117 671 3355 742 ἔλαμψεν
3376 673 3604 738 ἄνωθεν,

1932 760 2026 812 καὶ
2071 759 2222 829 φωνὴ
2266 760 2466 828 ἠνέχθη
2502 759 2639 829 πρδς
2687 759 2785 829 τὴν
2834 759 3089 829 ἀλήθειαν
3142 759 3301 811 αὐτὸν
3350 760 3605 826 ἕλκουσα,

1929 844 2138 898 οἴκοθεν
2187 846 2415 898 συνιδεῖν
2458 846 2559 898 οὐκ
2607 846 2845 915 ἠδυνήθη
2885 845 2945 897 τὸ
2992 845 3130 898 δέον.
3180 845 3272 898 Διὸ
3316 847 3407 898 καὶ
3445 846 3606 911 αὐτὸς

1931 932 2169 1002 συνεχῶς
2202 933 2294 984 ἐπὶ
2341 932 2449 984 τῶν
2487 932 2784 984 ἐπιστολῶν
2824 931 2998 985 ταῦτα
3050 933 3290 1002 στρέφει,
3329 932 3479 986 κάτω
3508 934 3607 987 κύ-

1929 1035 2078 1072 πτων
2117 1019 2209 1072 καὶ
2244 1018 2714 1088 ἐγκαλυπτόμενος
2752 1019 2845 1071 ἐπί
2890 1021 3000 1080 τοῖς
3035 1018 3135 1088 ήδη
3180 1021 3563 1090 γεγενημένοις
3586 1037 3603 1052 ⁸

1928 1106 2022 1158 καὶ
2054 1105 2300 1175 Τιμοθέῳ
2331 1105 2385 1157 δὲ
2419 1104 2644 1174 γράφων
2693 1104 2844 1171 ἔλεγε
2864 1120 2879 1133 ο
2906 1103 3089 1171 Χάριν
3136 1105 3255 1172 ἔχω
3294 1104 3374 1170 τῷ
3427 1107 3603 1161 ἐνδυ·

1928 1192 2272 1257 ναμώσαντί
2312 1208 2389 1261 με
2420 1188 2669 1259 Χριστῷ,
2706 1190 2791 1242 ὅτι
2829 1191 3048 1242 πιστόν
3080 1208 3157 1257 με
3191 1190 3461 1259 ᾐτήσατο
3509 1194 3603 1247 θέ-

1922 1295 2105 1346 μενος
2131 1281 2217 1344 είς
2246 1278 2573 1343 διακονίαν,
2601 1276 2709 1330 τὸν
2736 1277 3025 1344 πρότερον
3063 1276 3206 1328 ὄντα
3233 1262 3607 1347 βλὰσςρημον

1928 1365 2024 1416 καὶ
2050 1364 2302 1431 διώκτην
2322 1365 2418 1417 καί
2441 1363 2731 1432 ὑϐριστήν
2747 1382 2759 1395 ο
2781 1363 2915 1416 ἀλλ’
2937 1361 3224 1429 ἠλεήθην,
3250 1362 3340 1415 ὅτι
3369 1364 3605 1432 ἀγνοῶν

1925 1452 2185 1518 ἐποίησα
2214 1451 2284 1503 ἐν
2307 1452 2575 1516 ἀπιστίᾳ.
2610 1450 2720 1503 Καὶ
2747 1449 2927 1512 πάλιν,
2962 1448 3065 1501 Διὰ
3108 1449 3285 1501 τοῦτο
3314 1450 3602 1519 ἠλεήθην,

1926 1542 2027 1594 ἶνα
2059 1542 2129 1593 ἐν
2159 1542 2286 1609 ἐμοὶ
2340 1540 2546 1607 πρώτῳ
2587 1539 2923 1606 ἐνδείξηται
2969 1541 3002 1591 ό
3053 1537 3196 1603 Θεὸς
3238 1538 3354 1605 τὴν
3400 1536 3607 1593 πᾶσαν

1922 1629 2336 1697 μακροθυμίαν
2363 1626 2512 1694 πρὸς
2556 1627 2947 1680 ὑποτύπωσιν
2985 1624 3106 1677 τῶν
3135 1626 3487 1692 μελλόντων
3507 1642 3604 1679 πι-

1927 1717 2165 1769 στεύειν
2192 1716 2286 1768 ἐπ”
2324 1712 2483 1779 αὐτῷ
2528 1716 2614 1778 είς
2656 1710 2807 1780 ζωὴν
2847 1710 3105 1765 αἰώνιον.
3150 1712 3259 1764 Καὶ
3306 1710 3606 1782 Κορινθίοις

1928 1803 1986 1857 δὲ
2023 1803 2247 1875 γράφων
2268 1802 2492 1870 ἔλεγεν*
2531 1803 2639 1865 ’ἔος
2690 1802 2802 1853 οὐκ
2858 1798 2975 1867 sua
3028 1798 3235 1861 ἱκανός
3292 1799 3606 1855 καλεῖσθαι

1927 1891 2288 1955 ἀπόστολος,
2313 1888 2403 1942 ὅτι
2427 1888 2642 1951 ἐδίωξα
2674 1886 2789 1955 τὴν
2821 1886 3205 1952 Ἐκκλησίαν.

2004 1981 2079 2040 ς’.
2107 1975 2295 2029 Ταῦτα
2321 1975 2379 2028 δέ
2413 1975 2588 2027 πάντα
2617 1974 2847 2041 ἐγίνετο,
2880 1971 2973 2026 καὶ
3005 1970 3156 2040 ἠφίει
3187 1971 3383 2036 αὐτοὺς
3409 1971 3437 2024 ὸ
3472 1973 3607 2039 Θεὸς

1928 2064 2165 2132 γυμνοὺς
2191 2062 2291 2132 τῆς
2317 2060 2482 2115 αὑτοῦ
2505 2061 2745 2132 χάριτος,
2768 2060 2876 2123 ἵνα,
2916 2060 3043 2112 ἴταν
3073 2057 3393 2128 διδαχθῶσιν
3423 2061 3607 2114 αὐτῶν

1925 2149 2026 2221 τὴν
2060 2148 2363 2212 ἀσθένειαν,
2402 2148 2497 2201 καὶ
2534 2147 2653 2211 πῶς
2692 2148 2842 2201 οὐδὲν
2885 2145 3167 2215 ἄνθρωπος
3214 2145 3462 2216 ἀμοιρῶν
3503 2148 3604 2219 τῆς

1928 2234 2132 2290 ἄνωθεν
2174 2236 2367 2305 ῥοπῆς.
2407 2236 2506 2289 ἐπὶ
2555 2234 2647 2288 τὸν
2697 2232 3009 2288 δικαστικὸν
3058 2229 3357 2295 ἀναὸάντες
3394 2234 3600 2303 θρόνον,

1927 2323 2019 2376 καὶ
2076 2323 2394 2394 δημαγωγοὶ
2435 2322 2717 2392 γενόμενοι
2763 2321 2858 2376 καὶ
2905 2322 3188 2392 ἄρχοντες,
3246 2320 3447 2393 πολλὴν
3502 2324 3604 2393 τήν

1927 2409 2355 2480 φιλανθρωπίαν,
2391 2409 2592 2479 πολλὴν
2630 2408 2727 2478 τὴν
2775 2409 3180 2476 ωγκατάὸασιν
3204 2451 3220 2474 ,
3264 2409 3463 2480 πολλὴν
3503 2409 3606 2480 τὴν

1928 2495 2257 2565 συγγνώμην
2306 2495 2435 2565 περὶ
2481 2496 2607 2558 τοὺς
2664 2495 2998 2565 ἀρχομένους
3051 2498 3466 2553 ἐπιδείκνυνται.
3514 2496 3605 2550 Διὸ

1926 2586 2020 2639 καὶ
2044 2585 2271 2656 γράφων
2300 2572 2452 2653 ἔλεγε
2485 2584 2754 2647 Γαλάταις
2776 2600 2789 2613 °
2840 2583 3125 2653 Ἀδελφοί,
3171 2585 3280 2639 ἐὰν
3322 2586 3420 2639 καὶ
3456 2601 3602 2652 προσ

1923 2669 2128 2739 ληφθῇ
2177 2671 2487 2737 ἅνθρωπος
2538 2670 2608 2724 ἐν
2650 2686 2765 2723 τινι
2819 2669 3241 2738 παραπτώματι
3263 2710 3278 2734 ,
3328 2671 3495 2739 ὑμεῖς
3548 2670 3603 2724 οι

1924 2759 2307 2828 πνευματικοὶ
2330 2757 2696 2826 καταρτίζετε
2712 2758 2820 2813 τὸν
2839 2757 3128 2822 τοιοῦτον,
3146 2758 3394 2813 σκοπῶν
3420 2774 3605 2812 σεαυ-

1923 2844 2051 2907 τὸν,
2077 2844 2164 2913 μὴ
2194 2845 2291 2898 καί
2323 2844 2405 2899 σὺ
2430 2843 2778 2913 πειρασθῇς.
2816 2843 2979 2899 Ταῦτ’
3009 2840 3100 2898 οῦν
3143 2846 3342 2909 εἰδότες
3382 2845 3509 2909 τούς
3540 2863 3602 2899 τε

1923 2936 2267 3005 ἀφηνιῶντας
2298 2934 2566 3005 ἕλκωμεν,
2602 2936 2713 2997 τοῖς
2732 2951 2791 2986 τε
2828 2934 3201 3005 ἁμαρτάνουσι
3232 2951 3600 3003 συγγνωμονι-

1927 3022 2013 3075 κοὶ
2057 3021 2355 3092 γινώμεθα,
2390 3022 2589 3092 πολλήν
2630 3037 2689 3073 τε
2740 3021 2839 3091 τὴν
2869 3020 3274 3092 φιλανθρωπίαν
3319 3019 3601 3085 ἐπιδειξώ-

1930 3110 2067 3179 μεθα
2106 3110 2244 3179 μετὰ
2271 3109 2379 3162 τῶν
2418 3108 2512 3162 τοῦ
2540 3106 2676 3161 Θεοῦ
2709 3110 2889 3179 νόμων
2908 3123 2922 3137 ⁸
2955 3109 3043 3162 ἴνα
3073 3112 3169 3162 καὶ
3210 3108 3360 3162 αὐτοὶ
3399 3109 3601 3178 πολλῆς

1926 3197 2321 3267 ἀπολαύσωμεν
2348 3197 2447 3267 τῆς
2476 3194 2802 3267 συγγνώμης
2839 3198 2897 3248 ἐν
2933 3190 3014 3258 οίς
3057 3196 3463 3267 ἁμαρτάνομεν,
3503 3198 3602 3267 χάη

1928 3302 2036 3355 ριτι
2070 3286 2164 3338 καὶ
2204 3284 2583 3356 φιλανθρωπίᾳ
2610 3284 2705 3337 τοῦ
2731 3284 2934 3355 Κυρίου
2953 3286 2987 3354 ἡ
2997 3284 3113 3355 μῶν
3142 3285 3315 3355 Ἰησοῦ
3338 3285 3597 3355 Χριστοῦ,

1924 3373 1993 3425 δι’
2012 3367 2072 3427 οῦ
2103 3372 2197 3426 καὶ
2235 3374 2352 3444 μεθ’
2372 3373 2433 3427 οὗ
2466 3372 2543 3445 τῷ
2580 3373 2756 3444 Πατρὶ
2776 3373 2810 3443 ή
2839 3372 2985 3437 δόξα,
3027 3374 3141 3443 ἅμα
3170 3372 3249 3443 τῷ
3276 3372 3416 3442 ἀγίῳ
3439 3374 3603 3426 ῐινεύ-

1929 3476 2078 3530 ματι,
2124 3457 2220 3515 νῦν
2261 3460 2356 3513 καὶ
2400 3462 2509 3525 ἀεὶ,
2559 3461 2651 3515 καὶ
2700 3462 2780 3525 είς
2814 3460 2940 3525 τοὺς
2977 3460 3180 3524 αἰῶνας
3219 3459 3329 3514 τῶν
3367 3459 3598 3517 αἰώνων.

1941 3547 2137 3617 Ἀμήν.

297 4454 2100 4485 __________________________._._.___._.______._

1806 4603 2048 4659 ΟΜΙΛΙΑ
2079 4602 2154 4659 Β⁹.

196 4807 307 4891 Τῆς⁸
324 4812 655 4891 ,ϐασιλίδοςΔ
667 4810 872 4891 μέσων
910 4808 1267 4891 νυκτῶνιείς
1300 4809 1573 4891 μετ-ιίλην
1612 4808 1831 4889 ἐκκλη-

249 4884 379 4935 σίαν
425 4881 922 4953 προσελθούσης,
965 4881 1241 4935 κάκεῖθεν
1280 4882 1351 4935 τὰ
1408 4881 1671 4953 λείψαϊιξ
1717 4881 1835 4953 τῶν

248 4948 546 5034 μαρτύρων
574 4951 894 5033 ἀραμένης,
922 4953 1019 5034 καὶ
1050 4950 1557 5034 προπεμψὶαμένης
1588 4948 1686 5034 διὰ
1724 4949 1835 5034 πά-

251 5037 357 5092 σης
374 5020 482 5091 τῆς
506 5020 729 5092 ἀγορᾶς
767 5022 876 5086 ἓως
916 5022 1195 5092 Δρυπίας,
1232 5020 1340 5074 τοῦ
1367 5021 1694 5092 μαρτυρίου
1732 5020 1838 5092 da;

250 5088 485 5171 έχοντορ
529 5088 589 5171 θ’Δ
616 5088 844 5162 σημεῖα
905 5088 1014 5171 τῇς
1077 5093 1339 5171 πόλεως’
1371 5088 1608 5171 ἐλέχθη
1648 5088 1718 5171 ἐν
1756 5088 1836 5170 τῷ

247 5158 535 5232 μάρτυρίῳ
558 5164 595 5231 η
629 5158 1005 5232 προσομιλία,
1037 5163 1347 5230 παρούσης
1368 5158 1557 5231 αὐτῆς
1589 5159 1686 5213 καὶ
1724 5158 1833 5229 τῆς

254 5230 471 5299 πόλεως
491 5230 693 5302 πάσης
722 5230 825 5286 καί
848 5230 964 5286 τῶν
987 5234 1312 5302 ἀρχόντων.

255 5332 390 5385 α⁹.Τί
416 5336 551 5387 είπω
578 5334 673 5388 καὶ
688 5333 740 5385 τί
755 5333 969 5404 λαλήσω
993 5349 1005 5397 ;
1024 5330 1225 5404 σκιρτῶ
1242 5332 1334 5386 καὶ
1351 5331 1609 5404 μαίνομαι
1638 5330 1834 5402 μανίαν

202 5422 522 5493 σωφροσύνης
548 5422 814 5493 βελτίονα⁶
850 5421 1082 5493 πέτομαι
1125 5419 1216 5475 καὶ
1260 5421 1466 5492 χορεύω
1508 5420 1602 5473 καὶ
1637 5420 1835 5491 μετάρ-

203 5523 298 5571 σιος
323 5510 548 5581 φέρομαι
584 5511 673 5564 καὶ
705 5510 886 5583 μεθύω
920 5509 1106 5564 λοιπὸν
1137 5509 1241 5563 ὑπὸ
1279 5512 1377 5582 τῆς
1413 5509 1606 5581 ἡδονῆς
1631 5507 1834 5577 ταύτης

202 5596 283 5667 τῆς
315 5599 695 5670 πνευματικῆς.
730 5598 795 5651 Τί
824 5598 1081 5655 sinum!
1121 5597 1173 5651 τι
1197 5595 1449 5669 λαλήσω;
1488 5595 1595 5650 τῶν
1624 5595 1829 5668 μαρτύ-

207 5697 297 5749 ρων
324 5684 414 5754 τὴν
452 5686 637 5756 ἰσχύνς
673 5689 772 5756 τῆς
800 5686 1004 5749 πόλεως
1039 5684 1136 5757 τὴν
1177 5683 1517 5755 προθυμίαν;
1558 5684 1656 5754 τῆς
1684 5684 1832 5754 βασι-

205 5767 325 5833 λίδος
365 5773 452 5826 τὸν
493 5774 681 5847 ζῆλον;
738 5774 846 5828 τῶν
895 5773 1168 5845 ἀρχόντων
1209 5773 1306 5845 τὴν
1356 5772 1689 5843 συνδρομήν;
1740 5770 1833 5824 τοῦ

205 5856 423 5914 διαϐόλου
459 5864 552 5936 τὴν
587 5863 879 5937 αἱσχύνην;
915 5862 1022 5917 τῶν
1062 5863 1327 5934 δαιμόνων
1365 5863 1461 5934 τὴν
1500 5857 1705 5934 ἦτταν;
1735 5860 1833 5931 τῆς

219 5941 515 6020 Ἐκκλησίας
536 5950 628 6022 τήν
649 5950 961 6022 εὐγένειανς
1003 5948 1094 6005 τοῦ
1130 5950 1360 6023 σταυροῦ
1391 5950 1488 6022 τήν
1525 5948 1710 6020 ίσχὺν;
1741 5946 1833 6001 τοῦ

1933 4803 2335 4876 σταυρωθέντος
2362 4800 2431 4854 τά
2464 4798 2716 4869 θαύματα
2741 4812 2755 4860 ;
2786 4795 2880 4848 τοῦ
2924 4793 3134 4865 [ἰατρὸς
3163 4794 3262 4864 τὴν
3291 4792 3447 4857 δόξαν
3472 4809 3487 4857 ;
3514 4791 3605 4845 τοῦ

1934 4893 2249 4964 Ιινεύματος
2279 4890 2377 4961 τὴν
2396 4889 2585 4959 χάριν;
2618 4883 2767 4957 [531]
2800 4882 2891 4936 τοῦ
2929 4882 3100 4954 δήμου
3134 4880 3336 4944 παντὸς
3359 4882 3459 4951 τὴν
3482 4881 3607 4951 ήδο.

1931 4984 2065 5053 νήν;
2113 4982 2212 5050 τῆς
2260 4977 2466 5039 πόλεως
2500 4974 2568 5027 τά
2609 4972 2985 5043 σκιρτήματα;
3032 4968 3141 5021 τῶν
3182 4967 3433 5039 μοναχῶν
3480 4967 3606 5032 τοὺς

1936 5068 2262 5135 συλλόγους;
2303 5064 2413 5117 τῶν
2446 5060 2728 5133 παρθένων
2764 5060 2889 5121 τοὺς
2919 5057 3142 5128 χορούς;
3176 5056 3285 5109 τῶν
3327 5056 3514 5128 ίερέων
3538 5055 3606 5109 τά
3722 5102 3732 5111 .

1928 5156 2219 5226 τάγματα;
2243 5151 2350 5204 τῶν
2384 5146 2651 5220 βιωτικῶν
2684 5146 2890 5215 ἀνδρῶν
2923 5145 3015 5198 τὸν
3051 5142 3223 5207 τόνον,
3247 5142 3355 5197 τῶν
3381 5142 3602 5204 δούλων,

1929 5244 2039 5296 τῶν
2084 5240 2403 5311 ἐλευθέρων,
2442 5235 2552 5289 τῶν
2591 5234 2893 5305 ἀρχόντων,
2954 5231 3062 5284 τῶν
3100 5229 3418 5303 ἀρχομένων
3440 5267 3455 5292 ,
3497 5228 3607 5282 τῶν

1934 5331 2200 5401 πενήτων.
2226 5326 2332 5381 τῶν
2373 5321 2760 5386 πλουτούντων,
2803 5320 2912 5373 τῶν
2953 5319 3139 5386 ξένων,
3178 5315 3289 5371 τῶν
3333 5315 3602 5380 πολιτῶνς

1936 5416 2205 5489 Εὖκαιρον
2238 5414 2321 5484 ἐφ’
2350 5414 2550 5467 ἆπασιν
2574 5412 2748 5463 εἰπεῖν
2768 5425 2782 5439 ’
2842 5408 2936 5473 Τίς
2975 5403 3253 5471 λαλήσει·
3277 5405 3386 5470 τὰς
3426 5401 3607 5456 δυνα-

1940 5506 2145 5570 στείας
2187 5518 2322 5565 σου,
2366 5500 2575 5567 Κύριε;
2619 5493 2924 5561 ἀκουστὰς
2964 5492 3202 5562 ποιήσει
3248 5489 3449 5556 πάσας
3498 5489 3606 5553 τὰς

1940 5592 2203 5656 αινέσεις
2256 5602 2417 5653 σου;
2463 5586 2723 5647 Γυναῖκες
2775 5580 3212 5652 θαλαμευόμεναι
3281 5576 3374 5629 καὶ
3430 5574 3605 5645 κηροῦ

1946 5678 2364 5754 μαλακώτεραι,
2424 5674 2496 5728 τὰ
2556 5672 2868 5735 κατάστεγα
2932 5669 3216 5754 οἰκήματαΔ
3271 5660 3604 5754 καταλιποῦ-

1942 5748 2072 5834 σαι,
2114 5748 2251 5839 πρὸς
2298 5765 2423 5828 τοὺς
2473 5761 2849 5831 ἰσχυροτάτους
2899 5756 3002 5809 τῶν
3053 5751 3260 5822 ἀνδρῶν
3304 5748 3605 5839 ήμιλλῶντο
3696 5772 3699 5775 η

1940 5860 2006 5929 τῇ
2061 5835 2371 5928 προθυμία,
2420 5853 2590 5922 μῆκος
2630 5847 2749 5901 ὁδοῦ
2794 5843 3045 5898 τοσοῦτον
3095 5840 3258 5931 βάδην
3312 5835 3601 5931 ἀνύουσαιο

1939 5922 2006 6001 οῦ
2025 5922 2144 6002 νέαι
2171 5922 2350 6015 μόνον,
2370 5937 2504 5995 ἀλλά
2531 5936 2624 5991 καὶ
2645 5934 3001 6006 γεγηρακνῐαι
3019 5947 3031 5961 ο
3057 5928 3150 5983 καὶ⁵
3170 5925 3291 5980 οὔτε
3315 5925 3348 5996 ή
3376 5922 3473 5996 τῆς
3504 5922 3603 5993 φύ-
