3950 6526
400 362 505 420 669

403 494 540 540 σεως
568 475 837 540 ἀσθένεια,
856 473 979 529 οὔτε
1018 474 1082 527 τὸ
1116 475 1216 545 τῆς
1251 476 1528 547 διαγωγῆς
1563 478 1920 548 ἁϐροδίαιτον,
1944 480 2068 534 οῦτε

400 573 432 624 ὀ
458 571 558 639 τῆς
588 565 940 639 περιφανείας
982 565 1151 633 τῦφος
1194 566 1381 634 γέγονε
1416 568 1645 638 κώλυμα
1665 571 1729 639 τῇ
1773 570 2068 640 προθυμίᾳ.

407 655 701 725 Ἄρχοντες
746 651 906 705 πάλιν
955 651 1047 704 καὶ
1078 651 1230 705 αὐτοὶ
1271 653 1342 707 τά
1385 654 1638 723 ὀχήματα
1684 655 2072 719 καταλιπόντες

404 741 498 793 καὶ
522 740 648 802 τοὺς
677 737 1004 809 ῥαϐδούχους
1026 738 1121 791 καὶ
1145 739 1272 801 τοὺς
1306 738 1655 811 δορυφόρους,
1681 744 1792 804 τοῖς
1834 741 2070 806 ἰδιώταις

403 827 628 887 ἑαυτοὺς
660 824 942 894 ἁνέμιξαν.
986 823 1091 878 Καὶ
1138 824 1194 877 τί
1238 825 1317 878 δεῖ
1352 826 1531 894 λέγειν
1579 830 1862 895 γυναῖκας,
1902 828 1935 899 ἢ
1973 829 2071 900 ἄρ-

403 927 613 979 χοντας,
646 910 780 963 ὅπου
829 912 922 963 καὶ
969 910 1105 979 αὐτὴ
1143 912 1176 981 ἡ
1209 910 1267 964 τὸ
1309 910 1544 981 διάδημα
1578 914 1934 984 περικειμένη
1976 915 2071 969 καὶ

400 998 499 1067 τὴν
531 997 836 1068 πορφυρίδα
880 996 1338 1067 περιϐεϐλημένη,
1370 999 1520 1072 παρά
1564 998 1661 1070 τὴν
1703 1000 1819 1053 ὀδὸν
1851 1000 2070 1055 ἃπασαν

399 1085 522 1139 οὐδὲ
567 1086 764 1157 μικρὸν
802 1085 912 1137 τῶν
959 1085 1224 1155 λειψάνων
1272 1086 1604 1156 ἀποσχέσθαι
1633 1087 1909 1157 ἠνέσχετο,
1954 1089 2070 1143 ἀλλ’

400 1172 589 1242 ὥσπερ
615 1172 933 1243 θεραπαινὶς
970 1171 1368 1243 παρηκολούθει
1404 1174 1517 1236 τοῖς
1545 1174 1742 1240 ἁγίοις,
1766 1175 1865 1246 τῆς
1893 1175 2068 1246 θήκης

400 1246 680 1329 ἀπτδμένη
725 1260 817 1313 καλ⁵
849 1260 948 1331 τῆς
975 1259 1163 1328 ὀθόνης
1205 1261 1305 1330 τῆς
1349 1261 1724 1331 ἐπικειμένης,
1757 1262 1851 1316 καὶ
1884 1265 2067 1318 πάντα

398 1351 490 1405 τὸν
511 1348 849 1421 ἀνθρώπινον
874 1349 1263 1403 καταπατοῦσα
1280 1349 1466 1419 τῦφον,
1492 1352 1584 1404 καὶ
1606 1354 1662 1404 ἐν
1687 1351 1835 1423 μέσῳ
1856 1352 2067 1425 θεάτρῳ

399 1437 638 1508 τοσούτῳ
674 1438 971 1509 φαινομένη
1009 1438 1072 1507 δή
1082 1456 1186 1509 μῳλ,
1209 1438 1276 1508 ἢν
1303 1438 1423 1491 οὐδὲ
1455 1439 1729 1509 εὐνούχοις
1755 1439 1926 1493 ἅπασι
1954 1443 2067 1505 τοῖς

398 1526 461 1578 ἐν
507 1527 628 1587 ταῖς
672 1524 977 1593 βασιλικαῖς
1023 1525 1408 1595 στρεφομένοις
1451 1525 1640 1589 αὐλαῖς
1696 1527 1853 1597 θέμις
1903 1528 2062 1596 ίδεῖν;

412 1611 552 1665 Ἀλλ’
577 1612 606 1664 ὀ
634 1610 743 1664 τῶν
776 1611 1068 1682 μαρτύρων
1106 1611 1265 1674 πόθος
1292 1611 1388 1665 καὶ
1414 1614 1448 1683 ή
1478 1614 1732 1683 τυραννὶς
1769 1616 1863 1668 καὶ
1894 1617 1929 1686 ή
1966 1618 2066 1687 τῆς

398 1699 616 1769 ἀγάπης
655 1698 786 1766 φλὸξ
832 1699 1047 1753 ἅπαντα
1078 1698 1249 1752 ταῦτα
1294 1699 1363 1752 τά
1415 1704 1731 1768 προσωπεῖα
1773 1702 1924 1771 ῥῖψαι
1972 1704 2067 1757 άν-

400 1786 607 1849 έπεισε,
639 1787 732 1839 καὶ
757 1788 934 1857 γυμνῇ
969 1788 1034 1857 τῇ
1071 1784 1349 1858 προθυμίᾳ
1375 1787 1467 1841 τὸν
1502 1787 1663 1857 ζῆλον
1695 1789 2064 1856 ἐπιδείξασθαι

399 1873 493 1925 τὸν
536 1874 666 1938 περὶ
712 1874 837 1935 τοὺς
873 1872 1059 1941 ἁγίους
1099 1873 1405 1945 μάρτυρας.
1449 1876 1561 1928 Καὶ
1595 1874 1705 1945 γάρ
1752 1876 2063 1947 ἀνεμνήσθη

395 1961 491 2015 τοῦ
526 1962 796 2033 μακαρίου
827 1960 1008 2025 Δαυτδ,
1036 1962 1095 2025 ὃς
1141 1963 1235 2014 καὶ
1275 1962 1570 2035 ἁλουργίδα
1604 1964 2064 2035 περιϐεϐλημένος

396 2050 492 2105 καὶ
525 2051 760 2122 διάδημα
803 2051 1211 2123 περικείμενος,
1261 2053 1353 2106 καὶ
1398 2055 1469 2107 τά
1512 2055 1770 2125 σκῆπτρα
1815 2055 1910 2108 τοῦ
1951 2056 2062 2109 τῶν

408 2139 673 2211 Ἐϐραίων
703 2140 842 2209 ἔχων
873 2140 1068 2210 δήμου,
1090 2141 1275 2212 ἐπειδὴ
1300 2140 1397 2209 τήν
1427 2141 1659 2195 κιϐωτὸν
1686 2142 1941 2214 ἀνέφερε,
1967 2144 2064 2215 τὴν

278 2206 281 2207 ν
396 2206 601 2298 σκηνὴν
629 2206 845 2281 ἃπασαν
876 2206 1091 2299 ἐκείνην
1117 2206 1295 2296 ἀφεῖς,
1325 2206 1550 2299 ἐσκίρτα
1578 2230 1672 2283 καὶ
1712 2206 1930 2301 ἐχόρεύε
1968 2206 2064 2286 καὶ

394 2314 568 2384 ἐπήδα
611 2315 822 2386 μεγάλα
856 2315 1064 2378 παίζων
1100 2332 1161 2369 τε
1186 2317 1280 2369 καὶ
1304 2316 1653 2387 ὀρχούμενος,
1682 2319 1777 2373 καὶ
1814 2319 1901 2372 διά
1949 2320 2055 2374 τῶν

395 2402 651 2472 ἁλμάτων
684 2404 784 2474 τὴν
821 2403 1012 2474 ἡδονὴν
1049 2403 1505 2474 ἐπιδεικνύμενος,
1538 2405 1605 2476 ῆν
1642 2401 1786 2475 εἶχεν
1823 2408 1914 2460 ἐπὶ
1950 2410 2062 2472 τοῖς

394 2489 757 2560 τελουμένοις.
790 2489 851 2542 Εἰ
896 2490 953 2543 δὲ
985 2492 1043 2542 ὲν
1086 2493 1151 2561 τῇ
1197 2492 1325 2560 σκιᾷ
1361 2492 1458 2545 καὶ
1497 2492 1575 2563 τῷ
1610 2492 1766 2561 τύπῳ
1794 2494 2062 2566 τοσαύτην

394 2576 794 2630 ἐπιδείκνυσθαι
842 2576 1149 2648 θερμότητα
1195 2578 1322 2643 ἔδει,
1368 2577 1549 2649 πολλῷ
1601 2579 1799 2650 μᾶλλον
1840 2582 1933 2635 ἐπὶ
1963 2583 2062 2653 τῆς

392 2664 614 2735 χάριτος
635 2664 846 2735 καὶτῆς
878 2663 1159 2734 ἀληθείας·
1189 2664 1311 2717 ἐπεὶ
1339 2665 1433 2719 καὶ
1468 2665 1607 2737 αῦτη
1638 2667 1863 2720 κιϐωτὸν
1890 2669 2060 2739 ἀνῆγε

393 2747 573 2819 πολλῷ
612 2748 856 2819 βελτίονα
889 2750 1103 2821 ἐκείνης
1140 2756 1238 2822 τῆς
1266 2751 1361 2804 τοῦ
1399 2753 1577 2808 Δαυῖδ.
1605 2754 1681 2806 Οὐ
1713 2754 1823 2825 γὰρ
1848 2755 2062 2819 πλάκας

392 2836 629 2900 λιθίνας,
680 2838 818 2891 ἀλλά
868 2838 1079 2902 πλάκας
1129 2838 1241 2909 ἔχει
1297 2842 1668 2911 πνευματικὰς
1687 2882 1701 2908 ,
1755 2843 1850 2897 καὶ
1900 2845 2060 2916 χάριν

392 2923 751 2987 ἐπανθοῦσαν,
776 2925 870 2979 καὶ
886 2925 1093 2998 δωρεὰν
1122 2926 1572 2992 ἀποστίλϐουσαν,
1595 2928 1688 2982 καὶ
1714 2930 1847 2983 ὀστᾶ
1870 2933 2062 2995 αὐταῖς

392 3010 801 3082 ἀντιλάμποντα
863 3014 984 3076 ταῖς
1034 3014 1253 3066 ἀκτῖσι·
1303 3013 1503 3084 μᾶλλον
1557 3016 1615 3068 δέ
1675 3015 2061 3090 λαμπροτέραν

393 3098 644 3166 ἀφίενται
692 3100 999 3171 ἀστραπήν.
1038 3101 1256 3155 Ἀκτῖνα
1291 3103 1388 3172 μὲν
1419 3102 1527 3174 γάρ
1571 3103 1861 3173 βλέποντες
1901 3108 2057 3178 ἡλια-

393 3184 518 3257 κὴν,
560 3185 713 3239 οὐδὲν
742 3187 1011 3257 πάσχουσι
1052 3187 1336 3258 δαίμονες·
1365 3189 1464 3260 τὴν
1497 3190 1555 3243 δὲ
1588 3192 1835 3247 ἐντεῦθεν
1883 3195 2059 3266 ἐκπη-

390 3272 570 3327 δὼσαν
590 3273 902 3345 λαμπηδόνα
937 3274 1012 3345 μὴ
1038 3274 1315 3345 φέροντες,
1344 3276 1777 3347 ἀποτυφλοῦνται
1807 3282 1902 3334 καὶ
1931 3283 2061 3354 δρα-

394 3365 682 3417 πετεύουσι
722 3366 816 3417 καὶ
864 3366 931 3417 ἐκ
968 3364 1165 3417 πολλοῦ
1218 3365 1479 3434 φεύγουσι
1512 3366 1606 3420 τοῦ
1653 3368 2019 3441 διαστήματος
2040 3387 2056 3404 ο

390 3449 625 3519 τοσαύτη
652 3450 869 3518 καὶτῆς
904 3451 1110 3522 τέφρας
1144 3451 1253 3505 τῶν
1287 3452 1456 3520 ἁγίων
1488 3453 1521 3522 ἡ
1555 3452 1805 3524 δύναμις,
1843 3457 1944 3510 οὐκ
1977 3456 2060 3509 έν-

304 3568 305 3571 η
389 3536 477 3590 δον
510 3538 861 3609 ἐγκαθημένη
902 3539 1061 3606 μόνον
1098 3539 1157 3590 ἐν
1185 3542 1297 3602 τοῖς
1334 3538 1629 3609 λειψάνοις,
1667 3543 1800 3596 ἀλλά
1833 3545 1926 3597 καὶ
1962 3562 2031 3597 πε
2050 3574 2061 3586 -

394 3625 631 3695 ραιτέρω
662 3624 927 3696 προϊοῦσα
956 3627 1047 3678 καὶ
1068 3626 1166 3689 τὰς
1183 3627 1527 3697 ἀκαθάρτους
1559 3630 1938 3685 άπελαύνουσα
1970 3632 2061 3684 δυ-

390 3712 601 3782 νάμεις,
631 3714 723 3765 καὶ⁵
747 3713 874 3776 τούς
911 3713 1049 3783 μετά
1072 3714 1306 3778 πίστεως
1334 3716 1656 3786 προσιόντας
1687 3718 1823 3787 μετά
1861 3719 2060 3790 πολλῆς

387 3800 691 3867 ἀγιάζουσα
741 3801 839 3870 τῆς
880 3801 1220 3872 περιουσίας.
1248 3802 1350 3854 Διά
1378 3819 1461 3855 τοι
1507 3803 1665 3856 τοῦτο
1710 3804 1806 3857 καὶ
1844 3806 1878 3875 ή
1912 3804 2060 3875 φιλό-

390 3902 610 3958 χριστος
647 3887 786 3958 αὐτη
838 3890 1137 3960 παρείπετο
1182 3891 1295 3953 τοῖς
1341 3888 1640 3961 λειψάνοις,
1690 3892 1929 3962 συνεχῶς
1960 3894 2058 3962 ἐφ-

388 3975 692 4046 απτομένη.
720 3976 813 4029 καὶ
836 3975 934 4046 τὴν
956 3976 1205 4044 εὐλογίαν
1228 3976 1610 4048 ἐπισπωμένη,
1631 3979 1726 4032 καὶ
1749 3982 1862 4043 τοῖς
1880 3980 2059 4047 ἄλλοις

388 4065 522 4117 πᾶσι
552 4064 865 4127 διδάσκαλος
910 4064 1167 4135 γινομένη
1195 4064 1296 4134 τῆς
1329 4064 1501 4135 καλῆς
1547 4066 1751 4138 ταύτης
1776 4069 1869 4122 καὶ
1898 4086 2060 4123 πνευ-

392 4153 628 4221 ματικῆς
668 4152 970 4221 ἐμπορίας,
1023 4153 1119 4204 καὶ
1154 4151 1481 4206 διδάσκουσα
1532 4154 1740 4218 πάντας
1791 4156 2057 4229 ἀρύεσθαι

388 4239 497 4290 ἀπὸ
533 4242 631 4307 τῆς
670 4239 854 4308 πηγῆς
885 4238 1088 4309 ταύτης
1122 4240 1221 4311 τῆς
1253 4241 1339 4293 ἀεὶΙ
1373 4241 1472 4311 μὲν
1500 4242 1882 4315 ἀντλουμένης,
1912 4246 2061 4300 οὐδέ-

387 4342 519 4377 ποτε
552 4326 609 4378 δὲ
638 4326 987 4398 κενουμένης.
1026 4327 1289 4400 Καθάπερ
1317 4329 1423 4400 γὰρ
1451 4331 1520 4384 τά
1553 4332 1772 4402 νάματα
1807 4333 1914 4386 τῶν
1951 4351 2059 4405 πηο

387 4412 502 4481 γῶν
543 4412 796 4483 βρύοντα.
826 4413 926 4467 οὐκ
963 4415 1094 4467 εἴσω
1118 4414 1226 4468 τῶν
1252 4417 1469 4470 οἰκείων
1498 4418 1712 4471 κόλπων
1746 4421 2055 4491 κατέχεται,

387 4500 504 4554 ἀλλ’
532 4500 858 4573 ὐπερϐλύζει
908 4503 1002 4556 καὶ
1043 4504 1391 4576 ὐπερχεῖται·
1438 4505 1580 4560 οῦτω
1626 4507 1690 4578 δὴ
1741 4510 1835 4563 καὶ
1879 4511 1912 4580 ή
1962 4510 2056 4565 τοῦ

390 4588 708 4659 Πνεύματος
763 4589 923 4662 χάρις
980 4592 1013 4662 ή
1063 4594 1174 4655 τοῖς
1216 4592 1421 4657 ὀστέοις
1475 4595 1914 4667 παρακαθημένη
1965 4601 2059 4653 καὶ

387 4680 502 4741 τοῖς
546 4678 721 4745 ἀγίοις
768 4678 1115 4749 συνοικοῦσα,
1158 4680 1251 4734 καὶ
1285 4681 1364 4745 είς
1411 4680 1628 4753 ἐτέρους
1680 4684 1891 4753 πρόεισι
1933 4686 2066 4749 τούςρ

386 4766 524 4835 μετά
571 4766 804 4830 πίστεως
855 4765 1226 4837 ἐφεπομένους
1267 4767 1437 4838 αὐτῇ,
1485 4769 1578 4822 καὶ
1610 4769 1717 4821 ἀπὸ
1759 4770 1934 4841 ψυχῆς
1978 4774 2057 4837 είς

391 4853 542 4925 15521
576 4852 824 4924 σώματα,
868 4854 963 4907 καὶ
1002 4854 1110 4908 ἀπὸ
1146 4856 1411 4924 σωμάτων
1457 4856 1537 4919 είς
1571 4858 1779 4927 ἱμάτια,
1815 4861 1909 4913 καὶ
1948 4861 2057 4915 ἀπὸ

391 4943 619 5012 ἱματίων
646 4943 727 5004 είς
758 4941 1098 5012 ὑποδήματα,
1131 4942 1226 4997 καὶ
1250 4942 1358 4995 ἀπὸ
1402 4943 1764 5014 ὑποδημάτων
1792 4949 1868 5011 εἰς
1901 4949 2058 5012 σκιὰς

388 5032 656 5102 ἐκτρέχει.
700 5029 802 5083 Διά
839 5047 920 5082 τοι
959 5029 1118 5084 τοῦτο
1159 5032 1219 5085 οὐ
1250 5032 1320 5086 τὰ
1361 5032 1588 5104 σώματα
1637 5036 1854 5107 ἐνήργει
1899 5037 2058 5108 μόνον

383 5120 498 5174 τῶν
532 5119 705 5185 ἁγίων
737 5118 1069 5181 ἀποστόλων,
1106 5119 1246 5173 ἀλλά
1291 5120 1388 5175 καὶ
1429 5122 1498 5177 τά
1549 5124 1805 5195 σουδάρια
1850 5125 1946 5178 καὶ
1987 5126 2056 5181 τά

385 5204 709 5276 σιμικίνθια·
740 5205 831 5256 καὶ
854 5205 914 5256 οὐ
941 5205 1011 5258 τὰ
1041 5207 1297 5278 σουδάρια
1326 5209 1485 5279 μόνον
1514 5212 1608 5265 καὶ
1631 5214 1699 5266 τά
1726 5212 2053 5284 σιμικίνθια,

380 5293 521 5347 ἀλλά
548 5293 642 5345 καὶ
679 5291 736 5344 αἱ
776 5292 927 5344 σκιαὶ
952 5292 1046 5344 τοῦ
1080 5293 1286 5364 Πέτρου
1321 5295 1429 5349 τῶν
1460 5296 1677 5361 ζώντων
1713 5300 2056 5373 δυνατώτερα

385 5377 724 5450 εἰργάζοντο.
754 5377 893 5447 Ἤδη
926 5394 1026 5432 που
1058 5380 1151 5435 καὶ⁸
1197 5380 1419 5453 μηλωτὴ
1459 5387 1843 5458 κατενεχθεῖσα
1873 5390 1967 5444 ἐπὶ
1995 5390 2056 5443 τὸ

384 5466 550 5536 σῶμα
572 5464 668 5517 τοῦ
694 5464 1001 5521 Ἐλισσαίου
1030 5466 1246 5523 διπλοῦν
1268 5470 1417 5541 αὐτῷ
1442 5474 1686 5544 χάρισμα
1712 5478 2051 5549 κατήγαγεν·

384 5555 445 5606 ού
484 5554 590 5623 γάρ
622 5552 684 5606 τὸ
716 5551 877 5621 σῶμα
912 5552 1212 5609 Ἐλισσαίου
1248 5558 1426 5627 μόνον,
1455 5560 1592 5615 ἀλλά
1631 5564 1722 5621 καὶ
1750 5565 1809 5619 τὸ
1841 5564 2055 5635 ἱμάτιον

387 5644 565 5696 ἐκεῖνο
608 5640 706 5710 τῆς
740 5642 961 5710 χάριτος
993 5638 1059 5712 ἦν
1112 5645 1583 5718 ἐμπεπλησμένον.
1631 5652 1730 5706 Διά
1774 5670 1854 5707 τοι
1900 5653 2054 5706 τοῦτο

386 5732 482 5783 καὶ
514 5729 607 5782 ἐπὶ
634 5727 741 5783 τῶν
781 5729 947 5800 τριῶν
978 5730 1212 5785 παίδων·
1242 5734 1303 5787 οὐ
1335 5735 1488 5808 γάρὸ
1515 5738 1581 5792 τά
1610 5739 1839 5810 σώματα
1872 5740 2052 5794 αὐτῶν

493 5880 647 5927 Locus
666 5877 997 5945 perlurlmlgls.
1026 5877 1146 5945 Infra
1172 5890 1280 5945 post
1310 5886 1677 5944 τελευτήσαντος
1699 5888 1868 5938 lacuna
1890 5892 2047 5939 mani-

384 5939 507 6013 festa
532 5949 625 6013 es},
649 5952 793 6011 quam
820 5940 1105 6013 ςιρΙςιςιςι-ἰτ
1126 5939 1385 6013 sg‘j'ibgudc)
1408 5960 1423 6013 7:
1444 5939 1553 6013 οὐδὲ
1569 5939 1934 6008 τελευτήσαντος
1963 5954 2052 6013 ἀφ·-

384 6010 553 6049 ιστατο
578 6005 606 6057 ἡ
630 6002 762 6064 χάρις
785 6003 1032 6062 αῦτη,άλλ’
1056 6006 1193 6063 αὐτὸς
1214 6008 1374 6059 ἐλύετο
1394 6012 1419 6059 ὀ
1440 6012 1649 6067 θάνατος.

1179 365 1236 421 S.
1277 365 1565 422 JOANNIS
1595 367 2081 428 CIIRYSOSTOMI
2121 371 2440 430 ARCBIEP.
2479 373 3026 433 CONSTANTINOP.
3114 378 3117 379 ⁷
3678 381 3775 439 Πθ

2174 483 2373 553 ᾐδέσθη
2420 485 2581 553 μόνον
2611 485 2711 555 τῆς
2755 484 2951 554 φλογὸς
2992 486 3026 555 ἡ
3062 482 3241 553 φύσις,
3283 484 3413 539 ἀλλὰ
3447 489 3536 541 καὶ
3564 493 3688 547 αὑτά
3725 500 3783 552 τά

2175 571 2497 641 ὑποδήματα
2528 588 2543 603 ·
2575 572 2670 625 καὶ
2717 571 2812 624 ἐπὶ
2841 571 2936 624 τοῦ
2970 570 3266 625 Ἐλισσαίου
3311 572 3428 626 οὐδὲ
3473 576 3785 650 τελευτήσαν-

2172 673 2283 720 τος,
2315 657 2487 721 οῦτως
2533 657 2718 711 ἐλύετο
2768 657 3035 720 θάνατος,
3078 660 3159 721 εἰς
3201 657 3369 726 τάφον
3406 660 3497 712 τοῦ
3541 666 3783 735 προφήτου

2174 745 2421 815 ῥιφέντος
2452 746 2638 816 ἐτέρου
2671 745 2886 817 νεκροῦ.
2916 744 3072 799 Οῦτω
3107 745 3170 816 δὴ
3206 747 3300 799 καὶ
3341 748 3567 820 σήμερον
3592 752 3780 819 γέγονε·

2172 831 2280 884 τῶν
2316 830 2425 903 γὰρ
2471 831 2739 901 λειψάνων
2786 830 3123 902 φερομένων,
3170 833 3485 903 ἐμπρησμοὶ
3532 835 3784 905 δαιμόνων,

2174 916 2425 983 ὀλολυγαὶ
2461 919 2555 971 καὶ
2596 919 2833 972 κωκυτοὶ
2868 919 3202 989 πανταχόθεν
3241 919 3454 989 ᾔροντο,
3486 922 3579 992 τῆς
3604 925 3787 991 ἀκτῖνος

2172 1004 2280 1057 τῶν
2308 1005 2480 1059 ὀστῶν
2514 1005 2857 1077 ἐκπηδώσης,
2896 1005 2987 1057 καὶ
3022 1006 3120 1076 τὴν
3150 1007 3406 1074 φάλαγγα
3444 1008 3547 1061 τῶν
3585 1010 3787 1065 ἀντικει-

2176 1090 2352 1159 μένων
2380 1093 2780 1162 κατακαιούσης
2809 1093 3111 1163 δυνάμεων.

2242 1177 2309 1247 β’.
2344 1179 2443 1231 Διά
2470 1179 2640 1232 ταῦτα
2659 1181 2862 1251 σκιρτῶ
2895 1181 2988 1233 καὶ
3006 1181 3237 1251 πέτομαι
3266 1179 3370 1233 ὖπδ
3391 1181 3486 1250 τῆς
3505 1182 3698 1252 ἠδονῆςο
3720 1186 3787 1239 δτι

2169 1262 2267 1334 τὴν
2305 1264 2508 1336 ἔρημον
2551 1266 2706 1320 πόλιν
2756 1267 3071 1337 ἐποιήσατε,
3115 1268 3213 1337 τὴν
3252 1266 3403 1319 πόλιν
3454 1270 3781 1335 κενώσαντες·

2167 1351 2249 1404 ὅτι
2280 1350 2377 1404 τὸν
2404 1352 2629 1406 πλοῦτον
2660 1355 2790 1423 ἡμῖν
2818 1353 2915 1423 τῆς
2958 1351 3282 1422 Ἐκκλησίας
3313 1353 3613 1418 ὐπεδείξατε
3649 1358 3789 1426 σήμε-

2170 1454 2282 1508 ρον.
2324 1438 2453 1491 Ἰδού
2505 1439 2647 1493 πόσα
2695 1440 2975 1511 πρόϐατα,
3021 1440 3117 1492 καὶ
3159 1439 3395 1509 οὐδαμοῦ
3438 1438 3620 1503 λύκος·
3653 1442 3787 1494 πόσαι

2169 1526 2429 1595 ἄμπελοι,
2462 1527 2553 1580 καὶ
2597 1527 2834 1597 οὐδαμοῦ
2864 1527 3108 1580 άκανθα·
3144 1527 3301 1579 πόσοι
3343 1528 3582 1596 στάχυες,
3612 1530 3694 1582 καὶ
3714 1530 3788 1582 οὐ-

2167 1611 2341 1681 δαμοῦ
2396 1613 2628 1677 ζιζάνια.
2674 1614 2924 1667 Θάλαττα
2966 1614 3076 1668 ἀπὸ
3120 1614 3221 1683 τῆς
3268 1614 3474 1676 πόλεως
3522 1615 3670 1685 μέχρι
3711 1616 3785 1667 τοῦ

2168 1700 2431 1770 παρόντος
2463 1701 2687 1770 ἐξετάθη
2730 1686 2949 1772 χωρίου,
2996 1701 3234 1756 θάλαττα
3280 1702 3536 1771 κυμάτων
3580 1703 3788 1772 ἀπηλλα-

2165 1788 2368 1858 γμένη,
2407 1789 2663 1855 ναυάγιον
2688 1790 2787 1843 οὐκ
2824 1789 3041 1858 ἔχουσα,
3075 1789 3357 1841 σκοπέλων
3382 1788 3786 1859 ήλευθερωμένη·

2166 1874 2404 1929 θάλαττα
2436 1877 2649 1947 μέλιτος
2680 1877 2880 1941 παντὸς
2921 1877 3249 1947 γλυκυτέρα,
3284 1876 3392 1930 τῶν
3422 1876 3653 1947 ποτίμων
3689 1876 3790 1929 ὐδάο

2163 1980 2272 2016 των
2315 1964 2678 2035 ποτιμωτέρα.
2722 1966 2836 2018 Οὐκ
2880 1964 2948 2018 ἄν
2996 1982 3081 2028 τις
3123 1964 3364 2035 ἁμάρτοι
3409 1964 3505 2034 τὴν
3555 1963 3787 2018 θάλατταν

2163 2049 2367 2120 ταύτην
2392 2051 2488 2105 καὶ
2525 2050 2766 2121 ποταμὸν
2803 2052 2975 2123 πυρὸς
3014 2050 3331 2122 προσειπών
3350 2069 3364 2082 ·
3396 2050 3565 2114 οὕτως
3594 2053 3644 2103 αί
3674 2050 3790 2120 λαμ-

2164 2136 2331 2201 πάδες
2356 2140 2412 2190 αί
2439 2137 2527 2192 διά
2555 2138 2652 2208 τῆς
2696 2138 2891 2201 νυκτὸς
2924 2139 2981 2191 αἱ
3010 2137 3213 2191 πυκναὶ
3250 2140 3349 2191 καὶ
3385 2141 3616 2207 συνεχεῖς
3656 2135 3791 2208 μέχρι

2163 2224 2257 2278 τοῦ
2308 2226 2607 2297 μαρτυρίου
2652 2225 2842 2279 τούτου
2874 2226 3166 2289 διαπαντὸς
3221 2225 3552 2289 ἐκταθεῖσαι,
3598 2223 3789 2293 πυρίνου

2164 2313 2407 2383 ποταμοῦ
2438 2314 2736 2382 φαντασίαν
2766 2310 3025 2385 παρεῖχον
3056 2315 3166 2376 τοῖς
3189 2313 3378 2382 ὀρῶσι.
3406 2312 3513 2366 Καὶ
3536 2311 3691 2364 ταῦτα
3711 2310 3790 2379 μὲν

2162 2401 2222 2454 ἐν
2247 2403 2313 2471 τῇ
2340 2402 2491 2455 νυκτί
2510 2418 2525 2432 ·
2558 2402 2659 2471 τῆς
2692 2402 2750 2454 δὲ
2781 2401 2993 2471 ἡμέρας
3036 2401 3301 2470 φανείσης
3342 2401 3522 2471 ἕτεραι
3549 2398 3791 2469 λαμπάδες

2163 2489 2326 2543 πάλιν
2339 2490 2638 2559 ἐφαίνοντο·
2666 2490 2882 2563 ἐκείνας
2900 2489 2999 2560 μέν
3016 2490 3123 2560 γάρ
3137 2489 3165 2541 ὀ
3183 2489 3337 2558 ῆλιος
3350 2489 3577 2557 ἀνίσχων
3586 2486 3789 2557 ἔκρυπτε

2164 2578 2256 2631 καὶ
2292 2578 2671 2649 ἀμαυροτέρας
2702 2577 2886 2642 ἐτίθει,
2929 2576 3029 2640 τὰς
3055 2576 3113 2629 δὲ
3145 2578 3205 2629 ἐν
3244 2578 3315 2647 τῇ
3359 2576 3582 2628 ἐκάστου
3617 2573 3792 2643 διανοίᾳ

2162 2666 2519 2737 φαιδροτέρας
2549 2666 2755 2719 ἐδείκνυ
2777 2681 2791 2695 ·
2823 2664 2917 2718 τοῦ
2952 2664 3060 2735 γάρ
3106 2663 3278 2730 πυρὸς
3326 2663 3533 2715 ἐκείνου
3574 2661 3659 2714 τοῦ
3687 2676 3789 2729 φαι-

2160 2751 2387 2821 νομένου
2413 2751 2742 2822 θερμότερον
2764 2750 2827 2804 τὸ
2857 2751 2957 2821 τῆς
2983 2748 3291 2821 προθυμίας
3315 2749 3414 2818 τῆς
3438 2747 3688 2817 ὑμετέρας
3708 2743 3788 2817 ἦν·

2161 2838 2256 2891 καὶ
2295 2839 2524 2903 ἕκαστος
2562 2838 2755 2908 διπλῆν
2784 2837 2945 2908 ἔφερε
2978 2835 3258 2906 λαμπάδα,
3299 2835 3397 2905 τὴν
3436 2833 3527 2887 τοῦ
3561 2833 3712 2903 πυρὸς
3743 2834 3791 2886 ἐν

2159 2929 2225 2997 τῇ
2257 2927 2433 2992 νυκτὶ,
2460 2924 2559 2997 τὴν
2590 2925 2689 2997 τῆς
2726 2924 3030 2996 προθυμίας
3067 2925 3161 2977 καὶ
3189 2924 3248 2975 ἐν
3275 2926 3343 2994 τῇ
3373 2923 3525 2976 νυκτὶ
3554 2922 3641 2974 καὶ
3666 2922 3715 2973 ἐν
3736 2923 3790 2991 τῇ

2162 3011 2369 3083 ἡμέρᾳ·
2421 3012 2620 3083 μᾶλλον
2668 3012 2725 3065 δὲ
2767 3011 2889 3064 οὐδέ
2940 3008 3111 3062 νύκτα
3146 3008 3333 3062 λοιπὸν
3384 3008 3589 3077 ἐκείνην
3634 3004 3788 3059 καλῶ·

2163 3099 2299 3171 πρὸς
2329 3099 2439 3170 γάρ
2474 3099 2574 3168 τὴν
2605 3099 2820 3171 ἡμέραν
2845 3097 3129 3168 ἡμιλλᾶτο,
3167 3097 3297 3160 τοὺς
3333 3096 3483 3159 υἱοὺς
3521 3094 3610 3149 τοῦ
3644 3093 3791 3163 φωτὸς

2162 3186 2308 3257 ὑμᾶς
2346 3184 2717 3257 περιφέρουσα
2739 3226 2756 3252 ,
2786 3184 2884 3237 καὶ
2917 3183 3130 3253 μυρίων
3154 3182 3403 3255 ἀστέρων
3442 3182 3535 3237 καὶ
3552 3180 3791 3250 ἑωσφόρον

2159 3271 2566 3344 λαμπροτέρους
2588 3273 2980 3341 ἀποφαίνουσα.
3008 3270 3219 3339 Ὠσπερ
3240 3269 3351 3341 γὰρ
3379 3269 3472 3323 καὶ
3498 3268 3589 3338 τήν
3614 3267 3791 3338 ἡμέραν

2159 3360 2327 3415 νύκτα
2358 3360 2602 3417 ποιοῦσιν
2628 3361 2677 3414 οἱ
2724 3359 3034 3430 μεθύοντες,
3062 3357 3204 3411 οὕτω
3234 3359 3331 3412 καὶ
3358 3356 3456 3420 τὴν
3485 3357 3645 3413 νύκτα
3676 3356 3791 3424 ὴμέ-

2164 3464 2261 3518 ραν
2290 3445 2610 3517 ἐργάζονται
2646 3446 2696 3499 οἱ
2725 3444 3151 3515 παννυχεύοντες
3187 3446 3283 3497 καὶ
3322 3444 3685 3515 ἐγρηγορότες.
3711 3440 3791 3493 Διὰ

2158 3533 2221 3604 δὴ
2254 3532 2412 3585 τοῦτο
2443 3532 2529 3585 διά
2563 3533 2741 3603 πάσης
2771 3533 2963 3595 νυκτὸς
2999 3532 3177 3585 ἐκεῖνο
3200 3530 3264 3585 τὸ
3292 3530 3622 3601 προφητικὸν

2158 3620 2287 3683 Νὺξ
2330 3619 2634 3688 φωτισμός
2664 3619 2733 3672 ἐν
2772 3617 2849 3687 τῇ
2892 3617 3088 3688 τρυφῇ
3124 3634 3270 3688 μου·
3317 3620 3416 3673 καὶ
3476 3620 3554 3671 ὅτι
3600 3618 3788 3677 σκότος

2158 3708 2230 3760 οὐ
2283 3704 2746 3772 σκοτισθήσεται
2796 3706 2915 3760 ἀπὸ
2966 3705 3117 3760 σοῦ·
3166 3705 3263 3759 καὶ
3323 3705 3440 3770 νὺξ
3495 3706 3572 3770 ὡς
3628 3701 3790 3769 ἡμέρα

2159 3794 2627 3862 φωτισθήσεται·
2653 3793 2734 3859 ὡς
2779 3792 2847 3846 τὸ
2895 3794 3115 3859 σκότος
3159 3792 3374 3861 αὐτῆς,
3418 3793 3565 3847 οὔτω
3602 3790 3689 3843 καί
3735 3787 3787 3840 τὸ
3888 3852 3893 3859 ε

2160 3880 2287 3950 φῶς
2329 3879 2534 3949 αὐτῆς.
2568 3881 2735 3944 Ποίας
2768 3880 2878 3952 γὰρ
2908 3880 3119 3953 ἡμέρας
3156 3881 3218 3933 οὐ
3264 3881 3458 3949 γέγονε
3503 3876 3791 3949 φαιδροτέρα

2160 3971 2193 4040 ή
2228 3968 2323 4033 νὺξ
2371 3968 2530 4039 αῦτη,
2566 3969 2624 4020 ἐν
2670 3967 2908 4042 τοσαύτῃ
2954 3960 3128 4039 χαράς
3168 3968 3443 4039 ὑπερϐολῇ
3486 3962 3789 4035 σκιρτῶντων

2158 4058 2432 4122 ἁπάντων,
2484 4057 2655 4127 χαράν
2705 4056 2934 4127 ἐχόντων
2969 4058 3369 4126 πνευματικὴν,
3421 4053 3671 4108 τοσούτων
3710 4050 3787 4101 tx-

2158 4144 2427 4215 χυθέντων
2454 4145 2661 4214 δήμιον,
2687 4145 2783 4196 καὶ
2805 4144 2905 4215 τὴν
2937 4143 3056 4197 ὀδὸν
3095 4144 3188 4196 καὶ
3232 4142 3333 4213 τὴν
3372 4141 3574 4214 ἀγορὰν
3608 4136 3791 4191 ἐπικλυο

2162 4233 2406 4294 σάντων;
2436 4230 2570 4283 Οὐδέ
2607 4230 2717 4301 γὰρ
2741 4225 2809 4300 ἧν
2840 4230 3032 4297 ἔδαφος
3066 4229 3273 4299 γυμνὸν
3311 4229 3458 4291 ίδείν,
3488 4226 3613 4281 ἀλλὰ
3638 4225 3788 4276 πᾶσαν

2158 4320 2257 4388 τὴν
2285 4319 2404 4371 ὁδὸν
2431 4317 2676 4389 σώμασιν
2705 4317 3060 4388 ἀνθρωπίνοις
3093 4315 3451 4385 καλύψαντες,
3483 4314 3602 4384 μίαν
3632 4309 3787 4379 σειράν

2159 4421 2277 4459 τινα
2318 4405 2549 4477 χρυσῆν,
2575 4404 2671 4457 καὶ¹
2724 4405 2948 4473 συνεχῆ,
2988 4403 3082 4455 καὶ
3116 4402 3361 4471 ποταμὸν
3405 4402 3499 4453 ἕνα
3536 4394 3695 4465 πολλῷ
3724 4392 3786 4461 τῷ

2160 4491 2323 4562 ροθίῳ
2378 4491 2675 4562 φερόμενον
2708 4490 2792 4542 διὰ
2830 4490 3008 4559 πάσης
3048 4488 3286 4553 ἐδείξατε
3338 4488 3439 4559 τῆς
3486 4482 3756 4551 ὁδοιπορίας
3771 4495 3783 4509 ⁸

2159 4581 2253 4632 καὶ
2297 4579 2409 4632 ἄνω
2462 4579 2560 4649 μὲν
2608 4579 2690 4642 εἰς
2730 4578 2821 4631 τὸν
2869 4577 3094 4647 οὐρανὸν
3127 4576 3518 4638 ἀναϐλέποντες
3561 4569 3784 4641 ἑωρῶμεν

2162 4666 2311 4740 [555]
2335 4668 2562 4739 σελήνην
2587 4667 2681 4721 καὶ
2706 4667 2939 4736 ἀστέρας
2963 4668 3019 4719 ἐν
3043 4667 3214 4737 μέσῳ,
3242 4666 3393 4719 κάτω
3414 4665 3470 4718 δὲ
3492 4662 3592 4715 τῶν
3612 4655 3783 4745 πιστῶν

2159 4755 2217 4807 τὸ
2246 4755 2465 4826 πλῆθος,
2509 4754 2602 4808 καὶ
2645 4755 2744 4824 τῆς
2788 4752 3016 4825 σελήνης
3054 4752 3430 4823 λαμπρότερον
3473 4752 3527 4803 ὲν
3554 4748 3623 4817 τῷ
3660 4743 3783 4817 μέσῳ

2158 4841 2256 4914 τὴν
2306 4841 2550 4914 βασιλίδα
2611 4842 2937 4914 φερομένην.
2978 4841 3190 4911 Ὥσπερ
3250 4841 3358 4911 γάρ
3403 4840 3451 4893 οί
3504 4836 3706 4907 ἀστέρες
3741 4830 3780 4882 οἱ

2160 4932 2309 4984 κάτω
2350 4930 2605 5001 ἀμείνους
2645 4929 2754 4983 τῶν
2797 4929 2938 4983 άνω·
2966 4927 3111 4982 οὕτω
3143 4929 3234 4980 καὶ
3274 4927 3411 4997 αῦτη
3443 4925 3569 4979 πολὺ
3597 4919 3782 4991 φαιδρο-

2157 5018 2291 5090 τέρα
2336 5019 2569 5088 ἐκείνης.
2604 5017 2669 5071 Τί
2702 5017 2841 5087 γάρ;
2880 5016 3133 5069 τοσοῦτον
3179 5014 3396 5086 σελήνη,
3435 5014 3554 5068 ὅσον
3580 5007 3707 5079 ψυχὴ
3733 5006 3779 5090 ἐν

2158 5088 2420 5176 ἀξιώματι
2459 5104 2703 5175 τοσούτῳ
2726 5102 2958 5174 τοσαύτῃ
2985 5100 3469 5172 κατακοσμουμένη
3500 5098 3690 5157 πίστεις
3726 5088 3778 5142 Τί

2157 5193 2222 5247 ἄν
2256 5210 2340 5257 τις
2372 5193 2542 5264 αὐτῆς
2570 5193 2837 5261 ἀγάσαιτο
2880 5192 3163 5264 πρότερον,
3209 5192 3299 5245 τὸν
3328 5188 3484 5261 ζῆλον
3510 5187 3596 5238 τὸν
3636 5179 3775 5250 πυρὸς

2158 5280 2504 5353 θερμότερον,
2536 5280 2633 5353 τὴν
2657 5280 2836 5334 πίστιν
2860 5280 2956 5351 τὴν
2982 5280 3287 5351 ἀδάμαντος
3315 5272 3671 5349 στερροτέραν.
3696 5266 3773 5353 τὴν

2159 5350 2446 5443 συντριϐήν
2473 5370 2571 5440 τῆς
2592 5350 2839 5436 *διανοίας
2867 5350 2958 5423 καὶ
2981 5370 3081 5441 τὴν
3105 5364 3607 5439 ταπεινοφροσύνην,
3638 5357 3695 5411 δι’
3719 5350 3772 5427 ἧς

2158 5460 2364 5522 πάντας
2410 5457 2726 5528 ἀπέκρυψε,
2781 5456 3053 5535 βασιλείαν
3100 5458 3196 5529 μέν
3247 5457 3339 5509 καὶ
3374 5454 3654 5523 διαδήματα
3697 5442 3770 5539 καὶ
3848 5490 3849 5493 η

2155 5547 2244 5598 τὸν
2295 5544 2544 5598 ἐντεῦθεν
2574 5545 2787 5600 ἃπαντα
2833 5532 3000 5615 τῦφον
3047 5545 3186 5616 μετά
3236 5543 3432 5613 πολλῆς
3471 5540 3656 5614 ῥίψασα
3692 5532 3770 5599 τῆς

2155 5633 2500 5706 περιουσίας.
2547 5632 2881 5705 ἐνδυσαμένη
2928 5633 2985 5687 δὲ
3037 5633 3132 5704 τὴν
3181 5631 3279 5702 τῆς
3323 5619 3767 5696 ταπεινοφροσύνης

2158 5721 2350 5792 στολὴν
2383 5721 2506 5774 ἀντὶ
2547 5721 2645 5792 τῆς
2677 5721 3019 5792 πορφυρίδος,
3051 5720 3145 5774 καὶ
3184 5718 3273 5773 διὰ
3313 5717 3507 5785 ταύτης
3547 5708 3765 5778 λάμψεαι

2162 5809 2456 5881 μειζόνως;
2488 5809 2762 5873 Βασιλίδες
2792 5808 2889 5878 μὲν
2923 5808 3026 5881 γὰρ
3045 5806 3236 5861 πολλαὶ
3272 5806 3516 5864 πολλάκις
3542 5798 3760 5867 ἐγένοντο,

2159 5886 2215 5950 αἳ
2247 5898 2344 5967 τῆς
2377 5898 2567 5969 στολῆς
2598 5897 2766 5967 αὐτῆς
2812 5897 2907 5949 καί⁵
2945 5897 3053 5949 τῶν
3080 5895 3416 5967 διαδημάτων
3452 5883 3761 5969 ἐκοινώνησαν

2164 5966 2342 6055 μόνον,
2388 5986 2481 6039 καὶ
2514 5966 2610 6056 τῆς
2647 5966 2801 6053 δόξης
2836 5984 2933 6055 τῆς
2969 5966 3283 6056 βασιλικῆς·
3316 5980 3505 6049 ταύτης
3540 5973 3587 6026 δὲ
3622 5966 3756 6040 μόνης
