3892 6402
227 366 289 429 no
630 362 655 428 ll
680 355 1166 438 hostiumiam“
1207 355 1571 438 adsiccant
1611 356 1961 441 anatona/ia
2003 372 2571 445 nanrvnuumrc.

217 482 408 538 tutcm.’an
442 482 591 539 civitatis
610 481 923 537 alacritatem?
946 496 1013 535 an
1043 479 1396 552 lmperatricis
1422 494 1515 535 ze-

205 574 298 630 lum?
311 590 356 629 an
370 575 570 647 principum
585 590 835 631 concursum
852 574 876 628 ἒ)
899 589 964 626 an
989 572 1186 627 diaboli
1210 570 1518 626 infamiam?

196 684 239 723 an
255 669 457 723 damnatum
478 667 646 723 cladem?
666 666 900 722 Ecclesia-
924 664 1261 719 nobilitatem
1280 704 1295 729 ,
1337 662 1515 717 crucis

191 763 373 822 virtutem,
395 757 568 815 Crucillxi
599 757 823 821 miracula,
852 755 1025 810 Patris
1049 754 1309 825 gloriam,
1339 752 1513 822 Spiri-

184 862 234 912 tus
248 854 419 925 gratiam,
434 852 562 922 populi
583 850 695 906 totius
712 850 1057 919 voluptatem,
1084 847 1316 903 civitatis
1336 846 1517 902 exsul-

176 951 351 1013 tatioues,
375 944 649 1000 monachorum
681 953 860 1008 cretus,
882 942 1147 1011 virginum
1174 940 1369 995 choros
1388 982 1403 1005 ,
1431 954 1517 993 sa-

169 1042 347 1097 rerdotum
368 1038 538 1104 ordines,
559 1036 835 1092 scecularium
858 1036 1095 1089 virorum
1133 1030 1510 1097 constantiam,

168 1144 368 1193 errorum,
391 1129 606 1183 liberorum
622 1168 634 1192 ,
658 1128 959 1197 principum,
988 1124 1320 1179 subditorum
1339 1160 1355 1189 ,
1378 1136 1510 1189 pau-

165 1239 295 1289 rrum,
316 1220 515 1285 divitum,
540 1220 907 1289 peregrinorum,
938 1216 1174 1271 civium?
1201 1213 1513 1285 Opportune

163 1333 181 1369 ιε
204 1313 385 1368 omnibus
410 1313 605 1367 dicatur:
637 1311 740 1378 Quis
782 1311 1013 1379 loquetur
1054 1309 1305 1378 potentias
1357 1314 1468 1359 tuas
1491 1345 1508 1372 ,

162 1409 298 1469 tantine,
324 1406 485 1459 auditas
505 1405 624 1473 faciet
643 1418 793 1457 omnes
824 1402 998 1455 laudes
1025 1411 1138 1453 tuas
1166 1398 1338 1471 (Psal.
1384 1397 1506 1453 105.

166 1498 382 1553 2Mulieres
404 1498 444 1550 in
469 1496 665 1577 [Italamis
688 1505 978 1559 versantes,
997 1501 1184 1547 etcera
1212 1489 1507 1557 molliores,

157 1588 428 1643 'ictiszudibus
451 1597 495 1643 et
516 1586 669 1653 tectis,
696 1601 811 1639 cum
844 1582 1231 1639 robustissimis
1271 1581 1506 1635 virorum

156 1682 306 1735 veritate
319 1678 563 1741 certabant,
584 1686 756 1731 tantum
776 1676 981 1730 itineris
1000 1674 1223 1743 pedibus
1240 1686 1504 1737 emensas;

155 1791 163 1827 l
175 1775 352 1842 juvenes
370 1771 520 1837 modo,
538 1770 615 1825 sed
636 1770 778 1825 etiam
802 1785 935 1823 anus
964 1785 977 1820 :
1009 1782 1180 1838 neque
1199 1777 1404 1822 natura!
1426 1767 1507 1821 in-

156 1870 258 1931 ritas,
280 1882 422 1936 neque
456 1867 598 1920 solitae
628 1865 729 1917 vita:
752 1862 1023 1926 mollities,
1066 1876 1240 1931 neque
1273 1860 1503 1916 celebri-

154 1976 160 2009 ι
191 1960 345 2027 pompa
384 1955 711 2027 impedimento
741 1956 911 2008 fuere.
948 1952 1220 2022 Principes
1251 1952 1348 2023 ipsi
1380 1969 1499 2009 rur-

170 2051 335 2103 relictis
358 2050 590 2112 curribus,
619 2046 881 2100 lictoribus
905 2055 959 2100 et
990 2038 1334 2110 'satellitibus,
1359 2045 1501 2115 plebi

170 2142 470 2195 adrniscuere.
501 2140 677 2209 Ecquid
699 2138 947 2192 mulieres
977 2135 1354 2207 principesque
1387 2152 1505 2193 me-

157 2249 214 2297 m,
238 2232 424 2301 quando
447 2232 525 2285 illa
557 2233 653 2300 ipsa
680 2246 792 2301 quae
820 2227 1064 2283 diadema
1103 2239 1274 2299 gestat
1294 2240 1348 2284 et
1370 2247 1499 2300 pur-

155 2324 372 2388 induitur,
400 2337 482 2392 per
508 2332 651 2377 totam
680 2324 810 2375 viam
846 2338 910 2376 ne
942 2324 1203 2376 tantillum
1232 2322 1443 2392 quidem
1468 2339 1497 2377 a

154 2415 213 2468 iis
230 2415 442 2483 separari
463 2414 640 2479 voluit;
669 2416 755 2469 sed
775 2415 983 2468 ancillae
1004 2417 1172 2469 instar
1184 2424 1401 2469 sanctos
1421 2429 1498 2469 se.

155 2518 243 2574 tur,
274 2508 465 2563 thecam
486 2519 533 2563 et
554 2510 713 2562 velum
743 2510 1139 2577 superpositum
1169 2518 1415 2578 tangens,
1442 2519 1497 2563 et

155 2618 176 2655 η
228 2599 497 2655 humanum
546 2601 725 2656 fastum
773 2601 1010 2667 calcans,
1048 2612 1207 2673 atque
1262 2603 1314 2657 in
1366 2604 1493 2657 tanti

174 2692 338 2748 medio
355 2709 382 2747 a
406 2692 592 2764 populo
617 2693 886 2749 videbatur
910 2694 1021 2761 illa,
1044 2708 1202 2764 quam
1232 2710 1300 2750 ne
1323 2710 1493 2750 eunu-

156 2783 279 2839 idem
298 2784 554 2852 omnibus,
570 2785 654 2855 qui
675 2788 723 2841 in
752 2787 1091 2856 imperatoria
1110 2787 1323 2841 aluntur
1349 2789 1491 2855 aula,

160 2890 242 2931 ere
258 2876 398 2932 licet.
414 2877 513 2933 Sed
533 2888 818 2950 martyrum
839 2895 990 2932 arnor
1012 2894 1148 2948 pene
1182 2880 1492 2951 tyrannicus

158 2969 243 3025 itis
266 2969 471 3025 ﬂamma
491 2971 587 3041 ipsi
614 2981 671 3025 ut
693 2971 866 3025 larvas
882 2986 1069 3025 omnes
1088 2972 1208 3026 illas
1236 2972 1494 3041 abjiceret

166 3071 325 3132 utque
367 3071 549 3132 aperte
589 3077 742 3117 suum
788 3077 914 3132 erga
958 3074 1176 3117 sanctos
1225 3072 1493 3136 martyres

173 3154 469 3210 exhiberet.
498 3153 803 3210 Recordata
834 3155 1031 3225 quippe
1058 3164 1141 3210 cst
1169 3155 1310 3211 beati
1336 3157 1494 3212 Davi-

162 3259 214 3303 et
254 3264 489 3319 purpura
517 3249 837 3305 induebatur
867 3259 920 3304 et
949 3250 1192 3306 diadema
1226 3251 1491 3322 gestal‘at,

162 3356 276 3410 que
307 3341 588 3397 obtinebat
611 3342 665 3396 in
698 3342 1018 3397 llcbraleum
1050 3344 1327 3413 pupulum,
1358 3359 1493 3413 quo-

180 3444 366 3488 arcam
393 3431 779 3497 transferebat,
829 3432 914 3487 illa
946 3442 1052 3487 tota
1091 3448 1251 3488 scena
1301 3434 1489 3489 relicta

168 3520 451 3577 tchoreas
470 3523 706 3592 agebat,
741 3524 984 3593 tripudiis
1016 3524 1204 3579 ludens
1256 3524 1483 3595 magnis,

161 3615 274 3667 ltus
300 3614 555 3669 laetitiam
599 3630 766 3685 quam
798 3615 864 3671 de
894 3619 969 3671 rei
1019 3617 1327 3673 celebritate
1352 3633 1488 3672 cons-

170 3706 517 3776 igm'ﬂcabat.
560 3708 724 3776 Quod
774 3708 818 3762 si
874 3711 925 3763 in
976 3710 1160 3764 umbra
1210 3720 1266 3765 et
1322 3712 1484 3782 figura

161 3813 387 3853 rvorem
440 3800 753 3855 ostendere
782 3814 879 3869 par
906 3808 1043 3866 erat,
1073 3811 1274 3871 quanto
1320 3803 1487 3872 magis

161 3894 400 3964 :gratiae
431 3904 492 3950 et
522 3896 821 3950 veritatis?
840 3896 1268 3966 quandoquidem
1291 3905 1345 3951 et
1372 3896 1486 3952 haec

162 3985 449 4041 tsferebat
510 3986 687 4058 longe
745 3988 1169 4057 pra-stantiorem
1205 3989 1292 4043 illa
1325 3988 1484 4043 Davi-

163 4080 340 4151 leque
372 4080 535 4136 enim
599 4080 727 4134 hanc
780 4080 986 4134 tabulas
1038 4080 1195 4136 habet
1221 4081 1481 4150 lapideas,

170 4173 556 4243 spirituales,
580 4183 643 4228 et
670 4174 903 4243 gratiam
934 4172 1236 4238 ﬂorentem,
1258 4174 1485 4229 donum~

163 4267 341 4332 dens,
374 4274 437 4320 et
488 4279 630 4319 ossa
687 4280 814 4319 cum
872 4265 1000 4334 ipsis
1028 4264 1292 4319 solaribus
1322 4265 1484 4319 radiis

163 4358 441 4423 'nantia,
516 4358 649 4413 imo
714 4355 1134 4427 Splendidiorem
1185 4357 1481 4412 eminentia

164 4448 417 4502 colat-em
478 4462 759 4518 namque
802 4446 1043 4503 videntes
1086 4447 1293 4502 radium
1350 4448 1481 4504 nihil

164 4555 445 4605 mones;
503 4539 619 4595 sed
678 4540 1027 4610 splendorem
1058 4539 1183 4596 hinc
1226 4543 1479 4598 exsilien-

161 4640 337 4687 entes
388 4639 800 4685 excmcantur
825 4637 880 4685 et
905 4616 1137 4700 fugiunt,
1166 4643 1326 4703 atque
1356 4649 1482 4703 pros

159 4731 247 4776 ent
279 4741 299 4779 :
347 4732 531 4777 tanta
566 4721 673 4775 vis
704 4727 893 4782 estvel
908 4722 1105 4777 cineris
1133 4735 1482 4783 sanctorum:

163 4832 276 4870 nm
321 4817 512 4870 intus
549 4815 619 4869 in
660 4814 918 4885 reliquiis
938 4816 1037 4871 sita
1061 4826 1164 4884 est,
1196 4819 1288 4874 sed
1320 4822 1480 4875 etiam

158 4922 383 4965 ressa.
430 4908 740 4977 impuras
788 4906 909 4961 illas
955 4918 1243 4978 potestates
1294 4912 1483 4982 depel-

157 5017 271 5071 qm
309 5016 477 5057 cum
536 5001 678 5057 ﬁde
712 5000 1003 5067 accedunt,
1048 5017 1169 5057 cum
1216 5014 1482 5074 potestate.

158 5101 286 5147 33‘.
1453 5128 1487 5151 υ

184 5196 449 5255 pietas.
488 5215 591 5226 -—
634 5184 785 5241 Ideo
812 5185 1011 5241 Christi
1033 5201 1219 5242 amans
1241 5187 1480 5258 Impera-

160 5282 443 5349 equeba
454 5287 577 5332 ιιιι·
599 5318 620 5343 ,
664 5278 1036 5348 tangebatque
1062 5280 1368 5352 frequenter
1387 5283 1479 5337 be-

159 5372 253 5425 ibi
294 5369 729 5436 attraheus,
756 5381 918 5442 atque
941 5371 1006 5425 ad
1038 5374 1315 5441 pulchrum
1349 5377 1476 5432 illud

166 5463 667 5519 ammercium
700 5503 725 5531 ,
756 5474 967 5519 ceteros
996 5478 1186 5521 omnes
1229 5468 1478 5523 institue-

198 5569 283 5611 ιιι
348 5573 447 5612 ex
514 5556 665 5611 hoc
700 5557 858 5613 fonte
890 5557 1199 5624 haurirent,
1249 5575 1317 5617 ex
1372 5577 1475 5631 quo

191 5667 206 5679 '
251 5660 336 5705 et.
372 5664 775 5721 ntttnquam
808 5658 1114 5704 evacuatur.
1149 5649 1294 5706 Sicut
1327 5655 1469 5707 enim

605 5829 729 5877 col.
763 5828 840 5880 90.
866 5822 973 5885 6l7.
1001 5828 1127 5878 669-

696 5922 924 5982 LXIII.

211 5837 366 5878 ratur
406 5838 457 5879 ι.
500 5829 567 5876 Ξ.

227 5937 368 5978 οι..
438 5922 615 5982 Gn.

3109 387 3208 441 4ῗο

1631 477 1853 534 fontium
1901 480 2098 537 ﬂuenta
2140 489 2438 540 scaturiunt
2490 503 2590 543 nec
2618 488 2754 545 intra
2787 494 3032 563 proprios
3059 510 3209 553 smus

1625 572 1985 636 continentur,
2018 574 2112 629 sed
2157 577 2430 633 exundant
2472 589 2526 635 et
2578 584 3007 652 superefﬂuunt:
3038 589 3108 643 ita
3154 604 3212 646 et

1623 663 1857 733 Spiritus
1898 668 2090 735 gratia,
2120 683 2240 744 quae
2284 670 2335 723 in
2379 672 2589 726 ossibus
2614 675 2812 731 insidet
2838 693 2903 734 ac
2931 694 3053 735 cum
3080 696 3208 737 sana

1621 754 1722 809 etis
1753 754 2035 820 inhabitat,
2084 767 2137 810 et
2181 756 2234 810 in
2279 758 2415 815 alios
2446 762 2785 831 profunditur
2812 768 2902 837 qui
2951 785 3071 826 cum
3103 774 3209 830 fide

1623 843 1743 897 illus
1773 857 2088 915 sequuntur,
2113 857 2274 917 atque
2301 850 2368 904 ab
2396 854 2571 907 anima
2603 858 2655 909 in
2694 872 2890 928 corpus
2922 864 3207 933 redundat,

1620 945 1675 990 et
1702 950 1732 990 a
1762 952 1991 1007 corpore
2015 940 2066 992 in
2097 941 2436 1008 vestimenta,
2468 959 2497 995 a
2530 947 2861 1004 vestimentis
2889 952 2940 1006 in
2969 956 3206 1021 calceos,

1618 1028 1864 1084 acalceis
1910 1030 1963 1083 in
1995 1030 2211 1086 umbras
2259 1034 2515 1088 excurrit.
2548 1037 2776 1109 Ideoque
2824 1058 2930 1098 non
2979 1062 3203 1119 corpora

1618 1129 1824 1175 tantum
1882 1131 2189 1178 sanctorum
2254 1125 2619 1193 apostolorum
2702 1146 3042 1203 operantur,
3111 1141 3204 1194 sed

1616 1213 1778 1267 etiam
1831 1214 2043 1268 sudaria
2094 1226 2151 1269 et
2186 1217 2513 1271 senticinctia
2565 1219 2722 1289 (Act.
2778 1223 3045 1297 19.12);
3097 1230 3205 1285 imo

1617 1306 1822 1360 umbrae
1874 1306 2018 1362 Petri
2066 1308 2196 1378 ipsis
2239 1311 2540 1367 viventibus
2591 1316 2794 1384 majora
2842 1322 3206 1388 cperabantur

1614 1395 1953 1469 (.let.5.15).
1976 1398 2170 1454 Melcte
2205 1415 2419 1471 quoque
2461 1404 2656 1473 injecta
2686 1422 2845 1476 snpra
2874 1426 3068 1480 corpus
3101 1416 3203 1469 Eli-

1613 1490 1729 1553 sri,
1760 1490 2027 1561 duplicem
2058 1495 2154 1563 ipsi
2185 1496 2408 1564 gratiam
2442 1497 2649 1554 induxit
2677 1500 2753 1573 (3.
2783 1503 2907 1575 Reg.
2944 1506 3031 1561 19.
3065 1508 3155 1580 19)
3184 1528 3199 1565 :

1613 1595 1718 1633 non
1758 1583 1900 1636 enim
1943 1598 2140 1653 corpus
2181 1585 2361 1640 Elismi
2409 1596 2635 1655 tantum,
2688 1594 2781 1647 sed
2830 1598 2992 1651 etiam
3036 1603 3197 1654 vesti—

1613 1680 1850 1728 mentum
1880 1671 2011 1729 illud
2041 1676 2257 1744 plenum
2304 1680 2472 1747 gratia
2519 1693 2653 1737 erat.
2686 1683 2918 1756 Ideoque
2946 1689 2996 1742 in
3029 1692 3200 1746 tribus

1610 1766 1794 1834 pueris
1840 1766 2070 1822 ﬂannna:
2100 1779 2286 1823 natura
2318 1786 2423 1826 non
2454 1774 2630 1829 solum
2659 1777 2803 1845 ipsos
2830 1783 3058 1836 reverita
3090 1794 3194 1850 est,

1609 1856 1703 1911 sed
1730 1857 1891 1912 etiam
1919 1858 2156 1929 ipsorum
2183 1861 2394 1917 calceos
2418 1862 2578 1931 (Dan.
2616 1866 2666 1920 5.
2697 1867 2813 1935 94).
2853 1870 2918 1923 Et
2948 1872 3195 1929 Eliswurrr

1609 1966 1783 2019 neque
1823 1961 2094 2007 mortuum
2138 1953 2219 2007 vis
2263 1955 2351 2008 illa
2399 1956 2640 2011 deseruit
2678 1977 2691 2012 :
2725 1961 2950 2029 injectus
2998 1970 3197 2036 quippe

1608 2051 1851 2097 mortuus
1891 2043 1943 2095 in
1991 2043 2293 2112 sepulcrum
2342 2046 2634 2115 prophetae,
2658 2064 2688 2102 a
2720 2061 2892 2107 morte
2935 2053 3194 2110 liberatus

1605 2141 1689 2188 est
1721 2133 1799 2205 (4.
1829 2134 1960 2205 Reg.
1995 2136 2080 2191 15.
2109 2136 2227 2205 21).
2260 2137 2349 2192 Sic
2395 2148 2451 2193 et
2494 2139 2654 2195 hodie
2682 2141 2876 2198 factum
2907 2156 3027 2201 est:
3060 2148 3185 2203 dum

1605 2226 2018 2297 enimreliquia:
2046 2238 2403 2298 gestarentur,
2434 2232 2740 2291 daemonum
2771 2238 3035 2304 incendia,
3075 2244 3191 2296 ulu-

1607 2321 1745 2375 latus
1772 2330 1827 2375 et
1849 2322 2261 2378 lamentationes
2291 2325 2522 2394 nandique
2548 2327 2873 2397 ferebantur,
2906 2336 3190 2390 exsiliente

1602 2413 1803 2467 ossium
1825 2414 1976 2468 radio
1998 2425 2053 2470 et
2080 2416 2504 2473 adversariarutn
2534 2430 2853 2490 potestatum
2876 2427 3189 2498 phalangem

1603 2506 1950 2563 incendente.

1680 2605 1735 2659 2.
1771 2604 2061 2676 Propterea
2097 2608 2312 2663 exsulto
2363 2617 2417 2664 et
2462 2625 2572 2680 prae
2622 2613 2899 2681 voluptate
2952 2614 3185 2668 volatum

1610 2708 1830 2753 assumo
1859 2700 1979 2768 quia
2010 2700 2283 2755 desertum
2325 2703 2600 2757 civitatem
2641 2705 2919 2767 effecistis.
2946 2708 3073 2775 quia
3104 2708 3187 2761 di-

1610 2790 1769 2843 vitias
1810 2789 2064 2845 Ecclesiae
2103 2793 2260 2847 nobis
2305 2793 2464 2849 hodie
2497 2794 2844 2851 exhibuistis.
2882 2798 3021 2853 Ecce
3053 2810 3188 2869 quot

1608 2894 1761 2943 oves,
1791 2888 1845 2934 et
1882 2896 2151 2951 nusquam
2194 2883 2385 2953 lupus;
2423 2893 2555 2954 quot
2602 2886 2793 2949 vineae,
2819 2897 2874 2942 et
2914 2903 3185 2958 nusquam

1608 2966 1794 3034 spina;
1842 2980 1973 3035 quot
2013 2969 2199 3037 spicae,
2251 2980 2305 3024 et
2350 2988 2618 3042 nusquam
2669 2977 2898 3031 zizania.
2940 2978 3085 3032 Mare
3117 2978 3187 3032 ab

1610 3055 1744 3109 urbe
1780 3054 1846 3106 ad
1881 3056 2025 3110 hunc
2075 3074 2248 3127 usque
2287 3060 2461 3114 locum
2507 3072 2789 3117 extensum
2826 3074 2936 3131 est;
2968 3082 3119 3121 mare
3155 3082 3185 3119 a

1608 3145 1867 3199 ﬂuctuum
1898 3150 2152 3216 procellis
2187 3151 2445 3216 liberum,
2481 3154 2824 3225 naufragium
2860 3172 2965 3209 non
2994 3156 3184 3221 habet,

1608 3251 1640 3290 a
1682 3240 1920 3307 scopulis
1959 3256 2187 3294 vacuum
2230 3250 2339 3309 est;
2381 3259 2533 3299 mare
2570 3246 2717 3300 omni
2754 3247 2913 3301 melle
2944 3248 3183 3311 dulcius,

1606 3330 1783 3398 magis
1816 3331 2051 3400 potabile
2088 3345 2248 3401 quam
2285 3347 2439 3402 aqua!
2479 3337 2765 3404 potabiles.
2796 3336 2984 3408 Neque
3025 3338 3186 3393 abora
3222 3362 3225 3365 <

1597 3425 1798 3480 ravcrit
1821 3426 1910 3495 qui
1954 3426 2055 3478 hoc
2084 3439 2232 3479 mare
2258 3425 2419 3480 etiam
2446 3426 2667 3482 ﬂuvium
2693 3428 2833 3500 ignis
2862 3436 3136 3487 Vocaverit
3167 3452 3178 3484 :

1597 3517 1668 3571 ita
1685 3532 1876 3586 nempe
1894 3516 2169 3586 lampades
2187 3531 2304 3586 quae
2323 3528 2483 3572 noctu
2510 3519 2817 3589 frequentes
2836 3537 2899 3577 ac
2916 3524 3185 3580 continuae

1595 3609 1658 3662 ad
1685 3623 1852 3678 usque
1884 3610 2196 3679 martyrium
2228 3609 2329 3664 hoc
2358 3610 2691 3677 ferebantur,
2707 3611 2852 3668 ﬂuvii
2882 3616 3020 3685 ignei
3051 3618 3185 3671 ima-

1595 3702 1773 3771 ginem
1806 3700 2111 3755 videntibus
2136 3701 2490 3757 exhibebant.
2517 3704 2585 3758 Et
2617 3706 2732 3761 lure
2748 3708 2965 3777 quidem
2983 3722 3180 3775 noctu;

1593 3791 1682 3845 die
1704 3800 1885 3844 autem
1913 3790 2259 3847 illucescente
2280 3793 2400 3847 aliae
2421 3809 2634 3850 rursum
2667 3798 2938 3869 lampades
2964 3804 3181 3873 conspi-

1592 3884 1904 3939 ciebantur:
1926 3885 2045 3939 illas
2058 3886 2255 3955 quippe
2282 3888 2361 3941 sol
2393 3888 2579 3944 oriens
2595 3891 2879 3963 obtegebat
2904 3904 2960 3950 et
2986 3896 3182 3952 obseu-

1594 3979 1765 4032 riores
1786 3978 2081 4043 reddebat;
2111 3980 2239 4034 istas
2266 3996 2414 4047 vero,
2433 3998 2553 4052 qua:
2582 3986 2634 4038 in
2667 3986 3001 4057 singulorum
3034 4006 3182 4045 men-

1592 4069 1736 4125 tibus
1766 4069 1988 4140 fulgent,
2022 4071 2254 4128 laetiores
2273 4075 2594 4131 ostendebat
2623 4094 2636 4131 :
2667 4095 2790 4134 nam
2823 4081 2946 4152 igne
2974 4085 3064 4139 illo
3091 4087 3180 4156 qui

1593 4172 1809 4232 apparet
1834 4164 2112 4218 ardentior
2133 4175 2247 4219 erat
2265 4164 2355 4220 ille
2370 4167 2459 4236 qui
2484 4169 2536 4222 in
2559 4168 2838 4227 alacritate
2856 4183 3031 4229 vestra
3049 4192 3179 4232 eon-

1591 4255 1730 4308 sistit
1745 4271 1758 4307 :
1773 4263 1827 4308 et
1844 4256 2036 4325 singuli
2049 4255 2317 4326 duplicem
2334 4257 2638 4329 lampadem
2655 4263 2954 4332 gestabant,
2972 4268 3180 4337 igneam

1592 4345 1738 4399 illam
1769 4356 1929 4400 noctu
1953 4382 1969 4413 ,
1999 4362 2118 4402 eam
2151 4363 2281 4405 vero
2305 4365 2425 4420 quae
2455 4351 2509 4406 in
2538 4352 2816 4411 alacritate
2844 4369 3019 4413 vestra
3047 4363 3182 4415 resi-

1591 4436 1680 4491 det
1719 4448 1774 4493 et
1819 4448 1978 4493 noctu
2026 4449 2080 4494 et
2125 4439 2361 4497 interdiu
2392 4461 2406 4498 :
2435 4444 2543 4499 imo
2595 4461 2722 4502 vero
2757 4464 2930 4520 neque
2964 4464 3175 4509 noctem

1591 4529 1733 4583 illam
1764 4540 1900 4585 voco
1933 4549 1947 4583 :
1980 4547 2101 4585 eum
2135 4532 2222 4588 die
2259 4548 2489 4605 namque
2517 4540 2883 4607 concertabat,
2917 4543 3041 4597 dum
3083 4561 3180 4602 vos

1591 4621 1725 4675 lucis
1759 4622 1895 4676 tilios
1931 4623 2325 4691 circumferret,
2361 4634 2417 4682 et
2461 4628 2634 4683 stellis
2665 4628 2960 4687 innumeris
2990 4635 3179 4692 lucife-

1590 4730 1759 4786 roque
1782 4717 2180 4786 splendidiores
2209 4719 2511 4776 exhiberet.
2544 4721 3008 4789 Quemadmodum
3033 4731 3177 4784 enim

1588 4807 1784 4863 ebriosi
1833 4817 2044 4865 noctem
2094 4810 2146 4863 in
2198 4809 2342 4867 diem
2372 4816 2843 4871 convertuntzsic
2884 4826 2939 4871 et
2965 4830 3179 4876 noctem

1589 4901 1829 4957 efficiunt
1874 4901 2019 4959 diem
2056 4903 2089 4957 ii
2134 4904 2224 4973 qui
2275 4905 2550 4976 pervigilia
2581 4916 2747 4978 agunt
2788 4912 3175 4981 expergefacti.

1591 4996 1821 5065 Ideoque
1850 5010 1945 5065 per
1975 5004 2141 5051 totam
2188 5005 2402 5053 noctem
2448 5002 2822 5071 propheticum
2854 5004 2984 5060 illud
3012 5022 3175 5061 canc-

1590 5087 1716 5142 bant
1736 5106 1749 5142 :
1766 5087 1890 5142 Nox
1917 5088 2228 5143 illuminatia
2258 5106 2369 5144 mea
2385 5091 2438 5145 in
2465 5091 2663 5149 deliciis
2683 5096 2842 5163 meis;
2870 5108 2918 5151 et
2962 5099 3176 5156 tenebras

1586 5197 1686 5235 non
1705 5182 2105 5237 obscurabuntur
2132 5199 2165 5236 α
2191 5192 2259 5251 te,
2285 5189 2332 5238 et
2357 5202 2461 5240 nox
2480 5189 2607 5241 sicut
2631 5188 2739 5244 dies
2755 5191 3129 5249 illuminabitnr
3159 5211 3178 5251 .'

1584 5276 1713 5328 sicut
1738 5284 1785 5328 et
1813 5274 2030 5329 tenebrae
2048 5275 2181 5346 ejus,
2215 5277 2361 5339 iuuet
2388 5279 2556 5334 lumen
2582 5282 2693 5352 ejus
2720 5281 2890 5350 (Psaf.
2921 5288 3046 5343 155.
3082 5290 3172 5343 Η.

1587 5370 1700 5442 12).
1733 5369 1850 5436 Quo
1880 5370 2022 5425 enim
2054 5371 2143 5425 die
2182 5386 2293 5426 non
2332 5373 2505 5429 laetior
2535 5374 2634 5430 fuit
2662 5388 2767 5431 nox
2801 5379 2888 5433 illa
2919 5382 3171 5437 omnibus

1585 5469 1733 5515 tanto
1757 5461 1954 5532 gaudio
1983 5462 2374 5519 exsultantibus
2398 5506 2413 5532 ,
2447 5465 2710 5535 spirituali
2755 5467 2935 5525 laetitia
2981 5472 3173 5541 plenis.

1583 5564 1663 5609 tot
1700 5553 1884 5609 eﬂ‘usis
1912 5556 2140 5624 populis,
2172 5557 2261 5626 qui
2292 5567 2348 5613 et
2374 5559 2474 5612 via:
2512 5568 2567 5613 et
2602 5559 2700 5615 fori
2732 5559 2934 5617 aditum
2958 5566 3173 5620 claude-

1582 5646 1747 5699 bant?
1774 5645 1955 5715 Neque
1980 5648 2123 5702 enim
2155 5658 2363 5717 poterat
2404 5652 2605 5708 nudum
2635 5655 2811 5711 solum
2852 5656 3044 5725 videri,
3078 5661 3171 5712 sed

1586 5745 1744 5792 totam
1776 5740 1911 5793 viam
1940 5742 2257 5811 corporibus
2273 5743 2526 5802 humanis
2555 5750 2879 5819 aperientes,
2902 5752 2994 5807 sed
3015 5769 3175 5807 unant

1588 5840 1827 5886 Catenam
1880 5848 2093 5891 auream
2125 5847 2174 5891 ct
2194 5838 2523 5909 continuam,
2558 5841 2774 5897 ﬂuvium
2807 5860 2969 5898 unum
3003 5847 3171 5900 multa

2763 5932 2841 5995 23
