3892 6402
587 333 679 388 HI

588 446 791 513 impetu
811 442 1139 498 manantem,
1165 446 1259 501 per
1281 438 1449 486 totum
1467 430 1569 485 iter
1593 427 1944 484 exbibuistis:
1972 434 2027 482 et
2047 441 2163 481 sur-

585 548 705 589 sum
725 528 943 602 quidem
970 528 1020 581 in
1038 524 1228 580 caelum
1245 522 1567 593 aSpicientes
1582 522 1763 576 lunam
1784 518 2094 574 videbamus
2112 524 2167 572 et

583 625 769 681 stellas
800 624 851 677 in
876 620 1080 683 medio,
1114 618 1250 671 inira
1297 630 1428 671 vero
1473 614 1711 669 ﬁdelium
1741 611 2163 675 multitudinem,

583 730 635 774 et
655 720 776 772 luna
794 712 1210 786 splendidiorem
1230 710 1283 764 in
1306 708 1483 764 medio
1502 706 1896 778 lmperatricem
1925 713 2164 759 euntem.

583 810 734 864 Sicut
754 807 898 861 enim
918 803 1089 858 stellae
1120 801 1402 856 inferiores
1428 796 1826 868 prmsmntiores
1853 802 1979 850 sunt
2007 807 2166 861 supe-

1373 318 1431 376 S.
1456 316 1734 375 JOANNIS
1768 313 2244 372 CHRYSOSTOMI
2282 315 2602 371 ARCIHEP.
2644 313 3185 372 CONSTANTINOP.

3671 325 3746 383 ιτξ

2272 441 2708 493 annumeremus,
2727 429 2849 497 quia
2868 437 2923 482 tu
2943 428 3302 483 Ecclesiarum
3314 430 3524 485 omnium
3538 444 3739 507 pertusas,

2274 525 2327 571 et
2349 517 2599 586 praesenti
2625 532 2789 588 regno
2805 520 2973 574 uteris
2986 520 3054 574 ad
3071 519 3302 575 futurum
3319 538 3521 592 regnum
3541 528 3745 597 acquiren-

2270 605 2420 673 dum,
2447 608 2704 666 ecclesias
2727 610 2961 681 erigens,
2977 610 3283 667 sacerdotes
3308 612 3566 682 bonorans,
3591 618 3749 674 bruti.

2270 713 2455 755 eorum
2480 714 2719 756 errorem
2745 701 3066 768 dissolvens,
3110 714 3371 775 martyres
3406 708 3654 777 excipiens,
3675 728 3747 766 non

2268 790 2338 845 ad
2369 806 2635 858 mensam,
2666 793 2761 849 sed
2792 794 3004 861 animo;
3034 811 3142 852 non
3172 797 3335 857 domi.
3363 798 3452 853 sed
3474 800 3658 867 allecto;
3682 806 3753 859 imo

585 898 856 960 rioribus;
898 895 977 948 sic
1005 901 1060 947 et
1105 892 1220 945 haec
1249 890 1416 944 multo
1441 888 1613 952 laetior
1637 896 1691 941 et
1717 883 2024 958 praeclarior
2049 872 2223 938 erat$~
2270 881 2448 951 potius
2499 892 2555 938 et
2598 883 2656 937 itt
2704 884 2867 940 domo
2912 896 2969 943 et
3016 888 3230 943 aﬂ'ectu.
3275 889 3431 944 Maria
3463 907 3642 962 quoque
3667 898 3754 949 olim

583 990 694 1044 illa.
724 986 863 1054 Quid
888 983 1076 1041 enim?
1106 991 1312 1037 tantum
1336 988 1421 1035 est
1444 978 1587 1045 luna,
1606 978 1652 1031 si
1678 983 2019 1046 comparetur
2043 986 2165 1028 cum

581 1082 788 1143 anima,
819 1078 874 1131 in
899 1075 1157 1145 dignitate
1184 1080 1330 1127 tanta
1360 1069 1667 1135 constituta,
1700 1075 1846 1123 tanta
1876 1064 1981 1121 ﬁde
2006 1078 2166 1120 orna-

584 1170 673 1225 ta?
703 1168 839 1238 Quid
869 1167 1011 1222 enim
1031 1165 1150 1235 quis
1172 1164 1225 1218 in
1250 1162 1336 1216 illa
1364 1160 1512 1231 prius
1539 1156 1959 1214 admiretur?an
1989 1155 2163 1211 zelum

584 1264 702 1332 ipso
714 1265 834 1332 igne
846 1258 1222 1315 lerveutiorem
1236 1254 1260 1307 ‘i
1275 1269 1341 1308 an
1360 1251 1517 1307 ﬁdem
1534 1251 1815 1306 adamante
1835 1246 2163 1304 ﬁrmiorem?

582 1371 649 1407 an
676 1350 1053 1407 contritionem
1076 1346 1238 1400 animi
1262 1354 1318 1400 et
1343 1342 1716 1407 humilitatem,
1739 1355 1844 1411 qua
1870 1354 2057 1395 omnes
2072 1353 2163 1394 su-

582 1444 825 1515 peravit?
852 1442 1137 1511 Imperium
1155 1434 1694 1509 quidem,diademata
1719 1444 1773 1490 et
1793 1449 2007 1490 omnem
2037 1432 2164 1488 hinc

580 1537 710 1592 oriri
753 1536 966 1591 solitum
1008 1534 1200 1588 fastum
1248 1528 1681 1585 constantissime
1719 1527 1957 1597 abiecit;
1988 1526 2163 1583 induit

581 1643 714 1683 vero
742 1642 838 1696 pro
856 1639 1089 1697 purpura
1112 1621 1425 1677 humilitatis
1446 1629 1670 1687 vestem,
1690 1629 1744 1676 et
1762 1635 1857 1691 per
1881 1620 2022 1676 hanc
2048 1634 2163 1674 ma-

577 1722 663 1792 gis
713 1718 1043 1790 resplendet.
1086 1716 1220 1772 Nam
1263 1714 1628 1785 imperatrices
1657 1713 1869 1783 quidem
1898 1712 2079 1767 multa}
2108 1721 2163 1771 et

579 1825 723 1880 saepe
744 1808 977 1874 fuerunt,
1005 1822 1124 1877 qua:
1148 1806 1314 1861 vestis
1337 1815 1392 1860 et
1416 1804 1774 1859 diadematum
1791 1813 1846 1859 et
1872 1804 2159 1874 imperato-

578 1903 673 1955 rite
716 1900 902 1971 gloriae
936 1898 1119 1977 solum
1151 1897 1441 1968 participes
1482 1894 1699 1951 fuerunt
1730 1912 1746 1948 :
1778 1895 1939 1965 hujus
1980 1903 2159 1950 autem

575 1996 743 2049 solius
770 1993 871 2048 fuit.
892 1992 1132 2048 eximius
1162 1990 1251 2045 ille
1276 1998 1520 2055 ornatus,
1549 1989 1716 2044 solius
1745 1988 1847 2042 hoc
1874 1996 2156 2056 tropaeum.

576 2087 705 2141 llrcc
756 2099 987 2154 namque
1044 2081 1155 2137 sola
1206 2082 1520 2151 imperatrix
1565 2094 1684 2134 cum
1734 2086 1881 2132 tanto
1929 2077 2156 2145 honore,

575 2178 754 2231 studio
779 2186 942 2247 atque
970 2176 1167 2245 pietate
1193 2182 1460 2244 martyres
1482 2172 1736 2227 comitata
1775 2179 1879 2236 est,
1908 2170 2050 2239 plebi
2078 2169 2160 2224 in-

576 2272 861 2335 tet-mixta,
888 2284 1012 2324 cum
1058 2266 1349 2323 satellitum
1393 2280 1554 2321 omne
1596 2266 1912 2329 amovisset,
1947 2273 1999 2318 et
2048 2262 2161 2319 fere

577 2378 791 2417 omnem
818 2360 1138 2417 conditionis
1187 2357 1595 2429 inaequalitatem
1626 2371 1748 2410 cum
1795 2354 1959 2409 multa
2001 2368 2150 2409 exsu-

581 2453 817 2522 perantia
857 2451 1159 2520 abjecisset.
1187 2447 1313 2503 Ideo
1339 2461 1447 2501 non
1487 2444 1660 2500 minus
1689 2460 1847 2515 quam
1897 2453 2158 2514 martyres

577 2543 774 2612 populo
821 2540 1037 2611 profuit.
1074 2534 1538 2606 Quemadmodum
1585 2534 1728 2589 enim
1775 2533 2036 2604 reliquias
2075 2548 2161 2588 as-

579 2636 852 2705 piciebant
888 2646 1077 2687 omnes
1098 2672 1113 2698 ,
1146 2631 1218 2685 ita
1245 2628 1362 2699 ejus
1405 2628 1772 2684 assiduitatem
1824 2626 2159 2683 mirabantur

576 2735 632 2779 et
659 2725 855 2780 divites
883 2731 939 2779 et
972 2736 1254 2793 pauperes,
1290 2719 1532 2775 videntes
1563 2719 1708 2774 illam
1739 2719 1855 2774 sine
1885 2719 2155 2775 intermis-

574 2817 850 2885 siotte'per
878 2824 1082 2868 tantum
1127 2812 1227 2867 via:
1273 2811 1504 2881 spatium
1532 2810 1743 2865 ossibus
1767 2809 2154 2877 adhaerentem,

575 2925 678 2964 nec
708 2923 957 2978 umquam
975 2904 1244 2960 defessam
1268 2903 1351 2958 vel
1378 2902 1728 2968 resilientem,
1751 2902 1844 2957 sed
1862 2917 2001 2961 arcae
2019 2917 2159 2958 sem-

575 3016 671 3071 per
696 3000 1019 3052 adstantem.
1044 2996 1332 3066 Propterea
1363 3002 1414 3048 le
1461 2995 1671 3049 beatam
1717 2994 2008 3063 praedicare
2050 3008 2157 3049 non

572 3104 878 3155 cessamus;
912 3104 1085 3159 neque
1128 3102 1226 3142 nos
1270 3096 1498 3154 tantutn,
1529 3085 1627 3140 sed
1666 3086 1826 3141 etiam
1851 3086 2039 3142 futura:
2065 3101 2160 3159 ge-

576 3184 888 3238 nerationes
914 3194 1124 3235 omnes.

647 3276 700 3328 5.
721 3274 852 3328 Nam
874 3288 994 3344 qua:
1018 3271 1103 3326 hic
1118 3280 1266 3342 gesta
1289 3269 1645 3325 suntaudient
1661 3268 1797 3324 lines
1812 3269 1958 3325 orbis
1981 3278 2157 3327 ettota

574 3377 828 3440 quantam
852 3366 935 3421 sol
963 3368 1185 3436 respicit
1215 3374 1394 3430 terra;
1425 3362 1647 3418 audient
1668 3362 1795 3417 item
1826 3362 1900 3417 illi
1926 3364 2018 3433 qui
2040 3373 2160 3433 post

575 3477 674 3515 nos
696 3460 857 3516 futuri
884 3468 1026 3524 sunt,
1052 3466 1106 3513 et
1132 3458 1223 3529 qui
1256 3464 1375 3527 post
1395 3456 1550 3524 illos;
1578 3470 1643 3510 ac
1668 3471 1784 3511 rem
1812 3464 2020 3527 gestam
2042 3457 2161 3513 nul-

578 3552 688 3606 lum
718 3559 929 3621 tempus
954 3548 1208 3605 oblivioni
1230 3546 1505 3601 mandabit
1520 3586 1536 3612 ,
1556 3546 1664 3601 Deo
1682 3546 1877 3616 ubique
1896 3556 2157 3603 terrarum

577 3654 631 3697 et
662 3659 755 3713 per
783 3657 973 3698 omnes
1019 3639 1227 3696 futuras
1272 3640 1649 3710 generationes
1696 3653 1808 3693 rem
1840 3653 1959 3693 cum
1988 3638 2158 3701 multo

577 3734 863 3803 splendore
879 3732 1204 3788 celebrante.
1218 3729 1273 3786 St
1290 3730 1432 3786 enim
1453 3729 1691 3784 mulieris
1712 3729 2011 3784 meretricis
2026 3744 2160 3799 opus

574 3827 640 3880 ad
670 3826 928 3880 terminos
947 3838 1116 3895 usque
1132 3822 1279 3877 orbis
1305 3820 1608 3876 annoutiari
1624 3820 1831 3874 curavit
1858 3829 1912 3874 et
1941 3821 2160 3875 immor-

575 3917 699 3971 talis
715 3918 988 3972 meruerim
1012 3914 1245 3971 reddidit
1270 3931 1285 3968 :
1312 3913 1481 3968 multo
1508 3913 1676 3982 magis
1694 3913 1969 3976 modestae,
1984 3915 2160 3984 gravis

576 4018 629 4062 et
646 4019 805 4063 castae
821 4007 1080 4071 mulieris,
1099 4020 1217 4076 quae
1239 4007 1291 4059 in
1313 4005 1540 4074 Imperio
1558 4015 1763 4069 tantam.
1775 4005 2015 4060 exhibuit
2043 4006 2157 4074 pie-

576 4112 890 4166 tatem,nou
919 4100 1060 4155 sinet
1080 4112 1214 4169 opus
1232 4099 1427 4158 latere;
1457 4097 1548 4152 sed
1586 4106 1635 4151 te
1664 4097 1869 4151 beatam
1901 4097 2156 4167 prtedica-

575 4197 709 4251 bunt
737 4207 948 4258 omnes,
969 4191 1112 4262 quod
1138 4199 1352 4246 sanctos
1384 4188 1615 4258 hospitio
1636 4188 1892 4259 excipias,
1913 4189 2053 4258 quod
2072 4204 2160 4245 ec-

579 4288 759 4341 clesiis
797 4284 1167 4355 patrocineris,
1212 4281 1353 4352 quod
1383 4284 1499 4337 zelo
1530 4282 1704 4352 parsis
1734 4282 2012 4353 apostolis.
2044 4283 2157 4338 Etsi

578 4378 722 4433 enim
755 4384 998 4430 naturam
1020 4374 1207 4429 sortita
1238 4388 1301 4429 es
1328 4372 1648 4439 femineam,
1680 4382 1735 4426 at
1762 4373 1891 4427 licet
1919 4372 2011 4427 tibi
2038 4386 2158 4426 cum

578 4469 836 4539 apostolis
856 4468 1021 4537 ges'tis
1061 4474 1393 4521 concertare.
1412 4463 1849 4534 Quandoquidem
1880 4474 2004 4519 tunc
2026 4480 2159 4533 quo-

577 4577 682 4633 que
705 4562 792 4615 illa
827 4559 1031 4615 Phoebe
1058 4556 1233 4629 (Rom.
1255 4558 1575 4628 16.1),quue
1596 4557 1870 4612 doctorem
1889 4556 2035 4612 orbis
2062 4571 2161 4612 ex-

574 4655 736 4725 cepit,
755 4654 963 4723 ipsique
989 4651 1320 4721 patrocinata
1337 4661 1442 4717 eSt,
1474 4649 1667 4704 mulier
1687 4649 2056 4720 eratejusdem
2085 4659 2164 4707 to-

574 4764 696 4801 cum
718 4755 944 4812 naturas,
960 4753 1015 4799 et
1035 4752 1213 4798 tamen
1235 4758 1403 4813 usque
1423 4742 1559 4801 adeo
1572 4742 1735 4808 fulsit,
1753 4750 1812 4795 ut
1827 4751 2044 4801 sanctus
2068 4742 2161 4798 ille

573 4838 707 4893 ca-lo
733 4838 929 4907 dignus
949 4844 1006 4891 et
1036 4835 1405 4905 apostolorum
1432 4834 1670 4889 omnium
1703 4833 1970 4888 maximus
1992 4835 2160 4902 ipsam

572 4929 873 4984 celebraret
901 4942 967 4983 ac
993 4927 1214 4993 diceret,
1238 4927 1443 4980 Αάειὶιίι
1470 4925 1664 4993 multis,
1683 4935 1731 4979 et
1751 4926 1873 4979 uti/ti
1902 4925 2159 4998 φώνει-

575 5019 728 5075 scilla
755 5034 971 5091 quoque
1000 5018 1242 5075 feminini
1268 5032 1430 5073 sexus
1455 5028 1571 5072 erat
1597 5034 1613 5074 :
1640 5032 1823 5074 verum
1842 5018 1892 5072 id
1925 5034 2031 5073 non
2054 5019 2159 5073 im-

579 5112 885 5182 pedimento
909 5110 1029 5178 fuit,
1048 5112 1177 5182 quin
1210 5111 1294 5165 illa
1322 5110 1686 5181 celebraretur
1708 5118 1759 5166 et
1782 5108 1913 5180 quin
1931 5111 2156 5165 immor~

580 5204 700 5258 talis
720 5202 836 5272 ejus
857 5210 1012 5257 esset
1028 5203 1304 5258 memoria.
1325 5201 1473 5259 Alius
1500 5216 1713 5274 quoque
1737 5212 1863 5259 tunc
1895 5212 2011 5257 erat
2038 5219 2160 5257 mu-

581 5298 770 5352 lterum
787 5299 1008 5362 chorus,
1020 5310 1139 5365 qua:
1155 5295 1316 5349 vitam
1338 5295 1602 5349 ducebant
1617 5295 1987 5364 apostolicam.
2007 5295 2155 5359 Ideo-

578 5406 682 5462 qne
724 5406 821 5448 nos
877 5405 1089 5460 quoque
1136 5404 1241 5444 non
1289 5388 1678 5453 aberrabimus,
1724 5390 1767 5442 si
1813 5400 1862 5444 te
1892 5405 2011 5444 cum
2055 5389 2163 5444 illis

2270 975 2525 1045 pepnlum
2555 977 2800 1042 ducebat,
2823 993 2945 1035 ossa
2971 979 3195 1051 Iosephi
3224 980 3463 1051 merens,
3487 993 3535 1038 et
3558 988 3754 1041 canticum

2269 1068 2467 1123 cecinit
2510 1067 2704 1139 (Exod.
2746 1070 2837 1126 i5.
2867 1070 2966 1141 20)
3001 1088 3016 1126 :
3053 1072 3151 1126 sed
3190 1072 3279 1128 illa
3320 1072 3521 1143 quidem
3551 1085 3755 1145 postqum

2266 1160 2505 1233 Egyptii
2552 1163 2605 1217 in
2645 1178 2795 1219 mare
2833 1163 3071 1220 demersi
3117 1174 3279 1229 sunt;
3310 1173 3364 1218 tu
3402 1180 3519 1221 vero
3548 1177 3755 1237 postquam

2267 1253 2542 1309 daemones
2588 1255 2834 1311 sulfocati
2875 1256 3026 1312 fuere
3074 1274 3090 1311 :
3136 1257 3227 1312 illa
3272 1256 3535 1312 Pharaone
3571 1258 3617 1312 in
3657 1278 3756 1316 tum

2267 1346 2549 1413 demerso,
2586 1357 2642 1403 tu
2691 1358 2875 1405 autem
2925 1349 3146 1406 diabolo
3183 1349 3427 1420 dejecto;
3467 1350 3547 1406 illa
3581 1354 3757 1421 cymbala

2267 1440 2493 1507 habens,
2526 1452 2582 1494 tu
2614 1449 2850 1495 mentem
2883 1448 2939 1497 et
2978 1442 3214 1497 animam
3258 1441 3377 1511 plus
3412 1456 3558 1512 quam
3581 1444 3756 1497 tubam-

2266 1541 2522 1597 nantem;
2558 1531 2646 1586 illa
2675 1532 2878 1587 Judteis
2910 1532 3175 1599 liberatis,
3208 1540 3264 1588 tu
3292 1532 3523 1588 Ecclesia
3546 1544 3756 1595 coronata;

2267 1626 2356 1682 illa
2387 1624 2643 1695 p0pulum
2691 1640 2857 1679 unum
2897 1623 3135 1680 educens
3171 1624 3329 1685 unius
3356 1624 3559 1694 linguae,
3587 1635 3633 1677 ιιι
3654 1626 3757 1677 ίιιιιι-

2266 1734 2448 1774 meros
2492 1717 2720 1773 diversa:
2761 1717 2958 1789 lingua:
2998 1717 3249 1789 pepulos.
3280 1717 3489 1772 Etenim
3529 1717 3761 1772 innumeros

2230 1810 2422 1889 anobis
2463 1809 2694 1865 eduxisti
2724 1809 2944 1875 choros,
2984 1810 3147 1864 alium
3188 1808 3451 1871 Romana,
3479 1808 3620 1861 alium
3650 1807 3757 1878 Syra,

2247 1887 2429 1957 ‘alium
2474 1901 2725 1966 barbara,
2765 1901 2927 1957 alium
2972 1899 3173 1957 Graeca
3202 1914 3337 1956 voce
3380 1898 3583 1953 Davidis
3616 1902 3759 1954 cautim

2269 1992 2548 2062 pulsantes
2577 2007 2590 2043 :
2619 1991 2966 2061 diversasque
3011 2000 3202 2058 gentes
3241 2005 3306 2046 ac
3346 1990 3575 2046 diversos
3624 1991 3763 2045 choros

2268 2082 2457 2137 videre
2481 2090 2599 2137 erat
2640 2096 2798 2137 unam
2829 2082 3090 2137 citharam
3120 2095 3312 2136 omnes
3346 2080 3603 2145 habentes,
3629 2096 3762 2149 nempe

2266 2175 2341 2229 Da
2349 2173 2505 2239 vidis,
2521 2189 2583 2227 ac
2600 2174 2855 2243 precibus
2869 2174 2982 2229 suis
3000 2183 3051 2228 te
3065 2183 3407 2228 coronantes.
3424 2170 3765 2226 Festivitatislc—

2259 2265 2348 2335 jus
2379 2266 2563 2319 la-titia
2595 2264 2899 2335 requirebat
2934 2264 3398 2335 religiosissimum
3449 2264 3761 2333 imperatorem,

2265 2358 2356 2429 qui
2413 2358 2627 2427 pietatis
2679 2369 2917 2413 aratrum
2973 2366 3150 2412 tecum
3200 2354 3524 2411 trabitzsed
3550 2355 3594 2409 id
3614 2370 3764 2423 quoque

2266 2451 2565 2522 prudentia:
2584 2459 2688 2505 tua:
2707 2448 2824 2515 fuit,
2844 2449 2986 2520 quod
3014 2450 3165 2504 illum
3182 2447 3347 2504 hodie
3362 2446 3501 2502 domi
3526 2446 3765 2511 detinueris,

2266 2553 2321 2599 et
2371 2544 2423 2597 itt
2463 2543 2606 2599 diem
2659 2541 2952 2598 crastinum
3006 2542 3123 2611 ejus
3178 2540 3470 2595 adventum
3509 2538 3763 2609 promiseris.

2264 2635 2397 2692 Nam
2438 2650 2507 2690 ne
2547 2641 2727 2689 tantus
2772 2634 3012 2704 equitmn
3042 2647 3326 2698 numerus,
3356 2644 3487 2687 neve
3512 2637 3764 2682 armatorum

2265 2729 2493 2787 militum
2523 2727 2801 2792 tumultus,
2835 2724 3153 2796 virginibus,
3174 2722 3411 2789 anubus,
3435 2721 3767 2785 senioribusque

2265 2822 2393 2877 viris
2409 2820 2710 2876 molestiam
2732 2816 2965 2884 alien-et,
2986 2818 3290 2888 festumque
3304 2816 3445 2872 diem
3464 2813 3679 2870 turbaret.
3691 2828 3766 2865 rem

2265 2912 2551 2985 prudentia
2568 2926 2665 2967 sua
2677 2910 2886 2981 dignam
2904 2910 3100 2965 faciens
3116 2909 3455 2978 imperatrix,
3479 2906 3765 2963 celebritatem
3856 2962 3857 2965 η

2265 3006 2466 3063 divisit.
2500 3003 2632 3058 Nam
2675 3004 2719 3057 si
2763 3002 2922 3057 ambo
2951 3002 3111 3058 hodie
3138 3002 3439 3065 venissent,
3468 3012 3575 3054 eras
3600 2996 3766 3051 celebri-

2266 3100 2390 3156 tatis
2420 3098 2543 3153 ﬁnis
2574 3096 2761 3152 fuisset
2795 3113 2808 3150 :
2836 3105 2893 3150 ut
2918 3104 3096 3149 autem
3124 3103 3179 3149 ct
3205 3092 3260 3147 in
3292 3092 3383 3147 die
3423 3090 3642 3160 praesenti
3662 3088 3765 3157 quic-

2266 3201 2372 3247 tem
2399 3190 2574 3254 daret,
2607 3198 2661 3244 et
2698 3186 2881 3243 addito
2905 3184 2995 3240 die
3032 3184 3272 3239 crastino
3310 3183 3581 3252 largiorem
3609 3186 3761 3248 parun
3856 3214 3857 3229 ι

2264 3282 2529 3348 laetitiam,
2546 3279 2744 3336 remita
2761 3277 3044 3349 disposuit,
3062 3286 3118 3331 ιιι
3140 3277 3359 3348 iiturgia
3380 3275 3665 3343 imperatore
3677 3288 3766 3340 pre-
3856 3308 3857 3329 ξ

2268 3384 2422 3431 settle
2452 3372 2603 3429 ﬁeret
2635 3389 2648 3425 :
2676 3379 2731 3425 et
2755 3368 2916 3425 bodie
2964 3370 3079 3439 ipsa
3127 3370 3375 3434 veniens,
3408 3364 3629 3436 promisit
3661 3361 3765 3415 nobis

2266 3466 2414 3522 illum
2435 3465 2521 3519 die
2542 3463 2780 3520 craStino
2800 3471 3083 3517 venturum
3107 3474 3250 3516 esse.
3275 3460 3424 3516 Sicut
3444 3458 3575 3513 enim
3594 3471 3689 3511 cum
3709 3456 3767 3506 illo

2265 3557 2474 3628 imperii
2523 3568 2748 3610 consors
2786 3563 2891 3618 est,
2915 3553 2988 3607 ita
3011 3561 3065 3606 et
3090 3552 3143 3606 in
3168 3552 3368 3621 pietate
3394 3564 3617 3620 quoque;
3645 3560 3764 3612 mue

3854 3390 3857 3515 l

3854 3578 3857 3621 l

2267 3651 2528 3722 permittit
2545 3662 2670 3704 eum
2691 3655 2839 3703 recte
2858 3646 3116 3701 factorum
3138 3660 3247 3700 non
3266 3658 3387 3700 esse
3407 3639 3765 3713 participcm,sul
3856 3644 3857 3719 ξ

2265 3744 2464 3813 ubique
2489 3748 2791 3797 c0nsortem
2821 3739 2971 3794 illum
2991 3737 3207 3807 accipit.
3236 3736 3501 3807 Quoniam
3518 3734 3654 3803 igitur
3670 3730 3765 3782 CCL"
3856 3788 3857 3799 χ

2263 3836 2434 3893 britas
2457 3834 2574 3889 inec
2600 3831 2890 3903 spiritualis
2912 3831 2965 3884 in
2994 3838 3541 3901 sequentemquoqne
3566 3824 3679 3878 diem
3707 3838 3766 3873 ιιι
3856 3878 3857 3893 χ

2267 3928 2410 3987 tendi
2452 3928 2649 3992 debet,
2673 3926 2814 3981 idem
2863 3939 3048 3980 rursus
3073 3923 3310 3979 studium
3352 3922 3762 3983 exitibeatutts.ul.

2265 4022 2403 4079 sicut
2434 4019 2590 4074 hodie
2614 4018 2751 4072 hanc
2792 4017 2989 4073 Christi
3024 4024 3299 4071 amantem
3339 4031 3462 4072 cum
3487 4014 3660 4069 civibus
3676 4010 3765 4062 vidi-

2264 4130 2407 4180 mus,
2434 4114 2513 4177 sic
2558 4112 2647 4168 die
2670 4113 2904 4166 crastino
2946 4111 3254 4178 religiosum
3296 4111 3640 4181 imperatorem
3682 4121 3761 4156 cum

2264 4206 2504 4262 exercitu
2533 4206 2808 4259 videamus
2848 4201 3232 4268 accedentem,
3264 4210 3320 4258 et
3347 4201 3484 4273 idem
3522 4196 3761 4254 sacriﬁcium
3854 4196 3857 4273 ξ

2271 4298 2383 4355 Deo
2423 4313 2547 4351 cum
2596 4295 2795 4367 pietate
2838 4294 3157 4348 otl'erentem
3197 4266 3265 4347 ex
3310 4269 3429 4347 zelo
3468 4302 3635 4357 nempe
3660 4296 3759 4337 etet

2272 4390 2397 4451 ﬁde,
2433 4396 2488 4444 et
2510 4388 2750 4457 acceptis
2775 4387 2982 4443 sanctis
3008 4384 3347 4456 martyribus
3374 4395 3579 4453 precum
3602 4386 3761 4432 censor.

2272 4482 2441 4545 tibus,
2466 4480 2571 4535 illis
2592 4493 2945 4551 apprecemur
2964 4477 3129 4530 vitatu
3154 4476 3488 4536 diuturnam,
3510 4473 3759 4526 senectutem
3856 4496 3857 4499 η

2267 4578 2553 4647 vigentem,
2572 4572 2711 4626 ﬁlios
2729 4580 2784 4627 et
2809 4570 2947 4624 lilios
2963 4565 3229 4633 ﬁliorum;
3251 4580 3318 4621 ac
3344 4580 3451 4635 pra:
3472 4561 3548 4617 his
3566 4556 3759 4615 omnibus.

2268 4677 2327 4723 ut
2347 4666 2493 4722 zelus
2516 4664 2615 4720 iste
2642 4670 2918 4731 augeatur,
2935 4658 3104 4728 pietas
3120 4665 3411 4720 accrescat,
3431 4662 3485 4709 et
3506 4654 3570 4707 ita
3588 4660 3758 4720 prasen-

2270 4768 2377 4814 tetn
2406 4761 2567 4811 vitam
2586 4752 2902 4823 transigant,
2932 4759 2988 4805 ut
3009 4765 3105 4820 per
3134 4747 3339 4803 inﬁnita
3359 4744 3541 4802 saecula
3566 4755 3661 4797 cum
3680 4732 3751 4789 n.3-

2266 4850 2447 4923 genito
2469 4848 2561 4902 llei
2586 4846 2722 4901 Filio
2749 4852 3010 4914 regnent:
3044 4856 3168 4895 nam
3211 4839 3273 4894 Si
3313 4839 3545 4909 patimur,
3573 4828 3757 4923 inquit.“

2268 4918 2686 5012 conreguabimus
2715 4936 2735 5009 (
2761 4935 2817 4991 2.
2851 4934 2983 4989 Tim.
3012 4932 3068 4987 2.
3102 4932 3169 4987 12
3194 4930 3248 5004 );
3288 4940 3448 4999 atque
3483 4935 3649 4980 acterna
3669 4918 3755 4972 δοιά

2269 5047 2661 5103 consequemur
2686 5046 2699 5082 :
2723 5028 2914 5099 quibus
2935 5026 3140 5081 utinam
3181 5038 3369 5079 omnes
3400 5022 3755 5091 dignentuun‘
3846 5036 3857 5057 -

2234 5158 2237 5161 -
2271 5126 2342 5183 tia
2366 5138 2415 5181 et
2444 5122 2769 5193 benignitate
2804 5118 3010 5174 Domini
3037 5118 3206 5172 nostri
3236 5115 3361 5171 Jesu
3382 5106 3754 5173 Christi,cuiwm

2272 5222 2430 5279 Patre
2454 5219 2647 5291 gloria,
2678 5229 2780 5270 una
2811 5229 2933 5269 cum
2979 5219 3167 5267 sancto
3203 5208 3426 5280 Spiritu,
3456 5218 3580 5261 nunc
3606 5208 3754 5255 etsen-

2279 5330 2396 5384 per,
2436 5322 2491 5367 et
2520 5312 2570 5365 in
2618 5306 2812 5363 saccula
2841 5303 3190 5361 saeculorum.
3221 5301 3411 5357 Amen.
