4064 6550
1221 351 1277 405 S.
1317 351 1602 412 JOANNIS
1639 355 2124 419 CHRYSOSTOMI
2160 363 2490 422 ARClllEP.
2532 365 3072 426 CONSTANTINOP.
3737 377 3826 439 874

627 503 3380 541 _________.._.._______________________________________

3387 531 3760 551 Ἦ

2004 617 2252 674 ΟΜῙΛΙΔ
2286 621 2362 675 Γ.

2699 733 2918 829 επεν
3365 746 3454 800 και
3477 747 3543 803 τά

521 781 628 860 τοῇ
647 783 953 860 ,βασιλέως
1173 781 1475 860 μαρτῦρίῷ
1645 794 1682 851 ἀ

511 849 814 938 ,ιιάρζυρος
848 849 1019 938 Θῴμᾱ
1046 849 1190 913 -το’ῦ’
1215 849 1590 938 δῖᾳκεξμὲγσύ

520 919 616 1009 ειη
637 919 1149 1009 ἐνακωηήάειντρς
1179 932 1293 1009 πρὸ
1326 919 1436 1002 τῆξ
1465 919 2117 1009 δτςιλέξεωξῖέᾶὲέὸῆττὶ

519 992 1038 1115 ᾜὲέῦαΐμετὰτὴν
1057 992 1444 1073 ἀλίαχῶρησὶῦ·
1480 1004 1594 1074 τὴν
1619 992 1852 1064 ἐπείθου

519 1091 538 1110 α
613 1080 644 1115 n
686 1080 716 1115 ο
759 1101 772 1115 .

519 1073 604 1113 πα
613 1080 644 1127 η
651 1073 772 1128 θος.

517 1146 895 1239 α’.Εύλογητδς
913 1154 1110 1222 δ’Θεὸς,
1127 1159 1308 1231 ἡλίκαι
1325 1163 1432 1218 τῶν
1451 1165 1741 1239 μαρτύρων
1761 1169 1816 1220 αἱ
1837 1162 2113 1239 δυνάμεις⁹

447 1234 573 1303 χθὲς
598 1237 728 1328 ἡμῖν
749 1240 848 1328 τὴν
882 1243 1034 1299 πόλιν
1067 1238 1358 1322 ὀλόκληρον
1405 1234 1543 1324 μετά
1572 1234 1669 1326 τῆς
1695 1234 1983 1327 βασιλίδος,
2017 1258 2106 1328 σὴ-

451 1339 615 1394 μερον
633 1325 723 1378 τὸν
747 1327 968 1397 βασιλέα
999 1334 1139 1403 μετά
1165 1337 1258 1390 106
1291 1325 1651 1411 στρατοπέδου
1677 1325 1909 1399 ἐνταῦθα
1936 1325 2113 1398 εἵλκυ-

448 1414 725 1504 σανιμετά
757 1416 954 1488 πολλῆς
987 1423 1084 1492 τῆς
1126 1419 1430 1492 εὐλαϐείας,
1471 1430 1532 1482 ού
1573 1421 1748 1502 δεσμά
1778 1432 2110 1504 περιθέντες,

445 1497 582 1550 ἀλλά
615 1500 715 1570 τῆς
741 1504 960 1575 ἀγάπης
991 1509 1090 1579 τὴν
1125 1509 1334 1578 ἅλυσιν,
1372 1513 1560 1569 ἅλυσιν
1613 1519 1880 1588 μηδέποτε
1932 1521 2111 1574 διακο-

445 1588 738 1678 πτομένην.
787 1592 860 1645 Τὸ
905 1595 1012 1667 γὰρ
1050 1597 1113 1670 δὴ
1154 1595 1461 1672 θαυμαστὸν
1491 1597 1646 1659 τοῦτό
1685 1610 1852 1670 ἐστιν,
1899 1609 1998 1678 οὐχ
2030 1609 2109 1662 ὅτι

443 1677 783 1769 παραγέγονε
811 1682 1084 1752 βασιλεὺς,
1115 1688 1228 1742 ἀλλ’
1251 1691 1333 1744 ὅτι
1366 1691 1504 1762 μετά
1550 1695 1751 1767 πολλῆς
1780 1677 2108 1769 προθυμιαζ.

442 1761 541 1855 οὐκ
567 1764 814 1855 ἀνάγκη,
845 1770 980 1824 ἀλλά
1013 1773 1228 1847 γνώμῃ.
1273 1779 1334 1831 ού
1365 1761 1524 1852 χάριν
1564 1761 1756 1847 διδοὺς,
1788 1761 1923 1837 ἀλλά
1952 1761 2110 1855 χάριν

443 1848 732 1919 λαμϐάνων
751 1871 763 1885 ·
805 1857 897 1910 καὶ
937 1861 965 1912 6
1015 1862 1222 1927 πάντας
1260 1866 1564 1938 εὐεργετῶν
1591 1871 1716 1934 τοὺς
1741 1871 1882 1926 κατά
1901 1873 1999 1942 τὴν
2029 1875 2108 1925 οἰ-

442 1940 729 2030 κουμένην,
755 1937 919 2014 ἦλθεν
941 1947 1262 2020 εὐεργεσίας
1293 1937 1612 2010 ἀπολαύσων
1633 1958 1783 2030 παρὰ
1809 1959 1915 2012 τῶν
1935 1937 2106 2027 ἀγίων

439 2025 664 2091 τούτων,
704 2031 797 2084 καὶ
825 2032 894 2086 τά
923 2035 1158 2105 μέγιστα
1195 2043 1618 2114 καρπωσόμενος
1654 2025 1851 2114 ἀγαθά,
1886 2025 1994 2100 Διά.
2024 2064 2107 2101 τοι

437 2115 596 2206 10610
625 2119 716 2206 καί
762 2121 924 2187 αὐτὸς
955 2125 1015 2178 τὸ
1039 2126 1296 2201 διάδημα,
1337 2133 1429 2186 καὶ
1465 2136 1513 2186 οἰ
1556 2133 1841 2206 δορυφόροι
1883 2137 2105 2203 πάντες,

437 2202 486 2292 οί
522 2202 622 2273 μέν
653 2204 752 2269 τάς
781 2208 1034 2277 ἀσπίδας,
1059 2216 1106 2268 οί
1147 2215 1202 2269 δέ
1251 2217 1322 2270 τά
1347 2218 1547 2290 δόρατα
1596 2202 1958 2292 ἀποθέμενοι,
2013 2202 2108 2277 καὶ

436 2289 537 2359 τὴν
588 2293 886 2383 φαντασίαν
931 2299 1143 2383 ἐκείνην
1173 2289 1420 2374 ἀφέντες,
1471 2307 1607 2378 μετά
1661 2289 2105 2383 κατεσταλμένης

437 2375 800 2445 παρεγένοντο
825 2379 1062 2448 διανοίας
1090 2385 1327 2452 ἅπαντες
1351 2429 1366 2452 ,
1403 2375 1481 2455 ὡς
1509 2393 1616 2446 ἀπὸ
1641 2395 1743 2464 γῆς
1775 2396 1856 2456 εἰς
1891 2395 1983 2448 τὸν
2016 2397 2106 2449 ού-

438 2460 597 2527 ρανὸν
627 2464 904 2531 εἰσιόντες,
925 2468 1053 2523 ἔνθα
1081 2472 1368 2545 ἀξιώματα
1387 2479 1482 2532 καὶ
1499 2481 1823 2552 περιφάνεια
1844 2482 1937 2536 καὶ
1956 2485 2104 2536 πᾶσα

435 2547 574 2638 αὕτη
607 2551 844 2623 ἡσκηνὴ
871 2554 980 2609 τῶν
1015 2558 1340 2631 ἀξιωμάτων
1373 2547 1780 2638 ἐκποδιὶλν,’βίου
1820 2569 1876 2623 δὲ
1904 2571 2101 2624 ἐπίδει-

435 2636 517 2701 ξις
542 2638 836 2710 διαλάμπει
869 2642 1027 2714 μόνον
1063 2648 1154 2700 καὶ
1203 2649 1404 2722 ἀρετῆς
1434 2636 1748 2725 καρποίξΕῖ
1783 2657 1838 2709 δὲ
1868 2657 2101 2711 ἐνταῦθα

431 2726 666 2818 τοσαύτη
709 2727 818 2782 τῶν
871 2733 1161 2806 μαρτύρων
1213 2737 1520 2809 ἡδύναμις,
1554 2742 1807 2814 ἐννόησον
1853 2747 1909 2798 ἐν
1939 2746 2105 2818 ούρα-

434 2817 545 2876 νοῖς
571 2814 730 2888 ἡλίκη
751 2835 764 2847 ³
793 2819 841 2872 εἰ
880 2821 940 2875 ἐν
967 2820 1044 2892 τῷ
1073 2823 1248 2895 καιρῷ
1271 2825 1380 2879 τῶν
1407 2827 1629 2896 ἀγώνων
1657 2830 1750 2883 καὶ
1774 2831 1880 2885 τῶν
1903 2834 2103 2889 παλαι-

435 2901 657 2970 σμάτων
687 2906 932 2961 τοιαῦται
963 2910 1140 2964 αὐτῶν
1167 2914 1222 2966 αἰ
1254 2916 1431 2985 τιμαὶ,
1469 2916 1526 2969 ἐν
1567 2917 1643 2989 τῷ
1678 2919 1855 2990 καιρῷ
1880 2922 1976 2993 τῆς
2005 2924 2100 2976 ἀν-

431 2989 685 3056 τιδόσεως
706 2993 867 3065 ἡλίκα
894 2996 1045 3052 ἐσται
1071 2999 1140 3053 τά
1168 3001 1432 3073 βραϐεῖα;
1470 3005 1578 3059 Καὶ
1607 3006 1714 3077 γάρ
1743 2989 1837 3060 καὶ
1868 2989 1945 3063 τά⁷
1967 3013 1998 3081 ἡ
2009 3012 2102 3081 μὲ-

433 3096 565 3151 τερα
596 3082 656 3135 ού
683 3085 842 3156 μέχρι
869 3086 960 3141 τοῦ
991 3089 1259 3160 παρόντος
1284 3093 1560 3158 καταλύει,
1593 3096 1726 3151 ἀλλά
1752 3099 1887 3170 πρὸς
1909 3099 2101 3170 ἑτέραν

432 3170 641 3238 ἀμείνω
673 3172 817 3247 ζωὴν
849 3176 946 3246 τῆς
978 3178 1259 3251 παρούσης
1295 3181 1570 3253 ὁδεύομεν,
1605 3186 1699 3239 καὶ
1733 3187 1868 3259 πρὸς
1900 3205 2102 3260 μικρο·

432 3258 595 3328 τέρας
627 3260 914 3334 βαδίζομεν
945 3265 1167 3330 ἐλπίδας
1192 3269 1285 3322 καὶ
1316 3270 1537 3339 ἀγαθῶν
1564 3258 1859 3329 ἀπόλαυσιν
1897 3258 2100 3330 ἀθάνα-

431 3364 522 3395 τον
550 3348 650 3401 ούκ
675 3350 907 3420 ἐχόντων
929 3353 1100 3418 τέλος.
1132 3356 1225 3420 Εἰς
1254 3357 1348 3410 δύο
1376 3360 1482 3432 γὰρ
1521 3361 1740 3426 τούτους
1770 3364 1971 3429 αἰῶνας
2003 3365 2100 3436 τὴν

433 3435 578 3508 ζωὴν
606 3439 760 3509 ἡμῶν
790 3441 982 3496 διεῖλεν
1015 3445 1042 3497 6
1072 3444 1224 3512 Θεὸς,
1262 3449 1355 3502 καὶ
1383 3450 1472 3503 τὸν
1502 3452 1599 3522 μὲν
1637 3455 1878 3524 παρόντα
1911 3435 2104 3510 ἐπίπο-

433 3540 522 3613 νον
557 3524 797 3594 ἐποίησε.
831 3527 924 3582 τὸν
960 3529 1017 3582 δὲ
1047 3531 1309 3599 μέλλοντα
1346 3537 1476 3607 ἡδὺν
1522 3540 1614 3592 καὶ
1661 3541 1959 3610 ἀκήρατον,
2015 3545 2159 3613 Eva,

431 3609 588 3679 ὀλίγα
614 3616 943 3685 πονήσαντες
965 3616 1219 3687 ἐνταῦθα,
1247 3622 1357 3676 τῶν
1381 3626 1673 3696 ἀκηράτων
1703 3628 2102 3699 ἀπολαύσωμεν

432 3699 550 3752 ἐκεῖ
571 3703 865 3770 στεφάνων,
916 3705 1193 3762 Ἐϐούλετο
1221 3709 1321 3780 μὲν
1342 3712 1451 3780 γάρ
1477 3715 1570 3768 καὶ
1599 3715 1663 3767 ἐκ
1689 3716 1989 3786 προοιμίων
2016 3719 2103 3771 εὐ-

430 3787 682 3876 θέωςέπ⁹
735 3791 950 3864 ἐκείνην
986 3797 1134 3866 ἡμᾶς
1191 3799 1418 3867 ἀγαγεῖν
1457 3801 1556 3870 τὴν
1590 3801 1754 3873 ζωὴν,
1791 3803 1905 3857 ἀλλ’
1944 3808 2103 3876 ἡμεῖς

432 3879 532 3926 οὐκ
553 3875 834 3947 εἰάσαμεν,
865 3882 929 3952 τῇ
964 3881 1208 3956 ῥαθυμίᾳ
1233 3887 1434 3957 πολλὴν
1457 3889 1821 3959 ἐργασάμενοι
1850 3891 1948 3961 τὴν
1967 3875 2104 3946 ἀνα-

432 3961 594 4033 ϐολὴν
633 3966 725 4016 καὶ
759 3965 846 4020 διά
877 3967 978 4038 τῆς
1019 3969 1414 4046 ἀγνωμοσύνης
1461 3977 1970 4043 κατασκευάσαντες
2002 3980 2101 4051 τὴν

435 4049 690 4120 μέλλησιν
721 4054 925 4126 ταύτην
957 4056 1056 4128 τὴν
1086 4062 1323 4130 μακράν.
1357 4062 1462 4116 Καὶ
1485 4064 1644 4118 10610
1681 4068 1745 4120 ἐκ
1769 4067 1877 4120 τῶν
1913 4069 1970 4135 ἐξ
2004 4049 2102 4142 ἀρ·

430 4139 531 4208 χῆς
547 4139 678 4230 ἡμῖν
706 4143 1011 4230 γενομένων
1032 4148 1365 4220 πειράσομαι
1395 4154 1614 4224 ποιῆσαι
1647 4155 1822 4226 δῆλον.
1862 4159 1971 4210 Καὶ
1995 4139 2100 4230 γάρ

430 4225 667 4316 τοιοῦτος
695 4240 718 4268 ο
742 4228 770 4280 6
789 4229 920 4294 Θεός
941 4247 953 4260 ·
979 4231 1107 4287 ὅταν
1130 4235 1298 4310 μέλλῃ
1320 4255 1373 4291 τι
1409 4241 1668 4312 παρέχειν
1690 4225 1820 4315 μῖν
1843 4225 2098 4316 χρηστὸν,

429 4312 532 4367 κᾶν
563 4314 771 4382 ἀνάξιοι
805 4318 1126 4391 φαινώμεθα
1149 4323 1248 4397 τῆς
1283 4327 1446 4381 αὐτοῦ
1481 4330 1813 4400 φιλοτιμίας,
1843 4332 1990 4404 ὅμως
2011 4335 2099 4386 ἐν-

427 4401 699 4456 δείκνυται
723 4405 810 4460 διὰ
841 4409 1058 4465 πάντων
1107 4413 1190 4466 ὄτι
1218 4415 1380 4479 αὐτὸς
1409 4416 1507 4486 μὲν
1547 4418 1816 4485 ἐϐούλετο,
1863 4421 2014 4492 παρά
2043 4421 2098 4474 δὲ

426 4490 526 4563 τὴν
550 4492 827 4566 ἡμετέραν
868 4498 1137 4570 ρᾳθυμίαν
1190 4503 1250 4556 τὸ
1295 4504 1547 4560 ἐκπεσεῖν
1597 4501 1672 4563 ὧν
1715 4490 1964 4564 ἐϐούλετο
2009 4510 2100 4578 γέ-

427 4596 574 4647 γονε.
597 4581 768 4638 Τοῦτο
797 4585 861 4657 δὴ
884 4589 980 4641 καὶ
1006 4588 1065 4654 ἐξ
1084 4591 1260 4663 ἀρχῆς
1288 4592 1534 4665 ἐποίησε.

499 4669 756 4725 Πλάττων
789 4675 897 4746 γάρ
923 4675 1016 4730 16v
1045 4677 1330 4752 ἄνθρωπον
1353 4723 1366 4744 ,
1401 4684 1604 4748 εὐθέως
1644 4687 1704 4738 οὺ
1736 4687 1872 4757 μετά
1902 4688 2099 4753 πόνων,

425 4757 489 4809 οὐ
521 4759 660 4828 μετά
691 4760 1087 4835 ταλαιπωρίας,
1143 4769 1205 4820 ού
1239 4769 1378 4840 μετὰ
1427 4770 1600 4842 λύπης
1634 4774 1795 4827 αὐτὸν
1845 4775 2098 4838 ἔπλασεν,

424 4846 487 4898 06
518 4846 709 4918 θνητὸν
740 4851 1053 4921 είργάσατο,
1080 4855 1215 4910 ἀλλά
1245 4858 1340 4912 καὶ
1363 4859 1602 4930 ἀθυμίας
1627 4863 1720 4914 καὶ
1747 4861 1986 4934 ἱδρώτων
2009 4865 2104 4918 καὶ

427 4934 659 5023 θανάτου
688 4937 825 5001 τέως
857 4941 1013 5005 ἐκτὸς
1038 4939 1126 5014 ἦν.
1152 4945 1227 4999 οὐ
1253 4946 1360 5018 γάρ
1379 4946 1464 5014 ἀν,
1491 4948 1648 5019 εἴπερ
1677 4951 1737 5016 ἐξ
1766 4951 1940 5022 ἀρχῆς
1956 4951 2103 5023 αὐτῷ

424 5021 598 5076 ταῦτα
653 5025 1084 5098 συνεκλήρωσεν,
1129 5030 1354 5104 ὕστερον
1410 5034 1547 5104 μετὰ
1580 5035 1678 5107 τὴν
1699 5021 2011 5108 παράϐασιν
2045 5039 2101 5092 ἐν

422 5109 574 5174 τάξει
628 5110 904 5176 κολάσεως
933 5115 1028 5168 καὶ
1055 5119 1322 5190 τιμωρίας
1354 5121 1564 5186 τούτοις
1595 5122 1662 5176 ἂν
1698 5124 1858 5179 αὑτὸν
1889 5127 2102 5180 κατεδί-

425 5215 584 5254 κασε.
605 5199 902 5269 Γενόμενος
942 5201 1120 5256 τοίνυν
1151 5205 1356 5260 τούτων
1404 5210 1592 5281 χωρὶς,
1645 5213 1786 5284 ὑπὲρ
1819 5213 1910 5267 τὸν
1951 5216 2103 5287 ἥλιον

423 5286 589 5341 αὑτὸν
617 5287 850 5377 ἔλαμπε,
878 5290 1084 5357 γυμνὸς
1111 5293 1208 5362 μὲν
1244 5295 1474 5365 ἱματίων
1501 5297 1596 5364 ὢν,
1625 5299 1751 5373 δόξῃ
1781 5301 1838 5356 δὲ
1879 5286 2104 5377 περιϐε-

427 5375 730 5462 ϐῖιημένοςὶ
752 5375 862 5429 Καὶ
895 5377 1003 5448 γὰρ
1036 5381 1312 5438 καὶτοῦτο
1349 5385 1452 5456 τῆς
1495 5390 1894 5462 μακαριότητος
1937 5375 2103 5449 αὐτοῦ

431 5457 775 5552 μέγιστον
804 5467 1049 5532 σημεῖον,
1071 5466 1132 5520 16
1163 5470 1300 5542 μὴτε
1329 5473 1561 5542 ἱματίων
1594 5457 1824 5542 δεῖσθαί,
1862 5479 1937 5552 μὴ
1983 5481 2105 5535 σκέ-

427 5569 557 5623 πης,
585 5552 660 5624 μὴ
687 5551 851 5622 ἄλλης
868 5555 1010 5618 τινὸς
1033 5558 1288 5632 τοιαύτης
1312 5563 1622 5636 περιϐολῆς,
1644 5566 1757 5621 ἀλλ’
1780 5551 1933 5639 ἔχειν
1947 5570 2105 5640 σῶμα

427 5641 528 5710 τῆς
563 5641 751 5711 χρείας
783 5642 878 5713 τῆς
901 5643 1009 5729 ἀπὸ
1031 5646 1233 5702 τούτων
1255 5651 1543 5724 ἀνώτερον.
1567 5656 1642 5709 Ού
1667 5657 1842 5729 ταύτῃ
1863 5657 1922 5711 δέ
1947 5659 2107 5728 μόνον

428 5728 579 5803 [556]
612 5729 882 5801 μακάριος
930 5727 1029 5802 ἦν,
1079 5735 1191 5790 ἀλλ’
1218 5739 1299 5794 ὅτι
1345 5742 1438 5794 καὶ
1477 5743 1582 5816 πρὸ
1621 5727 2106 5817 τούτουῄτῆςπρὸς

425 5817 558 5870 Θεὸν
578 5819 846 5873 ἀπέλαυεν
870 5821 1103 5891 ὁμιλίας,
1135 5827 1228 5880 καὶ
1257 5832 1320 5901 τῇ
1352 5825 1631 5904 παρρησία
1669 5836 1735 5904 τῇ
1769 5834 1907 5905 πρὸς
1936 5834 2099 5888 αὐτὸν

488 5905 504 5926 ⁸
530 5905 616 5977 Βίρ-
649 5907 983 5977 rectqﬁlauh.
1026 5912 1303 5977 Legebalur
1344 5916 1575 5970 τοιοῦτον.
1626 5920 1778 5970 Multa
1822 5921 1918 5972 alia
1960 5923 2097 5971 [acili

429 5982 503 6020 τοι
517 5971 747 6018 rexi-ams.
775 5969 909 6022 Enn.

1687 801 2120 905 fogthfgﬁgl
2219 801 2906 895 xa116'25patpslp'066é
2957 801 3274 899 ἀντιϐλέψαι
3319 801 3552 904 ὲτάλμφ,
3567 801 3834 905 ξ’έῇδζξξ

2216 907 2417 961 ὡσανεὶ
2443 909 2594 978 φίλος
2613 911 2750 981 φίλῳ
2773 911 3059 981 διελέγετο.
3085 915 3193 970 Καὶ
3213 916 3321 989 γάρ
3347 921 3507 990 ἡνίκα
3530 921 3595 975 τά
3616 925 3712 979 τῶν
3730 928 3835 982 ἀλό-

2217 1011 2330 1064 γων
2357 997 2579 1067 ἐποίησε
2612 997 2765 1070 γένη,
2797 1000 2934 1071 πρὸς
2979 1003 3139 1056 αὐτὸν
3168 1004 3343 1074 ἡγαγε
3368 1048 3383 1072 ,
3421 1010 3513 1061 καὶ
3538 1010 3603 1063 τὰ
3631 1011 3836 1083 ὀνόματα

2217 1084 2384 1137 πᾶσιν
2413 1085 2574 1148 αὐτὸς
2602 1085 2858 1157 ἐπέθηκε,
2887 1089 2982 1143 καὶ
3023 1089 3235 1160 ἔμεινεν
3265 1094 3494 1166 ἀκίνητα
3530 1097 3592 1151 τά
3612 1099 3834 1170 ὀνόματα.

2215 1170 2327 1223 Καὶ
2353 1171 2461 1243 γὰρ
2500 1175 2593 1225 καὶ
2629 1172 2787 1226 τοῦτο
2819 1175 3071 1245 μέγιστον
3092 1178 3192 1248 τῆς
3210 1179 3304 1232 106
3332 1181 3466 1236 Θεοῦ
3487 1185 3642 1255 τιμῆς
3659 1191 3837 1260 τεκμή-

2219 1272 2353 1326 ριον,
2381 1259 2479 1330 οὐχ
2505 1260 2587 1312 δτι
2616 1261 2762 1332 αὐτῷ
2785 1263 2854 1316 τά
2875 1263 3118 1334 ὀνόματα
3139 1266 3407 1322 ἐπιθεῖναι
3444 1263 3724 1339 ἐκέλευσεν,
3743 1259 3836 1329 ἀλλ’

2212 1344 2314 1407 ὅτι,
2347 1345 2438 1398 τοῦ
2472 1346 2760 1417 ἀνθρώπου
2778 1348 2868 1401 τὸν
2905 1350 3127 1405 δοθέντα
3157 1353 3305 1423 αὑτῷ
3334 1355 3494 1426 νόμον
3534 1360 3834 1429 κινήσαντος,

2211 1432 2240 1484 6
2261 1430 2392 1496 Θεὸς
2429 1432 2527 1504 τὴν
2555 1434 2739 1506 τιμὴν.
2791 1437 2858 1506 ἣν
2894 1437 3093 1490 ἔδωκεν
3123 1439 3272 1510 αύτῷ
3312 1441 3419 1511 πρὸ
3445 1441 3535 1496 106
3567 1444 3732 1515 νόμου,
3757 1449 3837 1499 οὐκ

2212 1518 2482 1590 ἐκίνησεν,
2506 1520 2642 1574 ἀλλά
2672 1520 2804 1576 Πᾶν
2847 1521 2878 1576 ὃ
2900 1523 3197 1578 ἐκάλεσεν
3253 1526 3445 1596 Ἀδὰμ,
3497 1529 3658 1584 τοῦτο
3685 1530 3837 1600 ὄνομα

2211 1605 2386 1670 αὐτῷ.
2422 1603 2575 1670 Εἶδες
2599 1609 2718 1672 πῶς
2741 1609 2894 1663 οὐδὲν
2923 1611 3020 1680 τῆς
3045 1612 3324 1684 παρούσης
3366 1615 3483 1669 ἐκεῖ
3509 1615 3644 1687 ζωῆς
3670 1617 3838 1688 σύμϐο-

2211 1692 2301 1745 λον
2323 1709 2337 1757 ;
2368 1695 2428 1746 ού
2465 1694 2680 1765 τέχνας,
2709 1697 2808 1750 ούκ
2834 1698 3122 1770 ἐμπορίας,
3149 1701 3250 1755 οὐκ
3271 1703 3576 1773 οἰκοδομὰς,
3602 1704 3694 1758 οὐκ
3714 1706 3838 1760 ἐνδύ-

2213 1795 2377 1848 ματα,
2401 1781 2498 1852 ούχ
2522 1782 2864 1854 ὑποδήματα,
2888 1785 2949 1838 ού
2970 1785 3189 1858 στέγην,
3211 1788 3271 1841 ού
3287 1789 3582 1859 τράπεζαν,
3605 1791 3665 1842 οὐ
3685 1791 3836 1856 πόνον,

2210 1866 2268 1918 ού
2299 1865 2496 1938 λύπην,
2529 1868 2590 1920 ού
2619 1870 2864 1936 θάνατον,
2895 1871 2958 1923 οὐ
2989 1871 3078 1927 τὸν
3108 1873 3216 1926 τῶν
3248 1874 3424 1929 ἀλλων
3466 1876 3644 1930 παθῶν
3682 1878 3839 1949 ἐσμὸν,

2212 1952 2347 2007 ἀλλά
2371 1954 2597 2028 λαμπρά
2625 1957 2694 2010 τά
2722 1959 3002 2029 προοίμια,
3036 1961 3131 2013 καὶ
3184 1961 3388 2035 φαιδρὰ
3439 1963 3507 2017 τά
3552 1965 3836 2035 προπύλαια,

2211 2041 2303 2094 καὶ
2333 2043 2430 2114 τὴν
2461 2045 2636 2116 ἀρχὴν
2667 2047 2758 2098 ἐπὶ
2794 2045 3037 2116 βελτίονα
3068 2049 3214 2120 ζωὴν
3261 2050 3568 2106 ὁδεύουσαν.
3604 2053 3728 2106 Ἀλλ’
3759 2057 3840 2109 οὐκ

2209 2129 2390 2184 εἴασεν
2413 2133 2440 2184 ὀ
2479 2132 2670 2203 ’Λδάμ,
2684 2133 2930 2206 ῥᾳθυμία
2956 2136 3148 2207 ἀφάτῳ
3168 2138 3274 2191 τῶν
3293 2139 3682 2211 ἐπιταχθέντων
3698 2143 3839 2212 ὑπερ-

2210 2215 2310 2280 ϐάς
2336 2218 2458 2280 τοὺς
2503 2218 2680 2290 ὄρους,
2731 2222 2824 2273 καὶ
2856 2222 2992 2290 μηδὲ
3024 2224 3142 2287 ἐνὸς
3179 2225 3516 2296 ἀποσχέσθαι
3539 2229 3841 2300 καρτερήσας

2209 2303 2366 2370 ξύλου
2393 2321 2405 2335 ·
2442 2305 2554 2358 ἀλλ’
2577 2307 2727 2377 ὅμως
2759 2310 2850 2362 καὶ
2870 2309 3012 2363 οὕτω
3043 2311 3210 2384 πολλὴ
3239 2314 3272 2384 ἡ
3305 2313 3399 2367 τοῦ
3422 2314 3553 2368 Θεοῦ
3579 2315 3842 2390 φιλανθρω-

2208 2392 2311 2444 πία
2332 2391 2622 2447 δείκνυται.
2648 2395 2760 2447 Καὶ
2787 2395 2894 2466 γάρ
2913 2396 3032 2461 ἔθος
3061 2398 3138 2468 τῷ
3157 2399 3275 2470 Θεῷ
3301 2401 3564 2467 τοιοῦτον,
3587 2405 3704 2458 ὅταν
3721 2406 3841 2468 τινὸς

2206 2477 2529 2550 ἐκπέσωμεν
2551 2480 2638 2534 διά
2659 2480 2952 2553 ρᾳθυμίαν,
2978 2484 3052 2554 μὴ
3071 2486 3337 2557 πρότερον
3356 2488 3680 2557 ἀφίστασθαι
3695 2490 3842 2544 πάντα

2207 2563 2464 2620 ποιοῦντα
2488 2568 2581 2620 καὶ
2601 2570 3143 2641 πραγματευόμενον,
3177 2572 3282 2638 ἕως
3316 2573 3384 2628 ἂν
3410 2578 3557 2647 ἡμᾶς
3581 2577 3667 2630 ἐπὶ
3693 2577 3843 2647 πολλῴ

2209 2651 2431 2722 μείζονα
2458 2648 2533 2706 ὧν
2559 2654 2895 2726 ἐξεπέσαμεν
2925 2657 3249 2731 ἐπαναγάγῃ
3274 2678 3290 2694 ι
3320 2661 3350 2714 ὃ
3383 2661 3447 2734 δὴ
3477 2665 3568 2716 καὶ
3595 2663 3704 2718 τότε
3740 2681 3842 2718 συν·

2205 2739 2325 2811 ἐϐη.
2365 2739 2730 2812 Ἐξεπέσαμεν
2750 2743 2858 2816 γὰρ
2894 2745 3244 2816 παραδείσου,
3288 2749 3386 2802 καὶ
3425 2750 3678 2822 ἐλάϐομεν
3703 2752 3844 2822 ούραο

2205 2827 2292 2880 νόν
2313 2844 2325 2857 ⁸
2351 2828 2434 2882 διὸ
2468 2831 2562 2882 καὶ
2593 2830 2794 2900 μείζων
2829 2833 2926 2902 τῆς
2958 2832 3163 2905 ζημίας
3199 2836 3232 2906 ἡ
3268 2839 3619 2908 πραγματεία
3659 2839 3839 2908 γέγονε.

2219 2915 2354 2968 Ἀλλ’
2382 2917 2480 2970 οὐκ
2510 2915 2710 2980 εὐθέως
2736 2919 3035 2990 εἰλήφαμεν
3053 2938 3066 2951 ο
3092 2922 3187 2975 καὶ
3219 2923 3379 2977 10610
3401 2925 3500 2996 τῆς
3525 2925 3679 2979 αὑτοῦ
3707 2927 3842 2996 κηδε-

2209 3003 2417 3074 μονίας.
2476 3003 2692 3075 Ἐπειδὴ
2746 3005 2852 3077 γὰρ
2887 3002 3041 3060 εἶπεν
3068 3011 3098 3062 6
3138 3009 3364 3082 ἐχθρὸς,
3406 3012 3487 3065 δτι
3523 3014 3841 3078 Ἐσεσθεὼς

2205 3091 2348 3156 θεοὶ,
2381 3091 2474 3144 καὶ
2492 3091 2718 3155 ταύταις
2748 3094 2947 3159 αὐτοὺς
2970 3095 3212 3166 ἐφύσησε
3235 3102 3356 3163 ταῖς
3394 3100 3604 3164 ἐλπίσι,
3641 3101 3727 3155 καὶ
3754 3103 3843 3154 ἰσο-

2205 3176 2354 3232 θεῒαν
2385 3179 2751 3251 προσδοκῆσαι
2780 3182 3180 3253 παρεσκεύασε,
3210 3186 3305 3238 καὶ
3327 3188 3410 3251 εἰς
3452 3187 3697 3240 ἀπόνοιαν
3721 3187 3844 3258 ἡλει-

2209 3265 2296 3335 ψε,
2317 3267 2409 3320 καὶ
2427 3266 2648 3337 μείζονα
2674 3269 2772 3338 τῆς
2791 3270 2997 3334 οἰκείας
3024 3271 3238 3340 φύσεως
3259 3273 3446 3327 λαϐεῖν
3471 3273 3666 3328 ἔννοιαν
3687 3274 3846 3342 ἐποίη-

2213 3369 2303 3405 σεν
2323 3369 2336 3382 ·
2357 3354 2422 3406 ἐκ
2448 3354 2642 3408 πολλοῦ
2664 3356 2755 3409 106
2783 3359 3062 3428 περιόντος
3094 3359 3154 3412 τὸ
3181 3359 3338 3423 ἐλκος
3371 3360 3526 3413 τοῦτο
3543 3358 3843 3431 θεραπεύων,

2209 3439 2411 3504 εὐθέως
2438 3441 2658 3512 ἀφίησιν
2695 3444 3005 3515 ἐγχρονίσαι
3045 3445 3122 3516 τῷ
3152 3444 3389 3516 θανάτῳ,
3425 3447 3564 3500 ὥστε
3615 3449 3676 3517 τῇ
3704 3445 3841 3515 πείρᾳ

2214 3528 2404 3599 μαθεῖν
2426 3529 2518 3582 106
2551 3530 2792 3582 διαϐόλου
2836 3531 2934 3601 τὴν
2977 3533 3306 3604 συμϐουλὴν,
3361 3536 3457 3589 καὶ
3506 3533 3841 3589 παιδευθεῖσαν

2211 3619 2388 3682 καλῶς
2419 3619 2516 3690 τὴν
2542 3619 2716 3690 ψυχὴν
2740 3621 3071 3691 μετριάζειν,
3105 3622 3228 3674 τότε
3275 3623 3542 3678 ἀθάνατον
3586 3621 3843 3677 ἀπολαϐεῖν

2209 3707 2270 3761 τὸ
2295 3708 2472 3778 σῶμα.
2498 3707 2646 3769 Τέως
2679 3707 2859 3778 μέντοι
2885 3707 2977 3760 106
2995 3707 3224 3762 θανάτου
3245 3709 3338 3763 τὸν
3370 3710 3531 3780 φόϐον
3549 3707 3842 3780 ἐνακμάζειν

2211 3793 2471 3864 ἠϐούλετο
2490 3797 2557 3866 τῇ
2585 3793 2814 3867 διανοίᾳ,
2849 3796 2941 3848 καὶ
2969 3794 3197 3867 φοϐερὸν
3219 3797 3280 3849 16
3306 3799 3541 3869 πρᾶγμα
3574 3795 3840 3866 φαίνεσθαι.

2284 3881 2350 3952 β’.
2385 3882 2484 3935 Διά
2504 3900 2586 3936 τοι
2615 3881 2773 3935 τοῦτο
2794 3882 2994 3936 καὶτὸν
3012 3882 3175 3936 Ἅϐελ
3201 3885 3578 3956 συνεχώρησεν
3590 3884 3842 3939 ἀποθανεῖν

2211 3970 2444 4040 πρῶτον,
2475 3971 2561 4024 ἵνα
2581 3972 2609 4023 6
2637 3969 2889 4041 παραϐἀς
2907 3970 2993 4024 διά
3012 3971 3110 4042 τῆς
3124 3971 3297 4041 δψεως
3314 3973 3487 4044 αὐτῆς
3505 3971 3720 4046 μάθῃ,τί
3736 3969 3840 4023 ποτέ

2212 4059 2328 4111 ἐστι
2354 4057 2708 4122 θάνατος,καὶ
2740 4058 2855 4121 πῶς
2883 4058 3021 4131 βαρὺ
3048 4061 3280 4130 πρᾶγμα
3301 4061 3397 4114 καὶ
3415 4059 3663 4130 ἐπαχθές.
3685 4058 3739 4112 Εἰ
3761 4057 3840 4128 μὲν

2209 4145 2317 4216 γάρ
2345 4145 2504 4208 αὐτὸς
2528 4145 2843 4216 ἐτελεύτησε
2871 4147 3103 4217 πρῶτος,
3127 4147 3227 4200 οὐκ
3247 4147 3314 4200 ἀν
3341 4146 3482 4216 ἔγνω
3501 4147 3590 4201 106
3615 4145 3838 4217 πράγμα-

2207 4248 2298 4294 τος
2327 4232 2425 4300 τὴν
2447 4231 2630 4300 φύσιν,
2650 4231 2915 4302 μηδέποτε
2935 4232 3091 4300 ἄλλον
3111 4231 3234 4286 ἰδὼν
3263 4235 3490 4303 νεκρόνο
3515 4233 3627 4287 νυνὶ
3641 4232 3692 4286 δὲ
3707 4229 3840 4290 αὐτὸς

2213 4319 2310 4389 μέν
2332 4318 2460 4384 ζῶν,
2479 4320 2536 4372 ἐν
2571 4320 2740 4390 ἐτέρῳ
2769 4319 2824 4373 δὲ
2849 4319 3062 4390 σώματι
3097 4320 3234 4392 ὁρῶν
3260 4321 3353 4374 τὸν
3373 4321 3598 4376 Θάνατον
3617 4315 3839 4392 κρατοῦν-

2209 4424 2295 4472 τα,
2329 4406 2408 4477 τῷ
2433 4407 2526 4460 106
2561 4408 2770 4473 παιδὸς,
2801 4407 3190 4480 ἀκριϐέστερον
3224 4409 3320 4464 καὶ
3350 4409 3674 4480 σαφέστερον
3700 4404 3838 4476 ἐμάν-

2210 4493 2338 4548 θανε
2368 4496 2466 4566 τῆς
2487 4496 2758 4559 κολάσεως
2787 4495 2850 4548 τὸ
2880 4495 3128 4566 μέγεθος.
3153 4497 3252 4551 Διά
3271 4514 3357 4551 τοι
3381 4497 3539 4552 τοῦτο
3555 4495 3667 4550 οὐδὲ
3683 4491 3838 4552 ἁπλῶς

2205 4585 2263 4636 ἐν
2296 4582 2560 4654 ἀλλοτρίῳ
2590 4581 2822 4653 σώματι,
2855 4582 2972 4637 ἀλλ’
3001 4583 3059 4635 ἐν
3079 4583 3159 4655 τῷ
3179 4582 3274 4638 τοῦ
3308 4584 3500 4648 παιδὸς
3525 4582 3678 4640 αὑτὸν
3703 4576 3835 4640 εἶδεν.

2204 4667 2334 4722 ἔνθα
2364 4669 2502 4741 μετά
2523 4669 2622 4740 τῆς
2658 4667 2751 4722 106
2798 4668 3123 4741 πράγματος
3149 4669 3365 4740 φύσεως
3387 4673 3422 4742 ἡ
3449 4669 3690 4744 τυραννὶς
3709 4667 3733 4708 ι’
3757 4680 3836 4737 χα-

2204 4757 2518 4829 λεπωτέραν
2565 4756 2737 4810 ἐποίει
2781 4756 2879 4828 τὴν
2918 4757 3131 4830 ὀδύνην,
3156 4759 3250 4812 καὶ
3288 4758 3426 4830 μετά
3469 4761 3570 4829 τῆς
3597 4752 3831 4827 φύσεωςὴ

2205 4846 2376 4918 ἀρετὴ
2404 4845 2498 4901 τοῦ
2536 4845 2744 4912 παιδὸς,
2781 4847 2876 4901 καὶ
2918 4846 3057 4917 μετά
3082 4846 3183 4917 τῆς
3225 4845 3430 4918 ἀρετῆς
3458 4846 3519 4900 16
3541 4845 3635 4915 τῆς
3658 4839 3835 4914 ἡλικίας

2208 4931 2370 4997 ἄνθος
2395 4951 2409 4964 ·
2439 4933 2499 4986 ού
2538 4933 2646 5005 γὰρ
2671 4935 2728 4986 ἐν
2758 4934 2928 5005 γήρα,
2955 4931 3069 4986 ἀλλ’
3097 4934 3154 4986 ἐν
3183 4933 3320 5004 αὐτῇ
3349 4935 3415 5004 τῇ
3450 4933 3598 5002 ἀκμῇ
3632 4928 3720 4996 τῆς
3743 4922 3836 4977 νεό·

2209 5038 2371 5092 τητος
2397 5021 2496 5093 τὴν
2519 5020 2775 5092 τελευτὴν
2801 5021 3016 5085 ἐδέξατο
3032 5036 3047 5052 ·
3077 5021 3173 5075 καὶ
3206 5020 3341 5093 πρὸς
3378 5019 3584 5082 τούτοις
3611 5017 3761 5070 ἅπασι
3787 5009 3835 5062 τὸ

2210 5110 2363 5180 παρά
2389 5109 2619 5178 ἀδελφοῦ
2645 5109 2818 5164 ταῦτα
2847 5108 3058 5174 παθεῖν,
3091 5109 3188 5164 καὶ
3208 5109 3358 5181 παρὰ
3382 5105 3606 5177 ἀδελφοῦ
3631 5095 3833 5172 παρπνθ

2211 5215 2329 5269 μως
2359 5199 2453 5252 καὶ
2475 5197 2696 5262 ἀδίκως.
2732 5197 2833 5252 Διά
2858 5198 2967 5270 γὰρ
3006 5197 3262 5251 ἁπάντων
3297 5197 3500 5251 τούτων
3545 5189 3753 5264 φοϐερὸν
3784 5182 3834 5235 τὸ

2209 5288 2550 5357 προσωπεῖον
2596 5285 2691 5339 106
2743 5285 2978 5340 θανάτου
3024 5284 3454 5350 κατεσκευάζετο
3489 5280 3631 5356 [557]
3657 5277 3738 5332 καὶ
3777 5273 3830 5340 τῇ

2208 5373 2329 5445 δψει
2361 5372 2753 5444 ἀλγεινότερον,
2785 5373 2877 5426 καὶ
2915 5374 2948 5443 ἡ
2976 5373 3136 5444 ὀδύνη
3165 5372 3246 5443 τῷ
3291 5372 3460 5442 Ἀδάμ
3487 5367 3719 5440 ἠγείρετο
3749 5377 3826 5431 κε’

2207 5462 2509 5533 λεπωτέρα,
2540 5461 2770 5515 ἑκάστου
2795 5460 2904 5514 τῶν
2931 5460 3237 5532 εἰρημένων
3283 5459 3520 5531 μεγάλην
3542 5455 3826 5509 ἀνάπτοντας

2208 5532 2438 5623 κάμινον
2473 5551 2566 5605 καὶ
2596 5549 2929 5623 δριμυτέραν
2974 5549 3075 5621 τὴν
3118 5548 3290 5618 φλόγα
3341 5542 3708 5618 ἐργαζομένου,
3752 5532 3827 5586 καὶ

2209 5622 2550 5703 παιδεύοντος
2600 5622 2678 5702 εἰς
2723 5641 2846 5692 ὅσον
2875 5638 3044 5691 κακὸν
3089 5636 3252 5691 αὐτόν
3281 5634 3523 5690 ἐνέϐαλεν
3551 5634 3578 5684 6
3599 5622 3821 5683 διάϐολος.

2208 5728 2271 5780 Εἰ
2297 5727 2404 5799 γάρ
2430 5729 2589 5799 ἡμεῖς
2612 5727 2732 5780 καθ’
2764 5727 3000 5798 ἑκάστην
3028 5727 3240 5797 ἡμέραν
3267 5723 3497 5795 ὁρῶντες
3521 5715 3724 5810 νεκροὺς
3753 5708 3820 5810 οἳ·

2213 5814 2543 5886 ρυϐούμεθα,
2578 5816 2980 5887 ταραττόμεθα,
3024 5811 3438 5884 συστελλόμεθα,
3472 5807 3561 5863 καί
3578 5805 3666 5874 οὐχ
3690 5803 3822 5871 ἡμεῖς

2218 5985 2230 6000 ⁸
2271 5923 2299 5961 δ
2323 5921 2524 5996 Βρείὶυε
2542 5923 2798 5987 legeretur
2809 5922 2926 5986 μετά
2949 5919 3033 5971 106
3056 5921 3324 5985 πράγματος
3339 5913 3567 5982 (θανάτου)
3579 5916 3651 5970 τῆς
3670 5905 3821 5969 φύσιν(

2207 6001 2240 6043 η
2259 6000 2482 6046 τνραννις.
