3892 6402
143 322 185 378 73
870 330 936 385 Ill
976 329 1279 400 HOMILIA,
1321 328 1519 386 ΜΕΤΑ
1562 328 1948 389 PRAESENTE
1991 334 2459 397 IMPERATORE.

3181 349 3284 407 474

1371 538 1721 602 HOMILIA
1762 542 1874 610 ΙΙΙ.
2430 568 2433 571 λ

143 688 309 742 hisdem.
338 686 604 758 Insequenti
626 688 709 741 die
731 687 1026 742 adveniente
1052 687 1351 757 imperatore
1370 683 1422 738 in
1449 699 1591 737 mar-

146 780 304 850 tyrium
337 796 410 833 seu
455 781 716 835 ecclesiam
771 781 995 850 apostoli
1018 790 1068 834 et
1094 779 1329 849 martyris
1360 777 1588 843 Tltonue,

143 888 236 941 qua
254 873 334 925 sita
356 882 416 925 est
444 872 492 926 in
513 870 730 943 Drypia,
769 888 883 926 cum
927 874 1205 926 recessisset
1246 881 1363 926 ante
1385 871 1590 925 concio-

143 979 251 1026 nem,
265 963 355 1016 hac
376 963 573 1017 homilia
601 964 769 1017 habita
788 973 861 1017 est
883 963 952 1017 ad
978 962 1158 1033 populi
1178 971 1378 1017 coetum.

143 1055 180 1107 Ι.
209 1053 488 1108 Benedictus
513 1053 657 1109 Deus
690 1072 703 1109 :
735 1063 949 1124 quantae
967 1062 1091 1108 sunt
1110 1062 1404 1126 martyrum
1426 1052 1594 1107 virtu-

162 1146 174 1199 !
201 1144 300 1200 heri
322 1145 457 1201 nobis
481 1145 556 1200 illi
584 1154 748 1200 totam
776 1146 1044 1201 civitatem
1071 1161 1191 1201 cum
1230 1145 1588 1215 imperatrice,

144 1237 210 1292 lie
259 1237 605 1306 imperatorem
663 1253 783 1292 cum
820 1238 1056 1292 exercitu
1103 1245 1158 1292 et
1199 1237 1397 1307 pietate
1424 1220 1590 1291 multa

143 1330 199 1383 iis
223 1337 543 1394 attraxerant,
577 1344 682 1384 non
711 1329 939 1384 vinculis
975 1328 1068 1384 sed
1108 1337 1297 1383 catena
1326 1326 1586 1393 caritatis,

143 1436 222 1475 ena
263 1434 368 1491 qua:
412 1434 694 1490 numquam
742 1420 1023 1490 rumpitur.
1065 1418 1177 1474 Hoc
1200 1424 1378 1473 autem
1421 1418 1588 1471 mira-

143 1533 150 1567 :
190 1524 288 1579 est,
318 1527 411 1569 non
454 1514 594 1584 quod
624 1514 830 1569 venerit
857 1514 1167 1583 imperator,
1184 1509 1279 1567 sed
1298 1509 1441 1582 quod
1464 1524 1586 1564 cum

143 1622 221 1676 tua
268 1605 555 1671 alacritate;
595 1619 699 1660 non
730 1604 1065 1670 necessitate,
1094 1602 1190 1659 sed
1217 1602 1445 1668 affectu;
1480 1614 1584 1655 non

143 1706 248 1756 tiam
272 1702 531 1771 praebens,
558 1699 651 1755 sed
679 1698 902 1770 gratiam
931 1698 1201 1768 accipiens
1228 1713 1241 1751 :
1269 1706 1325 1753 et
1352 1696 1439 1765 qui
1490 1694 1585 1748 be-

143 1793 215 1848 cia
243 1792 474 1847 omnibus
507 1806 603 1861 per
647 1790 834 1846 orbem
865 1790 1104 1856 confert,
1131 1788 1277 1845 venit
1324 1786 1584 1842 beneﬁcia

144 1886 279 1941 unctis
305 1884 442 1941 hisce
472 1899 801 1955 magnosque
821 1884 1079 1938 bonorum
1111 1882 1313 1937 fructus
1339 1890 1589 1950 acceptu-

164 1977 378 2049 ldeoque
404 1986 458 2033 et
486 1978 599 2048 ipse
630 1975 952 2041 diademate,
976 1985 1031 2032 et
1078 1976 1335 2031 satellites
1370 1988 1578 2039 omnes,

143 2072 342 2143 :lypeis,
363 2070 446 2125 alii
465 2071 666 2125 lanceis
686 2070 967 2140 depositis,
987 2078 1041 2124 et
1061 2067 1197 2123 fastu
1221 2068 1314 2122 illo
1334 2067 1579 2138 depulso,

165 2161 385 2217 demisso
410 2162 587 2217 animo
625 2176 906 2216 accessere
950 2173 1158 2223 omnes,
1187 2159 1337 2229 quasi
1366 2173 1395 2212 a
1438 2170 1581 2214 terra

144 2257 280 2311 clum
316 2256 560 2328 ingressi,
609 2256 695 2310 ubi
735 2255 1040 2324 dignitates,
1086 2253 1361 2324 Splendor,
1392 2262 1444 2306 et
1473 2260 1579 2306 tota

144 2348 430 2420 lignitatum
458 2363 615 2403 scena
644 2348 873 2417 ejicitur,
903 2350 1024 2402 vitae
1051 2356 1227 2400 autem
1274 2344 1577 2414 exemplum

143 2440 310 2495 irtutis
367 2440 568 2495 fructus
612 2449 816 2494 tantum
870 2440 1141 2509 effulgent.
1192 2438 1345 2504 Quod
1399 2438 1443 2492 si
1493 2436 1579 2492 hic

143 2556 149 2586 ι
190 2542 271 2587 est
298 2541 590 2603 martyrum
638 2532 827 2599 virtus,
876 2531 1049 2601 cogita
1097 2539 1291 2601 quanta
1337 2528 1391 2583 in
1434 2528 1578 2583 czelis

144 2641 175 2679 a
218 2627 287 2681 sit
318 2642 333 2679 :
363 2625 406 2679 si
454 2626 507 2680 in
569 2640 799 2695 agonum
845 2633 900 2677 et
942 2623 1291 2678 certaminum
1334 2630 1577 2690 tempore

163 2729 288 2773 sunt
313 2718 545 2787 ipsorum
576 2717 848 2781 honores;
883 2716 935 2771 in
967 2716 1310 2785 praemiorum
1332 2722 1576 2782 tempore

143 2828 173 2866 a
218 2810 402 2866 bravia
447 2809 641 2864 erunt?
672 2809 882 2863 Etenim
929 2817 1109 2862 nostra
1141 2822 1247 2863 non
1284 2815 1408 2861 sunt
1434 2822 1575 2876 pra:-

143 2923 161 2961 ε
209 2905 334 2959 vitae
377 2903 635 2959 limitibus
682 2904 1125 2973 circumscripta:
1171 2901 1267 2958 sed
1306 2901 1371 2955 ad
1415 2899 1574 2955 aliam

143 3016 151 3052 ι
194 2996 451 3067 przesenti
498 2995 774 3049 meliorem
821 3009 1187 3064 properamus,
1247 3000 1303 3047 et
1342 2991 1407 3046 ad
1454 2991 1575 3046 lon-

143 3108 190 3145 m
231 3106 385 3160 spem
430 3088 822 3154 contendimus,
856 3096 910 3142 et
952 3088 1020 3142 ad
1062 3087 1322 3142 bonorum
1378 3084 1578 3140 haben-

192 3180 585 3238 usumfructum
639 3180 1016 3235 immortalem.
1066 3179 1126 3234 In
1188 3178 1295 3235 duo
1346 3190 1577 3246 namque

144 3278 267 3330 )eus
314 3276 479 3329 vitam
514 3284 752 3328 nostram
779 3271 999 3335 divisit;
1034 3284 1375 3341 praesensque
1403 3284 1574 3324 :evum

143 3368 313 3421 losum
370 3365 639 3431 reddidit,
687 3363 921 3417 futurum
971 3378 1099 3418 vero
1146 3377 1313 3416 suave
1352 3370 1408 3417 et
1452 3359 1574 3415 inli-

177 3477 192 3524 ;
228 3468 291 3513 ut
330 3468 455 3529 post
495 3457 735 3514 modicos
765 3455 852 3510 hic
889 3456 1193 3510 exantlatos
1223 3453 1434 3509 labores
1477 3454 1576 3506 im-

152 3552 299 3606 libus
352 3549 463 3603 illic
514 3549 751 3603 fruamur
793 3547 1027 3603 coronis.
1081 3545 1306 3602 Volebat
1356 3545 1571 3615 quidem

144 3641 267 3695 alim
293 3640 365 3694 ab
388 3639 613 3695 exordio
641 3638 705 3693 ad
738 3639 881 3693 illam
911 3652 1007 3694 nos
1027 3637 1222 3693 ducere
1244 3637 1445 3702 vitam;
1477 3635 1571 3691 sed

143 3752 207 3790 ou
264 3734 641 3804 permisimus,
674 3732 988 3802 ignaviaque
1034 3740 1216 3785 nostra
1247 3730 1440 3783 multas
1471 3743 1569 3783 ue-

143 3844 181 3882 lS
215 3843 428 3892 moras,
463 3835 518 3881 et
572 3841 666 3895 per
703 3824 966 3893 ingratum
998 3824 1233 3878 animum
1264 3823 1569 3876 diuturnam

143 3920 477 3975 dilationem
509 3918 663 3972 nobis
702 3916 1152 3985 comparavimus,
1184 3914 1250 3968 Et
1276 3914 1375 3968 hoc
1391 3928 1452 3968 ex
1484 3915 1568 3978 iis,

146 4015 182 4069 b
213 4015 375 4069 initio
408 4013 565 4067 nobis
606 4010 725 4065 data
756 4010 987 4073 fuerant,
1023 4010 1234 4077 planum
1277 4007 1451 4062 facere
1477 4022 1568 4061 co-

143 4148 151 4161 .
203 4106 352 4162 Nam
378 4106 463 4161 sic
491 4105 635 4163 Deus
667 4103 942 4158 nobiscum
975 4103 1085 4172 agit
1109 4119 1122 4156 :
1148 4117 1269 4156 cum
1293 4101 1566 4171 quidpiam

144 4198 301 4255 uobis
347 4199 689 4269 prrestiturus
718 4204 822 4260 est,
852 4194 1058 4249 etiamsi
1090 4194 1289 4264 indigni
1322 4194 1439 4262 ejus
1470 4193 1566 4247 be-

149 4295 249 4347 ttia
300 4290 824 4359 videamur,_tamen
871 4301 968 4355 per
996 4286 1173 4339 omnia
1222 4283 1475 4349 ostendit,
1507 4298 1567 4337 se

143 4404 171 4441 n
202 4382 482 4447 voluisse,
510 4380 605 4436 sed
631 4394 728 4448 per
752 4377 1021 4451 ignaviam
1046 4386 1283 4432 nostram
1307 4374 1566 4430 accidisse

146 4493 221 4531 co
251 4474 410 4547 quod
444 4474 534 4529 ille
578 4470 794 4527 volebat
827 4469 1217 4525 excideremus.
1266 4466 1379 4522 Hoc
1421 4475 1566 4521 certe

143 4569 271 4624 fecit
282 4607 299 4621 .

143 4662 272 4715 tiuis
324 4660 564 4732 dignitas
619 4658 671 4711 in
729 4665 863 4710 statu
914 4653 1232 4707 innocentia.
1289 4651 1563 4707 Peccatum

160 4755 450 4809 hominem
474 4754 541 4806 ad
560 4751 905 4806 sublimiorem
929 4757 1117 4803 statum
1142 4748 1321 4801 evexit.
1343 4776 1415 4787 -—
1429 4746 1562 4801 Cum

144 4849 428 4903 .omiuem
446 4846 747 4901 efformavit
762 4845 922 4906 Deus,
937 4842 1116 4897 statim
1140 4856 1243 4895 non
1268 4840 1559 4907 laboribus,

148 4943 379 5005 iserim,
413 4954 521 4997 nun
549 4939 722 4993 dolori
766 4936 1062 4992 obnoxium
1109 4934 1254 4999 fecit,
1286 4947 1390 4987 non
1419 4948 1565 4987 mor-

143 5034 417 5090 condidit
444 5047 459 5096 ;
497 5031 595 5087 sed
626 5043 726 5085 nec
765 5028 992 5083 tristitia:
1018 5041 1117 5081 nec
1146 5023 1432 5079 sudoribus
1464 5039 1563 5078 nec

151 5142 269 5181 une
304 5125 571 5179 addictus
610 5130 745 5177 erat.
776 5119 959 5191 Neque
985 5118 1151 5182 enim,
1185 5117 1284 5171 nisi
1315 5117 1383 5171 ab
1408 5117 1560 5171 initio

174 5217 606 5283 concessisset,
636 5223 759 5285 post
782 5211 1258 5282 transgressionem
1284 5209 1348 5263 ad
1396 5210 1554 5264 talem

143 5312 513 5383 punitionem
555 5325 618 5364 ac
655 5305 974 5376 supplicium
1004 5303 1389 5358 damnavisset.
1421 5304 1554 5360 Cum

147 5408 224 5462 iis
255 5404 522 5461 nondum
546 5400 813 5456 obnoxius
837 5409 1000 5464 esset,
1020 5399 1307 5468 plusquam
1331 5397 1411 5452 sol
1442 5399 1557 5467 ipse

147 5510 196 5564 t,
227 5478 501 5553 vestibus
525 5494 718 5561 nudus,
748 5494 914 5564 gloria
935 5491 1316 5547 circumdatus.
1343 5490 1554 5546 Etenim

144 5606 293 5662 )que
339 5588 693 5645 beatitudinis
719 5587 837 5656 ejus
861 5586 1067 5656 signum
1097 5593 1215 5640 erat
1240 5586 1550 5653 maximum,

143 5701 212 5743 cc
241 5685 508 5740 vestibus
537 5691 719 5758 egeret
748 5697 921 5752 neque
970 5689 1276 5750 legumento
1320 5696 1418 5736 nec
1447 5681 1553 5736 alio

159 5781 421 5848 amictu,
468 5779 562 5835 sed
590 5794 783 5849 Corpus
814 5777 1035 5834 haberet
1078 5790 1268 5831 norum
1312 5778 1551 5832 omnium

1703 699 1801 740 usu
1848 690 2115 758 superius.
2156 690 2341 764 Neque
2384 694 2509 752 hinc
2558 697 2732 753 solum
2776 700 2964 759 beatus
3005 715 3159 767 erat:
3186 707 3283 762 sed

1699 780 1841 849 quod
1870 790 2023 836 antea
2057 783 2151 837 Dei
2178 783 2444 841 frueretur
2471 787 2762 859 colloquio,
2791 800 2847 847 et
2874 794 3122 863 loquendi
3158 812 3280 852 cum

1699 866 1817 939 ipso
1846 870 2088 927 libertate
2112 873 2389 943 gauderet.
2417 876 2486 930 Et
2511 879 2685 948 angeli
2711 882 2927 951 quidem
2959 887 3281 952 tremebant,

1696 959 1985 1016 Cherubim
2003 973 2058 1019 et
2080 964 2361 1035 Seraphim
2385 982 2451 1022 ne
2472 969 2741 1025 audebant
2760 973 2975 1042 quidem
2995 978 3236 1048 aspicere
3266 998 3278 1032 :

1698 1050 1813 1121 ipse
1841 1069 1970 1109 vero
1997 1064 2053 1110 ut
2079 1057 2283 1113 amicus
2323 1073 2445 1113 cum
2486 1060 2660 1116 amico
2704 1064 2975 1135 colloquia
3021 1082 3142 1123 cum
3187 1070 3279 1125 illo

1698 1145 1974 1201 miscebat.
2007 1148 2219 1205 Etenim
2266 1151 2479 1222 quando
2509 1153 2783 1210 brutorum
2828 1158 3140 1215 animalium
3184 1178 3278 1231 ge-

1696 1251 1827 1293 nera
1850 1239 2111 1307 condidit,
2142 1242 2208 1297 ad
2240 1243 2413 1313 ipsum
2446 1245 2534 1300 illa
2560 1246 2804 1316 adduxit,
2833 1259 2889 1306 et
2915 1253 3030 1322 ipse
3058 1256 3275 1311 nomint

1696 1326 1828 1397 ipsis
1878 1330 2132 1401 imposuit
2156 1334 2176 1404 (
2204 1334 2333 1390 Gen.
2361 1335 2416 1392 2.
2446 1338 2514 1394 l9
2544 1337 2585 1410 ),
2617 1356 2739 1410 quae
2790 1342 3071 1402 immutata
3125 1364 3272 1404 man.

1694 1429 1833 1510 sere.
1863 1418 1994 1475 Nam
2024 1421 2126 1478 hoc
2167 1440 2381 1496 quoque
2404 1428 2695 1487 maximum
2723 1440 2839 1487 erat
2866 1434 3088 1493 honoris
3116 1439 3216 1510 ipsi
3245 1457 3273 1494 a

1696 1506 1804 1602 Deo
1818 1512 2043 1580 praestiti
2060 1514 2291 1585 signum,
2306 1533 2412 1573 non
2430 1521 2571 1590 quod
2590 1522 2760 1592 ipsum
2774 1526 2987 1583 nomina
3003 1506 3275 1602 imponere

1687 1597 1926 1668 jusserit,
1958 1604 2053 1659 sed
2084 1608 2226 1677 quod
2253 1610 2436 1677 etiam,
2469 1623 2748 1685 postquam
2780 1616 2942 1674 homo
2963 1621 3065 1678 sibi
3078 1597 3272 1679 idatam

1691 1689 1863 1761 legem
1894 1705 2183 1765 everterat,
2214 1700 2355 1756 Deus
2385 1701 2669 1773 honorem,
2699 1722 2856 1776 quem
2888 1710 3005 1781 ipsi
3028 1723 3156 1771 ante
3189 1716 3271 1772 le-

1689 1795 1808 1850 gem
1853 1798 2215 1857 concesserat,
2261 1806 2367 1846 non
2415 1792 2738 1864 abstulerit;
2785 1801 2881 1856 sed
2929 1803 3093 1861 Omne
3136 1811 3272 1874 quod

1689 1877 1884 1970 vocavit
1909 1879 2096 1945 Adam,
2128 1883 2223 1937 hoc
2250 1901 2430 1941 nomen
2450 1898 2521 1942 est
2549 1890 2652 1960 ipsi
2677 1890 2884 1964 (lbid.).
2923 1895 3111 1953 Viden'
3139 1917 3271 1970 quo-

1688 1968 1850 2023 modo
1874 1971 2074 2027 nullum
2100 1974 2172 2029 ibi
2189 1987 2331 2032 esset
2351 1982 2628 2048 praesentis
2654 1983 2778 2039 vitae
2798 1988 3099 2058 symbolum
3122 1968 3268 2049 inon

1686 2068 1831 2114 artes
1882 2060 1976 2128 ibi,
2023 2078 2126 2120 non
2171 2070 2510 2136 commercia,
2558 2088 2665 2128 non
2693 2076 2949 2147 azdilicia,
2982 2098 3086 2139 non
3116 2084 3270 2141 indu-

1686 2161 1887 2249 menta,
1920 2169 2025 2207 non
2058 2156 2290 2227 calceos,
2320 2176 2425 2216 non
2473 2172 2701 2232 tectum,
2729 2183 2837 2223 non
2864 2186 3128 2244 mensam,
3159 2192 3265 2249 non

1686 2238 1947 2307 laborem,
1974 2260 2079 2299 non
2106 2247 2367 2317 dolorem,
2394 2267 2502 2308 non
2523 2265 2774 2325 mortem,
2795 2273 2900 2315 non
2928 2262 3073 2320 aliud
3106 2238 3271 2323 malo-

1685 2348 1803 2388 rum
1833 2349 2022 2406 agmen
2047 2339 2278 2405 videris;
2302 2343 2395 2397 sed
2423 2345 2700 2414 splendida
2730 2359 2884 2405 erant
2909 2358 3188 2425 prooemia,
3214 2372 3270 2416 et

1684 2425 1804 2480 lazta
1825 2428 2105 2497 vestibula,
2128 2442 2182 2487 et
2202 2433 2408 2490 initium
2430 2436 2497 2490 ad
2524 2438 2800 2496 meliorem
2825 2443 2985 2500 vitam
3010 2447 3263 2508 ducebat.

1681 2517 1788 2575 Sed
1843 2520 1893 2576 id
1927 2538 2031 2577 non
2064 2526 2304 2594 permisit
2352 2528 2542 2597 Adam,
2570 2545 2690 2586 cum
2742 2533 2951 2604 ignavia
3002 2554 3130 2596 usus
3170 2557 3267 2598 ex-

1683 2612 1951 2682 plicabili,
1975 2616 2247 2685 jussorum
2295 2619 2395 2674 sibi
2439 2622 2696 2679 terminos
2745 2628 3047 2698 transilivit,
3090 2648 3265 2704 neque

1681 2708 1748 2763 ab
1781 2724 1887 2764 uno
1910 2710 2176 2767 abstinere
2199 2713 2344 2784 ligno
2367 2717 2621 2772 sustinuit
2646 2737 2659 2773 :
2686 2728 2922 2778 attamen
2948 2725 3026 2780 sic
3052 2742 3264 2798 quoque

1681 2801 1846 2855 multa
1888 2801 1980 2857 Dei
2016 2804 2313 2874 benignitas
2353 2809 2672 2864 ostenditur.
2718 2811 2868 2867 Solet
2910 2816 3052 2870 enim
3081 2817 3221 2872 Deus
3246 2861 3260 2882 ,

1679 2894 1895 2964 quando
1942 2910 1971 2949 a
2019 2898 2268 2968 quopiam
2319 2914 2415 2969 per
2466 2901 2730 2971 ignaviam
2779 2905 2983 2976 delapsi
3031 2922 3215 2966 sumus
3245 2954 3261 2976 ,

1682 2986 1857 3041 omnia
1885 2986 2084 3056 facere,
2118 3004 2219 3045 nec
2249 3001 2373 3046 ante
2398 2991 2683 3061 absiStere,
2707 3010 2864 3066 quam
2892 3014 2991 3055 nos
3005 3001 3072 3056 ad
3094 3004 3263 3058 multo

1682 3080 1882 3150 majora
1924 3080 1989 3136 iis
2032 3096 2152 3152 qua:
2180 3084 2457 3141 amisimus
2499 3088 2752 3143 extulerit
2783 3107 2797 3144 :
2829 3090 2877 3144 id
2909 3093 3050 3163 quod
3099 3096 3261 3151 etiam

1682 3182 1808 3229 tunc
1848 3172 2064 3228 factum.
2098 3174 2412 3231 Excidimus
2451 3178 2594 3232 enim
2645 3194 2709 3234 ex
2739 3182 3007 3251 paradiso,
3035 3194 3088 3239 et
3112 3202 3263 3243 accc-

1682 3268 1854 3333 pimus
1874 3268 2064 3322 cadum
2092 3286 2104 3322 ε
2130 3268 2357 3339 ideoque
2377 3269 2574 3327 damno
2596 3273 2769 3343 majus
2791 3286 2873 3329 est
2898 3278 3124 3334 lucrum.
3154 3280 3262 3337 Sed

1681 3374 1785 3414 non
1838 3359 2015 3413 statim
2065 3358 2196 3415 illud
2246 3363 2588 3431 accepimus;
2638 3364 2796 3435 idque
2847 3382 2914 3422 ex
2957 3369 3074 3445 ejus
3132 3389 3193 3424 νυ
3228 3391 3257 3427 a

1677 3460 1732 3506 et
1760 3452 2092 3521 providentia
2120 3450 2319 3507 factum
2352 3462 2452 3507 est.
2486 3454 2620 3521 Quia
2648 3456 2791 3511 enim
2839 3458 3048 3514 dixerat
3078 3462 3257 3516 inimi-

1676 3556 1793 3609 cus,
1828 3543 1986 3598 Eritis
2028 3544 2155 3598 sicut
2196 3545 2271 3597 dti
2318 3544 2472 3618 (Gen.
2519 3548 2574 3601 5.
2608 3547 2700 3615 5),
2745 3559 2799 3602 et
2839 3550 2984 3625 ipsos
3033 3553 3122 3606 tali
3165 3570 3262 3624 spe

1677 3634 1977 3700 iullaverat,
2014 3644 2071 3688 ut
2117 3644 2489 3707 exspectarent
2534 3653 2592 3692 se
2621 3637 2729 3692 Deo
2774 3654 2929 3709 pares
2955 3640 3092 3712 fore,
3124 3653 3178 3699 et
3208 3646 3259 3700 in

1675 3727 2035 3798 arrogantiam
2086 3725 2231 3796 ipsos
2278 3727 2539 3782 allexerat
2589 3738 2641 3783 et
2682 3731 2748 3784 ad
2796 3732 3051 3801 majorem
3101 3751 3257 3806 quam

1677 3829 1864 3873 natura
1893 3832 1988 3873 sua
2014 3816 2182 3872 ferret
2216 3818 2522 3887 opinionem
2557 3836 2570 3872 :
2609 3820 2911 3888 hujusmodi
2941 3824 3089 3879 ulcus
3122 3829 3263 3895 peni-

1678 3920 1762 3966 tus
1806 3925 2001 3965 curans
2028 3910 2193 3976 Deus,
2235 3910 2413 3964 statim
2440 3910 2503 3963 ad
2547 3921 2756 3982 tempus
2806 3915 2934 3969 sinit
2986 3916 3038 3970 iu
3087 3930 3260 3975 morte

1676 4005 1902 4070 versari,
1935 4014 1991 4059 ut
2030 4004 2402 4074 experimento
2427 4004 2623 4060 diaboli
2655 4007 2936 4062 consilium
2970 4010 3257 4076 edisceret,

1674 4110 1728 4154 et
1761 4100 1924 4169 probe
1955 4100 2193 4154 instituta
2231 4101 2430 4165 anima,
2461 4115 2657 4171 corpus
2683 4100 2988 4159 immortale
3014 4120 3258 4160 assium:-

1674 4204 1776 4250 ret.
1821 4194 2035 4248 Interim
2085 4207 2213 4263 ergo
2260 4193 2471 4247 volebat
2526 4192 2669 4249 Deus
2723 4195 2913 4250 mortis
2965 4207 3166 4253 metum
3208 4201 3259 4255 in

1673 4287 1854 4340 animo
1901 4285 2102 4354 vigere,
2145 4283 2545 4354 terribilemque
2574 4299 2689 4341 rem
2718 4283 2922 4349 putari.

1743 4377 1798 4431 2.
1839 4375 1919 4431 De
1946 4375 2111 4430 Abelis
2141 4379 2295 4430 eicite.
2346 4376 2668 4431 Resurrectio
2695 4381 2873 4448 futura
2901 4379 3110 4435 obscure
3141 4386 3248 4453 pri-

1671 4486 1810 4523 mum
1836 4467 2285 4523 indicata—Ideo
2314 4469 2534 4522 Abelem
2565 4469 2712 4537 prius
2743 4485 2876 4524 mort
2910 4473 3172 4541 permisit,
3198 4486 3257 4531 ut

1670 4563 1759 4634 qui
1806 4563 2182 4632 prwvarieatus
2230 4560 2425 4627 fuerat,
2454 4577 2520 4615 ex
2546 4562 2663 4638 ipso
2691 4562 2807 4617 visu
2842 4562 3075 4621 disceret
3101 4569 3260 4637 quid-

1672 4672 1794 4711 nam
1816 4671 1962 4711 mors
1978 4665 2142 4722 esset,
2158 4664 2211 4709 et
2232 4670 2390 4725 quam
2411 4655 2589 4725 gravis
2612 4670 2957 4726 onerosaque
2978 4675 3065 4715 res
3091 4672 3257 4718 esset.

1669 4751 1800 4807 Nam
1824 4752 1866 4805 si
1894 4750 2007 4820 ipse
2031 4751 2233 4818 primus
2275 4759 2516 4809 mortuus
2563 4758 2728 4816 esset,
2772 4760 3016 4807 naturam
3044 4756 3121 4810 rei
3150 4772 3255 4813 non

1669 4845 1928 4909 novisset,
1957 4858 2077 4898 cum
2108 4858 2212 4896 non
2242 4841 2404 4897 alium
2424 4840 2655 4904 vidisset
2679 4851 2948 4898 mortuum
2971 4863 3143 4902 :uunc
3172 4866 3260 4903 au-

1672 4949 1777 4993 tem
1801 4939 1916 5008 ipse
1937 4935 2152 5008 quidem
2174 4937 2347 5001 vivus,
2364 4935 2418 5001 in
2440 4935 2545 4989 alio
2561 4946 2741 4991 autem
2771 4952 2999 5009 corpore
3024 4952 3253 4998 mortem

1668 5036 1858 5091 videns
1890 5035 1979 5089 lilii
2009 5048 2206 5103 corpus
2232 5042 2608 5103 occupantem,
2635 5035 2938 5090 accuratius
2977 5048 3030 5090 et
3058 5037 3256 5092 clarius

1668 5120 1962 5189 punitionis
1980 5118 2399 5189 magnitudinem
2417 5116 2623 5173 didicit.
2657 5117 2887 5188 Ideoque
2917 5133 3021 5174 non
3050 5127 3253 5176 tantum

1667 5212 1720 5266 in
1749 5211 1948 5276 alieno,
1985 5210 2076 5265 sed
2109 5219 2163 5264 et
2191 5210 2242 5264 in
2287 5209 2376 5263 filii
2402 5208 2486 5264 sui
2506 5223 2733 5280 corpore
2758 5209 2810 5265 id
2833 5209 2984 5277 vidit,
3017 5211 3106 5266 ubi
3128 5229 3249 5267 cum

1666 5306 1780 5375 ipsa
1818 5306 1894 5360 rei
1939 5315 2125 5359 natura
2170 5304 2477 5375 tyrannicas
2514 5306 2681 5373 patris
2705 5303 2927 5360 allectus
2948 5307 3250 5377 graviorem

1666 5396 1909 5469 pariebat
1948 5394 2224 5461 dolorem,
2270 5394 2539 5466 etiamque
2567 5410 2689 5451 cum
2740 5394 2857 5466 ipsa
2898 5405 3087 5456 natura
3142 5399 3252 5453 vir-

1666 5500 1751 5547 tus
1781 5490 1905 5556 lilii;
1938 5505 2058 5544 cum
2098 5489 2296 5543 virtute
2335 5486 2433 5543 ﬂos
2461 5502 2675 5562 quoque
2709 5488 2904 5543 mtatis.
2936 5488 3051 5544 Non
3106 5492 3249 5546 enim

1663 5586 1716 5641 in
1756 5593 2054 5654 senectute,
2112 5583 2205 5638 sed
2243 5583 2293 5638 in
2336 5583 2452 5653 ipso
2498 5582 2795 5653 iuventutis
2837 5582 3021 5652 vigore
3078 5596 3249 5640 morte

1662 5681 1903 5741 sublatus
1933 5688 2034 5739 est.
2057 5678 2136 5737 Ad
2170 5677 2283 5732 hrrc
2305 5694 2432 5733 vero
2449 5677 2626 5731 omnia
2656 5691 2684 5729 a
2718 5675 2881 5730 fratre
2917 5690 3015 5730 suo
3044 5676 3095 5731 id
3128 5692 3247 5745 pas-

1660 5790 1752 5832 sus
1782 5776 1973 5841 fuerat,
2008 5781 2060 5829 et
2089 5790 2114 5825 a
2139 5772 2299 5827 fratre
2322 5770 2577 5827 scelerate
2599 5778 2651 5823 et
2683 5770 2859 5839 inique
2902 5777 3110 5840 agente.
3148 5769 3248 5826 Per
