3892 6402
501 303 607 362 ειτδ

500 423 619 476 lucc
660 419 802 477 enim
831 413 1009 469 omnia
1059 410 1311 471 terribilis
1345 409 1532 464 mortis
1575 408 1786 478 species
1812 406 2076 462 reddeba-

500 522 589 566 tur
608 522 663 565 et
687 516 904 577 aspectu
933 502 1225 575 lugubrior,
1256 511 1310 561 ct
1347 498 1400 557 in
1432 494 2077 568 Adamo'graviorluctus

499 601 863 657 concitabatur
886 637 900 660 ,
944 610 1063 653 cum
1095 592 1511 664 unumquodque
1557 605 1743 651 eorum
1788 604 1908 659 quae
1935 587 2077 642 dixi-

501 707 623 748 mts
674 703 921 762 magnam
951 686 1273 745 accenderet
1303 668 1575 751 fornacem
1613 691 1670 745 et
1712 681 2075 749 ardentioreu.

500 787 768 854 ﬂammam
799 781 1074 845 efﬁceret,
1103 780 1433 848 doceretque
1482 776 1536 830 in
1580 785 1837 845 quantum
1876 772 2077 846 malum

501 876 674 944 ipsum
704 858 980 943 iniecisset
1005 870 1272 929 diabolus.
1300 868 1432 927 Nam
1476 867 1521 921 si
1550 880 1650 921 nos
1669 906 1683 928 ,
1711 864 1802 935 qui
1831 862 2079 933 quotidie

500 975 745 1029 mortuos
773 963 1019 1020 videmus
1046 1002 1061 1027 ,
1104 961 1381 1015 turbamur
1405 1000 1420 1025 ,
1450 954 1854 1026 expavescimus
1877 993 1891 1018 ,
1924 966 2080 1008 com-

500 1054 815 1128 primimur',
841 1067 941 1108 nec
966 1065 1064 1115 nos
1092 1057 1315 1115 tantum,
1346 1047 1441 1104 sed
1468 1046 1629 1102 etiam
1660 1044 1698 1098 ii
1726 1043 1817 1113 qui
1836 1040 2080 1112 superci-

500 1146 569 1200 lia
610 1144 874 1209 extollunt
906 1151 1067 1212 atque
1110 1141 1162 1195 in
1194 1139 1401 1213 magnis
1428 1144 1711 1192 versantur
1734 1130 2083 1204 dignitatibus

503 1248 557 1290 et
586 1234 857 1302 inﬂantur,
880 1233 929 1305 si
946 1231 1243 1301 veniantad
1263 1230 1420 1299 funus
1442 1229 1605 1291 etiam
1631 1226 1825 1287 mortui
1848 1223 2083 1294 vulgaris

501 1328 861 1395 conditionis,
905 1327 1020 1397 ipso
1072 1332 1291 1396 aspectu
1338 1322 1803 1393 comprimuntur,
1850 1327 1904 1375 et
1944 1331 2082 1387 quo-

502 1423 585 1476 vis
626 1421 731 1489 alio
783 1419 1095 1485 humiliores
1124 1416 1459 1473 redduntur:
1488 1413 1616 1484 quid
1660 1410 1951 1474 verisimile
2000 1417 2084 1468 est

501 1528 717 1583 possunt
767 1526 889 1573 esse
943 1510 1088 1573 illum
1135 1507 1224 1577 qui
1275 1515 1541 1561 mortuum
1568 1504 1798 1580 primum
1844 1499 2079 1579 videbat,

503 1611 560 1658 et
608 1605 660 1669 in
718 1602 846 1675 filii,
900 1583 1009 1667 imo
1053 1599 1172 1667 talis
1220 1597 1348 1665 lilii,
1391 1609 1657 1667 corpore;
1714 1593 1805 1664 qui
1846 1589 2093 1665 nondum.

502 1711 570 1763 ex
630 1704 958 1767 mortuorum
1029 1691 1326 1761 frequentia
1383 1688 1459 1767 de.
1515 1696 1661 1755 tanto
1722 1685 1864 1741 malo
1908 1682 2082 1753 cogita

507 1796 695 1851 verat,
740 1800 803 1840 ex
856 1785 937 1853 rei~
984 1781 1264 1838 insolentia
1310 1782 1541 1836 maxime
1586 1774 2091 1847 turbareturiquid‘

505 1892 718 1954 passum
789 1890 910 1945 esse
967 1874 1258 1937 verisimile
1304 1881 1388 1928 est
1423 1913 1440 1940 ,
1489 1887 1610 1927 eum
1663 1869 1870 1935 videret
1933 1867 2079 1921 illum

505 1988 606 2038 nec
671 1985 856 2025 vocem
912 1966 1139 2032 audire,
1197 1979 1296 2020 nec
1352 1972 1525 2045 tactus
1576 1976 1791 2019 sensum
1848 1972 2081 2030 capere,

506 2078 605 2122 nec
657 2060 905 2135 lacrymis
958 2068 1013 2113 et
1067 2055 1352 2127 gemitibus
1401 2054 1601 2109 moveri
1651 2066 1751 2107 nec
1788 2049 1925 2121 patri
1973 2049 2086 2106 do—

505 2152 636 2224 lenti
685 2149 977 2224 condolere
1035 2162 1135 2221 nec
1183 2155 1437 2223 consueta
1488 2144 1702 2201 facere?
1749 2143 1959 2200 Etenim
2016 2157 2089 2198 ne

509 2250 829 2312 praesentem
883 2253 1065 2309 rerum
1119 2245 1315 2305 statum
1371 2235 1714 2298 consideres;
1768 2234 1866 2297 sed
1910 2231 2107 2304 cogita-

507 2332 649 2403 quod
678 2341 804 2388 tunc
834 2330 1060 2401 primum
1109 2328 1272 2397 homo
1300 2337 1575 2395 mortuum
1605 2324 1829 2392 viderit,
1858 2334 1913 2379 et
1942 2322 2091 2392 quod,

509 2427 699 2477 timore
729 2410 920 2496 magno
951 2421 1223 2493 multaque
1251 2419 1652 2489 perturbatione
1703 2416 1942 2486 repletus
1970 2413 2085 2477 fue-

509 2514 597 2576 rit.
633 2516 879 2585 Attamen
906 2520 1092 2583 postea
1120 2510 1499 2565 consolationis
1525 2507 1739 2564 modum
1770 2505 2097 2584 excogitavi-tl

509 2604 652 2657 Deus
686 2582 712 2655 ε⁶
734 2582 905 2681 neque
935 2598 1079 2677 enim
1115 2609 1316 2672 tantum
1348 2598 1560 2653 volebat
1605 2607 1660 2653 ut
1699 2606 1873 2661 metus
1899 2582 2086 2653 mortis

509 2674 793 2763 adderetur
814 2674 987 2758 ,i'sed
1032 2674 1198 2744 etiam
1241 2698 1296 2743 ut
1337 2688 1623 2758 quamdam
1665 2674 2099 2759 consolationem:

510 2785 671 2851 ltomo
714 2782 1035 2853 perciperet.
1067 2764 1398 2847 Quamnam?
1443 2780 1488 2835 A
1522 2781 1930 2835 resurrectione.
1979 2779 2085 2835 Sed

509 2876 653 2935 illam
688 2856 1013 2928 non‘s‘tatim
1057 2871 1270 2941 quidem
1319 2870 1497 2945 dedit,
1547 2886 1731 2925 verum
1772 2871 1888 2940 ejus
1935 2872 2083 2941 Spem

508 2966 734 3021 obscure
789 2972 841 3017 et
885 2944 1035 3033 quasi
1084 2963 1136 3016 in
1178 2946 1466 3030 aenigmate
1523 2961 1747 3030 aperuit.
1797 2960 2085 3032 Postquam

507 3056 648 3120 enim
695 3062 871 3108 metus
905 3052 1136 3129 multum
1168 3040 1356 3106 anctus
1408 3049 1508 3105 fuit
1558 3036 1893 3129 hominisque
1930 3065 2084 3107 men-

507 3158 613 3219 tetn
641 3126 933 3210 concussit,
973 3130 1358 3225 ostensumqu‘e
1405 3141 1504 3197 fuit
1559 3142 1686 3213 quid
1729 3126 1875 3225 mors
1921 3149 2081 3206 esset,

507 3256 667 3311 quam
698 3238 896 3308 gravis,
927 3226 1087 3309 quam
1117 3220 1367 3311 ntoleSta,
1399 3253 1559 3308 quam
1588 3220 1854 3307 onerosa,
1884 3252 1989 3291 non
2019 3238 2087 3295 ab

510 3338 731 3400 aspectu
780 3328 993 3395 solum,
1037 3328 1132 3387 sed
1185 3329 1345 3384 etiam
1401 3328 1469 3383 ab
1524 3329 1591 3383 iis
1644 3344 1763 3398 quae
1810 3318 2095 3399 aspectum

509 3429 805 3492 sequuntur
826 3459 842 3485 ,
874 3434 903 3473 a
962 3419 1268 3484 vermibus,
1296 3434 1325 3471 a
1372 3418 1558 3484 latore
1627 3434 1656 3472 a
1686 3406 1855 3474 sanie
1876 3459 1891 3485 ,
1924 3434 1955 3481 a
2006 3408 2095 3489 ci?

510 3527 671 3577 perc,
724 3509 952 3580 aliisque
1001 3510 1285 3575 omnibus,
1324 3525 1442 3587 quae
1496 3510 1547 3563 in
1592 3496 1811 3564 mortuo
1862 3523 2101 3583 corpore,

512 3604 862 3669 observantur
899 3619 915 3659 :
953 3619 1074 3659 cum
1139 3604 1316 3674 itaque
1362 3603 1520 3658 timor
1566 3610 1755 3667 auctus
1799 3594 2003 3681 esset,
2031 3592 2097 3687 et

511 3700 747 3766 animum
801 3690 1203 3761 commoveret,
1233 3695 1356 3751 vide
1409 3695 1678 3766 quomodo
1727 3682 1886 3757 etiam
1937 3682 2087 3769 spem

512 3790 921 3853 resurrectionis
951 3798 1134 3858 postea
1168 3787 1381 3842 inducat
1406 3772 1735 3855 ,involutam
1775 3785 1987 3858 quidem
2035 3778 2089 3841 et

510 3882 830 3946 obscuram,
869 3879 963 3935 sed
994 3878 1201 3933 inducit
1230 3886 1428 3935 tamen.
1473 3876 1602 3933 Nam
1652 3875 1927 3930 Enoclium
1956 3914 1971 3939 ,
1999 3877 2094 3944 qui

512 3984 698 4042 postea
733 3972 832 4051 fuit
861 4014 876 4037 ,
922 3971 1057 4025 mori
1102 3986 1208 4024 non
1258 3968 1539 4038 permisit;
1570 3958 1803 4051 dicitque
1843 3966 2040 4035 Paulus
2074 3985 2086 4020 :

514 4048 647 4129 ir‘itle
678 4042 856 4136 Eitoca
902 4063 1180 4116 translatus
1218 4068 1330 4125 est,
1373 4071 1427 4112 ut
1466 4077 1566 4113 non
1613 4042 1800 4113 videret
1842 4069 2049 4112 mortem
2073 4100 2087 4123 ,

514 4165 560 4216 et
592 4170 691 4206 non
718 4153 1063 4207 inveniebatur
1084 4192 1099 4217 ,
1144 4151 1262 4219 quia
1292 4151 1548 4204 transtulit
1578 4166 1690 4205 eum
1722 4146 1858 4205 Deus
1898 4148 2087 4221 (Hebr.

514 4248 603 4315 1i.
649 4244 724 4317 5).
772 4244 1070 4304 TranStulit
1096 4260 1217 4300 eum
1244 4286 1259 4313 ,
1308 4260 1409 4299 nec
1440 4244 1574 4300 mori
1606 4232 1885 4314 permisit:
1920 4234 2093 4319 neque

516 4346 694 4398 tamen
751 4336 1106 4409 immortalem
1159 4330 1374 4407 interim
1424 4335 1570 4390 illum
1605 4334 1758 4401 fecit,
1792 4343 1850 4389 ut
1892 4345 2091 4391 metum

516 4448 621 4507 non
666 4430 931 4496 solveret,
965 4430 1058 4485 sed
1090 4439 1300 4499 manet,
1346 4446 1444 4486 nec
1479 4432 1704 4487 moritur
1737 4447 1750 4483 :
1784 4446 1956 4501 neque
2010 4441 2092 4485 ta-

513 4538 635 4579 men
677 4532 761 4577 est
790 4514 1143 4589 immortalis,
1176 4522 1270 4579 sed
1326 4523 1378 4578 in
1433 4523 1642 4591 mortali
1674 4538 1900 4594 corpore
1924 4523 2096 4593 longi.

512 4614 749 4669 tudinem
782 4614 911 4669 vita!
954 4614 1053 4685 ipsi
1105 4614 1329 4684 largitus
1372 4624 1496 4668 est:
1530 4615 1755 4675 obscure
1783 4657 1797 4678 ,
1845 4625 1900 4669 ut
1944 4614 2093 4679 dixi,

513 4696 836 4777 spcm'antc
883 4708 1335 4767 resurrectionem
1399 4706 1669 4779 aperiens.
1720 4706 1843 4762 Ideo
1892 4707 2094 4781 justum

514 4801 649 4861 inori
702 4800 875 4871 primo
923 4800 1191 4855 concessit
1232 4819 1247 4854 :
1295 4815 1416 4853 nam
1445 4784 1661 4870 praeter
1700 4800 1914 4859 allatam
1973 4784 2098 4857 cau-

514 4910 660 4958 sam,
694 4908 797 4947 non
826 4894 1153 4949 abcrraverit
1199 4893 1288 4964 qui
1322 4893 1457 4949 hanc
1484 4894 1644 4960 etiam
1672 4892 1877 4965 atl‘eret.
1910 4892 2098 4962 Quam.

516 4985 678 5039 nam?
713 4983 841 5037 Eam
865 5000 982 5054 qua:
1019 4984 1215 5053 petitur
1238 4999 1302 5037 ex
1334 4984 1748 5039 resurrectione.
1777 4984 1908 5052 Quia
1953 4984 2095 5051 enim

516 5091 662 5131 mors
693 5091 799 5128 non
851 5084 1108 5145 perpetuo
1148 5085 1428 5147 regnatura
1490 5087 1643 5140 erat,
1694 5060 1813 5132 ideo
1867 5062 2105 5146 primum

518 5167 636 5237 ejus
686 5158 1084 5228 fundamentum
1137 5168 1467 5238 primamque
1514 5169 1788 5235 radicem,
1820 5168 1870 5221 in
1899 5152 2095 5238 justiﬁ-

1210 298 1264 352 S.
1305 292 1585 352 .lOANNlS
1622 290 2103 349 CHRYSOST'OMI
2142 290 2464 347 ABCIIIEP.
2504 289 3043 367 CONSTANTIDIOP.

3625 304 3706 363 ιτς

2185 419 2292 460 non
2320 405 2631 461 relicturum
2657 420 2811 461 esse:
2835 416 3162 478 quapropter
3184 404 3555 465 debilissitnum
3583 422 3710 473 murti

2184 494 2588 552 fundamentum
2612 492 2615 493 ⁷
2644 498 2839 565 posuit.

2256 587 2311 640 5.
2354 586 2558 641 Deinde
2585 596 2703 656 post
2730 587 3005 642 Enochum
3038 590 3089 643 in
3120 588 3231 645 Noe
3246 605 3455 646 rursum
3471 592 3566 648 alio
3587 599 3717 653 modo

2188 677 2341 743 nobis
2366 678 2772 742 resurrectionis
2792 680 3026 749 speciem
3048 679 3216 739 dedit.
3237 682 3440 735 Etenim
3467 698 3531 743 an
3545 687 3718 753 meliori

2188 773 2313 839 tunc
2340 758 2499 835 quam
2528 770 2724 830 mortui
2748 768 3053 834 conditione
3089 780 3208 833 erat
3240 770 3374 835 Noe,
3401 774 3453 831 in
3500 776 3719 843 profundo

2189 865 2361 922 tanto,
2381 860 2432 910 in
2452 857 2752 923 tenebriset
2767 858 3051 923 incarcere
3065 862 3388 925 conclusus?
3407 865 3629 921 Attamen
3645 870 3719 927 im-

2190 960 2373 1001 mensa
2400 946 2491 1015 illa
2508 951 2695 1017 maria,
2710 964 2830 1031 quae
2852 952 3112 1018 montium
3126 955 3404 1017 cacumina
3429 959 3719 1024 cperiebant,

2189 1036 2337 1095 illum
2364 1038 2453 1107 qui
2479 1038 2531 1107 in
2557 1054 2683 1108 arca
2705 1050 2823 1107 erat
2847 1080 2863 1105 ,
2891 1057 2996 1097 non
3024 1042 3453 1112 absorpserunt;
3481 1047 3567 1100 sed
3598 1054 3722 1118 quasi

2187 1143 2251 1201 ex
2284 1140 2457 1191 morte
2487 1120 2799 1202 resurgens,
2828 1133 2906 1196 sic
2938 1149 3005 1195 ex
3030 1134 3283 1193 diuturna
3326 1138 3417 1193 illa
3447 1147 3723 1209 tempestate

2189 1230 2318 1285 tunc
2343 1224 2481 1278 exiit
2511 1224 2625 1305 Hoc
2645 1265 2661 1289 ,
2698 1224 2751 1281 in
2792 1226 2968 1291 salute
2992 1240 3087 1287 sua
3115 1230 3527 1293 resurrectionis
3571 1232 3724 1304 iungi.

2186 1328 2309 1388 nem
2330 1313 2611 1370 exhibens.
2638 1316 2765 1377 Post
2786 1316 2935 1373 illum
2962 1335 3147 1375 rursus
3174 1315 3518 1391 (procedente
3538 1340 3725 1394 namque

2189 1413 2435 1475 tempore,
2476 1406 2733 1472 clariores
2776 1410 3187 1489 resurremitmis
3216 1412 3481 1483 imagines
3520 1419 3726 1474 ostende-

2190 1494 2409 1560 bantur,
2453 1496 2515 1563 in,
2536 1496 2669 1571 Jona
2699 1499 3175 1581 quoqueidipstun
3203 1502 3350 1559 fecit.
3386 1503 3516 1567 Tres
3540 1522 3727 1579 namque

2187 1583 2304 1640 dies
2330 1586 2381 1638 in
2414 1597 2601 1661 ventre
2625 1590 2730 1643 ceti
2763 1590 2922 1659 trium
2951 1591 3158 1661 dierum
3185 1592 3241 1663 in
3266 1604 3445 1661 morte
3474 1599 3725 1665 symbolum

2186 1684 2379 1750 erant;
2426 1689 2483 1734 et
2526 1680 2770 1763 liberatio
2807 1697 2849 1751 ξ,
2880 1692 3003 1754 aeto
3048 1686 3460 1755 resurrectionis
3509 1688 3726 1762 Dominis

2191 1769 2439 1859 corporis
2488 1774 2693 1849 praevia.
2724 1774 3033 1847 praedicatio
3082 1786 3215 1843 erat,
3269 1762 3603 1850 Quapropter
3642 1786 3728 1859 ipa,-

2187 1856 2439 1929 dicebat;
2493 1861 2762 1935 Generatio
2813 1866 2925 1939 lucc
2966 1869 3167 1939 signant
3218 1871 3440 1939 quierit,
3484 1856 3737 1944 stagnum

2188 1966 2287 2004 non
2318 1952 2525 2027 dabitur,
2550 1955 2596 2007 ei
2636 1956 2732 2029 nisi
2774 1957 2990 2031 signum
3016 1958 3168 2027 lana:
3193 1976 3211 2013 :
3254 1962 3390 2033 sicut
3433 1964 3567 2037 enini
3600 1965 3730 2035 {om

2188 2043 2241 2098 in
2269 2054 2439 2109 uentre
2475 2048 2569 2121 ceti
2594 2049 2757 2121 tribus
2794 2050 2972 2128 diebus
3014 2063 3059 2106 et
3090 2053 3247 2111 tribus
3278 2057 3517 2133 noctibus
3536 2060 3654 2127 fuit,
3676 2065 3729 2125 si;

2189 2137 2282 2213 erit
2306 2135 2477 2195 Filius
2511 2139 2730 2215 Itominis
2760 2142 2812 2196 in
2838 2143 2990 2205 corde
3019 2155 3163 2213 terris
3192 2148 3363 2215 tribus,
3382 2150 3627 2213 diebuset
3650 2158 3725 2209 tri-

2189 2227 2279 2301 bus
2300 2229 2526 2284 noctibus
2552 2229 2763 2305 (Matth.
2790 2233 2878 2287 12.
2901 2235 2990 2289 '59.
3023 2235 3130 2307 40).
3161 2235 3327 2303 1833οῘ
3359 2256 3565 2311 quoque
3591 2256 3728 2301 ortum

2189 2336 2296 2396 non
2347 2323 2674 2385 aberraverit
2704 2325 2793 2395 qui
2841 2312 3248 2397 resurreCtionis
3275 2329 3503 2402 ﬁgurant
3545 2339 3731 2403 essedi-

2188 2413 2347 2479 xerit.
2393 2414 2596 2469 Idcirco
2640 2415 2835 2481 Paulus
2864 2433 3075 2490 quoque
3102 2436 3162 2474 ea
3203 2437 3331 2494 quae
3359 2433 3533 2493 ortum
3561 2426 3731 2495 ejnse;

2190 2504 2361 2561 sterili
2401 2515 2646 2585 spectant
2686 2523 2942 2575 enarratis
2967 2551 2982 2573 ,
3015 2525 3137 2565 cum
3167 2512 3402 2577 dixisset
3432 2525 3619 2583 patrem
3641 2520 3732 2589 ejus

2188 2605 2387 2673 praeter
2415 2612 2563 2667 Spem
2595 2599 2647 2653 in
2696 2615 2791 2671 spe
2820 2602 3112 2658 credidisse
3153 2604 3333 2679 (Rom.
3364 2608 3419 2679 4.
3452 2608 3555 2681 l8),
3594 2627 3731 2681 neque

2189 2688 2245 2743 in
2272 2687 2377 2744 ﬁde
2425 2689 2749 2747 intirmatum
2781 2691 2944 2769 fuisse
2967 2734 2981 2757 ,
3016 2710 3137 2749 cum
3180 2697 3552 2755 consideraret
3573 2716 3731 2771 corpus

2189 2794 2343 2861 suum
2373 2788 2674 2837 emortuum
2705 2791 2759 2837 et
2786 2794 3083 2843 emortuam
3110 2786 3325 2843 vulvam
3370 2789 3551 2846 Sane:
3582 2790 3638 2847 In
3670 2809 3731 2845 re-

2190 2872 2520 2949 promissione
2571 2876 2725 2929 etiam
2768 2874 2903 2940 Dei,
2944 2879 3148 2948 inquit,
3179 2895 3280 2934 non
3335 2862 3579 2952 htesitarit
3622 2884 3728 2953 diﬁ-

2190 2965 2398 3041 dentia,‘
2437 2967 2533 3045 sed
2575 2971 2892 3047 confortatus
2918 2979 2994 3024 est
3040 2970 3143 3037 ﬁde
3164 3012 3179 3037 ,
3212 2971 3353 3045 dans
3375 2956 3586 3043 gloriam
3609 2972 3727 3047 Deo;

2190 3055 2477 3135 plenissime
2519 3058 2681 3113 sciens
2728 3060 2847 3129 quia
2887 3076 3212 3136 quwcumque
3260 3065 3537 3133 promisit,
3588 3077 3729 3136 potat:

2189 3154 2262 3229 est
2288 3155 2338 3199 et
2358 3136 2553 3215 facere.
2583 3148 2815 3219 Ideoque
2842 3150 3112 3221 subjunin
3143 3170 3156 3206 :
3189 3152 3311 3229 Non
3344 3165 3419 3215 est
3458 3168 3614 3215 autem
3635 3160 3730 3210 scri-

2189 3246 2334 3324 pturn
2360 3247 2552 3293 tantum
2581 3250 2787 3310 prapter
2813 3241 2981 3309 ipsum
3006 3282 3020 3307 ,
3068 3244 3158 3298 sed
3183 3254 3230 3298 et
3256 3228 3471 3317 propter
3504 3265 3621 3323 nos,
3645 3251 3731 3318 φήφ

2189 3327 2282 3407 bus
2328 3327 2645 3413 reputabitur
2688 3331 3006 3387 credentibus
3059 3334 3113 3401 in
3160 3351 3275 3389 eum
3314 3376 3331 3401 ,
3388 3337 3476 3403 qui
3521 3326 3732 3393 suscitavit

2188 3408 2668 3503 J_e_sunthhristttm
2697 3422 2979 3479 Dominum
3019 3437 3245 3503 nostrum
3284 3445 3318 3483 a
3361 3434 3565 3487 mortuis
3603 3432 3734 3503 (Ibid.

2197 3524 2245 3595 υτ
2292 3510 2383 3579 22,
2428 3512 2545 3583 24).
2599 3513 2782 3571 Palam
2833 3516 3012 3586 itaque
3040 3528 3121 3573 est
3152 3518 3322 3574 lsaaci
3352 3532 3526 3577 ortum
3552 3524 3729 3593 ﬁguram

2190 3600 2356 3665 fuisse
2389 3605 2803 3661 resurrectionis
2830 3607 3055 3665 Christi.
3086 3609 3143 3663 Si
3176 3598 3321 3666 enim
3358 3612 3523 3683 ﬁgura
3548 3630 3641 3668 non
3662 3630 3729 3669 es-

2190 3701 2294 3760 set,
2322 3708 2428 3749 non
2466 3696 2833 3767 subjunxisset
2856 3740 2872 3765 ,
2904 3698 3027 3754 Non
3073 3710 3144 3755 est
3170 3712 3339 3757 autem
3371 3705 3616 3777 scripturn.
3647 3715 3731 3757 ωηο

2192 3796 2295 3873 tum
2326 3799 2533 3861 propter
2552 3791 2719 3859 ipsum
2743 3830 2760 3859 ,
2784 3791 2873 3845 sed
2903 3793 3055 3847 etiam
3086 3804 3293 3865 prapter
3329 3812 3424 3849 nos
3447 3836 3463 3863 ,
3490 3796 3648 3866 quibus
3667 3812 3730 3848 τις

2194 3882 2470 3950 putabitnr.
2520 3883 2661 3961 'l‘ypi
2710 3887 2851 3941 enim
2896 3901 2993 3947 seu
3041 3887 3225 3957 ﬁgurae
3268 3880 3382 3944 non
3414 3897 3616 3959 propter
3641 3889 3730 3949 illos

2195 3964 2397 4029 tantum
2440 3964 2749 4045 scribuntur
2777 3968 2866 4048 qui
2894 3978 3181 4049 ﬁgurarum
3212 3989 3461 4052 tempore
3496 3996 3592 4051 quo
3630 3979 3730 4041 ﬁunt

2195 4066 2486 4136 accipiunt,
2521 4069 2615 4123 sed
2648 4060 2866 4141 propter
2892 4072 3010 4127 illos
3036 4073 3197 4127 etiam
3223 4074 3314 4143 qui
3362 4088 3432 4129 ex
3476 4076 3574 4129 illis
3598 4074 3729 4141 lucra-

2196 4158 2302 4235 turi
2326 4150 2452 4214 sunt
2479 4160 2530 4214 in
2565 4149 2850 4230 posteriori
2886 4172 3145 4241 tempore.
3176 4150 3572 4239 Ideoquelalibi
3597 4165 3725 4219 dicit:

2200 4248 2326 4318 Haec
2351 4261 2519 4319 autem
2561 4255 2613 4307 in
2658 4256 2824 4326 ﬁgura
2874 4257 3228 4328 contingebant
3256 4250 3413 4325 illis:
3444 4260 3726 4331 scriptarum

2199 4352 2370 4399 autem
2398 4345 2464 4421 ad
2496 4350 2867 4416 correptionem
2898 4332 3241 4414 nostram,in
3281 4366 3411 4419 quos
3456 4351 3571 4419 ﬁnes
3607 4340 3728 4403 tat!-

2199 4433 2363 4487 Iorum
2391 4434 2690 4489 devenerunt
2722 4437 2796 4508 (l.
2825 4428 2949 4495 Cor.
3109 4436 3220 4511 il).
3261 4438 3413 4495 Elias
3454 4454 3641 4509 quoque
3662 4446 3726 4489 as-

2199 4514 2445 4597 sumptus
2480 4514 2639 4584 ‘ltanc
2686 4531 2840 4585 nobis
2885 4546 3036 4601 spem
3087 4518 3503 4589 resurrectionis
3545 4530 3725 4602 aperuit.

2198 4618 2303 4673 Sed
2350 4620 2437 4674 illa
2483 4621 2698 4690 quidem
2737 4623 2888 4692 quasi
2918 4625 2972 4677 in
3004 4622 3165 4694 ligura
3197 4635 3353 4679 erant
3382 4642 3397 4681 :
3430 4640 3544 4680 cum
3586 4633 3725 4676 autem

2202 4698 2507 4787 unigenitus
2538 4714 2630 4768 Dei
2660 4714 2827 4769 Filius
2855 4706 3070 4769 advenit
3095 4726 3217 4787 post
3247 4718 3412 4771 multa
3444 4728 3497 4772 et
3533 4717 3725 4770 innume-

2202 4818 2263 4857 ra
2295 4804 2491 4875 smeula
2518 4846 2531 4866 ,
2562 4804 2613 4858 in
2645 4804 2761 4875 ipsa
2794 4822 2853 4861 re
2876 4806 3030 4862 nobis
3059 4808 3507 4865 resurrectionem
3540 4803 3726 4862 ostendit

2202 4910 2299 4966 per
2350 4896 2622 4966 pr0prium
2669 4912 2900 4968 corpus,
2947 4899 3229 4955 absolvens
3286 4899 3458 4977 ipsum
3503 4916 3531 4952 a
3580 4895 3725 4953 mortis

2204 4991 2488 5064 tyrannide
2517 5009 2530 5044 :
2566 4991 2794 5062 ideoque
2817 4993 2894 5048 ait
2923 5010 2935 5045 :
2967 4992 3194 5053 Christus
3245 5007 3469 5057 mortuus
3512 5006 3555 5048 et
3593 5008 3722 5046 mar-

2204 5102 2324 5156 gens
2352 5101 2417 5139 ea:
2463 5086 2673 5139 mortuis
2704 5126 2718 5150 ,
2753 5087 2868 5156 jam
2895 5103 2997 5139 non
3026 5087 3237 5140 moritur
3263 5102 3281 5142 :
3320 5088 3451 5157 quod
3476 5087 3594 5141 enim
3620 5100 3721 5139 mar-

2206 5191 2320 5231 mus
2346 5186 2416 5231 est
2446 5187 2671 5246 peccato,
2701 5188 2929 5231 mortuus
2955 5188 3026 5231 est
3057 5178 3211 5232 semel
3241 5176 3410 5245 (Rom.
3438 5178 3488 5232 6.
3522 5177 3570 5234 9.
3597 5174 3682 5240 l0).

519 5261 731 5321 catione
756 5259 911 5329 deﬁgi
959 5263 1200 5327 curavit,
1232 5272 1289 5315 ut
1317 5261 1715 5321 fundamentum
1750 5277 1853 5315 non
1880 5260 2093 5316 ﬁrmum
2181 5286 2201 5315 ν
2277 5265 2331 5319 4.
2372 5262 2478 5317 Sed
2507 5263 2557 5315 in
2588 5261 2889 5331 primordiis
2918 5262 3128 5331 quidem
3160 5263 3272 5316 lure
3295 5263 3510 5316 obscure
3535 5259 3719 5314 ﬁebant;

518 5363 775 5415 maneret.
808 5352 957 5408 Sicut
995 5353 1137 5407 enim
1185 5364 1458 5423 peccatum
1498 5364 1581 5409 est
1632 5356 1819 5409 mortis
1867 5353 2098 5408 alimen-

520 5456 656 5513 tum,
682 5446 750 5500 ita
779 5455 830 5501 et
850 5444 1158 5516 iustiﬁcatio
1181 5454 1264 5501 est
1290 5446 1480 5502 mortis
1525 5446 1753 5501 sublatio
1773 5456 1827 5501 et
1852 5447 2092 5501 abolitio.

519 5536 799 5601 Concessit
844 5538 1003 5608 igitur
1051 5546 1111 5592 ut
1154 5537 1198 5593 is
1235 5537 1324 5612 qui
1366 5537 1565 5610 primus
1592 5539 1892 5593 moriturus
1935 5548 2095 5601 erat,

520 5630 689 5703 iustus
718 5638 897 5697 esset,
922 5630 990 5685 ab
1013 5630 1162 5686 initio
1185 5644 1284 5685 nos
1302 5629 1598 5701 alloquens,
1622 5630 1921 5705 bonamque
1942 5645 2093 5701 spem

520 5723 777 5790 exhibens
802 5766 815 5793 ,
849 5723 1239 5796 ostendensque
1268 5738 1325 5777 se
1355 5740 1521 5795 genus
1550 5731 1791 5793 nostrum
1831 5721 1882 5787 in
1916 5733 2085 5779 morte
2116 5784 2119 5791 ν

2207 5352 2613 5409 resurrectionis
2639 5352 2778 5407 enim
2805 5367 2927 5422 spes
2948 5353 3098 5421 quasi
3120 5353 3171 5407 in
3199 5353 3469 5423 aenigmate
3491 5346 3720 5419 exhilicba-

2211 5454 2294 5503 tur
2321 5432 2473 5498 nObis
2501 5459 2593 5514 per
2618 5443 2891 5498 Enochnm
2914 5458 2929 5509 ;
2954 5444 3137 5498 mortis
3173 5458 3301 5499 vero
3327 5430 3508 5497 solutio
3528 5454 3608 5519 per
3620 5436 3718 5491 Abe-

2212 5538 2314 5593 lem
2346 5555 2358 5591 :
2390 5538 2502 5592 lucc
2528 5549 2701 5591 autem
2727 5537 2885 5592 ambo
2911 5538 3074 5599 clare,
3094 5537 3383 5599 manifeste,
3399 5535 3597 5589 omnino
3616 5540 3657 5585 et
3681 5529 3716 5579 in

2209 5629 2435 5697 veritate
2473 5646 2566 5698 per
2601 5629 2927 5700 unigenitum
2960 5628 3050 5683 Dei
3084 5627 3269 5684 Filium
3307 5629 3430 5682 facta
3458 5634 3583 5680 sunt.
3607 5616 3717 5675 Unde

2216 5724 2374 5790 etiattt
2420 5731 2707 5796 martyrum
2758 5720 3036 5781 multitudo
3061 5721 3213 5778 nobis
3258 5714 3716 5791 germimrit,mortc
