4064 6554
228 427 293 482 ί75
1057 423 1124 478 Ill
1161 421 1474 490 HOMILIA,
1513 418 1718 478 ΜΕΤΑ
1755 416 2145 478 ΡΒΑΞΒΕΝΤΕ
2183 418 2654 478 IMPERATORI}.
3505 409 3608 466 476

227 543 352 615 μόνον,
377 540 510 593 ἀλλὰ
536 541 633 593 καὶ
665 539 717 592 οί
748 538 847 601 τάς
898 537 1070 610 ὀφρῦς
1099 539 1448 600 ἀνασπῶντες
1480 537 1572 589 καί
1604 537 1698 588 ἐπὶ
1727 535 1836 586 τῶν

227 629 418 701 μεγάλων
442 628 596 690 ὄντες
633 625 960 696 ἀξιωμάτων
983 627 1075 678 καὶ
1104 625 1531 695 πεφυσιωμένοι,
1576 625 1624 675 εί
1653 639 1836 692 παρα-

225 718 399 785 γίνονται
431 714 520 767 ἐπ’
575 715 786 784 ἐκφορᾷ
810 713 904 766 καὶ
945 711 1038 765 τοῦ
1072 713 1325 783 τυχόντος
1372 709 1590 782 νεκροῦ,
1623 711 1688 778 τῇ
1718 708 1838 776 ὄψει

226 805 564 867 συστέλλονται,
587 804 681 858 καὶ
697 803 940 872 γίνονται
970 803 1173 865 παντὸς
1199 799 1569 870 ταπεινότεροι
1584 816 1596 828 ·
1619 797 1672 850 τί
1689 795 1837 858 εἰκὸς

225 892 268 966 ἦν
285 893 452 947 παθεῖν
477 894 685 946 ἐκεῖνον
708 891 802 945 τὸν
832 892 1050 962 πρῶτον
1083 888 1348 960 βλέποντα
1397 886 1612 957 νεκρὸν,
1657 885 1753 937 καὶ
1780 885 1840 936 ἐν

227 983 276 1052 σῷ
301 979 374 1036 τοῦ
399 979 594 1042 παιδὸς
631 976 867 1048 σώματι,
889 978 986 1030 καὶ
1005 975 1195 1039 παιδὸς
1212 973 1474 1038 τοιούτου,
1498 972 1592 1025 καὶ
1613 971 1842 1042 μηδέπω

229 1075 271 1142 τῇ
294 1068 521 1138 συνεχείᾳ
567 1066 679 1120 τῶν
726 1065 1102 1119 τελευτώντων
1135 1063 1506 1134 μελετήσαντα
1553 1060 1612 1113 τὸ
1644 1059 1838 1123 πάθος,

232 1157 408 1226 τῷ
436 1156 578 1226 ξένῳ
606 1155 848 1226 μάλιστα
875 1152 1305 1224 θορυϐούμενον;
1342 1151 1393 1204 τί
1429 1150 1659 1219 πάσχειν
1691 1146 1839 1210 εἰκὸς

231 1242 272 1316 ἦν
289 1245 468 1316 ὁρῶντα
498 1242 577 1314 μὴ
608 1241 795 1312 φωνῆς
830 1240 1240 1311 αἰσθανόμενον,
1289 1237 1365 1310 μὴ
1412 1238 1556 1307 ἁφῆς
1576 1279 1592 1302 ,
1644 1235 1718 1307 μὴ
1756 1235 1842 1288 δα-

234 1332 370 1404 κρύων,
398 1330 473 1402 μὴ
493 1329 780 1395 κωκυτῶν,
813 1327 889 1400 μὴ
916 1327 1256 1396 κινούμενον,
1277 1326 1352 1397 μὴ
1377 1322 1744 1391 συναλγοῦντα
1765 1320 1842 1391 τῷ

238 1419 450 1473 πενθοῦντι
479 1417 673 1489 πατρὶ,
700 1415 776 1487 μὴ
812 1416 882 1470 τά
911 1414 1114 1486 συνήθη
1148 1415 1491 1486 πράττοντα;
1525 1412 1620 1481 Μὴ
1643 1411 1753 1480 γάρ
1776 1409 1843 1480 δὴ

239 1507 299 1576 τήν
319 1504 570 1576 παροῦσαν
597 1502 933 1558 κατάστασιν
958 1502 1092 1572 ῐδῃς,
1129 1501 1242 1554 ἀλλ’
1271 1501 1540 1570 ἐννόησον,
1591 1499 1672 1551 δτι
1720 1497 1844 1550 τότε

240 1594 388 1665 πρῶτον
411 1593 614 1644 ἐκεῖνον
634 1591 826 1660 νεκρὸν
852 1585 991 1643 είδεν
1016 1591 1045 1642 6
1065 1589 1372 1659 ἄνθρωπος,
1393 1587 1488 1642 καὶ
1518 1584 1713 1640 πολλοῦ
1743 1584 1843 1656 μὲν

239 1681 296 1734 τοῦ
309 1679 451 1741 δέους,
481 1677 687 1747 πολλῆς
709 1677 766 1730 δὲ
791 1676 1092 1749 ἐπληροῦτο
1110 1677 1211 1746 τῆς
1238 1676 1499 1746 ταραχῆς.
1533 1672 1670 1727 Ἀλλ’
1694 1666 1844 1743 ὅμως

241 1767 331 1836 μετᾶ
346 1765 520 1820 τούτου
559 1765 655 1819 καὶ
687 1764 758 1817 τὰ
783 1766 880 1835 τῆς
903 1765 1298 1835 παρακλήσεως
1324 1764 1618 1835 ἐπενόησεν
1639 1762 1668 1814 6
1687 1760 1840 1823 Θεός·

239 1859 316 1910 σὸδὲ
341 1855 433 1926 γὰρ
460 1855 551 1908 τδν
575 1853 740 1924 φόϐον
771 1852 1074 1925 αὐξηθῆναι
1099 1851 1194 1906 τοῦ
1219 1852 1452 1905 θανάτου
1482 1850 1640 1922 μόνον
1675 1848 1843 1920 ἠϐού-

241 1942 469 2006 λετο,άλλά
485 1959 606 1994 τινα
637 1942 730 1996 καὶ
754 1941 1112 2011 παραμυθίαν
1134 1940 1224 1993 τὸν
1247 1939 1532 2010 ἄνθρωπον
1553 1935 1846 2009 καρπώσαιο

242 2031 338 2084 σθαι.
354 2030 501 2083 Ποίαν
515 2029 579 2100 δὴ
604 2029 842 2099 ταύτην;
876 2027 987 2100 Τὴν
1020 2028 1129 2081 ἀπὸ
1164 2027 1262 2098 τῆς
1299 2025 1665 2089 ἀναστάσεως.
1701 2024 1843 2078 Ἀλλ’

239 2119 382 2180 εὐθέως
405 2118 494 2188 μὲν
515 2117 686 2186 αὐτὴν
708 2117 808 2170 οὐκ
830 2116 1052 2178 ἔδωκεν,
1086 2115 1288 2178 εὐθέως
1315 2115 1372 2168 δὲ
1393 2115 1560 2185 αὐτῆς
1581 2114 1676 2177 τὰς
1699 2113 1846 2166 ἐλπί-

235 2189 300 2265 δας
320 2201 550 2272 ἀμυδρῶς
578 2203 673 2256 καὶ
695 2201 769 2265 ὡς
795 2204 852 2254 ἐν
883 2201 1165 2272 αἰνίγματι
1185 2199 1466 2272 διήνοιξεν.
1499 2199 1712 2270 Ἐπειδὴ
1735 2199 1844 2271 γὰρ

232 2291 397 2357 ίᾳόὸος
426 2289 630 2360 ηὐξήθη
670 2288 880 2353 καλῶς,
905 2288 1113 2342 καὶτοῦ
1142 2287 1430 2360 ἀνθρώπου
1470 2287 1569 2359 τὴν
1608 2287 1848 2341 διάνοιαν

233 2377 476 2438 κατέσεισε,
501 2377 593 2430 καὶ
628 2376 840 2447 ἐδείχθη
867 2375 920 2428 τί
951 2394 1081 2430 ποτε
1104 2372 1172 2448 ῆν
1201 2378 1228 2429 6
1259 2376 1506 2442 θάνατος,
1538 2376 1654 2441 πῶς
1706 2374 1849 2447 βαρύ

228 2464 298 2516 καὶ
311 2464 518 2534 ἐπαχθὲς
546 2465 641 2516 καὶ
669 2462 947 2533 φορτικὸν,
971 2464 1072 2517 οὐκ
1111 2464 1218 2518 άπὸ
1254 2464 1354 2534 τῆς
1385 2465 1560 2534 ὅψεως
1581 2465 1680 2534 τῆς
1722 2464 1845 2519 τότε

226 2551 471 2622 γενομένης
495 2552 674 2621 μόνον.
705 2551 842 2604 άλλά
875 2551 970 2604 καὶ
1004 2551 1112 2604 ἀπὸ
1139 2551 1246 2606 τῶν
1274 2553 1411 2622 μετά
1439 2552 1538 2622 τὴν
1565 2551 1704 2621 ὄψιν,
1735 2550 1850 2605 τῶν

222 2641 494 2710 σκωλήκων,
520 2640 620 2709 τῆς
649 2639 933 2704 δυσωδίας,
961 2639 1056 2692 τοῦ
1085 2640 1277 2711 ἰχῶρος
1301 2682 1316 2705 ,
1352 2641 1449 2711 τῆς
1481 2641 1706 2710 τέφρας,
1734 2639 1845 2693 τῶν

218 2728 366 2780 ἄλλων
391 2727 632 2780 ἁπάντων
659 2726 769 2778 τῶν
814 2727 892 2798 τῷ
926 2727 1106 2797 νεκρῷ
1149 2727 1696 2798 παρακολουθούντων
1742 2727 1847 2783 σώ‹

223 2829 358 2882 pm“
388 2813 559 2884 ἐπειδὴ
603 2810 698 2867 οὖν
755 2816 783 2867 6
817 2814 981 2894 φόϐος
1015 2814 1246 2886 ηὐξήθη,
1297 2817 1388 2868 καὶ
1420 2817 1701 2870 κατέσεισε
1747 2815 1846 2890 τὴν

216 2902 434 2966 διάνοιαν,
460 2904 558 2975 δρα
585 2901 705 2965 πῶς
734 2901 827 2956 καὶ
855 2899 964 2973 τὴν.
986 2903 1094 2956 ἀπὸ
1121 2903 1220 2974 τῆς
1256 2905 1606 2968 ἀναστάσεως
1637 2905 1847 2972 εἰσάγει

214 2989 371 3044 λοιπὸν
394 2991 597 3054 ἐλπίδα,
630 2990 880 3061 ἀμυδρὰν
910 2989 1014 3060 μὲν
1042 2991 1135 3044 καὶ
1163 2992 1368 3062 ἀσαφῆ,
1415 2994 1622 3062 είσάγει
1664 2993 1720 3047 δὲ
1755 2989 1847 3047 οῦν

208 3080 358 3147 ὅμως.
387 3078 480 3132 Τὸν
508 3078 617 3148 γάρ
652 3076 822 3148 Ἑνὼχ
852 3078 990 3149 μετά
1010 3078 1177 3131 ταῦτα
1199 3080 1487 3150 γενόμενον
1509 3082 1608 3134 οὐκ
1637 3081 1849 3151 ἀφῆκεν

204 3167 468 3220 ἀποθανεῖν
487 3185 500 3199 ο
541 3167 636 3221 καί
667 3183 800 3238 φησι
832 3166 1037 3232 Παῦλος
1058 3184 1070 3198 ³
1108 3169 1314 3222 Πίστει
1356 3168 1543 3237 Ἑνὼχ
1565 3168 1846 3238 μετετέθη

203 3257 294 3309 τοῦ
308 3257 390 3326 μὴ
423 3257 568 3312 ἰδεῖν
592 3256 876 3321 θάνατον,
908 3257 1005 3310 καὶ
1037 3259 1148 3327 οὐχ
1178 3258 1519 3326 ηὑρίσκετο.
1542 3256 1690 3311 διότι
1710 3274 1849 3326 μετ-

197 3341 397 3410 έθηκεν
421 3343 606 3400 αὐτὸν
623 3346 658 3398 ό
680 3345 846 3410 Θεός.
885 3331 1214 3414 Μετέθηκεν,
1239 3345 1333 3398 καὶ
1361 3345 1460 3398 οὐκ
1485 3344 1697 3414 ἀφῆκεν
1715 3345 1850 3398 ἀπο-

197 3429 391 3484 θανεῖν·
417 3433 476 3486 οὐ
502 3431 610 3504 μὴν
653 3431 920 3486 ἀθάνατον
954 3431 1089 3496 τέως
1127 3433 1398 3502 ἐποίησεν,
1420 3433 1559 3486 ὥστε
1589 3432 1664 3504 μὴ
1695 3431 1850 3486 ἐκλῦ-

194 3537 275 3572 σαι
322 3521 406 3577 τὸν
453 3522 640 3589 φόϐον,
671 3520 810 3573 ἀλλά
843 3520 992 3590 μένει
1027 3521 1124 3591 μὲν
1174 3523 1274 3574 οὐκ
1323 3520 1629 3586 ἀποθανὼν,
1655 3522 1715 3574 οὐ
1743 3523 1850 3593 μήν

185 3606 334 3661 ἐστιν
365 3609 646 3672 ἀθάνατος,
670 3607 786 3662 ἀλλ’
831 3610 888 3660 ἐν
912 3607 990 3678 τῷ
1019 3608 1195 3680 θνητῷ
1241 3609 1453 3679 σώματι
1506 3609 1679 3681 μῆκος
1705 3609 1852 3679 ζωῆς

187 3697 505 3771 ἐχαρίσατο’
566 3697 940 3768 παρανοίγων,
987 3697 1062 3760 ὡς
1105 3693 1277 3763 εἷπον,
1325 3697 1587 3770 ἀμυδρῶς
1610 3699 1714 3768 πρὸ
1755 3702 1852 3770 τῆς

180 3787 527 3849 ἀναστάσεως
548 3786 647 3849 τάς
669 3784 908 3848 ἐλπίδας.
944 3787 1041 3838 Διά
1075 3802 1156 3838 τοι
1191 3784 1350 3839 τοῦτο
1387 3786 1482 3839 καλ⁹
1518 3787 1734 3858 πρῶτον
1772 3787 1851 3840 δί-

180 3889 338 3926 καιον
367 3874 745 3946 συνεχώρησεν
779 3875 1099 3928 ἀποθανεῖν·
1128 3874 1266 3945 μετά
1287 3876 1394 3946 γὰρ
1436 3877 1533 3947 τῆς
1558 3877 1854 3949 εἰρημένης

177 3962 360 4026 αἰτίας
389 3963 486 4015 οὐκ
519 3963 586 4016 ἀν
615 3979 697 4026 τις
729 3963 963 4034 ἁμάρτοι
1009 3964 1101 4016 καὶ
1132 3963 1334 4035 ταύτην
1359 3965 1550 4020 εἰπών.
1592 3965 1758 4018 Ποίαν
1787 3968 1850 4039 δὴ

175 4049 380 4120 ταύτην
406 4069 420 4115 ;
448 4051 559 4120 Τὴν
601 4050 701 4118 τῆς
731 4051 1099 4115 ἀναστάσεως.
1144 4051 1361 4125 Ἐπειδὴ
1409 4053 1515 4126 γάρ
1538 4055 1637 4108 οὐκ
1661 4055 1852 4126 ἔμελλε

177 4134 438 4205 διηνεκῶς
461 4140 488 4190 6
516 4137 748 4200 θάνατος
777 4141 1015 4209 κρατεῖν,
1041 4137 1128 4192 διά
1151 4139 1310 4193 τοῦτο
1335 4141 1425 4194 τὸν
1453 4143 1667 4212 πρῶτον
1688 4142 1852 4198 αὐτοῦ

177 4221 426 4290 θεμέλιον
460 4227 551 4278 καὶ
575 4226 674 4296 τὴν
710 4223 932 4295 πρώτην
975 4225 1128 4295 ῥίζαν
1155 4227 1212 4278 ἐν
1247 4227 1576 4299 δικαιώματι
1609 4231 1852 4300 παγῆναι

191 4309 454 4382 {mima-2,
490 4313 577 4364 ἵνα
611 4312 812 4383 σαθρὸς
843 4314 871 4365 ό
898 4313 1143 4381 θεμέλιος
1187 4316 1431 4385 γένηται.
1481 4318 1693 4388 Ὥσπερ
1746 4324 1854 4390 γάρ

205 4395 422 4466 ἁμαρτία
445 4399 678 4451 θανάτου
710 4399 903 4470 τροφὴ.
929 4399 1070 4453 οῦτω
1101 4403 1413 4473 δικαιοσύνη
1441 4404 1668 4458 θανάτου
1696 4407 1850 4460 ἀναί-

214 4497 332 4548 ρεσις
385 4490 478 4539 καί
507 4487 832 4556 ἀφανισμός.
892 4488 1241 4560 Συνεχώρησε
1292 4492 1466 4544 τοίνυν
1516 4493 1606 4546 τὸν
1641 4495 1852 4563 πρῶτον

214 4570 442 4632 μέλλοντα
468 4575 725 4644 τελευτᾷν
750 4575 955 4628 δίκαιον
989 4571 1148 4638 εἶναι,
1182 4581 1244 4630 ἐκ
1273 4581 1570 4650 προοιμίων
1592 4583 1720 4652 ήμῖν
1741 4583 1855 4636 διαέ-

210 4651 487 4731 λεγόμενος,
519 4665 613 4715 καὶ
645 4665 887 4733 χρηστὰς
919 4664 1229 4732 ὑποφαίνων
1251 4667 1469 4730 ἐλπίδας
1503 4670 1594 4721 καὶ
1616 4669 1850 4738 δεικνὺς,

207 4741 270 4799 δῖι
290 4753 389 4804 οὐκ
420 4752 621 4822 ἀφήσει
659 4751 719 4803 τὸ
745 4751 900 4820 γένος
930 4749 1085 4821 ἡμῶν
1119 4753 1471 4824 ἐναπομείναι
1497 4759 1561 4827 τῇ
1598 4757 1850 4832 τελευτῇ·

205 4827 266 4884 διὸ
388 4839 482 4891 καὶ
521 4836 847 4909 σαθρότερον
871 4837 1197 4892 κατεϐάλετο
1229 4841 1378 4912 αὐτῷ
1400 4843 1491 4895 τὸν
1526 4827 1794 4914 θεμέλιον.

257 4996 319 5051 γ.
345 4980 479 5037 Εἶτα
529 4983 670 5054 μετά
711 4984 803 5037 τὸν
848 4983 1016 5055 Ἑνὼχ
1068 4986 1160 5038 ἐπὶ
1208 4987 1301 5039 τοῦ
1338 4987 1459 5042 Νῶε
1490 4989 1659 5062 ἑτέρῳ
1691 4993 1850 5048 πάλιν

204 5063 332 5145 [538]
354 5073 540 5142 τρόπῳ
571 5073 920 5136 ἀναστάσεως
951 5072 1073 5140 δψιν
1103 5075 1236 5144 ἡμῖν
1265 5075 1452 5140 ἔδειξε.
1497 5078 1560 5130 Τί
1593 5079 1700 5149 γὰρ
1743 5081 1852 5135 τῶν

199 5160 640 5230 τετελευτηκότων
671 5161 891 5230 ἄμεινον
938 5160 1166 5214 διέκειτο
1207 5162 1264 5215 ἐν
1301 5164 1536 5236 τοσούτῳ
1580 5167 1725 5237 βυθῷ
1759 5171 1852 5223 καὶ

197 5250 360 5320 σκότῳ
380 5250 474 5302 καὶ
497 5248 858 5320 δεσμωτηρίῳ
893 5251 1422 5323 κατακεκλεισμένος
1463 5255 1490 5307 6
1518 5255 1672 5319 N635;
1709 5258 1850 5310 Ἀλλ’

189 5325 327 5400 ὅμως
353 5338 418 5390 τὰ
448 5337 661 5406 πελάγη
693 5337 875 5390 ἐκεῖνα
912 5337 978 5390 τά
1005 5337 1205 5410 ἄπειρα
1231 5380 1244 5403 ,
1278 5340 1348 5393 τά
1403 5341 1715 5412 καλύψαντα
1751 5349 1850 5411 τάς

184 5425 424 5495 κορυφὰς
449 5425 562 5477 τῶν
581 5424 744 5495 δρῶν,
775 5425 862 5477 τὸν
893 5427 951 5478 ἐν
979 5429 1044 5498 τῇ
1076 5428 1291 5498 κιϐωτῷ
1325 5431 1383 5482 οὐ
1422 5435 1808 5488 κατεπόντισεν
1833 5455 1845 5467 ·

173 5501 295 5562 ἀλλ’
332 5511 519 5582 ὥσπερ
569 5511 634 5563 ἐκ
664 5512 893 5565 θανάτου
934 5514 1190 5578 άναστάς,
1223 5515 1394 5580 οὕτως
1422 5519 1485 5570 ὲκ
1511 5517 1602 5571 τοῦ
1623 5522 1847 5592 ’μακροῦ

161 5600 443 5681 ιμῶνος
466 5597 614 5670 ἐξῄει
645 5599 768 5652 τότε
794 5600 1002 5653 ἐκείνου
1031 5603 1059 5653 ό
1086 5603 1230 5668 Νῶε,
1257 5604 1356 5674 τῆς
1384 5605 1731 5673 ἀναστάσεως
1750 5611 1849 5681 τὴν

152 5672 300 5744 δ’ἔ-ιν
327 5689 419 5741 ἐπὶ
449 5686 551 5764 τῆς
577 5687 785 5750 οἰκείας
802 5687 1015 5752 δεικνὺς
1046 5691 1338 5761 σωτηρίας.
1369 5693 1536 5746 Πάλιν
1569 5695 1686 5764 μετ’
1704 5672 1848 5750 ἐκεί-

141 5776 266 5864 νῖν,
304 5778 452 5846 (ὅσῳ
472 5763 595 5846 ’γὰρ
619 5777 649 5828 6
673 5777 861 5848 χρόνος
887 5777 1099 5850 προῄει,
1126 5780 1363 5851 τοσούτῳ
1411 5763 1727 5856 τρανότεραι
1757 5787 1847 5840 καὶ

125 5863 228 5940 αἱ
269 5867 473 5926 είκόνες
495 5865 593 5935 τῆς
622 5866 968 5930 ἀναστάσεως
1001 5868 1322 5940 ἐδείκνυντο)
1347 5872 1440 5924 καὶ
1465 5871 1556 5924 ἐπὶ
1575 5873 1668 5926 τοῦ
1694 5875 1845 5929 Ἰωνᾶ

160 5937 253 5998 ἐ’-4
270 5953 382 6008 αὐτὸ
414 5954 576 6006 τοῦτο
605 5955 914 6025 εἰργάσατο.
947 5957 1011 6009 Δί
1042 5958 1147 6027 γὰρ
1178 5963 1322 6030 τρεῖς
1357 5961 1556 6031 ἡμέραι
1585 5964 1637 6015 αἱ
1674 5966 1729 6017 ἐν
1769 5967 1844 6036 τῷ

206 6037 333 6103 vita:
363 6040 474 6096 τῶν
506 6041 671 6112 τριῶν
723 6045 945 6114 ἡμερῶν
992 6045 1096 6098 τῶν
1130 6049 1185 6099 ἐν
1216 6047 1288 6118 τῷ
1323 6049 1535 6121 θανάτῳ
1579 6051 1844 6123 σύμξολον

1940 532 2100 606 ἦσαν,
2126 539 2218 590 καὶ
2246 541 2279 609 ή
2307 538 2594 608 ἀπαλλαγὴ
2641 536 2734 588 τοῦ
2771 532 2966 606 κήτδυς
2993 536 3092 607 τῆς
3138 536 3488 602 ἀναστάσεως
3515 536 3610 592 τοῦ

1943 625 2273 678 Δεσποτικοῦ
2314 625 2564 695 σώματος
2588 623 3026 696 προανακήρυξις
3057 620 3125 694 ἦν
3149 640 3162 654 ο
3197 624 3278 677 διὸ
3325 626 3422 678 καὶ
3451 620 3611 689 αὐτὸς

1939 711 2115 780 ἔλεγε,
2144 711 2400 781 Σημεῒω
2427 711 2688 781 ἐπιζητεῖ
2722 713 2759 780 ή
2797 709 2971 782 γενεὰ
3009 713 3182 779 αὕτη,
3230 711 3328 766 καί
3362 711 3615 782 σημεῖον

1940 801 2012 852 οὐ
2035 798 2352 866 δοθήσεται
2384 799 2560 867 αὐτῇ,
2589 801 2642 853 εὶ
2663 799 2747 867 μὴ
2779 799 2842 852 τὸ
2863 799 3104 868 σημεῖον
3135 799 3241 854 τσῦ
3271 799 3440 855 Ἰωνᾶ
3463 817 3476 830 '
3501 797 3616 853 ὦσ-

1940 902 2050 954 περ
2080 887 2190 955 γὰρ
2240 884 2443 952 Ἰωνᾶς
2465 887 2535 939 ἐν
2561 885 2636 955 τῇ
2667 887 2864 954 κοιλίᾳ
2892 887 2999 940 τοῦ
3031 886 3250 955 κήτους
3285 886 3442 955 τρεῖς
3470 886 3615 956 ήμέ-

1932 990 2050 1040 ρας
2068 972 2166 1028 καί
2201 972 2354 1042 τρεῖς
2390 974 2615 1039 νύκτας
2633 973 2924 1039 ἐποίησεν
2943 988 2959 1005 ο
3008 973 3196 1041 οὕτως
3215 973 3388 1028 ἔσται
3416 977 3448 1028 ὀ
3482 973 3616 1039 Υὶός

1941 1065 2048 1119 τοῦ
2080 1064 2396 1132 ἀνθρώπου
2446 1064 2516 1118 ἐν
2543 1063 2618 1132 τῇ
2649 1063 2866 1132 καρδίᾳ
2917 1063 3027 1132 τῆς
3061 1063 3174 1134 γῆς
3207 1064 3363 1132 τρεῖς
3389 1064 3618 1134 ἡμέρας

1941 1151 2040 1206 καί
2072 1151 2229 1220 τρεῖς
2253 1153 2499 1219 νύκτας.
2533 1151 2644 1205 Καὶ
2672 1151 2771 1223 τὴν
2793 1151 3046 1221 γέννησιν
3073 1151 3130 1204 δὲ
3155 1151 3249 1206 τοῦ
3305 1152 3492 1206 Ἰσαὰκ
3517 1153 3618 1206 οὐκ

1941 1239 2007 1292 ἀν
2031 1255 2116 1302 τις
2147 1238 2382 1310 ἁμάρτοι
2408 1240 2759 1302 ἀναστάσεως
2799 1239 2968 1292 τύπον
3013 1238 3348 1310 προσειπών.
3389 1240 3488 1292 Διά
3533 1254 3618 1292 τοι

1941 1325 2099 1380 τοῦτο
2127 1327 2219 1380 καί
2237 1329 2265 1379 ὁ
2293 1327 2500 1391 Παῦλος
2529 1327 2931 1398 διηγησάμενος
2951 1325 3018 1379 τά
3041 1328 3180 1385 κατά
3212 1325 3311 1388 τὰς
3335 1326 3500 1393 γονάς
3522 1327 3619 1378 αὐ-

1941 1412 2036 1466 τοῦ
2066 1413 2173 1466 ἀπὸ
2189 1417 2287 1476 τῆς
2315 1414 2554 1486 στείρας,
2590 1415 2684 1468 καὶ
2709 1414 2878 1468 είπῶν
2916 1415 2995 1467 ὅτι
3017 1415 3046 1466 6
3068 1413 3254 1485 πατὴρ
3275 1411 3439 1466 αὐτοῦ
3489 1415 3616 1484 παρ’

1943 1500 2133 1554 ἐλπίδα
2164 1501 2249 1553 ἐπ’
2279 1501 2452 1555 ἐλπίδι
2471 1502 2779 1566 ἐπίστευσε,
2802 1503 2897 1556 καὶ
2927 1503 3010 1554 ὅτι
3037 1500 3135 1569 Μὴ
3158 1500 3508 1569 ἀσθενήσας
3545 1499 3619 1569 τῇ

1942 1589 2176 1649 πίστει,
2219 1591 2549 1656 κατενόησε
2577 1590 2644 1643 τὸ
2689 1590 2906 1643 ἑαυτοῦ
2953 1588 3127 1658 σῶμα
3176 1587 3621 1657 νενεκρωμένον

1941 1676 2043 1729 καί
2084 1675 2198 1744 τὴν
2233 1676 2530 1744 νέκρωσιν
2582 1675 2693 1744 τῆς
2715 1675 2948 1746 μήτρας
2981 1675 3202 1742 Σάραςο
3278 1678 3362 1741 είς
3403 1675 3472 1728 δὲ
3502 1674 3620 1741 τὴν

1941 1764 2308 1834 ἐπαγγελίαν
2331 1765 2437 1819 τοῦ
2466 1766 2614 1820 Θεοῦ
2638 1767 2710 1820 οὐ
2755 1764 3020 1831 διεκρίθη
3046 1762 3120 1831 τῇ
3165 1764 3436 1830 ἀπιστίᾳ,
3479 1763 3618 1818 ἀλλ’

1940 1851 2358 1921 ἐνεδυναμώθη
2401 1852 2476 1920 τῇ
2505 1855 2703 1906 πίστει
2725 1892 2740 1915 ,
2788 1847 2934 1918 δόὺς
2980 1851 3170 1916 δόξαν
3222 1849 3304 1916 τῷ
3331 1850 3474 1916 Θεῷ,
3517 1850 3618 1904 καί

1943 1940 2421 2008 πληροφορηθεὶς
2451 1939 2539 1992 ὅτι
2577 1940 2706 1994 καθ’
2743 1939 2774 1992 ὃ
2799 1937 3164 2007 ἐπήγγελται
3204 1936 3464 2002 δυνατός
3487 1936 3617 1990 ἐστι

1942 2024 2041 2077 καί
2068 2023 2317 2093 ποιῆσαι
2341 2042 2354 2056 ο
2377 2025 2458 2078 διὸ
2490 2025 2585 2080 καὶ
2619 2038 2645 2068 ε
2681 2027 2958 2096 ἐπήγαγεν
2980 2040 2994 2053 '
3037 2026 3158 2078 Οὐκ
3185 2023 3412 2093 ἐγράφη
3451 2023 3520 2076 δὲ
3542 2023 3618 2076 δι’

1941 2111 2130 2166 αὑτὸν
2149 2113 2342 2181 μόνον
2365 2151 2379 2175 ,
2402 2112 2567 2167 ἀλλὰ
2591 2114 2691 2167 καί
2713 2113 2787 2166 δι’
2813 2112 2992 2182 ἡμᾶς,
3023 2107 3114 2178 οἷς
3143 2111 3355 2181 μέλλει
3391 2109 3616 2180 101-15;-

1941 2205 2083 2255 σθαι
2117 2199 2242 2265 τοῖς
2271 2201 2668 2255 πιστεύουσιν
2713 2200 2812 2254 ἐπὶ
2838 2200 2964 2254 τὸν
3015 2200 3326 2269 ἐγείραντα
3385 2198 3620 2267 Ἰησοῦν

1942 2287 2200 2355 Χριστὸν
2219 2286 2326 2340 τὸν
2349 2288 2567 2354 Κύριον
2588 2284 2758 2356 ἡμῶν
2779 2287 2846 2341 ἐκ
2873 2285 3124 2355 νεκρῶν.
3153 2287 3322 2356 Δῆλον
3341 2284 3434 2339 οὖν
3471 2287 3554 2340 ὅτι
3584 2288 3618 2356 ή

1942 2375 2197 2445 γέννησις
2226 2373 2320 2428 τοῦ
2367 2374 2550 2427 Ἰσαάκ
2583 2374 2750 2438 τύπος
2774 2369 2841 2444 ἦν
2867 2375 2962 2444 τῆς
2987 2374 3337 2438 ἀναστάσεως
3359 2373 3450 2428 τοῦ
3480 2376 3522 2428 Χ
3533 2394 3621 2446 ριο

1946 2463 2092 2518 στοῦ.
2113 2465 2175 2518 Εἰ
2205 2462 2314 2535 γάρ
2347 2462 2421 2534 μὴ
2453 2462 2620 2527 τύπος
2647 2457 2736 2534 ἦν,
2777 2463 2878 2517 οὐκ
2905 2462 2970 2517 ἂν
3014 2465 3260 2535 ἐπήγαγε
3293 2449 3390 2518 καὶ
3426 2457 3578 2517 εἶπεν
3601 2478 3617 2494 ο

1948 2556 2070 2608 Οὐκ
2095 2551 2322 2622 ἐγράφη
2347 2551 2416 2606 δὲ
2438 2551 2513 2604 δι’
2535 2551 2722 2606 αὐτὸν
2757 2555 2954 2622 μόνον
2972 2593 2987 2616 ,
3018 2553 3180 2608 ἀλλὰ
3223 2553 3318 2606 καί
3345 2553 3417 2605 δι’
3439 2550 3619 2622 ἡμᾶς,

1943 2638 2035 2709 οἷς
2057 2641 2267 2711 μέλλει
2291 2641 2646 2711 λογίζεσθαι.
2680 2643 2742 2695 Οί
2764 2641 2872 2714 γάρ
2896 2642 3056 2696 τύποι
3077 2643 3137 2696 οὐ
3159 2643 3247 2696 διὰ
3290 2645 3415 2706 τούς
3465 2643 3619 2713 δεχο-

1947 2729 2142 2800 μένους
2169 2730 2310 2784 κατά
2338 2730 2429 2782 τὸν
2452 2730 2642 2800 καιρὸν
2675 2732 2880 2785 ἐκεῖνον
2905 2731 3027 2786 καθ’
3052 2731 3112 2784 ὃν
3132 2731 3370 2800 γίνονται
3391 2732 3625 2805 γράφον-

1943 2835 2055 2884 ται,
2090 2816 2225 2871 ἀλλά
2264 2817 2357 2871 καὶ
2385 2817 2475 2872 διὰ
2505 2819 2632 2882 τοὺς
2665 2818 2962 2888 μέλλοντας,
2983 2818 3078 2873 ἀπ’
3120 2819 3296 2874 αὐτῶν
3321 2818 3623 2890 κερδαίνειν

1944 2905 2002 2957 ἐν
2028 2904 2104 2976 τῷ
2135 2905 2273 2976 μετά
2299 2904 2472 2959 ταῦτα
2497 2906 2696 2977 χρόνῳ.
2729 2905 2820 2959 Διὸ
2845 2907 2938 2959 καὶ
2966 2906 3200 2978 ἀλλαχοῦ
3234 2923 3365 2978 φησι
3383 2921 3396 2935 ·
3433 2907 3626 2961 Ταῦτα

1943 2996 2012 3050 δὲ
2048 2996 2235 3062 τύπος
2275 2997 2302 3036 b
2342 2996 2704 3052 συνέϐαινον
2754 2997 3042 3064 ἐκείνοις*
3074 2996 3301 3067 ἐγράφη
3346 2996 3414 3050 δὲ
3473 2996 3625 3065 πρὸς

1945 3085 2270 3140 νουθεσίαν
2289 3085 2458 3154 ήμῶν
2485 3088 2573 3152 είς
2603 3085 2708 3151 οὓς
2740 3087 2811 3139 τὰ
2839 3085 2982 3153 τέλη
3011 3087 3128 3139 τῶν
3154 3085 3383 3139 αἰώνων
3403 3085 3627 3153 κατήν-

1946 3187 2114 3239 τησε.
2143 3173 2255 3227 Καὶ
2277 3175 2305 3226 6
2337 3173 2523 3236 Ἠλίας
2549 3173 2606 3227 δὲ
2655 3175 2984 3246 ἀναληφθεὶς
3025 3174 3230 3242 ταύτην
3267 3177 3397 3245 ἡμῖν
3440 3176 3625 3246 ήνοιγε

1945 3262 2044 3333 τὴν
2072 3259 2266 3317 ἐλπίδα
2306 3261 2404 3336 τὴν
2432 3261 2532 3331 τῆς
2560 3262 2928 3324 ἀναστάσεως.
2970 3262 3107 3314 Ἀλλ’
3139 3262 3321 3316 ἐκεῖνα
3349 3263 3445 3333 μὲν
3462 3263 3536 3326 ώς
3566 3264 3625 3316 ἐν

1947 3347 2137 3412 τύποις
2154 3363 2170 3377 ·
2201 3348 2389 3422 ἐπειδὴ
2413 3348 2469 3402 δὲ
2495 3351 2523 3403 6
2545 3350 2842 3421 μονογενὴς
2867 3348 2961 3402 τοῦ
2985 3349 3119 3402 Θεοῦ
3139 3349 3266 3412 Υἱὸς
3295 3351 3626 3422 παρεγένετο

1952 3435 2089 3505 μετά
2121 3434 2350 3499 πολλοὺς
2403 3436 2496 3488 καὶ
2522 3435 2782 3506 ἀπείρους
2835 3437 3080 3508 χρόνους,
3114 3440 3170 3491 ἐν
3209 3438 3357 3508 αὐτῷ
3378 3437 3456 3509 τῷ
3479 3436 3626 3510 ἔργῳ

1949 3524 2047 3593 τὴν
2071 3523 2368 3578 ἀνάστασιν
2394 3527 2527 3596 ἡμῖν
2548 3525 2715 3590 ἔδειξε
2741 3525 2828 3578 διὰ
2849 3525 2942 3578 τοῦ
2966 3527 3166 3580 οἰκείου
3190 3525 3458 3597 σώματος,
3489 3528 3626 3580 ἀπο-

1948 3605 2115 3670 λύσας
2149 3608 2282 3660 αὐτὸ
2303 3608 2401 3678 τῆς
2432 3609 2524 3662 τοῦ
2559 3609 2790 3662 θανάτου
2825 3611 3164 3682 τυραννίδος’
3207 3610 3287 3664 διὸ
3323 3611 3417 3664 καί
3468 3629 3622 3682 φησι.

1948 3695 2203 3762 Χριστὸς
2232 3695 2554 3750 ἀποθανὼν
2577 3697 2676 3750 καί
2709 3697 2967 3768 ἐγερθεὶς
2991 3699 3059 3753 ἐκ
3088 3696 3337 3768 νεκρῶν,
3385 3701 3496 3752 οὐκ
3538 3700 3624 3750 ἔτι

1949 3783 2352 3850 ἀποθνήσκει’
2386 3784 2417 3838 ὃ
2451 3786 2559 3854 γὰρ
2587 3784 2848 3841 ἀπέθανε
2888 3785 2962 3855 τῇ
3005 3785 3277 3858 ἁμαρτίᾳ,
3325 3787 3626 3842 ἀπέθανεν

1949 3868 2189 3939 ἐφάπαξ
2196 3911 2209 3926 .

2021 3988 2081 4042 δ’.
2118 3988 2242 4042 Λλλ’
2283 3991 2340 4042 ἐν
2379 3992 2684 4062 προοιμίοις
2732 3992 2830 4062 μὲν
2869 3991 3126 4064 ἀμυδρῶς
3165 3993 3336 4046 ταῦτα
3370 3993 3622 4062 ἐγένετο·

1950 4079 2050 4148 τῆς
2077 4095 2136 4131 τε
2176 4081 2284 4151 γάρ
2317 4080 2666 4145 ἀναστάσεως
2694 4084 2726 4152 ή
2767 4081 2922 4146 ἐλπὶς
2948 4083 3025 4146 ῶς
3057 4084 3115 4135 ἐν
3144 4081 3427 4153 αἰνίγματι
3483 4101 3625 4154 παρ-

1951 4165 2229 4220 εδείκνυτο
2271 4169 2401 4239 ἡμῖν
2440 4168 2527 4222 διά
2554 4171 2646 4223 τοῦ
2682 4171 2872 4241 Ἑνὼχ,
2903 4171 2994 4224 τοῦ
3032 4189 3091 4224 τε
3114 4171 3344 4224 θανάτου
3375 4175 3407 4242 ἡ
3455 4175 3624 4226 κατά-

1950 4254 2103 4318 λυσις
2125 4255 2212 4308 διά
2236 4257 2329 4310 τοῦ
2363 4257 2530 4309 Ἀϐελ
2549 4275 2562 4288 ο
2593 4257 2879 4328 ἀμφότερα
2909 4259 2967 4312 δὲ
2990 4260 3160 4313 ταῦτα
3187 4260 3374 4328 σαφῶς
3405 4261 3498 4314 καὶ
3527 4261 3624 4331 δή·

1951 4343 2057 4408 λως
2085 4345 2178 4396 καὶ
2205 4344 2507 4416 ὁλοσχερῶς
2556 4347 2649 4400 καὶ
2687 4348 2744 4398 ἐν
2772 4346 3001 4418 ἀληθεία
3042 4347 3129 4401 διὰ
3168 4347 3260 4401 τοῦ
3303 4347 3622 4419 μονογενοῦς

1954 4431 2084 4484 Υίοῦ
2116 4431 2209 4486 τοῦ
2241 4433 2377 4487 Θεοῦ
2417 4434 2660 4503 γέγονεν.
2701 4434 2868 4488 Ὅθεν
2896 4435 2959 4506 δὴ
3007 4437 3100 4489 καὶ
3137 4436 3298 4506 δῆμοι
3332 4435 3626 4508 μαρτύρων

1952 4521 2084 4589 ἡμῖν
2123 4520 2460 4592 ἐϐλάστησαν
2484 4561 2498 4582 ,
2552 4522 2645 4576 τοῦ
2687 4523 2915 4576 θανάτου
2961 4523 3385 4587 καταλυθέντος,
3425 4525 3525 4596 τῆς
3566 4526 3623 4579 δέ

1951 4608 2300 4672 ἀναστάσεως
2339 4608 2682 4679 λαμπούσης.
2729 4610 2827 4662 Διά
2857 4611 3017 4663 τοῦτο
3059 4611 3151 4664 καὶ
3197 4613 3226 4662 6
3270 4611 3459 4679 παρὼν
3503 4614 3624 4666 ἐπί-

1955 4713 2112 4759 πονος
2141 4697 2329 4765 γέγονε
2361 4699 2473 4767 βίος
2503 4699 2597 4752 καὶ
2630 4699 2837 4750 πολλῶν
2862 4698 3101 4768 ἱδρώτων
3120 4699 3268 4770 [359]
3305 4701 3511 4768 γέμων,
3539 4701 3623 4753 ἵνα

1952 4784 2245 4836 κάντεῦθεν
2267 4787 2315 4837 οί
2345 4784 2641 4856 παχύτεροι
2661 4786 2768 4838 τῶν
2790 4784 3091 4854 ἀνθρώπων
3107 4786 3200 4839 καὶ
3217 4789 3324 4850 τοῖς
3359 4787 3621 4857 παροῦσιν

1951 4872 2448 4944 ἐμφιλοχωροῦντες
2482 4873 2778 4944 ὠθούμενοι
2801 4885 2847 4938 ε,
2883 4873 2975 4926 καὶ
3004 4873 3138 4944 πρὸς
3168 4874 3227 4927 τὸ
3255 4875 3492 4946 ἐπαχθὲς
3521 4879 3620 4946 τῆς

1951 4960 2096 5030 ζωῆς
2138 4959 2340 5031 ταύτης
2383 4961 2712 5032 ναρκῶντες,
2761 4961 3005 5030 φεύγωσι
3037 4963 3136 5032 μὲν
3169 4962 3359 5032 ἡδονάς
3403 4965 3496 5018 καὶ
3520 4964 3620 5034 τὴν

1952 5049 2087 5119 πρὸς
2123 5048 2212 5101 τὸν
2243 5049 2491 5119 παρόντα
2525 5049 2638 5118 βίον
2678 5049 3042 5119 συμπάθειαν,
3075 5050 3211 5122 πρὸς
3237 5051 3294 5104 δὲ
3327 5051 3460 5104 τὺνά
3511 5053 3620 5105 τῶν

1950 5138 2193 5208 οὐρανῶν
2219 5139 2481 5210 τρέχωσιν
2514 5139 2714 5208 ἔρωτα,
2751 5139 2846 5192 καὶ
2874 5138 3014 5210 πρὸς
3044 5139 3260 5211 ἐκείνην
3294 5141 3619 5208 ἐπείγωνται

1960 5228 2057 5297 τὴν
2087 5227 2319 5298 ἡμέραν.
2359 5227 2416 5280 Ὀ
2446 5227 2544 5296 μὲν
2579 5227 2687 5298 γὰρ
2730 5228 3015 5296 φιλόσοφος
3045 5229 3140 5281 καὶ
3173 5228 3375 5299 ὑψηλὸς
3403 5230 3466 5282 οὐ
3493 5230 3620 5299 δεή-

1951 5333 2100 5370 σεται
2169 5317 2269 5386 τῆς
2304 5316 2552 5370 ἐντεῦθεν
2584 5317 2980 5387 παραινέσεως,
3005 5317 3117 5370 ἀλλ’
3143 5319 3401 5389 ἐννοήσας
3435 5319 3634 5392 ἡλίκον,

1949 5407 2063 5458 ἐστὶ
2092 5406 2338 5486 βασιλεία
2363 5407 2626 5477 οὐρανῶν,
2657 5406 2858 5476 μᾶλλον
2881 5406 2938 5459 δὲ
2974 5407 3079 5476 πρὸ
3114 5409 3211 5477 τῆς
3243 5407 3516 5476 βασιλείας
3541 5409 3620 5477 τῷ

1948 5495 2110 5564 Θεῷο
2152 5495 2499 5563 συγγίνεσθαι
2535 5496 2626 5549 καὶ
2665 5496 2806 5566 μετά
2834 5498 3069 5567 Χριστοῦ
3099 5493 3238 5551 εἶναι
3281 5497 3474 5568 (τοῦτο
3510 5501 3618 5566 γάρ

1951 5582 2220 5652 βασιλείας
2248 5583 2466 5654 ἀπάσης
2490 5583 2718 5656 μεῖζον),
2748 5584 2958 5648 οὐδενὸς
2985 5584 3304 5657 αἰσθήσεται
3332 5585 3441 5639 τῶν
3476 5604 3618 5657 παρ-

2011 5754 2029 5820 f
2055 5756 2188 5820 Haec,
2207 5757 2281 5807 διὸ
2299 5760 2398 5820 καί,
2421 5759 2668 5812 abundare
2689 5763 2932 5814 videntur.

2013 5814 2216 5886 ξ”ξύποι
2238 5821 2349 5886 edd,
2387 5814 2544 5886 Βίὺί..
2568 5831 2621 5872 ει
2643 5826 2704 5886 ita
2749 5826 3031 5886 legendum,
3057 5825 3135 5874 vel
3169 5825 3309 5879 τύπος
3329 5827 3615 5874 συνέϐαινεν.

2014 5882 2041 5945 εξ
2069 5881 2169 5945 [mo
2197 5883 2557 5945 συνωθούμενοι,
2585 5888 2623 5934 si
2658 5881 3122 5935 bene'meminhnus
3142 5900 3280 5934 usum
3299 5886 3465 5943 Chrys.

1931 5949 1976 6020 ἰ
2015 5941 2042 5980 δ
2063 5942 2224 6020 Pro_:_.
2251 5941 2459 6020 οὐρανῶν
2479 5946 2751 6020 Ιςεξίρυεςῆι
2775 5947 3083 6020 τεηούρανίων.
3124 5947 3304 5996 Mum.
3341 5941 3477 6007 Quod
3499 5962 3615 6011 pro-
3723 5943 3736 5948 ’

1951 6001 2138 6072 bar_m_ns.
2168 6005 2274 6072 Mm;
2300 6001 2484 6072 ἐκείνην
2502 6001 2677 6071 ἤμασιν
2696 6001 2932 6072 εἱεηίίὶείίι
2955 6009 3170 6060 futurum
3191 6001 3364 6061 avum;

2017 6067 2034 6087 ⁸
2063 6066 2194 6129 Lege
2221 6067 2273 6115 τὸ
2296 6069 2362 6132 τῷ
2388 6070 2513 6131 Θεῷ.
