3892 6402
124 322 173 375 77
640 296 706 352 Ν
748 294 1050 361 ιιοιιιιιΑ,
1092 296 1455 354 Αυιίιιιδυε
1494 296 1598 353 EO!

1708 295 1773 353 Ul
1811 297 1943 353 NON
1983 298 2421 367 ADFUERANT,
2461 302 2613 358 ETC.

124 436 223 487 iluta
256 428 302 476 et
334 414 717 473 resurrectione
760 414 1012 484 fulgente.
1059 411 1345 482 Propterea
1383 426 1594 481 quoque

123 530 274 576 aecus
298 512 389 566 vita
417 508 680 565 laboriosa
711 506 846 562 facta
883 515 967 559 est
1005 514 1060 560 et
1098 503 1278 559 multis
1313 502 1597 558 sudoribus

123 626 201 667 cna
218 624 232 674 ;
248 614 298 662 ut
315 602 426 658 hinc
449 599 741 655 crassiores
767 596 1007 652 homines
1028 595 1116 664 qtti
1142 594 1299 649 rebus
1312 591 1595 663 prtesenti-

124 720 149 756 s
186 711 293 754 sese
333 692 555 749 libenter
588 688 819 752 dedunt,
849 685 1092 756 depulsi,
1125 693 1178 740 et
1200 685 1269 739 ob
1290 684 1412 739 vita:
1438 682 1596 752 hujus
1619 729 1660 766 ,5

123 787 322 846 ilestiam
364 780 700 840 fatiscentes,
746 777 1044 846 voluptates
1086 785 1139 830 et
1185 774 1429 829 affectum
1469 787 1595 842 erga

124 886 340 934 arsentem
355 871 513 925 vitam
527 868 785 940 fugerent,
799 877 958 936 atque
972 865 1038 919 ad
1053 865 1303 919 czclorum
1320 869 1597 918 currerent

123 981 264 1023 iorem
286 1005 302 1030 ,
338 971 391 1018 et
426 960 493 1015 ad
533 960 673 1015 illam
711 957 1022 1014 festinarent
1047 956 1211 1011 diem.
1242 953 1595 1023 Philosophus

124 1066 176 1114 nn
213 1065 264 1112 et
298 1051 537 1110 sublimis
578 1051 658 1105 vir
703 1064 809 1103 non
856 1061 992 1117 opus
1037 1045 1252 1101 habebit
1294 1041 1591 1114 hujusmodi

128 1149 265 1213 nitis,
288 1143 378 1199 sed
397 1142 637 1212 cogitans
656 1140 851 1211 quanta
872 1153 959 1193 res
978 1138 1046 1191 sit
1068 1151 1288 1207 regnum
1309 1135 1590 1201 caelorum;

124 1258 140 1296 1
161 1246 276 1293 ante
299 1250 539 1305 regnum,
568 1239 822 1303 quantum
850 1232 1064 1285 sitcum
1090 1229 1199 1283 Deo
1221 1236 1418 1283 etcum
1441 1223 1595 1280 Chri-

137 1343 251 1386 esse
276 1326 415 1398 (hoc
440 1326 636 1395 quippe
663 1321 809 1377 omni
838 1334 1001 1390 regno
1028 1318 1199 1388 majus
1224 1315 1361 1388 est),
1393 1315 1593 1370 nullam

124 1438 137 1473 ι
164 1422 474 1489 ρηεεθηιθιη
501 1427 716 1469 suavem
749 1412 973 1476 sentiet;
1000 1408 1094 1464 sed
1121 1408 1237 1463 haec
1260 1406 1591 1478 despiciens,

123 1514 181 1582 gis
201 1524 359 1581 quam
386 1507 628 1562 umbram
652 1506 739 1560 illa
761 1510 1155 1575 praetercurret.
1182 1502 1442 1571 Quoniam
1464 1516 1593 1557 vero

130 1602 201 1667 ti,
231 1598 380 1653 carni
419 1597 713 1653 servientes
752 1604 806 1649 et
849 1610 881 1649 a
931 1592 1211 1664 tyrannide
1254 1592 1591 1647 saecularium

123 1707 185 1745 tm
217 1682 464 1753 detenti,
494 1687 632 1741 sicut
671 1685 724 1740 in
758 1684 1002 1739 cavernis
1041 1683 1309 1737 latitantes
1345 1680 1470 1736 ferte
1493 1722 1508 1747 ,
1538 1681 1593 1736 in

133 1784 360 1836 libenter
401 1788 683 1834 versantur
716 1796 730 1833 :
760 1777 973 1831 illorum
1010 1790 1136 1846 erga
1171 1775 1319 1830 istaec
1346 1774 1590 1829 allectum

124 1872 350 1935 :indens,
376 1870 541 1925 multa
568 1869 672 1924 illis
700 1867 867 1922 tristia
889 1866 1129 1933 immisit,
1152 1866 1392 1931 timores,
1414 1881 1589 1930 curas,

128 1965 419 2027 citudines,
447 1962 758 2026 certamina,
789 1959 1045 2030 pericula,
1075 1972 1347 2029 pavorem,
1376 1967 1430 2013 et
1456 1958 1592 2011 mul-

140 2054 510 2124 corporalium
539 2051 821 2107 allectuum
852 2064 1041 2119 agmen
1061 2091 1078 2116 ,
1109 2057 1269 2119 atque
1298 2048 1440 2103 illam
1467 2062 1589 2102 cor—

123 2164 185 2201 Im
214 2146 559 2201 obsidionem
577 2186 593 2210 ,
622 2144 828 2213 aliaque
853 2144 1015 2197 multa
1034 2184 1051 2210 ,
1079 2156 1197 2211 qua:
1223 2155 1470 2196 sermone
1496 2155 1590 2195 ex-

123 2242 150 2295 ll
184 2255 297 2294 non
329 2246 560 2309 possunt
587 2253 600 2290 :
631 2245 690 2291 ut
720 2236 862 2290 illam
892 2235 1077 2289 saltem
1106 2233 1364 2288 malorum
1397 2232 1591 2287 nubem

124 2334 373 2398 lidantes,
394 2332 462 2385 ad
486 2329 825 2399 tranquillum
845 2336 1052 2397 portum
1070 2325 1338 2394 appellere
1353 2325 1587 2394 cupiant,

124 2429 373 2481 renitate
416 2423 517 2478 frui
551 2430 802 2493 perpetua
827 2462 840 2484 ,
875 2435 993 2490 qua:
1020 2434 1124 2472 non
1154 2417 1290 2471 mala
1313 2417 1465 2471 bonis
1490 2416 1590 2471 ad-

123 2532 150 2569 a
192 2514 404 2568 haheat
428 2553 445 2579 ,
475 2512 569 2567 sed
607 2511 745 2567 bona
783 2524 911 2579 pura
937 2548 952 2573 ,
982 2523 1101 2577 qua:
1132 2521 1254 2561 vere
1292 2506 1429 2561 bona
1459 2508 1585 2561 sint.

3173 302 3281 361 878

1700 393 1830 466 Nam
1861 428 1981 483 qua:
2007 412 2093 468 hic
2117 415 2362 471 videntur
2391 417 2526 472 bona
2556 432 2705 484 esse,
2733 425 2791 472 ut
2814 416 3047 483 divitiae,
3077 418 3279 489 gloria,

1701 503 1956 573 potentia,
1980 507 2192 561 nomina
2214 517 2338 563 sunt
2358 508 2616 564 bonorum
2635 520 2690 565 et
2707 511 2988 566 contrariis
3003 511 3236 567 admixta
3260 529 3277 567 :

1697 612 1817 666 qua:
1841 612 1970 652 vero
1999 598 2126 663 illic,
2155 599 2361 656 sincera
2384 609 2437 656 et
2461 616 2587 671 pura
2613 611 2759 669 sunt,
2783 619 2889 658 non
2920 604 3136 660 nomine
3162 612 3279 659 tan-

1700 697 1847 754 tum,
1892 688 1989 745 sed
2030 704 2090 745 re
2132 689 2516 747 beatitudinem
2564 693 2833 750 habentia.
2879 694 2950 751 Ut
2991 711 3119 767 ergo
3162 694 3280 752 haec

1697 792 2119 847 consequamur,
2146 781 2460 837 aemulemur
2486 792 2777 856 martyrum
2805 785 3053 843 virtutem
3074 829 3088 850 .
3119 786 3275 843 forti-

1698 865 1934 922 tudinem
1959 908 1976 935 ,
2008 868 2181 923 zelum
2206 909 2222 935 ,
2255 870 2412 926 ﬁdem
2437 913 2452 937 ,
2492 876 2832 942 praesentium
2868 886 3231 947 contemptum
3258 920 3274 944 ,

1698 956 1993 1013 futurorum
2011 958 2353 1015 desiderium.
2374 962 2601 1018 Possunt
2616 966 2756 1019 enim
2777 966 2888 1021 haec
2898 968 3057 1023 etiam
3072 970 3277 1040 absque

1697 1050 2113 1119 persequutione
2153 1052 2331 1106 omnia
2370 1053 2628 1109 exhiberi.
2670 1056 2891 1113 Etiamsi
2934 1061 3076 1115 enim
3117 1077 3276 1132 rogus

1697 1154 1803 1194 non
1852 1141 2155 1210 propositus
2192 1144 2295 1209 sit,
2327 1153 2380 1198 at
2417 1144 2738 1201 desiderium
2777 1148 2928 1204 adest
2962 1150 3271 1213 ardentius;

1696 1229 1904 1285 etiamsi
1934 1230 2229 1287 belluarum
2257 1233 2444 1290 dentes
2469 1251 2574 1290 non
2602 1236 2796 1304 adsint,
2819 1247 2875 1293 at
2894 1240 3103 1296 animus
3125 1241 3277 1298 adest

1696 1317 1872 1373 bellua
1914 1321 2159 1390 gravior;
2189 1323 2396 1378 etiamsi
2429 1326 2707 1382 carniﬁces
2736 1343 2841 1383 non
2870 1329 3046 1384 adsint
3073 1332 3163 1400 qui
3192 1333 3273 1386 la-

1696 1417 1809 1464 tera
1839 1410 2128 1467 dilacerent
2149 1454 2166 1480 ,
2194 1422 2250 1468 at
2275 1414 2432 1469 instat
2464 1415 2658 1471 invidia
2683 1420 2869 1488 quovis
2892 1422 3144 1479 carniﬁce
3166 1440 3272 1479 8:!!-

1695 1499 1830 1567 vior,
1859 1515 1978 1572 qua:
2007 1502 2242 1559 animum
2269 1504 2509 1562 devorat.
2538 1507 2760 1578 Oportet
2786 1509 2945 1581 igitur
2967 1528 3066 1568 nos
3087 1527 3270 1571 contra

1695 1589 1812 1646 hzec
1838 1593 2002 1647 animi
2029 1594 2155 1649 vitia
2183 1607 2461 1667 promptos
2488 1607 2543 1654 et
2572 1600 2855 1669 expeditos
2880 1643 2897 1669 ,
2930 1612 2985 1658 et
3032 1605 3270 1674 philoso-

1695 1683 1925 1754 phorum
1980 1685 2271 1741 ratiociniis
2319 1688 2596 1755 munitos,
2633 1690 2703 1744 ita
2750 1703 3067 1761 praesentem
3109 1696 3269 1750 vitam

1696 1776 2009 1844 transigere,
2048 1786 2103 1830 et
2131 1784 2345 1847 semper
2365 1776 2433 1831 ad
2463 1780 2771 1834 certandum
2800 1791 3011 1851 paratos
3035 1800 3188 1850 esse;
3216 1796 3274 1840 ut

1694 1873 1972 1934 postquam
2014 1866 2219 1920 tantillo
2251 1877 2489 1938 tempore
2526 1868 2947 1927 laboraverimus
2968 1913 2983 1939 ,
3017 1885 3273 1944 perpetuo

1694 1970 2047 2022 coronemur,
2076 1968 2130 2012 et
2160 1958 2547 2015 immortalibus
2578 1962 2811 2018 fruamur
2839 1965 2993 2022 bonis
3014 2008 3029 2033 ,
3060 1983 3273 2038 semper

1693 2064 1813 2105 cum
1841 2050 2066 2106 Domino
2086 2062 2380 2117 versantes,
2403 2063 2458 2109 et
2480 2057 2748 2111 consortio
2772 2058 2860 2113 illo
2880 2073 3092 2115 omnem
3116 2077 3271 2118 men-

1695 2150 1800 2198 tem
1824 2152 1878 2197 et
1899 2143 2270 2213 cogitationem
2297 2158 2583 2215 superante
2606 2147 2844 2205 fruentes
2866 2166 2881 2204 :
2904 2153 3046 2221 quod
3069 2154 3269 2211 utinam

1694 2250 1793 2291 nos
1815 2249 2003 2290 omnes
2026 2251 2433 2307 consequamur,
2459 2241 2624 2309 gratia
2645 2253 2697 2297 et
2719 2242 3042 2314 benignitate
3065 2246 3271 2303 Domini

1694 2325 1862 2380 nostri
1883 2325 2008 2381 Jesu
2028 2326 2244 2394 Christi,
2271 2343 2365 2397 per
2384 2344 2543 2399 quem
2568 2341 2621 2385 et
2642 2347 2763 2386 cum
2784 2349 2890 2404 quo
2911 2335 3051 2392 Patri
3072 2339 3236 2406 gloria
3253 2382 3270 2406 ,

1693 2434 1798 2473 una
1824 2434 1945 2474 cum
1972 2420 2170 2490 Spiritu
2197 2432 2404 2490 sancto,
2429 2440 2570 2480 nunc
2590 2434 2646 2481 et
2669 2441 2903 2498 semper,
2926 2440 2978 2484 et
3005 2430 3057 2484 in
3079 2432 3273 2488 saecula

1694 2510 2032 2565 smculorum.
2060 2514 2249 2568 Amen.

123 2626 3244 2658 ______________________._____._____.____________

1461 2688 1808 2752 HOMILIA
1843 2692 1953 2753 IV.

124 2820 218 2873 ilia
250 2816 549 2874 hortatoria
577 2813 746 2870 habita
787 2814 841 2866 in
884 2812 1071 2883 templo
1098 2820 1286 2867 sanctte
1314 2814 1595 2867 Anastasio:

123 2928 303 2969 versus
335 2926 433 2967 eos
460 2910 545 2980 qui
581 2923 682 2963 non
708 2905 978 2977 adfuerant
1001 2922 1018 2969 ;
1045 2922 1105 2959 ac
1142 2904 1504 2959 demonstratio
1532 2905 1595 2958 de

123 3004 309 3059 artibus
340 3012 392 3057 et
420 2999 776 3055 certaminibus
802 2997 933 3055 beati
963 3006 1009 3049 et
1026 2997 1155 3069 justi
1183 2995 1321 3051 Jobi.

138 3096 225 3149 De
253 3094 568 3149 auditorum
600 3090 855 3161 paucitate
884 3089 1127 3158 queritur.
1144 3087 1440 3155 —Qttauto
1465 3102 1594 3158 pau-

123 3204 147 3242 s
190 3186 377 3243 solito
422 3194 549 3239 sunt
596 3183 631 3237 ii
674 3182 763 3251 qui
804 3186 1211 3246 convenerunt,
1241 3186 1389 3233 tanto
1416 3188 1467 3233 et
1498 3193 1596 3233 nos

123 3294 178 3334 re
212 3287 457 3332 utemur
482 3273 777 3329 alacritate.
819 3270 1001 3344 Neque
1026 3270 1169 3325 enim
1198 3285 1407 3339 (equum
1438 3268 1597 3323 fuerit

123 3369 287 3423 ttium
334 3366 630 3437 segnitiem
673 3362 907 3419 studium
950 3370 1189 3419 nostrum
1234 3360 1593 3425 labefactare;

124 3468 437 3530 )ropterea
476 3457 754 3511 lautiorem
782 3454 941 3511 etiam
975 3467 1304 3533 apponcmus
1333 3467 1594 3519 mensam,

126 3552 141 3603 i
174 3565 298 3605 non
335 3547 642 3609 adfuerunt
666 3555 924 3616 quantum
956 3543 1135 3598 damni
1167 3543 1308 3613 passi
1360 3545 1468 3598 sint
1503 3558 1595 3601 ex-

124 3651 283 3696 ιειιιο
332 3639 661 3702 discentes,
696 3635 1047 3690 studiosiores
1076 3643 1257 3706 postea
1303 3634 1411 3689 sint
1453 3633 1594 3689 circa

124 3740 276 3785 :nllls
306 3739 561 3785 nostros.
586 3728 711 3782 ldeo
732 3728 889 3781 etiam
908 3727 1184 3781 caritatem
1206 3736 1435 3783 vestram
1468 3740 1598 3795 rogo

144 3821 489 3882 attendatis
519 3835 535 3874 :
563 3819 640 3873 sic
668 3819 807 3872 enim
837 3816 1031 3891 duplex
1057 3816 1206 3870 vobis
1238 3816 1438 3871 lucrum
1469 3830 1595 3884 pro-

123 3927 171 3971 ιε
197 3913 556 3971 absentibus
584 3912 724 3966 enim
753 3911 890 3965 dicta
918 3909 1228 3975 referentes,
1247 3906 1596 3962 studiosiores

124 4007 419 4069 :fficietis,
456 4014 511 4058 et
536 4013 763 4057 vestram
792 4002 1022 4054 animam
1052 3999 1402 4069 philosophiae
1428 3999 1597 4063 magis

124 4120 208 4161 tm
262 4098 558 4155 reddetis.
598 4091 1064 4170 Quemadmodum
1110 4085 1254 4145 enim
1296 4095 1457 4143 terra:
1495 4098 1592 4139 na-

123 4196 170 4249 si
226 4191 599 4266 negligatur,
632 4185 827 4239 herbas
865 4184 1063 4241 emittit
1113 4180 1309 4252 malas;
1348 4180 1433 4235 sin
1462 4194 1593 4236 vero

123 4294 288 4339 :nter
313 4278 693 4351 agrtcolarum
713 4274 957 4336 manibus
978 4272 1199 4336 fruatur,
1221 4271 1446 4327 fructum
1476 4272 1596 4326 rcd-

124 4385 376 4430 iturum
417 4389 433 4424 :
463 4370 541 4423 sic
579 4380 633 4422 et
660 4366 888 4420 hominis
908 4365 1107 4430 aninta,
1135 4379 1254 4437 qua:
1284 4364 1335 4417 itt
1373 4364 1595 4434 segnitie

128 4465 516 4520 delictorum
540 4459 719 4528 spinas
735 4455 894 4528 parit,
914 4469 1031 4524 quae
1060 4470 1185 4508 vero
1214 4453 1450 4507 studiose
1470 4454 1601 4508 coli-

124 4566 457 4613 amantcm
486 4551 698 4605 virtutis
725 4551 827 4603 fert
858 4547 1110 4602 fructum.
1128 4546 1251 4606 Ideo
1275 4562 1485 4619 quoque
1511 4562 1596 4600 sa.

124 4649 395 4721 quidam
429 4644 702 4707 admonet,
726 4640 933 4696 dicens:
957 4638 1116 4709 Quasi
1134 4655 1252 4708 ager
1275 4649 1345 4692 est
1377 4639 1451 4692 vir
1479 4641 1605 4693 stul-

124 4762 125 4765 η
162 4740 359 4812 quasi
394 4738 547 4792 vinea
573 4738 646 4789 tn'r
675 4743 838 4788 mente
865 4749 1039 4785 carens
1060 4748 1077 4796 ;
1097 4732 1139 4785 si
1167 4731 1426 4795 reliqueris
1453 4747 1563 4783 eum
1585 4773 1599 4797 ,

123 4848 153 4903 τ,
189 4847 398 4905 atque
429 4829 690 4892 inutilibus
718 4826 881 4881 herbis
909 4824 1184 4881 luxuriabit
1202 4822 1381 4894 (Prov.
1400 4823 1489 4881 24.
1512 4825 1599 4879 50.

123 4928 222 4983 Nc
280 4924 479 4997 igitur
518 4920 620 4975 hoc
658 4933 800 4973 nunc
837 4916 1086 4979 eveniat,
1119 4913 1425 4987 frequenter
1454 4914 1600 4967 verbi

123 5050 128 5080 l
166 5018 615 5083 immittimus;
646 5028 701 5073 et
725 5017 769 5078 si
796 5015 920 5086 quid
940 5014 1062 5071 mali
1091 5014 1372 5084 germinet,
1392 5013 1605 5069 assidue

124 5129 332 5171 amns
358 5128 387 5178 ;
432 5110 479 5166 si
517 5109 642 5180 quid
672 5118 848 5164 autem
889 5115 1267 5178 opportunum,
1290 5105 1333 5159 si
1378 5104 1605 5159 fructum

123 5224 146 5262 s
180 5249 201 5271 ,
257 5201 571 5259 nutrimus
608 5208 663 5255 et
706 5199 1020 5270 irrigamus,
1052 5205 1107 5251 et
1139 5195 1205 5251 ad
1247 5196 1602 5251 maturitatem

134 5314 302 5355 mus
336 5340 359 5365 ,
419 5293 691 5350 assiduam
734 5293 811 5347 rei
855 5306 1037 5346 curam
1079 5288 1352 5347 habentes.
1402 5286 1606 5357 Duplici

161 5394 316 5448 imo
356 5385 571 5456 triplici
602 5399 819 5455 egemus
857 5380 1222 5452 providentia;
1253 5379 1463 5449 primo,
1493 5388 1548 5432 ut
1577 5393 1606 5433 a

125 5486 192 5539 ia
253 5479 627 5541 liberemur;
659 5472 895 5529 secundo
915 5514 930 5540 ,
963 5480 1017 5525 ut
1049 5471 1296 5527 virtutem
1331 5467 1605 5541 possidea-’

123 5575 208 5629 ad
256 5572 424 5636 hanc
448 5581 594 5632 vero,
620 5574 679 5621 ut
705 5563 1017 5634 acquisitam
1043 5562 1294 5616 virtutem
1318 5575 1603 5616 conservc-
1658 5632 1665 5638 _

132 5664 255 5719 ubi
296 5658 566 5716 niaxime
588 5656 747 5711 etiam
776 5654 943 5708 multo
972 5652 1153 5707 labore
1181 5661 1265 5707 est
1292 5667 1447 5721 opus.
1476 5650 1605 5705 Nam

123 5773 227 5813 lus
266 5752 530 5819 (ιπηιοη
558 5748 695 5805 bona
716 5740 1062 5818 operantibus
1088 5744 1240 5799 nobis
1270 5745 1436 5814 magis
1467 5745 1602 5803 iuvi-

1697 2814 1824 2881 det,
1869 2824 1924 2870 et
1966 2815 2103 2872 bene
2147 2826 2432 2886 operantes
2462 2818 2664 2877 invadit
2692 2839 2707 2878 :
2735 2837 2799 2879 ac
2837 2825 2977 2881 sicut
3016 2827 3200 2896 pirata:
3228 2831 3272 2884 si

1696 2919 1855 2975 quam
1886 2908 2057 2961 navim
2084 2908 2298 2962 videant
2322 2924 2482 2964 arena
2510 2921 2780 2979 onustam,
2811 2926 3163 2985 praetereunt;
3191 2920 3273 2974 sin

1697 3013 1826 3053 vero
1840 3000 2078 3053 sarcinas
2096 3001 2352 3068 pretiosas
2366 3013 2419 3055 et
2442 3002 2653 3057 divitias
2675 3003 2955 3073 ferentem,
2985 3007 3121 3063 hanc
3146 3010 3275 3065 ado-

1698 3090 1928 3156 riuntur,
1959 3090 2094 3145 infra
2121 3091 2470 3160 perfurantes,
2493 3108 2723 3164 superne
2748 3108 3135 3167 oppugnantes,
3158 3101 3273 3154 nul-

1698 3183 1911 3252 lamque
1937 3182 2234 3237 machinam
2265 3197 2368 3238 non
2396 3184 2651 3240 adhibent
2675 3204 2689 3241 :
2717 3187 2785 3240 ita
2812 3196 2865 3242 et
2890 3187 3130 3244 diabolus
3156 3190 3278 3245 illos

1701 3275 1931 3329 maxime
1968 3274 2164 3329 adoriri
2204 3276 2378 3343 solet,
2410 3277 2499 3346 qui
2538 3278 2747 3333 virtutis
2783 3279 2989 3351 copiam
3029 3296 3273 3352 magnam

1700 3365 2053 3436 collegerunt,
2086 3366 2319 3437 ipsisque
2348 3367 2587 3425 invidere
2612 3379 2664 3424 et
2696 3370 3168 3429 insidiasstruere.

1783 3455 1951 3511 Virtus
1978 3457 2270 3528 impugnata
2294 3459 2353 3527 ﬁt
2378 3461 2644 3528 potentior.
2665 3491 2738 3501 —
2752 3462 2854 3516 Tot
2873 3463 3012 3518 enim
3036 3464 3279 3522 homines

1702 3547 1754 3601 in
1781 3548 1911 3603 orbe
1938 3555 2092 3604 erant
2116 3547 2235 3603 Jobi
2266 3558 2537 3619 tempore;
2565 3560 2620 3605 ct
2650 3561 2824 3606 tamen
2850 3553 3105 3610 adversus
3130 3557 3277 3611 illum

1701 3639 1873 3695 solum
1916 3654 2037 3695 sese
2083 3640 2313 3694 accinxit
2354 3641 2592 3696 diabolus
2616 3684 2631 3707 ,
2679 3643 3054 3715 machinasque
3093 3661 3280 3703 omnes

1701 3740 1887 3787 contra
1904 3730 2051 3785 illum
2075 3732 2257 3785 movit.
2274 3732 2380 3787 Sed
2399 3747 2502 3787 non
2522 3734 2690 3801 potuit
2706 3735 2899 3790 inferre
2914 3737 3237 3807 naufragium
3260 3755 3276 3804 ;

1703 3823 1829 3891 quin
1866 3823 2024 3877 etiam
2068 3822 2321 3891 majorem
2365 3824 2626 3877 sarcinam
2668 3822 2841 3878 ellecit
2874 3833 2928 3880 et
2963 3826 3278 3895 ampliorem

1704 3912 2432 3983 negotiationem.Ejusmodi
2464 3914 2604 3967 enim
2633 3924 2713 3968 est
2743 3914 2911 3969 virtus
2938 3917 3278 3987 :intpugnata

1707 4006 1975 4075 potentior
1994 4005 2242 4067 efﬁcitur.
2265 4016 2319 4060 et
2341 4006 2545 4061 insidiis
2568 4007 2635 4060 im
2645 4008 2984 4078 petitalutior
2998 4009 3174 4064 evadit
3196 4028 3209 4064 :
3231 4011 3281 4065 id

1702 4095 1842 4165 quod
1865 4104 1919 4150 et
1941 4097 1993 4151 in
2015 4095 2169 4151 beato
2191 4097 2280 4150 illo
2301 4097 2541 4169 contigit,
2564 4098 2653 4167 qui
2676 4098 2907 4168 undique
2925 4110 3281 4171 oppugnatus.

1706 4186 1909 4240 ﬁrmior
1933 4186 2190 4251 constitit,
2213 4194 2267 4240 et
2289 4186 2435 4242 mille
2457 4186 2577 4241 telis
2598 4189 2839 4257 exceptis
2860 4205 2964 4243 non
2986 4190 3165 4253 cessit,
3187 4190 3281 4245 sed

1704 4278 1899 4333 diaboli
1943 4277 2246 4346 pharetram
2285 4279 2586 4344 evacuavit;
2630 4279 2743 4348 ipse
2780 4294 2908 4333 vero
2947 4294 3053 4334 non
3093 4280 3282 4335 cecidit

1706 4385 1878 4439 neque
1898 4369 2268 4438 supplantatus
2287 4378 2401 4424 est:
2422 4368 2516 4424 sed
2537 4370 2673 4424 sicut
2692 4370 2923 4440 optimus
2937 4372 3278 4441 gubernator,

1709 4476 1807 4513 nec
1832 4459 2040 4516 furente
2059 4461 2189 4515 mari
2212 4468 2265 4514 et
2284 4460 2562 4514 concitatis
2583 4460 2828 4515 ﬁuctihus
2848 4461 3280 4532 immergchatur,

1708 4565 1883 4622 neque
1920 4552 1970 4604 in
2002 4551 2288 4620 tranquillo
2318 4562 2559 4620 tempore
2588 4552 2938 4620 negligentior
2964 4553 3133 4606 factus
3161 4562 3244 4608 est
3270 4571 3284 4616 ;

1709 4643 1803 4697 sed
1835 4643 1888 4696 in
1919 4656 2144 4712 utroque
2172 4653 2470 4711 temporum
2494 4641 2801 4697 discrimine
2832 4657 3014 4711 parem
3042 4644 3287 4699 servabat

1709 4746 1881 4790 artem
1913 4755 1926 4789 :
1954 4746 2006 4791 et
2033 4750 2205 4805 neque
2231 4735 2427 4789 divitia:
2458 4736 2629 4804 ipsum
2661 4734 2932 4799 inﬂabant,
2964 4751 3135 4805 nequc
3159 4752 3289 4807 pau-

1712 4837 1890 4897 pertas
1928 4826 2041 4896 ejus
2080 4827 2313 4881 animum
2351 4825 2696 4895 deprimebat.
2729 4824 2838 4880 Nec
2868 4826 3025 4895 igitur
3051 4841 3171 4881 cum
3202 4843 3290 4882 res

1715 4920 1785 4973 illi
1829 4934 2083 4989 prospere
2112 4919 2398 4983 cederent,
2430 4918 2610 4988 segnis
2645 4925 2797 4982 erat;
2832 4934 3003 4988 neque
3032 4933 3151 4972 cum
3185 4928 3291 4972 tota

1713 5011 1905 5075 domus
1931 5010 2048 5080 ejus
2075 5025 2263 5065 eversa
2319 5018 2460 5064 esset
2497 5016 2551 5064 et
2605 5009 2852 5063 universa
2899 5009 2951 5063 in
2998 5009 3286 5078 perniciem

1717 5103 1925 5165 ierunt,
1959 5102 2201 5158 turbatus
2222 5109 2335 5166 est,
2365 5114 2464 5154 nec
2487 5115 2517 5155 a
2546 5099 2742 5154 virtute
2769 5101 3171 5168 constantiaque
3197 5116 3290 5155 sua

1716 5194 1952 5253 deﬂexit.
2001 5194 2233 5249 Audiant
2248 5192 2463 5259 divites,
2479 5191 2695 5247 audiant
2715 5207 2976 5261 pauperes
3000 5211 3012 5246 :
3037 5192 3296 5248 ambobus

1717 5286 1859 5340 enim
1876 5285 1989 5342 haec
2010 5286 2276 5341 enarratio
2298 5285 2443 5340 utilis
2457 5294 2539 5340 est
2559 5284 2695 5339 :into
2711 5299 2840 5339 vero
2859 5283 3108 5340 omnibus
3128 5286 3299 5340 homi-

1715 5378 1870 5434 nibus
1887 5378 2000 5433 haec
2017 5377 2235 5434 historia
2254 5378 2531 5433 utilitatem
2550 5377 2720 5442 all'ert,
2732 5386 2838 5432 tam
2857 5378 2922 5433 iis
2936 5376 3025 5448 qui
3044 5386 3299 5449 prospere

1716 5486 1831 5527 rem
1848 5480 2033 5543 agunt,
2047 5487 2203 5542 quam
2223 5471 2287 5526 iis
2304 5472 2391 5540 qui
2411 5472 2463 5525 in
2489 5470 2790 5527 calamitate
2816 5479 3116 5527 versantur.
3136 5471 3298 5528 Utra-

1720 5577 1825 5632 que
1844 5563 1986 5617 enim
2004 5577 2151 5617 arma
2167 5570 2416 5627 tractans,
2442 5564 2653 5632 pietatis
2667 5570 2918 5628 certatur,
2932 5560 3078 5616 orbis
3102 5561 3301 5617 athleta

1714 5665 1999 5709 coronatus
2018 5696 2033 5719 ,
2062 5654 2113 5708 in
2146 5664 2370 5725 utroque
2393 5654 2687 5709 certamine
2717 5660 2974 5723 tropzeum
3006 5651 3207 5716 erexit;
3237 5661 3292 5706 et

1716 5748 1770 5803 in
1796 5748 1940 5811 omni
1981 5747 2106 5809 belli
2146 5764 2341 5818 genere
2373 5748 2616 5807 drcmonc
2644 5746 2736 5802 illo
2766 5744 3001 5801 irruente
3023 5786 3039 5817 ,
3070 5743 3123 5798 in
3151 5744 3294 5800 omni
