3892 6402
484 342 593 398 479

489 464 781 520 certamine
808 461 980 515 stabat
1006 499 1022 524 ,
1050 468 1105 515 et
1138 458 1189 512 in
1217 456 1463 510 omnibus
1490 454 1661 506 victor
1700 446 2065 519 proclamaba-

496 567 578 610 tur
603 574 617 608 :
643 568 704 608 ac
724 554 859 607 sicut
888 551 1041 604 miles
1064 561 1355 619 generosus
1380 546 1466 615 qui
1496 545 1657 598 sciret
1681 551 1838 596 noctu
1868 552 2067 607 pugna-

500 662 555 701 re
578 686 596 712 ,
627 658 806 697 muros
834 654 1140 709 oppugnare
1163 679 1178 703 ,
1212 637 1383 692 navali
1416 633 1711 689 certamine
1748 630 2033 697 conlligere
2055 667 2071 691 ,

498 734 663 804 pedes
684 739 1012 792 concertare,
1039 744 1190 795 arcu,
1221 728 1423 789 lancea,
1449 723 1631 785 funda.
1663 721 1803 785 telis,
1827 717 2077 786 omnique

500 838 687 895 pugnae
705 838 901 892 genere
920 818 1254 875 adversarios
1273 830 1526 886 superare
1546 823 1599 869 et
1620 813 1813 881 ubique
1834 812 2076 864 vincere:
2106 864 2107 867 η

500 917 579 971 sic
618 914 777 968 etiam
824 927 1116 983 generosus
1160 910 1249 966 ille
1289 907 1532 979 quamvis
1575 906 1918 960 lentationem
1958 916 2079 956 eum

500 1003 814 1059 fortitudine
840 1018 1028 1073 magna
1056 1002 1192 1067 tulit,
1222 1017 1251 1055 a
1280 1008 1610 1071 paupertate,
1635 1012 1663 1050 a
1694 995 1852 1058 fame,
1879 1009 1907 1047 a
1938 1007 2082 1046 mor-

501 1096 608 1161 bo,
638 1110 673 1151 a
712 1095 897 1150 dolore
921 1135 937 1161 ,
980 1108 1009 1147 a
1055 1093 1284 1147 filiorum
1326 1089 1597 1161 pernicie,
1644 1087 1712 1142 ab
1752 1084 1973 1148 amicis,
2016 1080 2084 1135 ab

504 1188 737 1243 inimicis
758 1229 775 1253 ,
808 1187 876 1242 ab
910 1200 1079 1241 uxore
1101 1226 1117 1250 ,
1147 1199 1178 1237 a
1220 1182 1389 1237 servis
1432 1188 1690 1251 paratam.
1723 1176 1903 1245 Neque
1942 1173 2084 1230 enim

507 1281 738 1339 humana
766 1279 1042 1336 calamitas
1070 1278 1176 1333 ulla
1204 1284 1289 1332 est
1309 1316 1324 1341 ,
1368 1288 1487 1345 quae
1518 1286 1623 1326 non
1656 1272 1708 1324 in
1746 1283 1941 1338 corpus
1971 1267 2089 1335 ejus

512 1374 712 1428 inﬂicta
759 1372 935 1427 fuerit.
982 1371 1233 1425 Attamen
1279 1367 1481 1422 retibus
1516 1364 1763 1419 omnibus
1800 1369 1855 1415 et
1892 1357 2101 1419 diaboli.

512 1465 686 1522 illiciis
726 1464 968 1533 superior
995 1458 1134 1515 fuit:
1161 1458 1407 1530 quodque
1442 1454 1736 1512 mirabilius
1763 1461 1880 1518 est,
1911 1450 2088 1506 omnia

514 1558 566 1610 in
598 1556 745 1610 illum
776 1553 1086 1620 irruebant,
1117 1549 1295 1606 omnia
1321 1563 1443 1605 cum
1470 1545 1844 1616 exsuperantia
1868 1585 1884 1610 ,
1913 1541 2105 1601 omnia,

517 1661 624 1701 uno
650 1653 909 1714 tempore.

585 1736 642 1789 2.
672 1734 751 1789 Ne
773 1734 913 1789 enim
940 1731 1042 1787 hoc
1066 1731 1237 1787 solum
1263 1728 1570 1785 consideres
1588 1768 1604 1791 ,
1630 1724 1772 1796 quod
1800 1731 1941 1778 tanta
1967 1738 2095 1794 pas-

518 1842 611 1883 sus
631 1826 721 1892 sit,
744 1825 838 1880 sed
863 1824 1018 1887 adde,
1045 1839 1149 1878 non
1174 1822 1447 1892 paulatim,
1473 1833 1644 1890 neque
1668 1816 1793 1872 dato
1817 1815 2097 1871 intervallo

519 1918 648 1980 ullo,
677 1915 770 1971 sed
800 1915 976 1969 omnia
1002 1914 1159 1969 simul
1184 1922 1238 1968 et
1263 1927 1369 1967 uno
1396 1923 1651 1980 tempore.
1686 1906 1801 1962 Non
1829 1906 2096 1961 modicum

517 2017 696 2062 autem
732 2006 861 2061 illud
896 2014 979 2060 est
1013 2005 1364 2061 tentationum
1393 2001 1811 2057 additamentum
1843 2016 1856 2050 :
1886 1998 1938 2051 in
1968 1997 2098 2052 reli-

520 2099 640 2168 quis
668 2097 811 2152 enim
853 2096 1156 2151 hominibus
1190 2094 1416 2165 primum
1447 2106 1606 2159 nemo
1636 2090 1933 2144 inveniatur
1957 2128 1971 2151 ,
2010 2088 2100 2157 qui

520 2189 699 2244 omnia
728 2188 888 2243 simul
916 2188 1143 2257 patiatur
1163 2225 1178 2250 ,
1206 2185 1300 2240 sed
1327 2184 1371 2238 si
1397 2199 1516 2237 cum
1549 2190 1856 2251 paupertate
1881 2194 2101 2233 concer-

523 2289 638 2345 tet,
682 2281 819 2334 bona
866 2289 1042 2332 tamen
1082 2276 1386 2331 valetudine
1431 2273 1659 2338 fruitur;
1705 2272 1749 2325 si
1795 2278 2104 2339 paupertate

524 2369 686 2426 simul
738 2379 794 2424 et
844 2369 1031 2423 morbo
1058 2365 1554 2433 ,circumveniatur,
1600 2371 1654 2415 at
1694 2376 1838 2431 s:epe
1882 2374 2104 2414 uxorem

528 2464 689 2519 habet
725 2461 793 2516 ad
831 2463 1009 2531 gravia
1048 2459 1296 2530 patienda
1336 2458 1581 2512 solatium
1611 2454 1953 2518 all'erentem,
1985 2467 2107 2522 quae

531 2563 716 2627 portus
744 2554 909 2607 instar
934 2552 1033 2621 ipsi
1062 2552 1165 2615 sit;
1197 2549 1278 2605 sin
1309 2564 1407 2603 nec
1433 2561 1657 2602 uxorem
1685 2543 1880 2598 habeat
1910 2542 2067 2598 talem
2089 2584 2105 2609 ,

530 2656 586 2699 at
625 2660 730 2699 non
770 2659 887 2700 eam
927 2652 1106 2697 tamen
1138 2656 1257 2711 quae
1290 2640 1361 2693 ita
1402 2637 1699 2708 perniciosa
1724 2634 1997 2700 consulat;
2026 2633 2107 2688 sin

530 2739 690 2792 etiam
718 2737 787 2789 ita
816 2734 1111 2804 perniciosa
1139 2731 1529 2795 consulentem,
1557 2738 1611 2782 at
1634 2742 1739 2783 non
1765 2727 1903 2784 filios
1923 2738 2111 2782 omnes

533 2845 646 2885 uno.
668 2828 933 2897 temporis
961 2835 1233 2885 momento
1259 2825 1486 2889 amittit;
1505 2822 1550 2877 si
1574 2822 1732 2877 etiam
1776 2834 1884 2876 uno
1908 2829 2114 2887 tempo~

535 2921 611 2975 ris
640 2925 911 2977 momento
931 2956 948 2981 ,
975 2926 1030 2970 at
1049 2932 1153 2971 non
1188 2914 1279 2971 tali
1305 2914 1498 2980 modo;
1526 2912 1574 2973 si
1598 2912 1687 2967 illo
1707 2910 1886 2977 modo,
1909 2918 1963 2963 et
1981 2908 2117 2962 alni.

536 3026 630 3067 cos
657 3011 817 3069 habet
843 3008 933 3079 qui
957 3024 1027 3069 se.
1044 3007 1423 3072 consolentur;
1453 3006 1498 3060 si
1535 3018 1641 3058 non
1668 3002 2034 3065 consolentur,
2062 3008 2116 3055 at

469 3142 474 3149 ι
537 3122 642 3160 nun
693 3102 981 3165 domestici.
1029 3102 1315 3166 insultant;
1344 3100 1429 3156 sin
1476 3099 1753 3163 insultant,
1794 3106 1850 3151 at
1888 3112 1993 3150 non
2042 3095 2115 3149 illi

538 3199 696 3251 etiam
748 3196 804 3251 in
840 3193 1030 3253 faciem
1072 3202 1408 3264 conspuunt;
1452 3191 1499 3247 sl
1536 3200 1714 3247 autem
1765 3190 1840 3245 illi
1871 3190 2031 3245 etiam
2064 3189 2116 3242 in

539 3289 728 3351 faciem
752 3295 1067 3355 conSpuant,
1100 3295 1157 3340 at
1184 3300 1293 3339 non
1328 3273 1421 3340 ille
1456 3282 1548 3337 tali
1596 3281 1784 3336 morbo
1809 3282 2116 3344 detinetur;

539 3382 585 3439 si
634 3379 724 3434 tali
773 3378 963 3435 morbo
1010 3377 1301 3440 detinetur.
1354 3384 1535 3430 tamen
1562 3372 1853 3430 domicilio
1885 3380 1939 3427 et
1980 3371 2119 3426 lecto

541 3470 768 3536 fruitur;
800 3484 976 3540 neque
1013 3469 1070 3523 in
1101 3468 1228 3524 limo
1255 3466 1445 3534 sedet;
1492 3466 1539 3521 si
1586 3466 1781 3523 intimo
1812 3462 2017 3527 sedeat,
2066 3472 2121 3516 at

550 3564 711 3618 habet
730 3561 821 3631 qui
847 3560 948 3615 sibi
977 3575 1216 3624 manum,
1253 3559 1560 3628 porrigant;
1608 3558 1653 3612 si
1693 3572 1800 3611 non
1844 3556 2004 3611 habet
2028 3554 2119 3625 qui

544 3656 651 3729 sibi
693 3668 906 3709 manum
959 3651 1254 3721 porrigant,
1292 3658 1352 3705 at
1390 3666 1497 3704 non
1530 3649 1693 3703 habet
1729 3648 1817 3717 qui
1843 3655 2119 3702 contratse

547 3746 883 3817 invehantur.
911 3743 1008 3799 llic
1031 3752 1209 3797 autem
1242 3741 1330 3795 illa
1360 3741 1539 3795 omnia
1568 3740 1849 3804 sustinuit;
1875 3737 2124 3810 quodque

549 3838 842 3903 mirabilius
880 3845 998 3899 est,
1031 3846 1084 3891 ut
1110 3836 1220 3904 jam
1249 3834 1391 3899 dixi,
1434 3833 1611 3888 omnia
1664 3832 2027 3901 simul:quod
2073 3831 2127 3885 id

547 3932 713 3987 eflicit
757 3938 817 3985 ut
868 3930 1008 3985 mala
1050 3928 1212 3997 duplo
1258 3937 1314 3982 et
1377 3926 1537 3996 triplo
1590 3924 1793 3994 majora
1842 3923 2125 3978 videantur

549 4037 693 4086 esse,
737 4020 951 4090 quando
990 4020 1051 4079 is,
1070 4019 1161 4088 qui
1191 4033 1312 4073 cum
1340 4016 1496 4071 malis
1517 4025 1790 4071 conceth
1812 4055 1828 4082 ,
1860 4031 1925 4070 ue
1948 4015 2125 4084 respi-

552 4114 702 4169 randi
755 4111 969 4183 quidem
1009 4110 1257 4165 solatium
1292 4108 1476 4173 habet,
1530 4107 1624 4163 sed
1662 4123 1728 4163 ex
1780 4108 2129 4165 continuitate

553 4204 737 4261 iullicti
776 4204 899 4258 mali
928 4204 1097 4272 major
1127 4202 1282 4258 dolor
1309 4211 1364 4257 et
1390 4200 1715 4272 perturbatio
1735 4202 1915 4256 oritur
1943 4220 1956 4256 :
1985 4202 2126 4273 quod

558 4296 643 4348 hic
682 4294 921 4364 cout'git.
977 4291 1109 4347 Nam
1151 4292 1329 4346 ovium
1383 4290 1671 4360 perniciem
1723 4301 1777 4345 et
1827 4292 2130 4348 incendium

556 4385 764 4455 excepit
800 4385 961 4443 boum
982 4385 1178 4453 rapina
1204 4426 1217 4448 ,
1259 4393 1311 4439 et
1342 4385 1479 4438 hanc
1505 4384 1810 4452 asinorum;
1842 4384 1980 4442 hanc
2004 4401 2133 4442 vero

557 4478 880 4539 camelorum
902 4486 1118 4546 captura
1134 4485 1193 4530 et
1216 4489 1493 4530 servorum
1514 4474 1723 4542 caedes;
1756 4476 1909 4531 istam
1927 4492 2055 4533 vero
2080 4480 2133 4532 li-

557 4574 749 4627 lioruin
767 4571 1047 4641 pernicies,
1066 4579 1120 4624 et
1143 4568 1377 4625 terribile
1398 4568 1527 4623 illud
1552 4569 1927 4641 insolitumque
1946 4573 2135 4629 mortis

554 4677 726 4733 genus
750 4661 1159 4731 horribiliusque
1180 4660 1487 4730 sepulcrum
1511 4660 1759 4731 (idipsnm
1779 4663 1922 4718 enim
1943 4672 2000 4719 et
2021 4665 2135 4719 exi-

558 4757 688 4813 tium
716 4762 772 4810 et
807 4752 1107 4823 sepulcrum
1149 4751 1281 4823 fuit)
1309 4761 1364 4807 et
1392 4767 1575 4807 mensa
1600 4794 1616 4820 ,
1644 4769 1763 4823 qua:
1792 4769 1932 4809 nunc
1958 4755 2133 4810 cibum

557 4847 822 4901 sumentia
855 4860 1078 4915 corpora
1104 4884 1120 4910 ,
1162 4859 1304 4900 nunc
1328 4844 1543 4899 concisa
1584 4846 1825 4914 exeepit;
1856 4857 1909 4901 et
1946 4848 2137 4916 phialae

556 4948 714 5006 atque
742 4938 925 5005 pocula
946 4951 1066 4991 eum
1088 4937 1211 4990 vino
1233 4935 1544 5007 sanguinem
1566 4936 1903 5006 excipientia,
1926 4948 1981 4995 et
2004 4955 2135 4995 con-

559 5029 669 5083 cisa
700 5027 957 5081 membra.
988 5028 1234 5081 Attamen
1272 5036 1391 5096 post
1420 5026 1559 5083 hanc
1581 5042 1798 5098 gravem
1828 5030 2134 5100 tragoediam

560 5117 803 5187 graviora
828 5117 931 5170 alia
958 5130 1144 5171 rursus
1167 5132 1288 5171 eum
1320 5127 1573 5183 manent,
1601 5132 1725 5175 cum
1749 5133 1816 5175 ne
1845 5121 1925 5175 vel
1956 5124 2135 5176 tantil—

564 5210 670 5263 lum
718 5209 1050 5277 rt-Spirasset.
1089 5208 1224 5263 Hinc
1262 5210 1406 5264 enim
1430 5212 1705 5266 [vermium
1747 5214 2095 5285 scaturigines
2119 5258 2135 5284 ,

561 5299 729 5354 saniei
756 5298 975 5363 fluenta,
1004 5299 1056 5353 in
1083 5299 1207 5353 limo
1234 5300 1414 5363 sedes,
1446 5309 1581 5357 testa
1606 5318 1725 5372 quae
1751 5304 1914 5359 latera
1945 5306 2135 5375 radat,

561 5394 845 5457 vulnerum
866 5390 1042 5457 latter,
1064 5390 1156 5461 qui
1176 5404 1376 5446 novum
1400 5392 1526 5447 illud
1552 5392 1706 5450 famis
1723 5410 1889 5466 genus
1912 5397 2136 5465 induxit,

560 5498 625 5541 ac
648 5498 716 5538 ne
738 5481 1265 5555 praesentesquidem
1285 5481 1436 5538 cibos
1458 5494 1672 5554 tangere
1693 5488 1873 5542 sinens
1890 5531 1903 5553 ,
1925 5489 2141 5559 gravius

562 5573 843 5645 ipsafame
874 5573 1141 5632 fastidium
1166 5573 1451 5629 inducebat
1478 5593 1492 5629 :
1519 5586 1573 5630 et
1602 5575 1716 5633 haec
1744 5595 1848 5632 non
1876 5580 2100 5637 duorum
2122 5623 2137 5647 ,

562 5680 670 5719 non
694 5666 914 5730 decem.
943 5681 1048 5720 non
1075 5664 1295 5736 viginti,
1327 5681 1433 5719 non
1458 5675 1669 5722 centum
1695 5669 1901 5724 dierum
1931 5671 2103 5738 spatio
2121 5715 2137 5740 ,

563 5760 658 5825 sul
684 5760 925 5827 plurimis
939 5758 1240 5817 mensibus.
1271 5755 1458 5829 Neque
1484 5756 1570 5814 hic
1584 5766 1846 5817 steterunt
1867 5777 2140 5833 corporea:

1165 330 1224 385 S.
1261 323 1539 384 JOANNIS
1572 315 2047 377 CHRYSOSTOMI
2087 312 2405 369 ARCiliEP.
2444 304 2984 366 CONSTANTINOP.

3632 312 3719 368 480

2181 451 2513 507 calamitates
2540 467 2555 503 :
2583 447 2677 504 sed
2706 462 2826 502 cum
2854 447 2906 501 in
2939 445 3042 499 hoc
3070 452 3211 499 statu
3236 444 3323 500 ille
3358 455 3498 501 esset
3520 455 3574 503 et
3596 453 3725 506 undi-

2181 558 2283 613 que
2312 543 2656 606 cruciaretur,
2687 541 2848 600 intus,
2875 538 3230 602 extrinsecus,
3254 538 3439 592 uxoris
3461 540 3608 594 etiam
3635 560 3727 597 tua.

2181 634 2356 689 china:
2401 648 2521 688 eum
2569 629 3033 702 aggrediebantur.
3084 627 3353 684 Damonis
3386 628 3545 682 telum
3568 632 3731 689 client:

2184 724 2376 792 eonjux
2403 762 2419 786 ,
2450 723 2622 777 virum
2672 736 2829 776 suum
2875 720 3051 791 lingua
3080 718 3312 789 inipetit,
3341 706 3399 774 et
3442 731 3591 790 pacto
3622 723 3732 780 inito

2185 828 2304 870 cum
2347 813 2583 879 diabolo,
2631 810 2793 871 illum.
2822 810 2942 866 telis
2989 818 3286 881 oppugnat,
3342 808 3411 864 iis
3437 824 3557 879 qua:
3598 826 3741 882 supra

2187 906 2417 962 diximus
2443 905 2809 960 acerbioribus
2842 912 2899 958 et
2923 901 3416 973 perniciosiuribus.
3465 901 3637 975 Neque
3666 908 3737 966 hic

2192 996 2287 1051 fuit
2321 996 2669 1051 certaminum
2721 993 2881 1058 finis;
2908 991 3005 1048 sed
3046 992 3410 1049 initiantursus
3433 1004 3487 1048 et
3514 1002 3741 1063 promi;

2190 1088 2324 1145 aciei
2377 1095 2551 1143 erant.
2609 1086 2742 1152 Quia
2799 1086 2943 1140 enim
2999 1084 3133 1140 nihil
3184 1084 3312 1141 inde
3362 1084 3594 1143 lucratus
3646 1104 3742 1148 erat

2192 1178 2455 1244 diabolus,
2512 1179 2806 1233 amicorum
2859 1175 3060 1233 chorus
3098 1176 3375 1243 acceSSit,
3419 1179 3507 1248 qui
3547 1184 3741 1237 conuii.

2193 1270 2481 1328 serantinm
2532 1269 2713 1341 specie
2755 1268 3092 1326 inimicorum
3133 1282 3286 1325 more
3343 1268 3582 1325 insiliunt
3606 1271 3651 1327 in
3672 1273 3741 1343 ja-

2194 1372 2500 1427 centem,et
2527 1361 2719 1417 ulcera:
2748 1358 3013 1417 refricant
3047 1359 3154 1417 sibi
3189 1370 3383 1419 mutuo
3410 1363 3745 1431 accedentes.

2198 1469 2368 1523 neque
2396 1454 2659 1521 respirare
2701 1451 2961 1514 sinentes.
2993 1450 3175 1506 multis
3209 1450 3435 1507 circulis
3463 1452 3624 1522 ipsum
3655 1456 3741 1513 ω.

2196 1546 2521 1605 (ιιιιικιίιιιιεεΔ
2561 1544 2943 1615 crudelemque
2997 1552 3215 1614 agentes
3269 1544 3547 1601 choream.
3597 1547 3743 1607 Dicam

2198 1638 2358 1697 etiam
2419 1635 2590 1691 noctis
2665 1634 3052 1691 intolerabilem
3101 1635 3455 1693 tentationem
3483 1675 3500 1700 ,
3551 1652 3657 1706 qua:
3702 1650 3743 1695 et

2201 1727 2477 1796 ipsaruuva
2526 1726 2849 1795 insolitaque
2891 1726 3043 1781 erat?
3078 1725 3313 1782 Caeteris
3340 1741 3570 1797 namque
3604 1729 3742 1783 homi-

2201 1818 2359 1873 nibus
2378 1818 2659 1884 omnibus,
2684 1817 2810 1873 licet
2832 1817 3113 1873 innumera
3138 1818 3413 1887 patiantur
3431 1819 3625 1888 gravia,
3652 1821 3745 1877 licet

2203 1913 2255 1968 in
2282 1927 2505 1969 carcere
2525 1912 2783 1979 habitent,
2813 1911 2940 1967 licet
2964 1921 3152 1966 catena
3181 1914 3628 1983 constringanlur,
3652 1915 3747 1970 licet

2204 2003 2529 2059 calamitates
2578 2001 2894 2075 deplurent,
2942 2001 3067 2058 licet
3110 2003 3358 2074 corporis
3405 2004 3744 2062 mutilationem

2207 2098 2474 2165 patiantur
2494 2135 2509 2159 ,
2535 2095 2663 2151 licet
2688 2094 2829 2150 fame
2855 2103 3166 2166 premantur
3190 2102 3246 2150 et
3272 2096 3467 2151 morbo
3491 2096 3745 2152 laboan

2206 2202 2310 2258 que
2330 2195 2383 2242 et
2404 2185 2690 2251 aerumnis;
2715 2194 2950 2239 attamen
2973 2199 3079 2240 nox-
3098 2184 3395 2241 adveniens
3414 2186 3748 2243 consolationis

2209 2280 2550 2350 pharmacutn
2600 2278 2855 2346 adducit,
2899 2292 3096 2347 corpus
3135 2277 3416 2334 laboribus
3448 2291 3749 2342 vacuumet

2208 2372 2439 2447 animam
2482 2384 2511 2423 a
2550 2369 2711 2424 curis.
2734 2369 2953 2423 liberam
2991 2368 3268 2423 dimittens
3300 2387 3314 2423 :
3347 2368 3475 2424 huic
3502 2384 3625 2424 vero
3653 2379 3750 2425 tunc

2211 2466 2371 2519 etiam
2403 2472 2587 2533 portus
2616 2462 2669 2517 in
2700 2460 2977 2531 scopulum
3007 2474 3194 2515 versus
3216 2470 3305 2515 est
3324 2500 3341 2525 ,
3374 2462 3747 2529 etphartnaeun

2214 2554 2311 2609 fuit
2366 2555 2532 2618 ulcus,
2592 2552 2889 2607 consolatio
2931 2551 3191 2621 gravioris
3227 2550 3750 2619 terribiliorisquedo-

2214 2647 2361 2703 loris-
2405 2644 2847 2706 additamentum,
2919 2651 3209 2712 tempestas
3258 2642 3363 2711 ipsi
3429 2643 3528 2696 fuit
3584 2643 3629 2696 iu
3671 2659 3747 2697 no-

2214 2748 2322 2802 ('te,
2355 2753 2473 2807 qua:
2524 2736 2731 2789 ueteris
2778 2733 3077 2788 hominibus
3130 2734 3270 2803 parit
3313 2732 3746 2803 tranquillitatem:

2216 2839 2271 2890 et
2292 2826 2524 2896 fugiebat
2552 2824 2767 2895 quidem
2798 2825 2888 2879 ille
2917 2825 3064 2893 quasi
3090 2839 3119 2878 a
3148 2823 3399 2879 fluctibus
3422 2841 3451 2879 a
3476 2825 3557 2880 die
3576 2867 3590 2891 ,
3610 2827 3669 2880 ob
3687 2826 3747 2880 in-

2220 2918 2522 2973 tolerabiles
2554 2918 2673 2971 illos
2698 2917 2947 2981 dolores;
2978 2916 3181 2970 invenit
3208 2925 3389 2971 autem
3421 2916 3600 2972 ﬂuaus
3619 2916 3747 2971 decu-

2219 3025 2408 3066 mauos
2432 3050 2448 3075 ,
2481 3008 2709 3063 vortices
2731 3048 2748 3075 ,
2783 3018 2958 3077 petras
2983 3015 3037 3061 et
3064 3021 3188 3061 saxa
3221 3007 3439 3062 latentia
3464 3048 3480 3074 ,
3511 3009 3573 3062 ita
3600 3018 3647 3062 ut
3665 3008 3746 3079 iam

2220 3102 2325 3155 diei
2357 3100 2551 3154 ﬂuctus
2577 3107 2803 3169 optaret.
2832 3098 2955 3153 ldeo
2980 3101 3140 3153 etiam
3168 3099 3304 3170 ipse,
3340 3100 3442 3153 hoc
3472 3116 3643 3153 novum
3667 3116 3748 3153 ma-

2222 3194 2331 3250 lum
2369 3206 2628 3248 enarrans
2648 3234 2662 3256 ,
2696 3190 2957 3246 clamabat
2992 3191 3178 3246 dicens
3209 3209 3223 3245 :
3253 3192 3317 3247 Si
3354 3193 3607 3261 accubent,
3631 3194 3745 3257 dico,

2226 3283 2441 3350 Quando
2483 3284 2588 3336 dies
2631 3283 2764 3335 erit?
2801 3282 2843 3335 si
2884 3298 3088 3353 surgam
3112 3324 3129 3349 ,
3169 3283 3321 3345 dico,
3360 3282 3564 3349 Quando
3590 3300 3748 3354 mpera

2224 3376 2368 3446 (Job
2397 3377 2450 3430 7.
2487 3376 2521 3430 4
2547 3375 2601 3444 )?
2629 3374 2740 3443 Qua
2775 3375 2846 3430 de
2874 3389 3031 3429 causa
3057 3416 3073 3440 ,
3104 3374 3190 3430 dic
3230 3374 3406 3429 mihi?
3448 3391 3560 3430 nam
3594 3378 3637 3430 in
3684 3377 3747 3431 die

2226 3467 2438 3538 quidem
2480 3466 2600 3536 jure
2640 3472 2849 3519 uectem
2900 3464 3125 3535 requiris
3153 3482 3168 3520 :
3199 3479 3480 3534 vesperam
3524 3466 3647 3520 enim
3684 3465 3748 3520 ille

2227 3570 2436 3617 noctem
2481 3566 2657 3623 vocat,
2685 3573 2804 3627 quae
2850 3573 2880 3611 a
2929 3557 3136 3612 diurnis
3183 3557 3343 3612 malis
3380 3556 3470 3612 dat
3519 3558 3743 3629 requiem:

2227 3669 2348 3709 cum
2376 3662 2551 3706 autem
2584 3667 2693 3705 nox
2726 3649 2963 3713 advenit,
2994 3658 3121 3703 tunc
3153 3649 3309 3705 adest
3345 3650 3689 3720 tranquillitas,
3709 3660 3746 3702 et

2231 3746 2478 3802 dolorum
2510 3742 3037 3811 sollicitudinumque
3080 3742 3306 3796 oblivio.
3336 3742 3445 3796 Cur
3470 3756 3587 3812 ergo
3608 3755 3746 3796 rursus

2230 3840 2370 3894 diem
2415 3836 2681 3906 requiris?
2733 3835 2865 3902 Quia
2914 3834 3043 3888 mihi
3089 3848 3193 3888 nox
3239 3834 3328 3890 die
3372 3835 3622 3891 molestior
3654 3844 3742 3888 est:

2232 3945 2405 4000 neque
2442 3931 2583 3984 enim
2628 3927 2754 3982 mihi
2783 3926 3169 3981 immunitatem
3211 3940 3240 3979 a
3268 3925 3534 3982 laboribus
3560 3934 3743 3996 prestat,

2232 4022 2327 4079 sed
2359 4036 2543 4077 eorum
2579 4028 2920 4090 augmentum
2951 4025 3007 4072 et
3048 4018 3307 4073 tumultus
3334 4028 3489 4088 atque
3524 4015 3741 4086 perturba-

2234 4115 2451 4170 tiones:
2482 4124 2641 4182 atque
2684 4112 2785 4166 hoc
2825 4111 2997 4182 ipsum
3035 4109 3315 4165 declarans
3355 4110 3553 4166 dicebat
3580 4127 3591 4162 :
3616 4107 3742 4162 Tam

2235 4222 2313 4261 me
2346 4206 2400 4259 in
2435 4202 2728 4267 insomniis,
2762 4211 2807 4255 et
2832 4203 2885 4255 in
2912 4202 3028 4256 visis
3057 4217 3136 4254 me
3162 4202 3395 4271 percelli:
3422 4199 3567 4273 (Ibid.
3598 4213 3635 4251 ν.
3662 4200 3740 4264 Η).

2236 4296 2445 4377 Etenim
2476 4294 2871 4365 perterrebatur
2901 4292 3192 4347 tremendis
3224 4292 3328 4348 illis
3360 4292 3609 4349 nocturnis
3635 4288 3739 4351 visis,

2237 4387 2572 4444 intolerando
2601 4388 2790 4441 timore
2808 4428 2823 4451 ,
2856 4385 3050 4439 mentis
3075 4399 3300 4440 excessu
3333 4395 3529 4441 terrore
3553 4384 3737 4438 obnitus.

2308 4482 2364 4537 5.
2406 4482 2595 4535 Annon
2643 4476 3001 4547 defatigamini
3038 4476 3317 4533 audientes
3365 4486 3466 4533 tam
3505 4476 3736 4545 frequentet

2239 4574 2354 4628 illas
2400 4555 2767 4627 calamitates?
2824 4571 2891 4624 At
2946 4569 3032 4623 ille
3090 4570 3298 4640 patiens
3351 4586 3452 4626 non
3508 4567 3732 4624 fatiscelat.

2218 4662 2593 4733 Quamobrem
2620 4676 2749 4729 rogo
2772 4661 3045 4716 caritatem
3079 4669 3327 4727 vestram,
3350 4660 3511 4716 adhuc
3535 4657 3734 4729 paululum

2237 4753 2555 4823 exspectetis
2604 4768 2618 4804 :
2664 4750 2898 4806 nondum
2942 4750 3082 4804 enim
3133 4759 3305 4806 totum
3345 4750 3572 4814 diximus,
3613 4758 3733 4814 neque

2240 4847 2539 4904 addidimus
2588 4845 2808 4899 alteram
2876 4844 3323 4913 exsuperantiam.
3385 4843 3539 4900 Unum
3579 4838 3732 4909 quidem

2242 4949 2379 5003 erat,
2415 4936 2553 5007 quod
2603 4934 2779 4991 omnia
2834 4935 2968 4987 mala
3018 4951 3138 5005 qua:
3197 4936 3489 4989 hominibus
3530 4932 3728 4989 accidunt.

2243 5045 2404 5084 unum
2448 5042 2641 5097 corpus
2694 5025 2956 5096 perferret
2998 5043 3013 5080 :
3054 5026 3197 5083 aliud
3248 5043 3395 5092 vero,
3442 5024 3563 5096 quod
3606 5020 3728 5075 omni:

2243 5122 2420 5185 simul,
2449 5136 2548 5175 nec
2560 5120 2643 5174 vel
2665 5120 2937 5173 minimam
2979 5118 3206 5175 habebat
3233 5120 3457 5190 requiem
3483 5116 3553 5170 vel
3576 5112 3726 5167 dilatio

2246 5232 2389 5273 nem.
2448 5214 2685 5270 Tertium
2727 5213 2927 5268 addere
2966 5213 3085 5266 volo
3129 5231 3143 5267 :
3195 5213 3451 5283 quodnam
3504 5208 3607 5265 illud
3645 5203 3725 5258 cst!

2244 5306 2395 5377 Quod
2450 5306 2713 5360 dictorum
2767 5303 2970 5376 singula
3029 5318 3135 5358 non
3194 5304 3351 5359 modo
3398 5301 3532 5358 simul
3574 5300 3723 5367 ingrur

2244 5408 2398 5467 runt,
2451 5396 2546 5453 sed
2598 5398 2756 5451 etiam
2814 5411 2934 5451 cum
2990 5397 3041 5449 vi
3095 5411 3283 5467 magna
3328 5408 3381 5451 et
3426 5390 3718 5450 vehementia:

2246 5506 2367 5546 nam
2413 5497 2694 5559 paupertas
2731 5487 2848 5557 ejus
2875 5494 2991 5542 erat
3037 5490 3181 5542 omni
3221 5498 3505 5559 paupertate
3536 5480 3718 5556 gravior;

2247 5580 2466 5636 morbus
2510 5580 2658 5646 item,
2702 5579 2879 5647 sedes,
2933 5577 3160 5636 filiorum
3206 5580 3470 5647 pernicies,
3505 5577 3716 5633 bonorum-

2245 5688 2350 5744 que
2401 5672 2659 5727 omuium.
2708 5670 2985 5741 Perpende
3034 5680 3211 5725 autem
3241 5691 3254 5727 :
3283 5671 3492 5743 perdidit
3528 5667 3714 5737 quispim

2250 5765 2387 5822 bona
2431 5780 2527 5821 sua
2550 5764 2573 5817 ?
2598 5772 2652 5820 at
2677 5779 2783 5819 non
2815 5763 3023 5834 penitus
3065 5764 3265 5832 omnia,
3305 5778 3461 5835 neque
3494 5758 3564 5815 tali
3585 5752 3707 5811 ωυάυι
