4064 6656
540 438 637 496 481

1256 436 1318 493 S.
1348 433 1636 493 JOANNIS
1671 431 2156 492 CHRYSOS'I'OMI
2191 435 2234 488 Α

2341 433 2514 494 map.
2549 397 3114 494 CONS'I'ANTINOP.‘

3896 430 3988 490 ιιι

529 553 782 626 μέγεθος.
816 550 996 622 Καινὴ
1031 550 1088 606 δὲ
1118 551 1213 605 καὶ
1247 553 1281 622 η
1310 549 1550 623 καθέδρα
1578 545 1647 623 ἦν
1667 552 1762 605 καὶ
1799 550 1923 620 ξένη
1947 566 1961 580 ·
2004 550 2068 603 οὐ
2094 547 2202 620 γάρ
2307 549 2510 620 ταύτην
2547 553 2862 621 φιλοσοφίας
2910 552 3071 622 ἔτεμε
3107 547 3203 620 τὴν
3254 549 3387 603 δῶν
3408 585 3425 610 ,
3472 547 3559 618 τῷ
3589 550 3865 624 κεφαλαίῳ
3893 556 3986 610 τῶν

528 640 812 706 ῑστιν,οὐκ
832 638 977 694 ἐστιν
989 639 1164 701 οὐδεὶς
1181 637 1352 708 πένης
1383 637 1528 693 οῦτω
1546 638 1677 692 ποτὲ
1697 637 1980 701 καθεσθεὶς
1996 636 2205 708 αίθριος
2308 637 2530 706 ἀγαθῶν
2578 639 2693 709 μεθ’
2720 639 3027 710 ὑπερϐολῆς
3059 639 3228 703 ἀκρος
3290 635 3681 707 ἀποδειχθείς.
3732 640 3984 709 Μέγιστον

529 727 620 782 διὰ
651 728 851 791 παντὸς
878 726 974 781 τοῦ
1002 727 1218 798 χρόνου,
1239 726 1433 796 ὥσπερ
1465 727 1672 789 ἐκεῖνος
1696 724 1978 796 ὑπέμεινε,
1999 724 2209 796 γυμνὸς

534 817 788 888 ἱματίων,
807 816 1002 886 στέγης
1025 816 1471 886 ἀπεστερημένος
1485 815 1724 885 ἀπάσης,
1747 815 1839 867 ἐπὶ
1855 814 1954 884 τῆς
1974 814 2209 886 κοπρίας

532 900 849 973 ήλκωμένος
872 900 1202 971 καθήμενος.
1236 901 1400 969 Ἔσχε
1431 916 1516 962 τις
1542 901 1776 966 γυναῖκα
1814 897 2056 970 πονηράν
2076 896 2209 950 πολ-

533 987 710 1050 λάκις,
735 988 849 1041 ἀλλ’
873 987 1047 1052 οὐδεὶς
1066 985 1083 1008 ⁸
1103 987 1358 1042 οὐδέποτε
1380 985 1598 1055 ἐγένετο
1620 984 1764 1039 οῦτω
1785 1001 1922 1055 πονη
1931 984 1997 1055 ρά
2016 1023 2032 1046 ,
2053 983 2130 1048 ὡς
2151 985 2210 1037 ἐν

534 1074 759 1146 τοιαύτη
791 1076 1048 1146 συμφορᾷ
1077 1073 1414 1128 ἐπιτίθεσθαι
1445 1073 1524 1144 τῷ
1549 1072 1722 1144 ἀνδρὶ,
1761 1072 1856 1124 καὶ
1891 1071 2041 1140 ξίφος
2079 1071 2211 1124 ἀκο-

537 1163 697 1232 νῆσαι
719 1161 862 1215 κατά
889 1161 988 1232 τῆς
1015 1162 1222 1216 ἐκείνου
1255 1161 1453 1231 ψυχῆς,
1478 1160 1573 1214 καὶ
1607 1157 2008 1230 συμϐουλεῦσαι
2039 1156 2216 1211 τοιαύο

535 1266 638 1312 τας
677 1248 1008 1319 συμϐουλάς.
1040 1250 1151 1302 Καὶ
1188 1249 1248 1301 τὸ
1272 1247 1380 1301 τῶν
1408 1247 1578 1317 φίλων
1599 1247 1656 1300 δὲ
1693 1247 1864 1313 ξένον,
1893 1245 2072 1300 καὶτὸ
2102 1246 2213 1300 τῶν

535 1336 791 1391 οίκετῶν·
822 1336 916 1391 καὶ
947 1335 1007 1390 τὸ
1032 1335 1124 1389 τοῦ
1155 1336 1316 1407 λιμοῦ
1347 1335 1404 1389 δέ
1434 1335 1746 1407 καινότερον
1777 1334 1961 1399 πάλιν,
1995 1335 2077 1388 ὅτι
2105 1349 2214 1387 πα-

545 1423 879 1494 ρακειμένης
925 1423 1027 1476 οὐκ
1065 1423 1368 1492 ἀπεγεύετο
1421 1423 1521 1493 τῆς
1579 1422 1880 1493 τραπέζης.
1918 1423 2070 1476 Εῐπω
2122 1421 2219 1476 καὶ

537 1510 807 1582 τετάρτην
847 1509 1194 1580 ὑπερϐολήν;
1239 1510 1331 1563 τὸν
1359 1508 1585 1563 πλοῦτον
1620 1509 1764 1578 λέγω
1789 1509 1879 1563 τὸν
1909 1507 2218 1580 ἔμπροσθεν

542 1600 640 1656 καὶ
662 1600 762 1672 τὴν
790 1599 1111 1670 εὐημερίαν.
1155 1599 1212 1652 Ὀ
1242 1599 1341 1669 μὲν
1357 1599 1538 1670 γάρέξ
1567 1597 1743 1670 ἀρχῆς
1763 1599 1822 1650 ἐν
1848 1602 2009 1668 πενίᾳ
2026 1595 2217 1666 ζήσας,

543 1686 908 1758 εὐκολώτερον
922 1685 988 1740 ἂν
1001 1685 1204 1756 ταύτην
1216 1687 1466 1756 ἤνεγκεν,
1483 1685 1578 1739 ἀτε
1594 1685 1893 1756 μελετήσας
1910 1684 1971 1736 τὸ
1988 1683 2177 1748 πάθος³
2193 1683 2226 1736 6

543 1775 602 1832 δὲ
618 1775 678 1840 ἐξ
691 1775 989 1846 εὐημερίας
1002 1773 1266 1844 τοσαύτης
1286 1773 1649 1843 κατενεχθεὶς,
1668 1772 1758 1826 διὰ
1789 1772 1848 1824 τὸ
1875 1771 2221 1842 ἀγύμναστον

545 1862 644 1917 καὶ
680 1861 1016 1933 ἀμελέτητον
1052 1861 1145 1914 καὶ
1184 1860 1572 1929 χαλεπωτέραν
1603 1859 1896 1929 ὑπομένειν
1942 1859 2088 1922 είκδς
2121 1858 2222 1929 τὴν

539 1947 823 2020 αἴσθησιν,
862 1948 958 2002 καὶ
997 1947 1328 2018 πικροτέραν
1361 1947 1461 2017 τὴν
1499 1945 1711 2016 ὀδύνην,
1747 1947 1840 2000 καὶ
1866 1946 2087 2016 μείζονα
2123 1946 2222 2017 τὴν

545 2035 816 2107 ταραχήν.
845 2035 1001 2088 Ἐστι
1040 2035 1135 2086 καὶ
1159 2033 1418 2102 πέμπτην
1446 2034 1619 2084 εἰπεῖν
1639 2047 1652 2062 ·
1693 2033 1852 2086 ποίαν
1877 2032 1941 2103 δὴ
1987 2031 2221 2102 ταύτην;

549 2123 672 2178 Ὀτι
695 2123 805 2176 τῶν
846 2121 944 2193 μὲν
971 2121 1145 2175 ἄλλων
1175 2121 1404 2183 ἕκαστος
1431 2118 1733 2190 ἀνθρώπων
1763 2119 1935 2173 πολλὰ
1967 2118 2224 2181 συνειδὼς

550 2210 728 2282 ἐαυτῷ
749 2208 982 2280 πονηρά,
1009 2209 1107 2280 τὴν
1134 2208 1310 2262 αἰτίαν
1337 2203 1478 2260 οἶδεν
1499 2201 1573 2261 ὧν
1605 2208 1802 2278 πάσχει
1819 2223 1834 2240 ν
1858 2207 1920 2259 οὐ
1953 2206 2146 2277 μικρὸν
2167 2206 2226 2259 δέ

548 2297 708 2351 τοῦτο
729 2299 809 2361 είς
826 2295 1177 2368 παραμυθίαν
1199 2311 1212 2324 ο
1243 2297 1448 2356 ἐκεῖνος
1468 2294 1527 2348 δὲ
1549 2295 1668 2346 οὐδέ
1689 2293 1846 2346 τοῦτο
1875 2288 1987 2363 εἶχε
2014 2292 2227 2360 λογίσαο

552 2384 700 2449 σθαι,
718 2385 800 2438 ὅτι
827 2382 1314 2454 πλημμελημάτων
1330 2382 1425 2434 καὶ
1455 2382 1864 2452 ἁμαρτημάτων
1887 2380 2027 2432 ἔτινε
2046 2379 2223 2443 δίκας·

549 2473 580 2526 ὃ
627 2471 860 2543 μάλιστα
903 2469 1068 2526 αὐτοῦ
1103 2470 1193 2523 τὸν
1224 2468 1482 2539 λογισμὸν
1525 2468 1795 2539 ἐθορύϐει.
1825 2469 1954 2520 Ὅτε
1981 2466 2084 2538 μὲν
2117 2467 2226 2540 γὰρ

553 2561 634 2625 εἰς
659 2560 748 2613 τὸν
783 2560 897 2630 βίον
921 2555 1031 2612 εἶδε
1056 2558 1147 2612 τὸν
1178 2556 1395 2621 ἐαυτοῦ,
1445 2558 1540 2610 καὶ
1575 2555 1637 2608 τὸ
1671 2555 1908 2619 συνειδὸς
1951 2555 2092 2624 ὑπὲρ
2135 2555 2225 2608 τὸν

552 2647 705 2718 ἥλιον
755 2647 990 2717 λάμπον,
1026 2645 1122 2698 καὶ
1150 2643 1258 2697 τῶν
1298 2643 1741 2714 κατορθωμάτων
1768 2642 1829 2696 τὸ
1853 2642 2077 2712 πλῆθος,
2110 2641 2228 2711 ᾔδει

551 2735 634 2788 ὃτι
657 2736 934 2802 στεφάνων
969 2733 1062 2786 καὶ
1089 2730 1358 2804 βραϐείων
1400 2732 1494 2784 καὶ
1541 2731 1749 2801 μυρίων
1787 2729 2039 2783 ἐπάθλων
2080 2730 2229 2796 ἄξιος

554 2819 625 2894 ἦν
645 2840 658 2853 ·
690 2822 779 2876 ὅτε
804 2821 860 2874 δέ
882 2822 962 2884 είς
979 2820 1041 2873 τὸ
1071 2820 1230 2889 σῶμα
1252 2820 1345 2873 καὶ
1375 2819 1444 2872 τά
1474 2819 1607 2889 ἐλκη
1631 2819 1725 2872 καὶ
1744 2818 1812 2871 τά
1843 2817 2232 2888 συμϐεϐηκότα

557 2911 793 2972 ἅπαντα,
814 2909 919 2962 τῶν
944 2906 1014 2960 τά
1040 2907 1240 2978 έσχατα
1258 2895 1666 2978 τετολμηκότων
1689 2906 1840 2978 [544]
1874 2905 2016 2976 ὁρῶν
2037 2906 2230 2960 ἐαυτὸν

558 2995 919 3067 χαλεπώτερα
947 2996 1248 3065 πάσχοντα,
1283 2994 1404 3046 οὐδὲ
1439 2994 1535 3066 τὴν
1560 2994 1739 3046 αἰτίαν
1777 2993 2028 3064 εὕρισκεν
2059 2994 2232 3046 εἰπεῖν

556 3085 625 3139 δι’
651 3085 718 3155 ἣν
747 3083 916 3137 ταῦτα
941 3083 1145 3154 ἔπασχε
1165 3100 1177 3113 '
1211 3082 1290 3136 διὸ
1311 3083 1376 3153 δὴ
1410 3084 1502 3134 ἐπὶ
1527 3082 1588 3135 τὸ
1615 3081 1996 3151 ἀκατάληπτον
2021 3081 2118 3151 τῆς
2139 3079 2232 3133 τοῦ

558 3171 695 3225 Θεοῦ
732 3171 1038 3241 οἰκονομίας
1070 3169 1397 3240 καταφυγὼν
1417 3169 1622 3238 ἔλεγεν·
1671 3167 1764 3234 Ὧς
1787 3167 1867 3232 τῷ
1885 3168 2079 3234 Κιζρίῳ
2101 3165 2232 3220 ἕδο-

561 3261 689 3326 ξεν,
724 3260 876 3314 οὕτω
902 3261 999 3313 καί
1022 3257 1278 3328 ἐγένετο.
1303 3258 1411 3310 Καὶ
1427 3257 1525 3329 τὴν
1551 3259 1779 3326 γυναῖκα
1799 3255 1855 3308 δὲ
1872 3255 2235 3325 ἐπιστομίζων

568 3350 636 3402 ἐκ
661 3348 770 3402 τῶν
803 3345 1213 3418 ἐγχωρούντων,
1245 3347 1340 3399 καὶ
1387 3345 1644 3415 λογισμὸν
1674 3343 1934 3414 συνέθηκε
1956 3342 2052 3412 την
2079 3342 2237 3395 εὐλά-

566 3439 720 3490 ϐειαν
754 3434 918 3489 αὐτοῦ
963 3434 1170 3505 σφόδρα
1208 3433 1672 3503 ἐπιδεικνύμενον,
1731 3431 1905 3500 λέγων
1938 3430 2109 3494 οὕτως
2130 3446 2143 3460 ·
2169 3431 2240 3484 El

562 3524 640 3578 τὰ
675 3525 864 3594 ἀγαθὰ
901 3521 1222 3593 ἐδεξάμεθα
1274 3522 1431 3590 παρὰ
1486 3523 1709 3588 Kupiov
1733 3559 1746 3585 ,
1795 3520 1869 3574 τὰ
1912 3517 2067 3573 κακὰ
2123 3520 2236 3590 οὐχ

567 3614 906 3682 ὑποίσομεν
930 3628 949 3676 ;

643 3702 794 3755 Είπω
819 3702 913 3755 καὶ
935 3700 1130 3772 ἑτέραν
1151 3697 1453 3770 ὑπερϐολὴν
1491 3697 1726 3768 μάλιστα
1757 3693 2123 3763 στεφανοῦσαν
2147 3694 2241 3747 καὶ

568 3789 1053 3860 ἀνακηρύττουσαν
1083 3787 1175 3841 τὸν
1201 3786 1439 3857 ἀθλητὴν
1468 3787 1672 3839 ἐκεῖνον
1690 3824 1703 3843 ,
1750 3784 1844 3836 καὶ
1889 3782 2241 3835 δεικνύουσαν

571 3875 738 3930 αὐτοῦ
769 3875 977 3947 ὑψηλὴν
1022 3875 1114 3929 καὶ
1143 3875 1250 3927 τῶν
1281 3871 1526 3944 οὐρανῶν
1553 3871 1864 3942 ἁπτομένην
1909 3869 2118 3940 ψυχήν;
2147 3868 2245 3932 Τίς

573 3961 670 4019 οῦν
703 3966 850 4017 ἐστιν
879 3964 1055 4034 αὐτης
1104 3963 1168 4016 Ἦ
1203 3962 1311 4016 ἀπὸ
1341 3959 1434 4014 τοῦ
1467 3960 1658 4030 χρόνου
1693 3959 1959 4028 διαφορά’
1993 3958 2099 4029 πρὸ
2136 3956 2245 4030 γὰρ

573 4052 676 4123 τῆς
729 4053 950 4125 χάριτος
997 4052 1092 4104 καὶ
1139 4050 1247 4121 πρὸ
1297 4049 1392 4102 τοῦ
1443 4049 1610 4118 νόμου
1659 4047 1970 4116 γενόμενος,
2021 4045 2246 4099 τοιαῦτα

576 4139 988 4211 ἐφιλοσόφησεν.
1036 4139 1110 4192 Οὐ
1153 4137 1346 4209 μικρὸν
1381 4137 1438 4190 δὲ
1480 4134 1661 4198 τοῦτο,
1697 4134 1832 4187 ἀλλὰ
1877 4134 1971 4186 καὶ
2019 4133 2247 4207 μυρίους

577 4227 874 4298 δυνάμενον
905 4226 1096 4290 πλέξαι
1129 4225 1442 4294 στεφάνους.
1466 4223 1589 4276 Τῶν
1619 4223 1727 4293 γὰρ
1757 4222 1934 4275 αὐτῶν
1964 4223 2247 4293 κειτορθω⁶

581 4314 768 4386 μάτων
799 4314 896 4385 οὐχ
923 4317 972 4368 οί
1002 4315 1155 4368 αὐτοὶ
1187 4317 1396 4367 κεῖνται
1436 4312 1637 4383 μισθοὶ,
1691 4314 1819 4366 ὅταν
1861 4313 1889 4364 6
1922 4312 2018 4382 μὲν
2047 4313 2106 4364 ἐν
2135 4313 2248 4375 τοῖς

581 4401 873 4473 ἀνωτέροις
915 4401 1126 4472 χρόνοις
1157 4399 1328 4455 ταῦτα
1369 4396 1751 4470 κατωρθωκὼς
1779 4392 1844 4472 ᾖ.
1892 4398 1920 4450 6
1961 4396 2018 4450 δὲ
2052 4397 2111 4449 ἐν
2138 4399 2250 4461 τοῖς

584 4488 856 4562 ἐσχάτοις,
888 4489 1026 4543 ἀλλά
1059 4487 1236 4560 πολλῷ
1272 4486 1492 4558 μείζους
1517 4486 1595 4556 τῷ
1629 4487 1899 4558 προτέρῳ.
1933 4487 2005 4539 Οὐ
2040 4485 2150 4557 γὰρ
2183 4482 2251 4556 ἦν

585 4577 723 4640 ἴσον,
759 4578 1203 4649 παραγενομένου
1231 4576 1326 4630 τοῦ
1359 4574 1598 4647 Χριστοῦ
1629 4575 1728 4628 καὶ.
1777 4572 2013 4626 τοσαῦτα
2046 4574 2249 4627 ἐπιδει-

584 4664 948 4736 ξαμένου-καὶ
977 4664 1405 4736 παραινέσαντος
1443 4665 1536 4716 καὶ
1564 4660 2063 4733 συμϐουλεύσαντος
2100 4659 2252 4730 φιλο-

584 4754 789 4822 σοφεῖν,
825 4755 919 4808 καὶ
947 4753 1053 4826 πρὸ
1073 4753 1172 4825 τῆς
1201 4752 1502 4822 παρουσίας
1525 4750 1688 4804 αὐτοῦ
1718 4751 1813 4804 καὶ
1835 4749 1942 4821 πρὸ
1969 4749 2135 4820 νόμου
2160 4749 2256 4802 καὶ

583 4841 695 4914 πρὸ
727 4841 1022 4913 προφητῶν
1050 4840 1272 4895 τοιαῦτα
1314 4838 1736 4894 ἐπιδείκνυσθαι.
1764 4839 1864 4891 Διά
1893 4836 1958 4909 δὴ
1983 4836 2141 4889 τοῦτο
2162 4836 2257 4889 καὶ

583 4930 1027 5002 παραγενόμενος
1075 4928 1294 4985 πλείονα
1349 4927 1551 4998 ἀρετῆς
1600 4926 1917 4998 προσθήκην
1977 4923 2252 4995 ἐπιζητεῖ,

583 5018 791 5087 λέγων’
848 5018 983 5071 Ἐὰν
1028 5015 1116 5086 μὴ
1158 5017 1541 5086 περισσεύσῃ
1596 5015 1634 5083 ἠ
1690 5014 2049 5081 δικαιοσύνη
2090 5011 2258 5083 ὑμῶν

586 5105 800 5159 πλεῖον
819 5103 936 5158 τῶν
955 5105 1354 5174 Γραμματέων
1370 5104 1470 5159 καὶ
1499 5103 1858 5174 Φαρισαίων,
1875 5101 2042 5172 οὑμὴ
2057 5100 2258 5155 εἰσέλ-

586 5196 728 5258 θητε
776 5193 864 5256 εις
915 5191 1029 5260 τὴν
1062 5193 1391 5256 βασιλείαν
1434 5193 1553 5246 τῶν
1599 5191 1890 5261 οὐρανῶν.
1948 5191 2096 5261 Ὅσῳ
2151 5189 2259 5260 γὰρ

593 5278 794 5335 πλείων
838 5281 872 5348 ἡ
923 5279 1238 5334 διδασκαλία
1273 5282 1495 5350 γέγονε,
1528 5280 1766 5352 τοσούτῳ
1813 5279 2125 5351 δικαιότερα
2167 5280 2261 5332 καὶ

593 5365 815 5418 πλείονα
843 5364 994 5418 ἔθετο
1026 5367 1197 5438 μέτρα
1227 5369 1447 5440 ἀρετῆς.
1495 5369 1629 5421 Ἀλλ’
1650 5362 1804 5432 οὐτος
1827 5368 1888 5421 οὐ
1918 5366 2262 5430 διδασκαλίας

599 5451 945 5515 ἀπολαύσας,
981 5453 1042 5506 οὐ
1087 5454 1411 5525 γράμμασιν
1455 5455 1712 5527 ἐντυχὼν,
1747 5457 1808 5510 οὐ
1856 5455 2113 5526 βιϐλίοις,
2163 5456 2264 5526 οὐχ

597 5541 819 5613 ἐτέρους
865 5539 1231 5612 θεασάμενος,
1284 5543 1384 5598 οὐκ
1430 5545 1510 5609 εἰς
1561 5545 1653 5599 τὸν
1707 5545 2017 5618 ἔμπροσθεν
2073 5543 2265 5616 χρόνον

596 5628 930 5700 ἀναδραμεῖν
975 5627 1113 5700 ἔχων
1162 5631 1257 5685 καὶ
1298 5632 1428 5696 τοὺς
1472 5633 1902 5707 κατωρθωκότας
1960 5630 2209 5701 ἐννοῆσαι
2243 5644 2259 5660 ⁸

595 5716 814 5773 οὐδέπω
835 5715 946 5789 γὰρ
981 5712 1052 5790 ἦν
1078 5719 1282 5800 γραφὴ,
1317 5720 1350 5794 ἢ
1382 5721 1590 5793 ἱστορία
1617 5722 1686 5777 τὰ
1715 5720 2056 5792 γεγενημένα
2086 5737 2267 5792 παρα-

594 5806 816 5861 διδοῦσα
833 5824 848 5839 ο
870 5805 984 5861 ἀλλ’
1013 5809 1071 5861 ἐν
1092 5809 1305 5882 ἀτριϐεἶ
1322 5814 1389 5883 τῇ
1419 5812 1544 5884 όδῷ,
1565 5812 1622 5870 ἐν
1644 5809 1880 5878 ἀπλώτῳ
1907 5813 1972 5887 τῇ
1999 5808 2263 5882 θαλάττῃ.

597 5897 658 5952 ἐν
689 5896 837 5967 ζόφῳ
866 5897 1104 5966 τοσούτῳ
1133 5900 1346 5967 κακίας,
1379 5901 1536 5974 μόνος
1559 5903 1652 5955 καὶ
1673 5902 1887 5969 πρῶτος
1911 5901 2112 5962 ἐκεῖνος
2146 5900 2263 5952 τότε

658 6087 675 6114 ⁵
696 6087 983 6146 ιειιειιουω
1008 6095 1209 6148 omnino
1231 6096 1306 6148 vel
1336 6095 1552 6159 οὐδεμία,
1575 6094 1656 6144 νει
1680 6092 1854 6147 οὐδενί.

2312 727 2413 798 μὲν
2442 727 2552 798 γάρ
2574 729 2667 780 καὶ
2692 728 2752 781 τὸ
2776 730 2843 782 τὰ
2874 728 3130 782 ἐλάττονα
3145 728 3298 799 μέρη
3321 726 3431 796 τῆς
3461 725 3674 798 ἀρετῆς
3697 730 3983 802 κατορθοῦν,

2311 797 2493 885 πολλῷ
2525 797 2586 868 δὲ
2615 816 2798 886 μεῖζον
2831 815 2891 869 τὺ
2917 817 2976 869 ἐν
2997 815 3077 887 τῷ
3109 797 3420 888 ἀκροτάτῳ
3455 797 3687 869 πάντων
3717 797 3986 889 ἀκρότατον

2312 897 2480 955 εῖναι·
2513 902 2595 954 ὅτι
2633 901 2690 956 δέ
2733 902 2796 955 τὸ
2835 903 3053 957 πάντων
3090 902 3413 974 ἀκρότατον
3453 903 3491 972 ἡ
3541 901 3810 976 ὑπομονὴ,
3840 906 3986 972 οὐδεὶς

2313 990 2549 1059 ἀντερεῖ.
2572 987 2756 1042 Ταῦτα
2787 989 2918 1058 γοῦν
2950 990 3046 1044 καὶ
3071 990 3235 1054 αὐτὸς
3264 991 3297 1044 6
3328 987 3598 1053 διάϐολος
3625 990 3803 1054 εἰδὼς,
3828 993 3980 1062 ἔλεγε·

2314 1075 2506 1145 Δέρμα
2533 1075 2688 1145 ὑπὲρ
2723 1074 3044 1146 δέρματος,
3077 1076 3176 1131 καί
3216 1075 3440 1130 πάντα
3489 1075 3618 1129 ὅσα
3658 1077 3897 1147 ὑπάρχει
3925 1079 3986 1146 τῷ

2317 1169 2625 1239 ἀνθρώπῳ,
2657 1169 2837 1225 δώσει
2859 1171 3012 1238 ὑπὲρ
3041 1170 3152 1239 τῆς
3178 1169 3412 1240 ψυχῆς
3432 1168 3635 1225 αὐτοῦ
3651 1186 3668 1200 ·
3709 1171 3781 1224 οὐ
3794 1172 3906 1238 μὴν
3930 1174 3985 1225 δὲ

2316 1257 2479 1313 ἀλλὰ
2495 1257 2861 1312 ἀπόστειλον
2877 1256 2994 1325 τὴν
3013 1257 3182 1327 χεῖρά
3194 1273 3349 1323 σου,
3369 1257 3479 1311 καὶ
3499 1256 3658 1325 ἅψαι
3675 1255 3783 1324 τῆς
3799 1259 3988 1326 σαρκός

2316 1345 2530 1402 αὑτοῦ.
2575 1345 2738 1398 Ὅθεν
2783 1345 2941 1415 δῆλον
2984 1347 3065 1398 ὅτι
3104 1345 3336 1398 πάντων
3393 1343 3714 1416 ἀκρότατον
3765 1344 3905 1398 τοῦτο
3938 1348 3988 1400 τὺ

2322 1432 2672 1504 κατόρθωμα,
2729 1433 2824 1486 καὶ
2853 1432 3108 1503 νεανικῆς
3153 1449 3307 1495 τινος
3351 1431 3459 1486 καί
3512 1429 3746 1502 σιδηρᾶς
3774 1431 3987 1502 δεόμενον

2320 1517 2520 1590 ψυχῆς-

2391 1606 2434 1660 δ’
2439 1602 2614 1671 ,Εἶδες
2629 1606 2792 1660 αὐτὸν
2811 1607 2868 1661 ἐν
2884 1609 2997 1672 τοῖς
3017 1609 3381 1678 πειρασμοῖς,
3401 1607 3537 1660 ὅσον
3560 1605 3693 1659 ἰδεῖν
3709 1622 3789 1659 σοι
3807 1606 3991 1661 δονατὺα

2321 1684 2422 1760 ἧν;
2466 1689 2565 1760 τὴν
2598 1690 2707 1762 γὰρ
2729 1689 3012 1761 ἀκρίϐειαν
3061 1690 3180 1743 οὐδέ
3208 1689 3389 1752 αὐτὸς
3423 1689 3456 1741 6
3489 1687 3658 1755 λόγος
3688 1690 3986 1761 παραστῆσαι

2328 1776 2567 1846 ἴσχυσεν.
2614 1775 2836 1846 Ὀδύνην
2865 1776 2975 1847 γάρ
3001 1777 3096 1830 καὶ
3123 1775 3412 1846 βασάνους
3432 1775 3534 1828 καὶ
3565 1775 3805 1844 ἀθυμίας
3829 1794 3988 1844 τυραν-

2325 1863 2446 1917 νίδα
2494 1861 2589 1916 καὶ
2620 1862 2720 1933 τὴν
2768 1863 2833 1915 ἐκ
2878 1861 2987 1915 τῶν
3038 1861 3316 1915 τοσούτων
3371 1861 3631 1930 νιφάδων
3679 1863 3988 1933 ἐγγινομένην

2327 1947 2575 2018 ταραχὴν
2631 1945 2857 2018 οὐδεμία
2903 1946 3064 2016 λόγου
3126 1947 3370 2018 δύναμις
3408 1946 3761 2018 ἑρμηνεῦσαι
3804 1947 3985 2000 δύναται

2324 2037 2439 2098 τοῖς
2463 2035 2776 2105 ἀκηκοόσιν,
2808 2034 2883 2098 ὼς
2911 2033 3051 2106 αὑτὴ
3079 2033 3186 2087 τῶν
3218 2035 3594 2104 πραγμάτων
3616 2035 3652 2106 ἡ
3675 2036 3849 2104 πεῖρα.
3879 2035 3986 2104 Φέρε

2329 2140 2409 2176 σοι
2437 2117 2530 2176 οῦν
2566 2122 2722 2186 δείξω
2755 2122 2917 2175 πάλιν
2940 2121 3101 2175 αὐτὸν
3140 2122 3286 2190 (οὐδὲ
3317 2122 3441 2192 γάρ
3461 2121 3628 2175 τοῦτο
3656 2122 3856 2192 μικρὸν,
3880 2123 3985 2176 ἀλλὰ

2327 2210 2422 2262 καὶ
2439 2209 2642 2281 σφόδρα
2657 2209 3100 2280 φιλοσοφωτάτης
3114 2209 3381 2281 δεόμενον
3404 2209 3617 2281 ψυχῆς)
3640 2211 3699 2262 ἐν
3715 2208 3905 2279 πλούτῳ
3917 2210 3987 2262 καὶ

2329 2295 2387 2346 ὲν
2409 2293 2675 2366 εὐημερίᾳ.
2707 2293 2906 2364 πολλὴν
2938 2293 3398 2366 ἐπιδεικνύμενον
3449 2292 3792 2364 φιλοσοφίαν.
3807 2293 3890 2356 Τίς
3913 2289 3983 2346 οὖν

2327 2377 2393 2453 ἦν
2421 2381 2672 2444 πλούσιος
2701 2382 2809 2445 (av;
2837 2380 3026 2444 Κοινὸς
3059 2382 3321 2435 ἁπάντων
3354 2381 3557 2453 λιμὴν,
3581 2381 3758 2444 κοινὸς
3777 2381 3984 2434 ἀπάντων

2331 2468 2530 2539 πατὴρ,
2547 2469 2721 2530 κοινὸς
2744 2470 2827 2522 ίατ
2836 2469 2944 2537 ρὸς,
2967 2469 3165 2540 μᾶλλον
3187 2470 3242 2524 δέ
3260 2471 3366 2525 καὶ
3383 2469 3584 2542 ίατροῦ
3599 2469 3782 2541 μεῖζον
3796 2469 3821 2510 1)
3839 2487 3850 2499 ·
3862 2471 3982 2524 ἄκουε

2333 2574 2422 2610 σον
2439 2557 2568 2618 γοῦν
2594 2557 2758 2611 αὐτοῦ
2780 2556 3049 2628 λέγοντος·
3075 2559 3219 2628 Ἐγὼ
3242 2559 3418 2629 ἤμην
3433 2559 3749 2629 ὀφθαλμὸς
3765 2557 3983 2626 τυφλῶν,

2332 2645 2386 2716 [5
2399 2645 2481 2716 i5]
2503 2645 2657 2710 ποῦς
2673 2643 2740 2696 δὲ
2753 2645 2982 2712 χωλῶν.
3010 2646 3174 2717 Ὁρᾷς
3194 2646 3317 2710 πῶς
3339 2647 3542 2719 ίατροῦ
3565 2645 3782 2718 μείζων,
3797 2647 3897 2699 ἀντὶ
3909 2645 3980 2712 τῆς

2333 2732 2548 2801 φύσεως
2565 2735 2677 2794 τοῖς
2699 2749 2844 2802 πεπη
2856 2749 2930 2801 ρω
2937 2733 3116 2802 μένοις
3141 2735 3356 2803 ἐγίνετο
3372 2752 3388 2800 ;
3410 2735 3512 2788 καὶ
3530 2735 3675 2804 ᾶπερ
3689 2733 3785 2786 οὐκ
3800 2733 3982 2800 ἴσχυσαν

2337 2820 2511 2891 ἰατροὶ
2523 2822 2588 2891 τῇ
2604 2820 2765 2892 τέχνῃ
2781 2819 3092 2892 διορθῶσαι,
3107 2821 3280 2876 ταῦτα
3302 2821 3480 2883 αὐτος
3496 2821 3831 2889 ἀνεκτᾶτοτῇ
3847 2834 3980 2888 παρα·

2336 2909 2550 2976 κλήσει,
2564 2907 2652 2961 διὰ
2671 2907 2767 2982 τὴν
2785 2907 2984 2978 πολλὴν
2999 2908 3076 2971 εἰς
3093 2909 3292 2972 αὐτοὺς
3310 2908 3582 2978 πρόνοιαν
3599 2907 3718 2960 ἀντὶ
3727 2905 3824 2959 τῶν
3841 2903 3976 2975 μελῶν

2336 2997 2523 3058 αὐτοῖς
2550 2993 2855 3064 γινόμενος.
2903 2996 3114 3065 Ὥσπερ
3143 2994 3252 3066 γὰρ
3282 2996 3471 3064 ὑγιεῖς
3499 2994 3598 3048 καὶ
3626 2992 3889 3064 ἀρτίποδές
3908 2990 3978 3042 καὶ

2341 3081 2650 3153 βλέποντες,
2679 3081 2820 3134 οῦτω
2855 3081 3116 3136 διέκειντο
3147 3083 3196 3134 οί
3229 3082 3298 3134 τὰ
3331 3081 3476 3153 μέλη
3522 3079 3695 3134 ταῦτα
3723 3077 3970 3131 κεκολοϐωο

2343 3169 2513 3239 μένοι,
2536 3168 2635 3221 οὐκ
2667 3167 3046 3240 αἰσθανόμενοι
3068 3169 3165 3239 τῆς
3181 3168 3422 3238 χωλείας
3437 3167 3565 3221 οὐδὲ
3603 3168 3703 3237 τῆς
3727 3164 3972 3235 πηρώσεως

2339 3255 2426 3307 διὰ
2448 3255 2544 3330 τὴν
2572 3255 2771 3325 πολλὴν
2791 3254 2980 3308 τούτου
3008 3256 3282 3328 πρόνοιαν.
3317 3255 3425 3309 Διά
3449 3255 3516 3327 δὴ
3533 3254 3690 3309 τοῦτο
3704 3253 3814 3309 οὐδέ
3837 3248 3966 3314 εἶπεν,

2339 3346 2420 3400 ὅτι
2454 3345 2594 3414 Ἐγὼ
2613 3345 3044 3418 παρεμυθούμην
3060 3345 3266 3418 χωλοὺς
3291 3346 3392 3400 καὶ
3418 3346 3680 3415 τυφλοὺς,
3701 3343 3842 3406 ἀλλὰ,
3864 3339 3972 3402 Ποῦς

2342 3434 2520 3486 αὐτῶν
2547 3434 2694 3505 ἢμην
2712 3434 2803 3486 καὶ
2817 3433 3092 3504 ὀφθαλμός
3107 3446 3120 3458 ·
3142 3435 3236 3489 καὶ
3265 3434 3458 3499 πάλιν,
3493 3432 3644 3504 Ἐγὼ
3659 3427 3969 3502 ἥμηνποτὴρ

2344 3508 2680 3574 ἀδυνάτων.
2718 3520 2852 3573 Οὐδὲ
2886 3520 3120 3574 ἐνταῦθα
3152 3518 3332 3586 εἶπεν,
3370 3519 3812 3593 Παρεμυθούμην
3835 3518 3967 3586 ὀρφα-

2342 3607 2487 3670 νοὺς,
2513 3605 2668 3670 ἀλλὰ,
2709 3606 2900 3678 Πατὴρ
2947 3607 3096 3679 ήμην
3132 3607 3348 3663 αὐτῶνθ
3373 3606 3558 3680 δηλῶν
3590 3606 3678 3661 διὰ
3704 3603 3886 3666 τούτου,
3908 3602 3964 3653 ὅτι

2345 3694 2465 3747 οὐδὲ
2487 3694 2735 3767 αἴσθησιν
2759 3695 2909 3765 ἠφίει
2931 3694 3173 3764 γίνεσθαι
3198 3697 3297 3768 τῆς
3328 3695 3622 3769 ὀρφανίας,
3653 3693 3766 3747 οὐδὲ
3783 3689 3962 3760 φανῆναι

2348 3782 2409 3836 τὸ
2452 3781 2624 3835 δεινὸν
2677 3781 3004 3854 συνεχώρει*
3058 3783 3309 3856 καθάπερ
3357 3786 3480 3838 ἐκεῖ
3523 3783 3622 3853 τὴν
3664 3781 3881 3850 πήρωσιν
3914 3775 3961 3841 τῇ

2348 3869 2637 3941 περιουσίᾳ
2676 3869 2777 3939 τῆς
2826 3869 3083 3941 προνοίας
3114 3870 3223 3925 τῶν
3254 3871 3325 3926 τά
3359 3869 3594 3927 τοιαῦτα
3639 3863 3957 3922 πεπονθότων.

2350 3959 2445 4012 καὶ
2479 3957 2646 4028 αὐτὴν
2678 3957 2786 4011 τῶν
2802 3958 2990 4014 δεινῶν
3002 3959 3240 4031 ἀναιρῶν
3261 3964 3360 4032 τὴν
3388 3959 3664 4031 αἴσθησιν.
3690 3955 3759 4008 Οὐ
3783 3951 3961 4019 σώματα

2351 4046 2408 4098 δέ
2464 4045 2628 4116 μόνον
2685 4045 2985 4120 ἐθεράπευε
3039 4045 3464 4118 κεκολοϐωμένα
3487 4086 3502 4111 ,
3587 4042 3700 4097 οὐδέ
3751 4034 3956 4120 ὀρφανίας

2351 4129 2603 4200 διώρθουι
2633 4134 2746 4193 τοῖς
2778 4117 2875 4202 μὲν
2900 4132 3020 4185 ἀντὶ
3055 4132 3252 4204 μελῶν,
3275 4117 3390 4197 τοῖς
3415 4131 3475 4186 δὲ
3505 4130 3626 4185 ἀντὶ
3652 4127 3829 4197 γονέων
3843 4117 3956 4189 γινό-

2357 4233 2535 4286 μενος,
2569 4217 2702 4270 ἀλλά
2738 4219 2831 4272 καὶ
2853 4219 3112 4291 δικαστὴς
3148 4220 3660 4292 αὐτοχειροτόνητος
3689 4209 3951 4292 magna“.

2356 4305 2556 4376 μᾶλλον
2582 4306 2639 4359 δέ
2668 4307 2762 4360 καὶ
2797 4307 3050 4360 δικαστοῦ
3073 4290 3244 4361 πλέον
3263 4290 3290 4339 ’ί
3309 4290 3501 4375 Δίκην
3537 4304 3670 4374 γὰρ,
3715 4297 3868 4370 φησὶν.
3894 4290 3952 4359 ἦν

2354 4397 2467 4450 οὐκ
2487 4395 2676 4466 ᾔδειν,
2706 4397 3046 4467 ἑξιχνίασα,
3067 4398 3164 4452 καί
3200 4398 3544 4468 συνέτριψα
3560 4395 3750 4466 μύλας
3762 4386 3947 4444 ἀδίκων,

2355 4483 2456 4538 καὶ
2471 4485 2540 4538 ἐκ
2549 4485 2744 4554 μέσου
2759 4483 2881 4541 τῶν
2894 4485 3158 4540 ὀδόντων
3175 4483 3378 4540 αὐτῶν
3390 4484 3700 4552 ἐξήρπασα
3713 4477 3945 4546 ἅρπαὶψαι

2357 4571 2536 4626 Τοῦτο
2583 4572 2836 4626 δικαστοῦ
2869 4573 3004 4626 πολὺ
3055 4572 3236 4629 πλέον.
3297 4574 3362 4626 Ol
3409 4572 3510 4644 μὲν
3563 4569 3667 4639 γὰρ
3705 4558 3945 4644 δικάζονῖεὲ

2361 4659 2627 4730 κάθηνται
2660 4659 3016 4731 ἀναμένοντες
3040 4661 3168 4724 τοὺς
3207 4639 3590 4732 ἠδικημένους,
3624 4653 3710 4708 καὶ
3747 4643 3859 4718 μετά
3873 4639 3942 4707 τὴν

2361 4747 2585 4802 ἐκείνων
2617 4748 2875 4815 ἔντευξιν,
2902 4749 3026 4802 τότε
3058 4750 3156 4820 τὴν
3179 4751 3310 4820 παρ’
3337 4748 3545 4804 ἑαυτῶν
3560 4741 3823 4814 παρέχουσι
3843 4744 3942 4828 σῖξμς

2366 4838 2572 4910 μαχίαν
2604 4841 2652 4892 οί
2680 4839 3038 4910 δοκιμώτατοι
3059 4840 3167 4894 τῶν
3193 4841 3520 4906 δικαζόντων
3542 4854 3556 4869 ⁸
3572 4837 3642 4898 ὡς
3664 4832 3713 4886 οἵ
3729 4845 3782 4898 γε
3805 4820 3936 4877 πολλοὶ

2359 4927 2479 4980 οὐδὲ
2523 4926 2681 4980 τοῦτο
2702 4942 2717 4957 ⁶
2765 4919 2919 4992 οὗτος
2951 4928 3010 4981 δὲ
3058 4931 3153 4983 καὶ
3184 4929 3309 4992 τοὺς
3351 4925 3732 4998 δοκιμωτάτους
3759 4912 3935 4998 Mmva

2362 5015 2456 5068 καί
2486 5017 2552 5069 ἐκ
2599 5014 2797 5069 πολλοῦ
2843 5015 2938 5069 τοῦ
2973 5016 3256 5088 περιόντος
3282 4993 3704 5090 ὑπερηκόντισεν.
3729 4999 3836 5056 Οὐδὲ

2361 5103 2593 5173 ἀνέμενε
2652 5093 2777 5167 τοὺς
2837 5078 3248 5175 ἀδικουμένους
3270 5078 3608 5174 ἐλθείνπρὸς
3642 5091 3813 5177 αὒτδνν

2367 5166 2504 5263 μετά
2533 5192 2637 5266 τὴν,
2683 5166 2907 5245 ἐκείνων
2956 5166 3221 5260 ἔντευξιν-
3244 5193 3402 5265 ἐπῄει
3451 5166 3925 5266 τῇ.οπψιιιιαχίςιοιάλλ·ἱ

2363 5259 2526 5344 αὐτὸς
2559 5259 2954 5352 προλαμϐάνων
3000 5283 3213 5355 περιῄει
3253 5259 3430 5354 ζητῶν
3459 5259 3580 5342 τοὺς
3621 5259 3918 5355 ἠδικημένξυῖι

2364 5370 2459 5424 καὶ
2481 5341 2808 5432 οὐδίάπλῶς
2828 5367 3028 5440 ζητῶν,
3200 5341 3340 5442 με-τά
3359 5367 3553 5437 πολλῆς
3566 5361 3656 5431 τῆς
3675 5341 3930 5447 ἀγρξιπνίξς

2369 5457 2505 5530 μετά
2547 5458 2746 5528 πολλῆς
2773 5459 2868 5530 τῆς
2884 5438 3324 5530 φροντίδος-Καὶ
3350 5457 3504 5512 τοῦτο
3527 5452 3636 5520 εἴσῃ
3663 5438 3827 5530 σαῗξδῆ

2364 5524 2560 5614 λέξεως
2582 5524 2915 5620 καταμαθὼν
2933 5524 3029 5618 τὴν
3058 5547 3283 5619 δύναμιν
3303 5564 3318 5580 ·
3338 5548 3397 5600 οὐ
3417 5545 3520 5616 γὰρ
3537 5534 3689 5598 εἶπεν,
3703 5524 3914 5620 ‘5“?va

2365 5606 2557 5703 ιίιλλέι,⁷
2600 5606 2786 5705 Δίκην
2817 5635 2897 5704 ἣν
2947 5606 3059 5692 οὐκ
3101 5606 3268 5706 ᾔδειν
3319 5606 3654 5705 ἐξιχνίασΨ

2368 5693 2666 5801 ἢρεῷνησα,
2719 5693 3190 5800 περίειργασάμην
3225 5693 3685 5797 πολυπραγμονῶν,
3712 5693 3915 5758 διετέλεσα

2446 6085 2476 6130 ι»
2497 6086 2784 6154 ιεεεούυιιι
2816 6085 2889 6134 \el
2915 6084 3101 6144 μείζων,
3128 6082 3204 6134 νει
3226 6080 3376 6143 μεῖζόν
3399 6096 3440 6129 τι
