3892 6402
504 341 570 399 ιν
611 339 916 407 ΗΟΗΙΙΛΑ,
954 335 1316 395 ADVERSUS
1352 333 1483 391 EOS
1516 334 1635 404 QUI
1675 337 1816 397 NON
1854 334 2041 399 ADFU

956 335 1316 395 ADVERSUS
1352 333 1483 391 EOS
1516 334 1635 404 QUI
1675 337 1816 397 NON
1854 334 2299 408 ADFUEBANT,
2342 336 2493 399 ETC.

174 461 311 519 ﬁlios?
348 468 393 514 at
426 472 709 529 numquam
758 470 867 512 uno
905 449 1180 510 momento
1231 462 1442 515 omnes,

164 562 255 619 tot,
298 566 440 621 neque
495 551 647 605 tales.
704 550 765 605 In
814 547 1059 603 morbum
1111 541 1336 599 incidit?
1392 549 1449 595 at

136 648 228 706 ient,
249 642 324 698 sed
359 641 428 696 vel
471 640 606 696 febri
652 639 932 705 laboravit,
963 637 1049 692 vel
1091 632 1446 695 mutilatione,

144 734 342 805 ilialiquo
359 741 703 802 consuetoque
725 729 933 785 morbo.
963 727 1056 783 Illa
1085 734 1264 780 autem
1295 724 1447 793 plaga

136 854 138 879 l
165 836 273 891 erat,
298 841 394 895 qua:
408 823 491 879 uni
522 821 742 893 patienti
771 830 895 876 nota
915 828 1076 874 esset.
1095 815 1282 870 Nullus
1305 814 1445 868 enim

136 920 347 988 explicare
371 914 526 985 possit
545 928 703 985 quam
729 911 919 967 acerba
942 915 1122 964 essent
1152 907 1329 961 ulcera
1357 905 1445 960 illa

136 1021 238 1066 tum
271 1009 494 1065 inferrent
517 1007 739 1062 vulnera
768 1004 1050 1069 dolorem;
1083 1000 1175 1057 sed
1205 999 1335 1054 satis
1364 1006 1446 1052 est

156 1104 258 1174 quis
278 1103 449 1156 malum
486 1099 757 1163 indixerit,
789 1106 845 1152 et
872 1110 1031 1166 quam
1059 1093 1375 1149 exulcerato
1402 1090 1446 1145 is

135 1206 265 1261 esset,
292 1203 340 1249 ut
366 1193 522 1263 plaga:
564 1189 874 1262 magnitudo
915 1187 1247 1243 ostendatur.
1298 1184 1444 1239 Nova

135 1293 310 1348 insolita
333 1299 435 1345 erat
458 1288 573 1359 ejus
594 1288 771 1344 sedes.
796 1286 979 1357 Neque
999 1284 1141 1341 enim
1165 1284 1302 1339 ullus
1325 1299 1443 1337 um-

135 1399 274 1455 auper
297 1384 365 1438 sic
388 1383 519 1437 sedit
546 1381 690 1436 omni
721 1390 962 1449 tempore
985 1378 1088 1433 sub
1115 1377 1236 1443 dio,
1267 1385 1326 1431 ut
1356 1376 1446 1431 ille

136 1519 148 1541 ,
167 1475 372 1531 vestibus
394 1473 634 1539 nudatus,
654 1484 793 1528 tecto
810 1472 1044 1542 privatus
1061 1471 1228 1535 omni,
1248 1469 1299 1523 in
1318 1469 1446 1523 fimo

135 1566 362 1621 vermibus
386 1574 614 1619 scatens.
644 1563 801 1633 Saepe
828 1563 1007 1618 evenit
1027 1561 1222 1632 utquis
1249 1560 1442 1615 malam

151 1673 346 1712 urerent
367 1656 482 1711 :sed
503 1655 645 1710 nulla
668 1670 917 1724 umquam
937 1664 1043 1708 tam
1068 1652 1307 1724 improba
1349 1653 1444 1705 fuit

135 1760 253 1805 tanta
289 1748 574 1804 calamitate
613 1746 785 1801 virum
824 1746 1210 1812 insectaretur,
1244 1752 1298 1799 et
1335 1744 1447 1814 gla-

135 1852 265 1896 ueret
292 1840 535 1895 adversus
562 1840 796 1895 animam
830 1837 1015 1908 ipsius,
1044 1838 1274 1908 taliaque
1312 1851 1444 1892 con-

136 1948 194 1992 et.
226 1936 515 1990 Amicorum
543 1948 757 2004 quoque
797 1942 848 1987 et
874 1932 1299 1987 domesticorum
1325 1930 1445 1985 ani-

135 2029 328 2084 nsidera
355 2045 367 2081 :
399 2027 550 2081 famis
589 2040 803 2096 quoque
841 2040 1036 2079 novum
1065 2038 1263 2095 genus.
1303 2022 1445 2093 quod

136 2120 324 2191 pposita
353 2118 473 2173 nihil
496 2127 711 2187 gustare
746 2124 943 2186 posset.
977 2116 1159 2170 Dicam
1203 2125 1258 2170 et
1285 2130 1447 2186 quar-

138 2210 385 2266 erboleu?
435 2209 647 2263 divitias
696 2222 889 2279 nempe
936 2216 989 2262 et
1040 2207 1445 2276 prosperitatem

140 2320 175 2356 l.
219 2301 343 2356 Nam
381 2298 467 2371 qui
495 2300 563 2354 ab
607 2298 757 2353 initio
810 2300 862 2352 in
901 2307 1217 2368 paupertate
1271 2296 1444 2361 vixit,

135 2393 219 2447 'ert
256 2392 414 2458 illam,
444 2399 624 2461 utpote
664 2389 755 2460 qui
797 2389 995 2443 malum
1028 2389 1154 2443 illud
1183 2388 1275 2443 diu
1306 2388 1449 2444 tule-

135 2494 303 2539 autem
334 2498 397 2538 ex
438 2491 581 2537 tanta
612 2481 883 2550 opulentia
913 2481 1165 2551 delapsus
1189 2488 1294 2545 est,
1321 2494 1444 2534 eum

136 2594 177 2632 2c
204 2586 500 2646 expertum,
524 2582 967 2646 nec_nosccntem
989 2574 1131 2627 illam
1158 2572 1447 2629 verisimile

144 2687 203 2725 ns
251 2668 499 2733 sensisse,
559 2644 803 2723 acerbius
853 2666 1125 2730 doluisse,
1181 2673 1235 2720 et
1277 2665 1445 2734 magis

136 2780 149 2817 I
178 2762 358 2817 fuisse.
400 2761 656 2828 Quintum
700 2761 861 2814 etiam
890 2757 996 2813 dici
1039 2759 1245 2827 possit:
1274 2756 1439 2827 quod-

135 2858 178 2910 I?
208 2857 264 2911 In
291 2856 410 2911 aliis
437 2855 678 2926 quidem,
702 2852 900 2923 singuli
920 2851 1165 2906 homines
1194 2851 1282 2921 qui
1305 2849 1445 2905 mul-

135 2949 161 3002 ll
214 2948 477 3001 malorum
528 2944 731 3000 conscii
761 2953 905 3008 sunt,
958 2958 1176 2998 causam
1225 2952 1441 3006 norunt,

136 3055 217 3094 tsa
277 3039 581 3109 patiuntur;
635 3035 796 3107 idque
854 3050 959 3090 non
1014 3050 1201 3105 parum
1254 3042 1335 3088 est
1377 3033 1445 3087 ad

136 3146 279 3185 mem
310 3149 325 3185 :
370 3130 460 3185 ille
491 3143 620 3184 vero
642 3144 814 3197 neque
844 3127 947 3183 hoc
971 3128 1185 3198 quidem
1213 3128 1448 3197 cogitare

137 3223 241 3277 uod
260 3222 581 3277 delictorum
601 3230 1046 3291 peccatorumque
1062 3234 1245 3291 poenas
1259 3220 1410 3275 daret
1429 3236 1443 3272 :

140 3316 286 3369 xime
315 3314 661 3368 ratiocinium
690 3312 807 3381 ejus
846 3312 1111 3368 turbabat.
1142 3312 1276 3367 Cum
1302 3312 1445 3367 enim

142 3424 193 3461 m
226 3405 607 3476 perpendebat
634 3412 689 3460 et
727 3404 1109 3459 conscientiam
1141 3418 1290 3459 suam
1330 3404 1449 3473 plus

162 3498 517 3568 eﬂ'ulgentem
563 3511 625 3551 ac
664 3507 810 3551 recte
843 3494 1107 3550 factorum
1148 3494 1446 3550 multitudi-

135 3598 246 3644 2rat
271 3604 334 3643 se
375 3588 593 3643 coronis
620 3595 676 3642 et
718 3587 903 3642 bravio
942 3596 997 3642 et
1024 3585 1257 3657 prtemiis
1296 3586 1449 3639 innu-

135 3696 150 3735 ε
180 3680 414 3751 dignum
446 3696 460 3734 :
492 3693 613 3733 cum
637 3693 767 3734 vero
792 3692 985 3747 corpus
1006 3692 1158 3731 suum
1190 3677 1447 3745 respicie-

135 3789 185 3837 a,
216 3781 276 3827 et
306 3772 493 3827 omnia
519 3785 638 3841 qua:
666 3769 769 3824 sibi
797 3768 1144 3835 acciderant;
1171 3769 1359 3824 videns
1388 3784 1448 3823 se

136 3865 252 3929 lati,
286 3878 459 3934 quam
498 3862 588 3932 qui
636 3872 877 3918 extrema
924 3861 1126 3917 scelera
1172 3872 1448 3931 perpetra-

136 3974 212 4011 im
241 3970 475 4011 causam
508 3954 751 4009 invenire
791 3963 846 4010 et
876 3952 1060 4010 dicere
1098 3962 1311 4023 poterat
1350 3970 1449 4008 cur

136 4062 289 4106 etur.
325 4048 459 4104 Ideo
475 4048 635 4119 igitur
650 4047 718 4103 ad
742 4046 1334 4119 incotnprehensibilem
1355 4041 1446 4100 Dei

135 4159 302 4198 nnetn
330 4140 652 4210 confugiens
667 4139 879 4195 dicebat
900 4156 914 4192 :
932 4139 1079 4194 Sicut
1095 4136 1316 4192 Domino
1337 4136 1452 4206 pla-

136 4249 283 4291 ctum
311 4245 391 4290 est
426 4233 546 4306 (Job
578 4236 629 4290 t.
667 4233 785 4303 21).
808 4232 875 4287 Ει
899 4246 1121 4288 uxorem
1147 4230 1450 4300 reprimens

135 4338 210 4383 tte
240 4328 522 4383 rationem
554 4325 886 4396 exprompsit
907 4340 1025 4395 qua:
1053 4322 1303 4393 pietatem
1332 4318 1452 4389 ejus

149 4421 521 4486 ostendebat,
540 4420 617 4475 sic
644 4420 829 4475 dicens
853 4436 866 4473 :
890 4420 951 4473 Si
977 4418 1108 4470 bona
1137 4413 1451 4483 suscepimus

166 4517 319 4571 mala
347 4532 461 4570 non
480 4513 832 4569 sustinebimus
858 4509 1012 4582 (Job.
1044 4507 1101 4569 2,
1126 4504 1261 4578 10)?

135 4613 305 4664 etiam
347 4609 516 4664 virtus
556 4604 808 4676 dijﬁcilior
842 4611 969 4658 erat.
996 4630 1068 4641 —
1089 4599 1265 4654 Aliam
1314 4610 1452 4667 quo-

135 4724 145 4759 l
196 4701 594 4775 hyperbolen.
633 4713 753 4768 qua:
793 4692 1068 4751 athletam
1094 4692 1244 4747 illum
1287 4688 1456 4745 maxi-

135 4806 185 4852 ξι
231 4810 304 4851 ac
346 4793 635 4864 prmdicet,
675 4789 1030 4858 ostendatque
1057 4786 1199 4840 illius
1218 4784 1451 4838 animam

142 4888 219 4942 ad
270 4886 483 4941 caelum
524 4897 689 4953 usque
736 4880 1149 4951 pertingentem.
1195 4874 1451 4945 Qumnam

135 4990 225 5034 est
248 4978 276 5032 ?
310 4972 608 5045 Temporis
631 4970 932 5027 diﬂerentia
968 4988 981 5025 :
1014 4983 1136 5023 cum
1162 4966 1304 5022 enim
1331 4972 1456 5018 ante

160 5078 309 5123 ante
345 5067 530 5136 legem
557 5063 870 5124 exstitisset.
913 5061 1003 5115 tali
1049 5071 1225 5114 tamen
1266 5055 1457 5127 plenus

135 5161 362 5232 +0phia.
411 5157 533 5214 Non
577 5171 764 5227 parum
809 5164 988 5209 autem
1032 5151 1162 5207 illud
1210 5159 1313 5214 est,
1361 5148 1456 5203 sed

136 5263 321 5309 entas
363 5251 540 5321 possit
584 5257 801 5304 nectere
841 5259 1091 5301 coronas.
1134 5240 1456 5297 Eorumdem

135 5368 143 5400 :
177 5349 481 5401 factorum
511 5357 615 5397 non
642 5340 845 5396 eaedem
868 5345 994 5393 sunt
1015 5333 1313 5398 mercedes,
1335 5347 1457 5388 cum

135 5456 221 5496 an)
269 5436 487 5509 priscis
517 5432 846 5502 temporibus
887 5430 1008 5483 talia
1041 5427 1287 5498 patravit,
1324 5424 1460 5478 alius

135 5548 233 5587 mo
263 5545 440 5592 mvo;
471 5528 565 5582 sed
600 5524 765 5595 priori
795 5524 954 5589 longe
981 5516 1233 5587 majores.
1276 5514 1460 5585 Neque

135 5641 234 5681 res
282 5632 406 5687 est,
458 5628 740 5690 postquam
774 5611 1021 5670 Christus
1046 5609 1281 5673 advenit,
1323 5617 1463 5678 post-

167 5727 463 5785 tantaque
506 5706 747 5771 exhibuit
789 5715 843 5762 et
894 5702 1103 5759 monuit
1142 5708 1197 5757 et
1228 5700 1464 5771 philoso-

135 5813 313 5873 nsilia
347 5809 511 5868 dedit
551 5804 804 5879 prteclare
834 5812 992 5872 agere
1036 5804 1092 5854 et
1137 5803 1264 5853 ante
1296 5794 1464 5868 ipsius

3044 335 3155 399 482

1556 448 1844 506 adventum
1862 464 1919 507 et
1947 463 2074 509 ante
2100 453 2273 526 legem
2311 464 2367 512 et
2391 455 2680 527 prophetas
2709 457 2832 515 talia
2861 469 3141 531 praestare.

1554 538 1845 610 Propterea
1875 551 2157 614 postquam
2201 545 2440 614 advenit,
2472 548 2734 618 majorem
2762 549 3013 607 virtutem
3053 569 3140 608 re-

1553 631 1750 701 quirit,
1790 631 1976 688 dicens
2007 650 2021 687 :
2056 633 2177 689 Nisi
2210 636 2543 693 abundaverit
2568 640 2773 711 justitia
2812 651 2975 695 vestra
3023 646 3139 711 plus

1551 739 1706 793 quam
1748 724 2047 781 Scribarum
2088 736 2140 782 et
2185 728 2590 798 Pharisteorum,
2642 749 2742 787 non
2785 734 3037 789 intrabitis
3083 739 3139 790 in

1520 822 1765 885 “regnum
1786 818 2027 872 calorum
2056 816 2271 893 (Matth.
2304 822 2358 875 5.
2388 820 2503 891 20).
2534 822 2745 890 Quanto
2788 826 2962 897 major
2992 830 3138 886 enim

1554 906 1652 961 fuit
1680 908 1943 975 doctrina,
1980 919 2131 965 tanto
2156 912 2387 982 majores
2407 923 2461 968 et
2480 913 2733 984 justiores
2749 916 2960 972 virtutis
2983 935 3137 975 men-

1552 1013 1690 1054 sura:
1711 1002 1899 1070 positae
1940 1012 2083 1057 sunt.
2122 1005 2192 1058 At
2242 1004 2328 1059 hic
2373 1021 2481 1060 non
2532 1006 2773 1063 doctrina
2827 1010 3121 1079 institutus,

1552 1105 1658 1145 non
1690 1092 1905 1163 scriptis
1933 1094 2197 1161 eruditus,
2238 1111 2344 1151 non
2375 1097 2546 1163 libris,
2575 1113 2698 1154 cum
2727 1100 2904 1155 nullos
2933 1103 3136 1159 similes

1551 1184 1792 1251 vidisset,
1826 1200 1926 1241 nec
1949 1197 2129 1255 posset
2155 1188 2221 1242 ad
2247 1190 2523 1259 superiora
2552 1198 2793 1261 tempora
2831 1208 3133 1262 recurrere,

1550 1282 1605 1330 et
1630 1276 1882 1345 praeclara
1905 1278 2155 1348 exempla
2181 1279 2527 1335 considerare
2552 1299 2566 1346 ;
2596 1282 2831 1337 nondum
2855 1283 2997 1339 enim
3020 1294 3137 1341 erat

1548 1369 1834 1438 scriptura,
1863 1385 1963 1426 nec
2000 1371 2220 1427 historia
2248 1387 2367 1442 qua:
2395 1388 2483 1428 res
2508 1382 2687 1443 gestas
2728 1375 3000 1440 traderet;
3040 1379 3134 1433 sed

1551 1461 1602 1516 in
1630 1462 1713 1516 via
1744 1478 1850 1517 non
1882 1462 2028 1528 trita,
2060 1463 2114 1518 in
2147 1463 2279 1518 mari
2304 1464 2359 1519 in
2388 1478 2497 1534 quo
2528 1466 2707 1521 nullus
2732 1468 3128 1537 enavigaverat,

1550 1553 1602 1607 in
1635 1562 1776 1607 tanta
1804 1553 2059 1623 nequitiae
2095 1554 2347 1623 caligine,
2379 1555 2528 1610 solus
2565 1564 2621 1611 et
2650 1558 2855 1626 primus
2882 1557 2973 1614 ille
3009 1567 3136 1616 tunc

1550 1642 1687 1698 hanc
1708 1643 2056 1714 philosophiae
2081 1645 2219 1698 viam
2238 1646 2469 1714 aperuit,
2490 1646 2542 1700 in
2561 1661 2767 1702 summa
2794 1648 2990 1704 virtute
3009 1663 3132 1705 cum

1549 1735 1923 1805 exsuperantia
1976 1751 2221 1791 summus
2275 1736 2597 1792 declaratus.
2660 1737 2829 1795 Valde
2882 1756 3131 1812 magnum

1548 1830 1744 1900 quippe
1759 1838 1842 1883 est
1871 1829 1953 1884 vel
1987 1829 2224 1885 minores
2244 1829 2459 1885 virtutis
2489 1839 2671 1899 partes
2698 1841 2847 1887 recte
2872 1834 3089 1903 exsequi
3114 1851 3130 1897 ;

1549 1919 1707 1991 longe
1724 1920 1895 1989 majus
1912 1929 2090 1975 autem
2111 1920 2162 1975 in
2181 1935 2391 1975 summo
2405 1936 2716 1991 supremum
2728 1923 2966 1979 omnium
2979 1940 3100 1981 esse
3116 1943 3131 1981 :

1550 2010 1690 2082 quod
1712 2020 1891 2066 autem
1919 2011 2175 2081 patientia
2208 2012 2532 2067 sitomnium
2556 2026 2829 2081 suprema,
2855 2030 3013 2069 nemo
3040 2031 3134 2071 ne-

1549 2104 1771 2175 gaverit.
1800 2104 1926 2158 Haec
1948 2104 2107 2175 igitur
2122 2118 2242 2159 cum
2266 2104 2381 2174 ipse
2404 2103 2652 2159 diabolus
2673 2104 2859 2170 sciret,
2883 2106 3131 2162 dicebat:
3186 2102 3189 2105 ’

1551 2196 1747 2251 Pellem
1770 2211 1863 2265 pro
1888 2195 2039 2265 pelle,
2082 2204 2129 2249 et
2155 2196 2325 2249 omnia
2351 2210 2465 2266 quae
2493 2195 2639 2249 habet
2678 2195 2847 2261 homo,
2877 2197 3015 2250 dabit
3043 2214 3137 2267 pro

1549 2287 1722 2339 anima
1750 2302 1843 2339 sua
1872 2286 2000 2339 :sed
2026 2286 2164 2339 mitte
2214 2301 2423 2338 manum
2449 2294 2609 2351 tuam,
2652 2295 2700 2339 et
2739 2296 2891 2355 tange
2932 2302 3135 2341 carnem

1550 2378 1658 2445 ejus
1680 2374 1799 2444 (Job
1827 2375 1882 2427 2.
1916 2375 1995 2445 4).
2030 2374 2185 2431 Unde
2216 2375 2389 2445 palam
2422 2384 2505 2430 est
2548 2375 2687 2430 hanc
2727 2377 2978 2432 virtutem
3013 2393 3136 2433 esse

1549 2465 1785 2519 omnium
1825 2478 2156 2533 supremam,
2207 2479 2436 2535 qumque
2491 2464 2631 2519 virili
2677 2472 2732 2519 et
2770 2464 2944 2521 ferrea
3001 2483 3136 2537 opus

1550 2557 1746 2613 habeat
1784 2556 1998 2623 anima;
2031 2556 2295 2627 siquidem
2338 2556 2519 2613 videre
2562 2572 2753 2627 posses
2779 2568 3008 2629 quantus
3047 2561 3136 2616 ille

1549 2659 1666 2705 erat
1713 2650 1767 2705 in
1825 2646 2234 2705 tentationibus.
2285 2649 2421 2704 Rem
2469 2649 2616 2705 enim
2660 2663 2840 2704 sermo
2887 2664 3137 2709 accurate

1548 2740 1806 2797 exhibere
1834 2755 1941 2795 non
1971 2740 2162 2810 potuit.
2200 2740 2448 2795 Dolorem
2476 2740 2641 2807 enim,
2677 2742 2939 2811 supplicia
2959 2783 2974 2808 ,
3003 2757 3139 2800 mte-

1548 2833 1688 2889 roris
1713 2832 2074 2905 tyrannidem,
2112 2843 2167 2888 et
2192 2833 2652 2902 perturbationem
2681 2849 2748 2888 ex
2789 2842 2866 2889 tot
2895 2836 3137 2893 tristibus

1548 2927 1712 2985 rebus
1754 2936 1948 2992 ortam,
1994 2927 2137 2981 nulla
2182 2928 2262 2981 vis
2306 2928 2575 2982 sermonis
2621 2926 2815 2982 efferre
2841 2927 2919 2983 sic
2960 2938 3136 2999 potest

1548 3019 1908 3084 audientibus,
1938 3028 1996 3072 ut
2041 3018 2154 3087 ipsa
2195 3034 2375 3073 rerum
2420 3019 2775 3088 experientia.

1621 3112 1676 3165 4.
1718 3111 1830 3180 Age
1855 3124 1983 3179 ergo
2005 3109 2154 3163 illum
2184 3110 2278 3163 tibi
2320 3110 2480 3164 etiam
2506 3110 2817 3165 monstrabo
2840 3110 2965 3184 (hoc
2990 3113 3132 3167 enim

1552 3217 1657 3258 non
1685 3202 1952 3255 modicum
1984 3210 2087 3262 est.
2120 3199 2216 3254 sed
2247 3200 2429 3253 animo
2455 3200 2614 3254 valde
2652 3201 2971 3271 philosopho
2998 3218 3135 3273 Opus

1552 3292 1818 3363 habentis)
1841 3291 1893 3346 in
1920 3291 2124 3346 divitiis
2145 3291 2274 3345 etin
2297 3291 2573 3362 opulentia
2604 3307 2849 3362 magnam
2876 3294 3135 3350 exhiben-

1554 3394 1661 3441 tem
1674 3382 2089 3453 phi1050pbiam.
2113 3381 2299 3450 Qualis
2323 3382 2485 3452 igitur
2504 3392 2619 3436 erat
2641 3396 2760 3436 cum
2785 3384 2935 3439 dives
2952 3387 3135 3442 esset?

1550 3473 1862 3531 Communis
1883 3472 2119 3527 omnium
2146 3481 2351 3541 portus,
2375 3472 2674 3525 communis
2702 3472 2938 3527 omnium
2963 3483 3132 3544 pater,

1550 3566 1849 3623 communis
1878 3564 2149 3628 medicus;
2198 3563 2307 3616 imo
2346 3563 2555 3617 medico
2586 3562 2755 3632 major
2787 3580 2802 3617 :
2831 3564 2953 3618 audi
2983 3581 3135 3620 nam-

1550 3674 1655 3730 que
1682 3674 1804 3713 eum
1842 3656 2109 3711 dicentem
2145 3673 2160 3710 :
2195 3654 2304 3725 Ego
2343 3670 2483 3707 eram
2519 3654 2696 3707 oculus
2736 3670 3003 3721 ctecorum,
3047 3674 3136 3727 pes

1550 3752 1849 3806 claudorum
1881 3748 2001 3820 (Job
2027 3748 2116 3803 29.
2146 3748 2261 3818 15).
2295 3746 2482 3802 Viden’
2523 3747 2790 3814 quomodo
2813 3748 3021 3804 medico
3062 3751 3134 3805 sit

1552 3844 1761 3913 major?
1778 3843 1990 3897 Natura:
2013 3842 2182 3897 vicem
2205 3841 2395 3911 agebat
2412 3855 2536 3909 erga
2561 3840 2780 3894 mutilos
2801 3849 2855 3895 et
2875 3855 3093 3913 mancos
3108 3843 3135 3897 τ

1552 3945 1608 3992 et
1635 3912 1777 4005 quod
1809 3949 1914 3988 non
1964 3941 2211 4005 poterant
2246 3930 2435 3985 medici
2472 3938 2590 3984 arte
2631 3933 2922 4001 corrigere.
2953 3912 3012 3986 id
3044 3932 3136 3989 ille

1551 4026 1826 4083 reﬁciebat
1853 4023 2242 4085 consolatione,
2268 4022 2337 4077 ob
2365 4022 2584 4075 multam
2614 4020 2756 4077 circa
2787 4022 2905 4077 illos
2941 4022 3137 4078 sollicic

1554 4118 1791 4173 tudinem
1818 4116 2181 4171 membrorum
2204 4114 2378 4193 vicem
2410 4113 2539 4182 ipsis
2565 4124 2777 4182 gerens.
2807 4112 2938 4169 Nam
2978 4116 3132 4193 quasi

1552 4212 1692 4275 sani,
1719 4207 1945 4277 pedibus
1987 4190 2246 4272 valentes,
2292 4215 2345 4260 et
2392 4204 2633 4259 videntes
2662 4204 2926 4275 degebant
2965 4207 2999 4261 ii
3038 4190 3131 4278 qui

1554 4299 1638 4354 his
1663 4297 1902 4354 muletati
1927 4304 2081 4352 erant
2105 4294 2377 4359 membris,
2406 4309 2509 4349 non
2541 4295 2834 4351 sentientes
2867 4296 3140 4354 claudica-

1557 4392 1755 4447 tionem
1787 4403 1962 4459 neque
1988 4387 2284 4443 caecitatem
2324 4388 2395 4441 oh
2437 4402 2681 4457 magnam
2716 4386 2832 4456 ejus
2853 4388 3136 4455 providen-

1557 4485 1703 4540 tiam.
1732 4482 2068 4551 Quapropter
2096 4494 2201 4534 non
2231 4478 2383 4542 dixit,
2419 4477 2532 4548 Ego
2555 4476 2807 4531 consolor
2829 4476 3053 4533 claudos
3080 4490 3138 4534 et

1555 4589 1727 4632 caecos
1759 4592 1773 4629 :
1803 4572 1921 4639 sed,
1955 4571 2055 4625 Pes
2074 4580 2121 4624 et
2146 4569 2322 4624 oculus
2353 4568 2565 4622 illorum
2606 4582 2779 4630 erant;
2822 4573 2877 4620 et
2921 4582 3135 4630 rursus.

1556 4668 1670 4742 Ego
1697 4683 1834 4723 eram
1858 4675 2001 4736 pater
2025 4662 2375 4732 impotentium
2395 4657 2556 4727 (Ibid.
2634 4653 2747 4722 16).
2835 4654 3020 4725 Neque
3053 4657 3142 4711 hic

1557 4760 1706 4826 dicit,
1732 4755 2063 4813 Consolabar
2077 4750 2383 4822 orphanos;
2411 4748 2529 4813 sed,
2559 4745 2713 4800 Pater
2730 4745 2941 4800 illorum
2960 4763 3097 4800 eram
3118 4758 3140 4802 :

1560 4853 1686 4908 hinc
1712 4848 2004 4905 ostendens
2028 4859 2088 4899 se
2117 4859 2224 4898 non
2251 4840 2441 4895 sivisse
2475 4853 2571 4893 eos
2600 4836 2683 4891 vel
2714 4836 2768 4890 in
2800 4850 3016 4891 sensum
3048 4850 3141 4892 ve-

1561 4945 1676 5001 nire
1701 4941 1845 5013 quod
1874 4937 2101 5009 orphani
2124 4942 2327 4998 essent,
2362 4945 2533 5002 neque
2570 4927 2876 4999 permisisse
2905 4937 2960 4982 ut
2987 4928 3141 4983 triste

1562 5038 1689 5095 illud
1714 5043 1998 5107 appareret
2026 5050 2039 5087 :
2070 5024 2516 5102 quemadmodum
2537 5033 2590 5077 et
2619 5021 2725 5075 illic
2748 5019 3044 5076 crcitatcm
3072 5035 3143 5076 ne

1562 5130 1822 5189 sentirent
1847 5126 1975 5183 (εωοὶ
1996 5124 2047 5179 vi
2076 5117 2428 5193 providentia:
2456 5130 2567 5170 sua:
2589 5112 2872 5176 efﬁciebat,
2893 5112 3019 5166 dum
3049 5110 3135 5168 in-

1562 5220 1842 5281 commoda
1889 5217 2144 5274 auferret.
2175 5211 2359 5282 Neque
2402 5221 2626 5276 corpora
2655 5205 2827 5259 solum
2870 5217 3055 5258 titanca
3086 5210 3143 5257 et

1566 5315 1750 5371 mutila
1790 5310 2030 5373 curabat,
2064 5319 2238 5377 neque
2280 5300 2553 5373 orphanos
2596 5305 2823 5361 tantum,
2864 5294 2992 5349 dum
3038 5294 3145 5350 illis

1568 5407 1950 5465 membrorum.
1994 5400 2078 5455 his
2128 5404 2408 5470 parentum
2439 5393 2554 5447 vice
2584 5391 2801 5453 aderat;
2848 5387 2943 5443 sed
2982 5386 3144 5442 etiam

1569 5501 1730 5573 index
1780 5512 1808 5551 a
1861 5496 2041 5564 seipso
2087 5494 2410 5547 constitutus
2460 5484 2633 5539 fuerat
2666 5481 2773 5535 imo
2817 5480 2936 5550 plus
2986 5492 3149 5548 quam

1569 5568 1733 5667 jutlex
1758 5607 1773 5657 ;
1806 5603 1929 5645 nam
1954 5586 2031 5641 ait
2057 5602 2070 5639 :
2102 5580 2318 5639 Causam
2342 5594 2495 5649 quam
2512 5573 2791 5629 nesciebam
2820 5568 3115 5640 investigavi
3134 5608 3150 5632 ,

1570 5663 1615 5743 et
1644 5682 1871 5756 confregi
1886 5678 2046 5734 molas
2062 5675 2373 5744 iniquorum,
2401 5678 2447 5723 et
2467 5683 2530 5722 ea:
2550 5664 2716 5720 mctlio
2744 5663 2967 5717 desiliunt
2978 5674 3152 5756 eorum

1574 5747 1799 5859 pra’da'm
1819 5747 2004 5844 ⁷θῖνὶριιὶ
2053 5765 2237 5842 (Ibid.
2279 5762 2371 5820 29.
2422 5760 2486 5818 l7
2516 5760 2557 5831 ).
2607 5756 2722 5813 iloc
2761 5752 2933 5811 multo
2979 5747 3163 5819 math
