3892 6402
503 308 611 364 483

508 432 593 477 est
641 435 800 492 quam
850 415 1054 486 judicia
1111 412 1369 469 ofﬁcium.
1432 410 1648 468 Iudices
1704 407 1848 463 enim
1904 403 2093 460 sedent

510 517 885 582 exspectantes
924 507 1012 578 qtti
1038 506 1287 575 injuriam
1317 504 1460 575 passi
1511 510 1679 566 sunt;
1729 509 1784 554 et
1814 506 2091 569 postquam

511 601 587 656 illi
639 600 907 668 supplices
935 604 1297 657 accesserunt,
1342 598 1468 649 tunc
1496 606 1649 647 suum
1674 590 1917 662 praebent
1939 585 2094 640 auxi-

512 688 638 746 liunt
695 690 770 745 illi
819 688 911 759 qui
967 688 1107 742 inter
1162 686 1373 756 judices
1430 682 1664 739 maxime
1720 678 1869 749 probi
1922 686 2095 740 sunt;

514 783 696 852 plures
720 778 986 849 siquidem
1014 792 1114 833 nec
1153 775 1283 830 illud
1316 782 1572 844 prtestant
1602 789 1616 825 :
1647 769 1735 825 hic
1776 781 1905 824 vero
1932 767 2095 821 etiam

515 874 752 945 optimos
795 870 915 926 illos
954 870 1079 924 vicit
1114 877 1168 923 et
1206 864 1365 936 longe
1404 862 1693 934 superavit.
1744 860 1927 928 Neque
1954 858 2096 913 enim

515 962 866 1035 exspectabat
912 960 1087 1015 donec
1149 958 1184 1012 ii
1240 957 1331 1027 qui
1379 954 1571 1025 injuria
1611 951 1983 1007 adiciebantur
2029 946 2097 1002 ad

518 1072 577 1111 se
603 1055 872 1119 venirent,
926 1065 1100 1122 neque
1143 1059 1426 1121 postquam
1475 1046 1551 1100 illi
1602 1042 1871 1113 supplices
1918 1053 2099 1094 acces-

515 1156 723 1214 serant,
746 1146 813 1202 ad
837 1160 994 1217 opem
1021 1143 1296 1199 ferendam
1329 1138 1612 1211 pergebat;
1637 1135 1732 1191 sed
1760 1135 1847 1189 ille
1895 1144 2101 1202 praeve-

518 1239 673 1294 niens
702 1237 961 1293 circuibat
980 1248 1227 1306 quaerens
1255 1246 1349 1287 eos
1370 1232 1458 1300 qui
1486 1228 1599 1282 laesi
1644 1226 1875 1289 fuerant;
1904 1231 1959 1278 et
1994 1234 2101 1276 non

519 1331 679 1386 modo
699 1342 963 1401 quaerens,
992 1326 1085 1382 sed
1107 1340 1227 1381 cum
1255 1323 1418 1378 multa
1442 1318 1737 1391 vigilantia,
1761 1332 1883 1372 cum
1909 1328 2102 1385 magna

521 1421 898 1478 sollicitudine.
921 1419 976 1474 id
1000 1433 1128 1473 vero
1158 1417 1301 1472 clare
1335 1414 1572 1479 noveris,
1596 1413 1640 1467 si
1664 1410 1793 1465 dicti
1818 1410 1924 1463 vim
1956 1408 2100 1462 didi-

520 1516 677 1569 ceris.
706 1512 822 1568 Non
852 1511 993 1566 enim
1037 1507 1197 1571 dixit,
1245 1505 1516 1573 Quaesivi;
1559 1502 1675 1565 sed,
1709 1501 1927 1557 Causam
1953 1515 2103 1569 quam

523 1607 802 1660 nesciebam
826 1601 1160 1672 investigari;
1192 1599 1243 1654 id
1268 1608 1371 1663 est,
1402 1596 1723 1661 examinavi,
1748 1597 1959 1649 curiose
1979 1608 2104 1663 per-

522 1697 861 1765 quisivi'cum
892 1693 1269 1755 sollicitudine,
1296 1691 1475 1745 omnia
1504 1704 1722 1744 movere
1749 1698 1853 1744 non
1876 1686 2102 1753 cessavi,

525 1799 581 1841 ut
606 1788 958 1856 comperit-em
1002 1800 1069 1839 an
1114 1785 1235 1855 quis
1264 1784 1494 1838 latenter
1520 1781 1711 1852 injuria
1747 1781 1905 1836 laesus
1946 1779 2099 1835 foret.

532 1881 773 1935 \‘idistin’
800 1879 1012 1951 vigilem
1040 1879 1275 1933 animum
1302 1877 1325 1930 ?
1355 1875 1477 1931 vide
1501 1890 1714 1947 quoque
1741 1872 2107 1928 fortitudinem

528 1984 581 2028 et
625 1988 806 2027 curam
840 1993 855 2028 :
888 1972 950 2025 Et
997 1971 1209 2025 contrivi
1247 1956 1410 2024 malas
1453 1970 1766 2035 iniquorum.
1809 1965 1958 2019 Illam
2002 1966 2107 2018 vim

526 2065 830 2119 mordacem
860 2063 1016 2128 solvi,
1052 2063 1243 2133 inquit,
1270 2070 1328 2116 ut
1356 2061 1421 2115 ad
1474 2060 1630 2116 aliam
1678 2057 1976 2113 faciendam
2003 2057 2107 2111 iui-

524 2158 780 2227 quitatem
805 2157 915 2226 jam
935 2157 1142 2211 inutilis
1168 2157 1257 2211 sit.
1290 2157 1493 2212 Ambos
1517 2156 1692 2225 itaque
1716 2153 1955 2224 juvabat,
1988 2152 2108 2205 illos

527 2266 593 2302 ne
620 2248 759 2303 male
788 2255 1117 2317 paterentur,
1157 2246 1255 2302 hos
1286 2263 1353 2302 ne
1384 2246 1522 2301 male
1550 2245 1787 2299 facerent
1818 2243 2113 2313 impediens

528 2348 580 2392 et
605 2338 993 2392 moderatiorcs
1019 2336 1270 2391 reddens.
1314 2336 1479 2390 Porro
1516 2335 1866 2390 constantiam
1903 2340 1957 2387 et
1993 2346 2116 2401 per-

529 2430 881 2485 severantiam
914 2446 927 2482 :
963 2427 1025 2481 Et
1046 2442 1109 2482 ea:
1145 2429 1309 2481 medio
1334 2427 1562 2480 dentium
1588 2440 1762 2480 eorum
1790 2425 1955 2495 eripui
1981 2436 2114 2494 prir-

531 2521 669 2573 dmn.
723 2518 907 2588 Neque
956 2517 1097 2572 enim
1152 2517 1521 2587 desperabam,
1548 2532 1722 2587 neque
1768 2513 2113 2579 desistebam,

530 2613 629 2667 etsi
660 2611 874 2681 resjam
897 2619 1052 2681 capta
1074 2619 1227 2676 erat;
1256 2610 1353 2665 sed
1378 2610 1520 2681 quod
1538 2610 1646 2679 jam
1669 2609 1977 2679 absorptum
2002 2620 2118 2663 erat

531 2702 895 2770 retrahebam,
922 2704 1155 2773 pastoris
1188 2702 1376 2773 optimi
1413 2710 1468 2758 et
1497 2701 1669 2772 vigilis
1699 2699 2115 2756 sollicitudinem

532 2809 659 2864 erga
685 2808 977 2849 conservos
1006 2792 1288 2849 exhibens.

603 2887 725 2942 Jobi
779 2887 1061 2941 humilitas.
1103 2915 1177 2927 ——-
1221 2886 1432 2955 Quanta
1484 2900 1614 2940 vero
1667 2884 1942 2939 humilitas
2001 2883 2120 2954 ejus

544 2989 687 3034 esset
711 2979 905 3048 cogita.
965 2979 1027 3034 Si
1053 2988 1221 3031 autem
1263 2977 1469 3043 despexi
1511 2977 1766 3047 judicium
1810 2976 1993 3046 famuli
2022 2977 2121 3030 mei

536 3082 580 3123 et
629 3070 848 3132 ancilla,
894 3069 1016 3122 dum
1065 3068 1358 3136 iudicantur
1386 3070 1653 3121 aduersum
1683 3084 1781 3122 me.
1815 3068 1952 3135 Quid
1988 3068 2121 3121 enim

537 3164 722 3234 {nciam
779 3162 823 3215 si
878 3161 1212 3214 visitationem
1276 3176 1439 3212 meam
1509 3160 1663 3230 faciat
1717 3158 1901 3213 Deus?
1949 3176 2123 3213 annon

538 3267 594 3310 tu
644 3270 736 3326 ego
790 3255 844 3308 in
890 3262 1060 3307 uentre
1104 3254 1199 3323 fui,
1246 3263 1292 3306 et
1329 3253 1427 3323 ipsi
1467 3256 1671 3323 [uerunt
1715 3252 1865 3322 (Iob
1900 3250 1989 3308 51.
2029 3254 2126 3310 15-

540 3347 682 3419 15)?
704 3345 1004 3401 Contritum
1027 3345 1262 3399 animum
1286 3343 1488 3407 vidisti,
1505 3352 1559 3397 et
1575 3353 1818 3398 naturam
1847 3343 2123 3399 hominum

542 3446 788 3492 accurate
816 3435 1249 3491 considerantem
1278 3448 1342 3487 ac
1368 3435 1627 3489 scientem
1659 3433 1787 3503 quid
1819 3435 1887 3487 sit
1912 3449 2120 3500 servus,

543 3528 672 3599 quid
700 3528 854 3592 liber,
901 3525 955 3581 id
981 3524 1120 3595 quod
1151 3539 1181 3579 a
1210 3525 1392 3580 multis
1420 3523 1815 3580 circumfertur.
1846 3526 1998 3581 lianc
2024 3527 2126 3597 igi-

550 3629 637 3674 tur
662 3620 881 3690 cjiciens
926 3617 1340 3687 inasqualitatem
1386 3632 1414 3671 a
1457 3618 1567 3687 pari
1609 3618 1867 3673 natalium
1896 3617 2124 3685 honore,

547 3715 617 3770 de
658 3711 994 3784 philosophia
1048 3724 1351 3766 sermonem
1405 3710 1622 3765 inducit.
1661 3710 1917 3781 Quodque
1970 3712 2131 3766 mira-

551 3805 657 3860 uile
675 3805 727 3859 in
750 3804 841 3858 illo
856 3812 961 3867 est,
999 3802 1099 3856 hoc
1125 3801 1327 3856 faciens
1354 3816 1458 3856 non
1486 3817 1549 3855 ex
1578 3800 1877 3856 humilitate
1900 3816 1959 3857 se
1988 3802 2131 3872 loqui

552 3895 806 3965 putabat,
848 3891 942 3948 sed
985 3890 1221 3946 debitum
1278 3890 1526 3959 implere.
1575 3890 1912 3962 Quapropter
1958 3897 2131 3947 ratio-

550 3985 749 4039 cinium
782 3983 961 4053 posuit
1001 3993 1107 4050 quo
1150 3979 1455 4035 hominibus
1500 3981 1748 4036 omnibus
1789 3982 2041 4051 suadeat,
2076 3988 2137 4039 ut

554 4092 661 4132 non
690 4074 851 4128 altius
882 4072 1092 4141 sapiant
1117 4086 1275 4141 quam
1298 4072 1462 4136 servi,
1485 4070 1693 4125 etiamsi
1712 4072 1907 4127 millies
1927 4073 2131 4129 domini

552 4168 678 4221 sint.
710 4164 838 4221 Huc
875 4163 1077 4234 quippe
1109 4163 1347 4228 nomina,
1398 4146 1586 4218 servus
1627 4174 1681 4219 et
1712 4164 1867 4231 liber,
1919 4166 2133 4221 nomina

555 4267 761 4313 tantum
789 4265 915 4311 sunt
941 4270 999 4311 re
1024 4270 1189 4311 vacua
1221 4271 1234 4308 :
1270 4256 1501 4310 servitus
1520 4266 1697 4311 autem
1728 4258 1779 4312 in
1809 4272 2047 4329 peccato,
2077 4271 2135 4316 et

554 4346 773 4405 libertas
803 4347 855 4402 in
879 4346 1085 4416 iustitia
1110 4344 1383 4402 delinitur.
1420 4347 1556 4417 Ergo
1582 4360 1679 4402 nos
1721 4352 1799 4404 sic
1830 4349 2133 4407 humiliabi—

556 4441 707 4496 mus?
735 4454 915 4494 annon
953 4452 1082 4493 vero
1109 4437 1481 4494 desiderabilis
1507 4441 1853 4512 amabilisqne
1875 4444 1963 4499 ille
2003 4445 2135 4501 est?

556 4534 729 4589 Etiam
778 4530 1021 4585 amabilis
1080 4545 1093 4581 :
1146 4539 1201 4584 et
1266 4528 1353 4584 hic
1410 4529 1756 4601 hyperbolem
1822 4536 2134 4593 consideres

556 4626 731 4682 velim.
765 4621 1223 4691 Quemadmodum
1264 4623 1406 4677 enim
1451 4624 1503 4678 in
1551 4625 1790 4680 molestis
1818 4627 2043 4683 viriliter
2082 4637 2137 4683 et

553 4734 678 4775 cum
736 4715 1051 4772 fortitudine
1098 4730 1288 4787 magna
1339 4715 1483 4772 illata
1529 4718 1669 4773 mala
1716 4718 1837 4773 tulit
1890 4738 1903 4775 :
1954 4721 2026 4776 ita
2083 4732 2140 4778 et

554 4816 605 4869 in
654 4810 1006 4884 prosperitate
1044 4810 1269 4866 virtutes
1312 4810 1552 4881 singulas
1595 4812 1837 4882 apprime
1876 4816 2134 4884 exercuit,

514 4970 517 4975 Α
560 4920 665 4959 nou
708 4904 1048 4960 mediOcriter
1087 4918 1188 4960 nec
1240 4914 1565 4975 utcumque,
1615 4905 1709 4960 sed
1759 4906 1825 4961 ad
1874 4923 2137 4966 summum

560 5001 731 5067 ipsum
773 4999 1088 5054 ascendens.
1120 4997 1180 5053 Si
1203 5014 1318 5052 vero
1343 5014 1479 5069 sape
1511 4999 1731 5054 dixerint
1759 5001 1964 5056 ancilla
1992 5019 2135 5069 mete,

561 5090 688 5158 Quis
734 5091 817 5144 det
859 5091 1003 5146 nobis
1043 5093 1109 5145 de
1145 5091 1382 5146 carnibus
1427 5093 1533 5146 suis
1561 5103 1617 5145 ut
1651 5095 1981 5149 saturentur?
2025 5111 2139 5150 cum

558 5180 706 5235 valde
749 5181 909 5235 bonus
937 5200 1026 5253 ego
1053 5183 1148 5236 sint
1178 5182 1303 5255 (Job
1334 5185 1420 5240 t5.
1451 5186 1564 5254 5|).
1595 5185 1691 5241 llic
1714 5201 1952 5243 amorem
1981 5204 2140 5246 enar-

560 5284 640 5328 rat
678 5269 999 5329 famnlornm
1029 5274 1584 5344 vehementissimum,
1627 5280 1751 5349 qui,
1790 5280 1857 5336 ad
1904 5282 2142 5339 iurarem

560 5379 727 5436 usque
748 5375 1016 5421 amatores
1041 5367 1292 5424 ardentes
1320 5376 1496 5437 erant,
1527 5384 1594 5425 es
1621 5372 1782 5427 modo
1808 5374 2011 5431 scilicet
2031 5390 2141 5446 quo

1244 298 1299 356 8.
1340 294 1617 354 JOANNIS
1648 281 2118 350 δηιιῑδυετοδιι

2226 279 2473 340 tCttlEP.
2510 272 3045 338 CONSTANTINOP.
3669 290 3757 342 tat

2274 400 2330 455 5.
2372 399 2513 466 Quid
2534 408 2665 457 vero
2688 400 2791 456 dici
2823 401 2995 471 possit
3014 398 3084 455 de
3112 407 3422 470 contemptu
3450 400 3754 459 divitiarum?

2201 504 2322 546 nam
2365 491 2505 548 hanc
2543 506 2755 564 quoque
2791 494 2886 548 ille
2933 490 3192 548 virtutem
3240 495 3482 563 apprime
3524 503 3751 556 exercuit.

2200 585 2315 640 Non
2363 582 2526 641 modo
2562 586 2706 642 enim
2753 588 2959 642 alienas
3010 603 3117 642 tton
3169 589 3600 658 concupiscebat,
3638 597 3758 661 quod

2204 678 2356 731 multi
2370 693 2511 733 nunc
2530 678 2753 743 faciunt,
2770 680 2865 735 sed
2886 690 3058 749 neque
3073 684 3218 745 suas,
3234 696 3425 735 verum
3444 681 3513 735 ab
3534 681 3612 737 bis
3627 686 3764 740 etiam

2202 776 2321 822 c‘um
2356 771 2736 838 exsuperatitia
2769 771 2935 824 multa
2964 772 3026 827 se
3055 772 3323 826 continuit
3349 790 3362 824 :
3394 773 3615 842 ideoque
3639 776 3765 831 dicc-

2203 859 2295 913 bat
2324 878 2336 913 :
2371 860 2432 915 Si
2464 861 2665 916 (tutatus
2702 874 2816 917 sum
2857 868 2974 918 cum
3000 865 3173 918 mqu
3207 867 3336 919 mihi
3363 868 3556 937 fuerint
3584 870 3764 936 divitia,

2205 966 2364 1018 neque
2401 951 2568 1021 lapidi
2602 956 2824 1021 pretioso
2858 955 3052 1023 conﬁdi
3106 954 3232 1025 (Job
3265 957 3355 1011 3|.
3390 955 3487 1011 25.
3514 958 3625 1026 26).
3652 961 3765 1027 om.

2207 1053 2425 1114 prapter
2452 1060 2574 1099 cum
2607 1046 2830 1100 sublata:
2874 1048 2975 1116 ipsi
3014 1046 3186 1114 fuere,
3218 1050 3487 1118 iacturam
3525 1051 3612 1104 ille
3641 1052 3761 1107 facit.

2207 1136 2334 1192 lime
2382 1138 2543 1204 tulit;
2577 1150 2807 1208 cumque
2837 1138 3109 1204 adessent,
3144 1143 3552 1214 eleemnsynam
3583 1145 3765 1216 largiter

2205 1229 2480 1297 erogabat,
2524 1229 2774 1285 omnibus
2818 1230 3095 1286 dexteram
3142 1233 3429 1303 porrigens
3475 1234 3764 1306 domumque

2207 1334 2356 1375 suam
2385 1322 2654 1390 aperiens.
2685 1321 2871 1391 Neque
2901 1322 2953 1376 id
2984 1319 3233 1389 faciebat,
3264 1325 3412 1396 quod
3444 1327 3599 1381 multi
3626 1330 3763 1385 soleat

2207 1415 2298 1485 qui
2344 1416 2559 1471 curiose
2615 1418 2890 1488 inquirunt
2920 1429 2949 1471 a
2980 1419 3326 1489 petentibus,
3386 1422 3607 1489 quinam
3650 1424 3760 1476 sint:

2209 1507 2323 1572 sed,
2363 1508 2539 1562 Janua
2580 1518 2714 1575 mea,
2767 1510 2958 1579 inquit,
3005 1512 3142 1564 omni
3185 1512 3409 1565 venienti
3449 1522 3628 1579 aperta
3667 1528 3762 1568 erat.

2216 1598 2416 1665 Inﬁrmi
2439 1601 2569 1653 enim
2598 1614 2693 1669 ope
2717 1618 2827 1655 mea
2856 1618 2956 1654 non
2986 1601 3312 1671 privabantur
3334 1618 3353 1656 :
3378 1602 3669 1673 peregrinus
3692 1624 3763 1659 aut

2211 1689 2563 1761 egrediebatur
2598 1704 2661 1745 ea:
2686 1693 2853 1763 jantta
2874 1706 2983 1746 mea
3010 1695 3125 1746 sinu
3149 1710 3307 1747 vacuo
3341 1694 3509 1764 (Ibid.
3543 1696 3628 1750 3i.
3659 1696 3714 1750 5!
3734 1710 3765 1750 rt

2210 1782 2326 1853 5t).
2369 1782 2554 1837 Vidisti
2585 1783 2925 1852 largitatem?
2949 1784 3126 1839 vidisti
3168 1786 3561 1840 lurmanitatcm
3584 1830 3596 1847 ,
3628 1788 3765 1842 ridLsti

2211 1874 2615 1942 benignitatem,
2643 1875 3037 1929 humilitatem?
3060 1876 3154 1932 Vis
3172 1879 3331 1932 etiam
3361 1879 3663 1933 castitatem
3683 1882 3771 1933 cdt-

2212 1966 2401 2021 scere?
2431 1964 2614 2035 Pepigi
2640 1965 2828 2032 fwdas,
2861 1967 3051 2036 inquit,
3076 1984 3193 2021 cum
3213 1970 3373 2021 oculis
3392 1972 3541 2032 meis,
3568 1982 3617 2022 ut
3636 1980 3689 2025 ne
3709 1989 3774 2025 ro-

2214 2060 2428 2129 gitarent
2468 2059 2671 2127 quidem
2712 2058 2776 2111 de
2812 2059 3004 2129 virgine
3030 2060 3200 2113 aliena
3244 2060 3411 2131 (Ibid.
3506 2059 3595 2126 1).
3671 2064 3775 2131 Qua:

2217 2162 2398 2221 postea
2429 2155 2652 2207 veniens
2693 2153 2943 2209 Christus
2981 2157 3260 2224 prmcepit,
3294 2170 3355 2208 ea
3388 2156 3505 2223 ipse
3553 2170 3611 2210 re
3651 2172 3779 2212 esse.

2214 2252 2411 2313 qutttus
2441 2255 2545 2299 est.
2578 2245 2768 2300 Vidisti
2797 2246 2948 2301 illum
2987 2245 3248 2300 divitem?
3279 2246 3461 2301 vidisti
3493 2263 3775 2316 pauperem,

2217 2336 2395 2390 vidisti
2440 2337 2576 2392 bene
2603 2336 2894 2400 valentem,
2925 2334 3105 2391 vidisti
3137 2338 3381 2405 a-grum?
3411 2338 3592 2392 vidisti
3620 2353 3696 2392 res
3718 2341 3780 2393 illi

2218 2444 2315 2499 pro
2344 2437 2467 2483 voto
2491 2429 2876 2484 succedentes?
2894 2428 3074 2483 vidiSti
3103 2430 3251 2483 illum
3277 2432 3523 2483 omnium
3546 2431 3783 2499 jactmm

2219 2520 2447 2577 fecisse?
2478 2521 2655 2576 vidisti
2684 2523 2896 2592 qualem
2926 2537 2985 2576 se
3006 2522 3309 2600 exhibuerit
3335 2537 3463 2592 erga
3489 2524 3649 2588 ﬁlios,
3678 2540 3779 2594 erg:

2219 2612 2467 2676 famulos,
2496 2628 2624 2683 erga
2651 2613 2842 2683 injuria
2872 2612 3092 2669 affectos
3115 2657 3131 2678 ,
3158 2626 3283 2685 erga
3307 2615 3581 2684 pupillos?
3607 2616 3665 2671 Si
3690 2634 3783 2669 rem

2218 2704 2453 2758 abiissem
2500 2720 2615 2758 cum
2655 2704 2945 2759 irrisoribus
3035 2708 3205 2779 (Ibid.
3264 2707 3345 2777 5),
3376 2706 3551 2777 inquit
3579 2708 3663 2760 :id
3698 2719 3781 2771 ρει.

2219 2796 2403 2867 Neque
2425 2797 2541 2851 haec
2575 2796 2846 2852 consortia
2881 2798 3206 2866 quaerebam,
3236 2810 3552 2854 scurrarum
3600 2816 3782 2869 nempe.

2222 2888 2289 2941 Et
2316 2887 2419 2943 hoc
2443 2888 2790 2943 continentiae
2816 2904 2924 2942 non
2954 2902 3176 2959 parvum
3201 2897 3287 2945 est
3315 2891 3555 2959 signem.
3587 2892 3783 2946 Omnem

2222 2980 2419 3049 quippe
2447 2981 2698 3036 virtutem
2744 2990 2979 3035 sectatus
3008 2990 3091 3036 est
3120 2998 3134 3037 :
3168 2989 3223 3037 et
3248 2996 3370 3037 cum
3410 2984 3465 3037 in
3512 2993 3655 3037 tanta
3680 3000 3787 3053 opu-

2223 3064 2384 3120 lentia
2410 3076 2574 3132 esset,
2607 3067 2911 3122 accuratius
2935 3082 2995 3123 se
3020 3068 3262 3137 gerebat,
3292 3080 3457 3137 quam
3488 3069 3527 3122 ii
3558 3071 3646 3138 qui
3680 3072 3785 3124 nihil

2225 3155 2484 3211 haberent
2511 3173 2526 3211 :
2555 3172 2659 3211 non
2690 3158 2832 3212 enim
2855 3158 2943 3213 ille
2966 3159 3057 3227 qui
3089 3158 3221 3212 nihil
3254 3156 3511 3225 habebat,
3538 3170 3787 3232 tantopere

2223 3262 2254 3301 a
2298 3249 2641 3318 pecuniarum
2688 3236 2875 3303 amore
2913 3250 3125 3305 alienus
3150 3258 3282 3315 erat,
3313 3260 3585 3321 quantum
3618 3254 3697 3307 hic
3718 3254 3787 3323 qui

2228 3350 2304 3395 tot
2333 3350 2587 3412 tantaque
2618 3342 2941 3412 possidebat.
2972 3340 3183 3412 Ubique
3202 3343 3345 3399 enim
3377 3345 3549 3398 animi
3572 3348 3788 3416 proposi-

2229 3441 2340 3487 tum
2381 3444 2465 3490 est
2502 3434 2642 3503 quod
2669 3438 2978 3490 coronatur.
3019 3434 3088 3490 Et
3123 3434 3189 3489 ad
3227 3435 3402 3505 ipsum
3446 3440 3788 3506 temperanti:

2227 3527 2439 3582 culmen
2472 3528 2565 3583 ille
2593 3527 2933 3593 ascenderat,
2963 3537 3019 3583 et
3044 3528 3295 3583 virtutem
3324 3542 3451 3584 cum
3480 3530 3789 3585 accuratiore

2229 3620 2540 3690 congruenti
2569 3630 2895 3690 exsequutus
2922 3618 3115 3674 fuerat.

2305 3713 2430 3768 li:cc
2453 3712 2732 3777 tumulare,
2765 3712 2979 3779 dilecte,
3014 3712 3130 3767 haec
3160 3712 3407 3777 imitare;
3441 3718 3499 3767 et
3525 3714 3663 3769 hanc
3688 3716 3788 3768 itm-

2231 3807 2407 3876 ginem
2437 3805 2531 3859 tibi
2555 3804 2821 3875 depictam
2849 3818 3153 3873 assumvns,
3182 3805 3233 3858 in
3261 3807 3602 3861 conscientia
3634 3808 3785 3861 toniu-

2234 3900 2337 3970 lige
2361 3913 2376 3951 :
2404 3907 2460 3952 ct
2481 3898 2526 3951 si
2553 3898 2607 3951 in
2630 3911 2862 3952 maerore
2890 3897 2985 3962 sis,
3012 3894 3080 3950 ad
3108 3897 3253 3950 illum
3282 3898 3556 3967 confuge;
3598 3900 3639 3953 si
3665 3901 3707 3952 in
3723 3899 3785 3952 di-

2234 3992 2400 4055 vitiis,
2426 3990 2548 4044 hiuc
2574 3989 2925 4060 phartnacum
2950 4001 3089 4058 pete,
3123 3990 3192 4043 ita
3220 4000 3276 4044 ut
3302 4006 3485 4062 neque
3512 4001 3785 4063 paupertate

2234 4084 2571 4154 deprimaris,
2593 4100 2766 4155 neque
2782 4087 2832 4140 in
2848 4082 3045 4142 divitiis
3071 4087 3295 4142 infleris.
3322 4087 3378 4143 Si
3397 4090 3542 4143 illius
3559 4090 3787 4145 amiseris.

2237 4177 2359 4231 hinc
2376 4179 2801 4234 conseiationem
2831 4179 2994 4234 habes
3020 4199 3032 4235 :
3062 4174 3148 4235 hic
3168 4182 3311 4235 enim
3340 4183 3561 4239 cuimen
3591 4186 3783 4239 invenies

2235 4280 2289 4325 et
2318 4271 2683 4326 calamitatum
2706 4279 2763 4325 et
2778 4271 3047 4342 patientiae
3075 4287 3090 4325 :
3118 4273 3162 4327 si
3190 4273 3242 4327 in
3273 4274 3526 4329 morbum
3551 4274 3781 4337 incideris,

2236 4365 2411 4434 eugita
2435 4364 2693 4421 vermium
2720 4365 3097 4436 scaturigines,
3126 4379 3261 4435 quas
3288 4380 3421 4421 caro
3451 4368 3574 4438 ejus
3600 4370 3779 4423 ebullie-

2238 4454 2361 4521 bat;
2386 4467 2442 4511 et
2467 4456 2646 4511 omnia
2673 4457 2940 4527 patienter
2963 4458 3106 4512 feres
3134 4474 3147 4511 :
3177 4458 3221 4511 si
3248 4460 3457 4513 amicus
3485 4461 3580 4516 tibi
3610 4460 3780 4515 insidias

2238 4549 2527 4614 struxerit,
2555 4563 2745 4603 rursus
2766 4554 3012 4604 sanctum
3041 4548 3093 4604 in
3122 4549 3361 4605 medium
3382 4551 3590 4617 adduc,
3616 4561 3660 4607 ct
3680 4555 3777 4606 iram

2240 4648 2384 4694 luant
2422 4640 2701 4709 superabis
2733 4659 2748 4695 :
2779 4641 2827 4697 si
2856 4643 2945 4712 qui
2973 4641 3096 4696 vilis
3124 4642 3279 4712 pretii
3304 4651 3359 4697 te
3389 4643 3663 4715 imputant,
3686 4659 3775 4712 per-

2239 4732 2412 4804 pende
2437 4748 2500 4788 ea
2537 4749 2658 4804 qua:
2696 4748 2727 4787 a
2759 4730 2971 4790 famulis
2999 4734 3113 4805 ipse
3156 4747 3346 4804 passus
3370 4746 3477 4803 est,
3509 4747 3564 4792 et
3605 4738 3776 4791 niuium

2240 4827 2471 4897 accipies
2504 4825 2820 4882 medicinam
2863 4844 2878 4880 :
2914 4828 2965 4882 si
3006 4828 3142 4881 mala
3178 4828 3423 4897 quaedam
3455 4830 3675 4900 suspicio
3716 4829 3773 4882 in-

2242 4918 2419 4982 vadat,
2449 4918 2620 4988 cOgita
2645 4918 2734 4973 illa
2775 4934 2892 4988 quae
2910 4919 2981 4973 de
3003 4918 3104 4973 hoc
3125 4918 3381 4985 dixerint,
3416 4922 3563 4990 quod
3590 4920 3773 4975 noadtan

2245 5012 2474 5080 peccatis
2522 5026 2677 5081 pares
2722 5020 2911 5081 pwnas
2951 5011 3180 5079 dederit,
3210 5020 3263 5068 et
3288 5014 3467 5083 qualia
3510 5016 3601 5084 ipsi
3628 5027 3771 5081 expro-

2244 5101 2493 5168 brarent;
2524 5110 2578 5156 ct
2615 5100 2667 5156 id
2708 5117 2921 5173 quoque
2961 5104 3133 5160 morbi
3161 5106 3463 5173 superabis.
3499 5106 3639 5161 Nulla
3664 5105 3769 5160 enim

2243 5206 2351 5257 est.
2374 5203 2433 5250 ut
2461 5195 2612 5250 initio
2637 5195 2769 5261 diti,
2796 5196 2847 5250 in
2879 5195 3182 5252 hominibus
3223 5197 3504 5254 calamitas
3528 5215 3667 5269 quam
3693 5210 3767 5250 non

2247 5301 2433 5358 passus
2462 5287 2534 5342 sit
2557 5286 2644 5343 hic
2668 5288 2771 5353 vir,
2800 5286 3085 5342 adamante
3115 5286 3352 5353 firmior;
3385 5289 3573 5344 famem
3602 5301 3763 5356 nempe.

2246 5386 2636 5450 paupertatem,
2649 5380 2918 5446 morbum,
2936 5379 3163 5435 filiorum
3190 5382 3554 5449 amissionem,
3569 5392 3635 5436 tot
3648 5390 3763 5451 opum

558 5472 683 5527 erga
712 5456 833 5510 illos
858 5472 918 5511 se
955 5458 1195 5528 gerebat.
1229 5459 1304 5515 lta
1334 5462 1499 5528 enim,
1544 5462 1735 5532 inquit,
1784 5466 1913 5521 mihi
1943 5466 2138 5523 addicti
2239 5473 2505 5543 jacturam
2527 5475 2686 5529 simul
2724 5474 3000 5545 excipiens
3027 5483 3082 5531 et
3123 5473 3383 5530 tolerans.
3427 5477 3491 5532 Et
3519 5487 3620 5545 post
3644 5476 3761 5527 etiam

557 5554 731 5612 erant,
778 5546 847 5601 ita
882 5546 1050 5614 aftisi,
1094 5548 1162 5603 ita
1208 5566 1294 5605 me
1336 5553 1608 5619 amabant,
1661 5564 1719 5609 ut
1765 5568 2026 5627 cuperent
2050 5560 2139 5615 vel

558 5640 687 5709 tpsis
717 5639 923 5707 impleri
952 5641 1221 5709 carnibus,
1267 5643 1520 5717 ipsasque
1565 5646 1849 5719 devorare,
1882 5650 2024 5721 quod
2051 5667 2139 5710 me

551 5734 758 5789 ardenti
779 5748 965 5792 amore
983 5735 1285 5807 diligerent.

2245 5574 2455 5637 reputa,
2479 5564 2621 5635 quod
2645 5565 2827 5621 uxoris
2866 5565 3093 5632 insidiis,
3121 5566 3413 5621 amicorum
3441 5566 3672 5622 molestiis
3689 5577 3759 5627 ap-

2244 5665 2460 5729 petitus,
2481 5672 2510 5711 a
2534 5656 2746 5713 t‘nmulis
2766 5657 3122 5729 impugnatus,
3145 5660 3433 5729 peromnia
3455 5661 3621 5731 quavis
3643 5664 3753 5724 petra

2245 5750 2448 5807 tirmior
2484 5758 2735 5807 ostensus
2770 5760 2885 5819 est;
2914 5758 2968 5807 et
2996 5748 3111 5809 haec
3136 5760 3261 5808 ante
3292 5751 3465 5824 legent
3497 5750 3752 5819 et
