  <div class='ocr_page' id='page_1' title='image "/cluster/home/n/w/nwhite01/storage/ocr_20150623/63/hvd.32044013655725/383.png"; bbox 0 0 3872 6396; ppageno 0'>
   <div class='ocr_carea' id='block_1_1' title="bbox 619 322 721 378">
    <p class='ocr_par' dir='ltr' id='par_1_1' title="bbox 619 322 721 378">
     <span class='ocr_line' id='line_1_1' title="bbox 619 322 721 378; baseline -0.02 0"><span class='ocrx_word' id='word_1_1' title='bbox 619 322 721 378; x_wconf 74' lang='grc'><strong>487</strong></span> 
     </span>
    </p>
   </div>
   <div class='ocr_carea' id='block_1_2' title="bbox 611 429 2189 508">
    <p class='ocr_par' dir='ltr' id='par_1_2' title="bbox 611 429 2189 508">
     <span class='ocr_line' id='line_1_2' title="bbox 611 429 2189 508; baseline -0.005 -13"><span class='ocrx_word' id='word_1_2' title='bbox 611 447 699 497; x_wconf 77' lang='lat' dir='ltr'><strong>tos</strong></span> <span class='ocrx_word' id='word_1_3' title='bbox 729 454 888 495; x_wconf 90' lang='lat' dir='ltr'><strong>unum</strong></span> <span class='ocrx_word' id='word_1_4' title='bbox 916 438 1078 494; x_wconf 85' lang='lat' dir='ltr'><strong>efficit</strong></span> <span class='ocrx_word' id='word_1_5' title='bbox 1110 455 1125 493; x_wconf 90' lang='lat'><strong>:</strong></span> <span class='ocrx_word' id='word_1_6' title='bbox 1153 436 1280 507; x_wconf 88' lang='lat' dir='ltr'><strong>quid</strong></span> <span class='ocrx_word' id='word_1_7' title='bbox 1302 437 1516 503; x_wconf 91' lang='lat' dir='ltr'><strong>mirum,</strong></span> <span class='ocrx_word' id='word_1_8' title='bbox 1542 438 1586 492; x_wconf 89' lang='lat' dir='ltr'><strong>si</strong></span> <span class='ocrx_word' id='word_1_9' title='bbox 1614 437 1803 508; x_wconf 82' lang='lat' dir='ltr'><strong>psalmi</strong></span> <span class='ocrx_word' id='word_1_10' title='bbox 1823 445 1877 491; x_wconf 87' lang='lat' dir='ltr'><strong>et</strong></span> <span class='ocrx_word' id='word_1_11' title='bbox 1899 429 2189 506; x_wconf 86' lang='lat' dir='ltr'><strong>spiritualis</strong></span> 
     </span>
    </p>
   </div>
   <div class='ocr_carea' id='block_1_3' title="bbox 604 528 2184 599">
    <p class='ocr_par' dir='ltr' id='par_1_3' title="bbox 604 528 2184 599">
     <span class='ocr_line' id='line_1_3' title="bbox 604 528 2184 599; baseline -0.001 -16"><span class='ocrx_word' id='word_1_12' title='bbox 604 531 807 586; x_wconf 68' lang='lat' dir='ltr'><strong>cantici</strong></span> <span class='ocrx_word' id='word_1_13' title='bbox 855 532 936 582; x_wconf 89' lang='lat' dir='ltr'><strong>vis</strong></span> <span class='ocrx_word' id='word_1_14' title='bbox 988 529 1219 599; x_wconf 88' lang='lat' dir='ltr'><strong>idipsum</strong></span> <span class='ocrx_word' id='word_1_15' title='bbox 1269 528 1436 583; x_wconf 81' lang='lat' dir='ltr'><strong>fecit?</strong></span> <span class='ocrx_word' id='word_1_16' title='bbox 1476 528 1658 599; x_wconf 82' lang='lat' dir='ltr'><strong>Neque</strong></span> <span class='ocrx_word' id='word_1_17' title='bbox 1687 528 1828 582; x_wconf 88' lang='lat' dir='ltr'><strong>enim</strong></span> <span class='ocrx_word' id='word_1_18' title='bbox 1873 542 1970 581; x_wconf 92' lang='lat' dir='ltr'><strong>nos</strong></span> <span class='ocrx_word' id='word_1_19' title='bbox 2012 529 2184 582; x_wconf 91' lang='lat' dir='ltr'><strong>solum</strong></span> 
     </span>
    </p>
   </div>
   <div class='ocr_carea' id='block_1_4' title="bbox 614 618 2186 691">
    <p class='ocr_par' dir='ltr' id='par_1_4' title="bbox 614 618 2186 691">
     <span class='ocr_line' id='line_1_4' title="bbox 614 618 2186 691; baseline -0.004 -12"><span class='ocrx_word' id='word_1_20' title='bbox 614 633 920 691; x_wconf 69' lang='lat' dir='ltr'><strong>priesentcs,</strong></span> <span class='ocrx_word' id='word_1_21' title='bbox 956 621 1050 677; x_wconf 81' lang='lat' dir='ltr'><strong>sed</strong></span> <span class='ocrx_word' id='word_1_22' title='bbox 1077 622 1237 676; x_wconf 86' lang='lat' dir='ltr'><strong>etiam</strong></span> <span class='ocrx_word' id='word_1_23' title='bbox 1284 631 1550 675; x_wconf 90' lang='lat' dir='ltr'><strong>mortuum</strong></span> <span class='ocrx_word' id='word_1_24' title='bbox 1593 618 1713 674; x_wconf 90' lang='lat' dir='ltr'><strong>cum</strong></span> <span class='ocrx_word' id='word_1_25' title='bbox 1757 621 1890 673; x_wconf 84' lang='lat' dir='ltr'><strong>vivis</strong></span> <span class='ocrx_word' id='word_1_26' title='bbox 1932 618 2186 673; x_wconf 91' lang='lat' dir='ltr'><strong>miscuit:</strong></span> 
     </span>
    </p>
   </div>
   <div class='ocr_carea' id='block_1_5' title="bbox 612 701 2184 782">
    <p class='ocr_par' dir='ltr' id='par_1_5' title="bbox 612 701 2184 782">
     <span class='ocr_line' id='line_1_5' title="bbox 612 701 2184 782; baseline -0.003 -14"><span class='ocrx_word' id='word_1_27' title='bbox 612 715 704 768; x_wconf 84' lang='lat' dir='ltr'><strong>ille</strong></span> <span class='ocrx_word' id='word_1_28' title='bbox 757 729 988 782; x_wconf 78' lang='lat' dir='ltr'><strong>namque</strong></span> <span class='ocrx_word' id='word_1_29' title='bbox 1031 711 1190 767; x_wconf 88' lang='lat' dir='ltr'><strong>etiam</strong></span> <span class='ocrx_word' id='word_1_30' title='bbox 1234 713 1508 766; x_wconf 88' lang='lat' dir='ltr'><strong>nobiscum</strong></span> <span class='ocrx_word' id='word_1_31' title='bbox 1545 711 1805 781; x_wconf 88' lang='lat' dir='ltr'><strong>psallebat</strong></span> <span class='ocrx_word' id='word_1_32' title='bbox 1845 711 2030 766; x_wconf 85' lang='lat' dir='ltr'><strong>beatus</strong></span> <span class='ocrx_word' id='word_1_33' title='bbox 2051 701 2184 764; x_wconf 76' lang='lat' dir='ltr'><strong>Pro-</strong></span> 
     </span>
    </p>
   </div>
   <div class='ocr_carea' id='block_1_6' title="bbox 611 802 2182 874">
    <p class='ocr_par' dir='ltr' id='par_1_6' title="bbox 611 802 2182 874">
     <span class='ocr_line' id='line_1_6' title="bbox 611 802 2182 874; baseline -0.001 -16"><span class='ocrx_word' id='word_1_34' title='bbox 611 804 766 874; x_wconf 88' lang='lat' dir='ltr'><strong>pheta</strong></span> <span class='ocrx_word' id='word_1_35' title='bbox 799 824 811 858; x_wconf 90' lang='lat'><strong>:</strong></span> <span class='ocrx_word' id='word_1_36' title='bbox 840 821 1158 874; x_wconf 84' lang='lat' dir='ltr'><strong>quamquam</strong></span> <span class='ocrx_word' id='word_1_37' title='bbox 1192 806 1242 857; x_wconf 92' lang='lat' dir='ltr'><strong>in</strong></span> <span class='ocrx_word' id='word_1_38' title='bbox 1277 806 1434 873; x_wconf 75' lang='lat' dir='ltr'><strong>regiis</strong></span> <span class='ocrx_word' id='word_1_39' title='bbox 1460 803 1596 857; x_wconf 83' lang='lat' dir='ltr'><strong>aulis</strong></span> <span class='ocrx_word' id='word_1_40' title='bbox 1625 802 1676 856; x_wconf 88' lang='lat' dir='ltr'><strong>id</strong></span> <span class='ocrx_word' id='word_1_41' title='bbox 1704 818 1809 856; x_wconf 91' lang='lat' dir='ltr'><strong>non</strong></span> <span class='ocrx_word' id='word_1_42' title='bbox 1837 803 1995 858; x_wconf 87' lang='lat' dir='ltr'><strong>liceat</strong></span> <span class='ocrx_word' id='word_1_43' title='bbox 2021 821 2033 855; x_wconf 93' lang='lat'><strong>:</strong></span> <span class='ocrx_word' id='word_1_44' title='bbox 2062 818 2182 856; x_wconf 88' lang='lat' dir='ltr'><strong>nam</strong></span> 
     </span>
    </p>
   </div>
   <div class='ocr_carea' id='block_1_7' title="bbox 601 895 2185 962">
    <p class='ocr_par' dir='ltr' id='par_1_7' title="bbox 601 895 2185 962">
     <span class='ocr_line' id='line_1_7' title="bbox 601 895 2185 962; baseline -0.003 -11"><span class='ocrx_word' id='word_1_45' title='bbox 601 899 678 952; x_wconf 74' lang='lat' dir='ltr'><strong>ibi</strong></span> <span class='ocrx_word' id='word_1_46' title='bbox 707 899 858 952; x_wconf 87' lang='lat' dir='ltr'><strong>sedet</strong></span> <span class='ocrx_word' id='word_1_47' title='bbox 899 897 1199 952; x_wconf 77' lang='lat' dir='ltr'><strong>diademate</strong></span> <span class='ocrx_word' id='word_1_48' title='bbox 1240 907 1482 962; x_wconf 83' lang='lat' dir='ltr'><strong>ornatus,</strong></span> <span class='ocrx_word' id='word_1_49' title='bbox 1518 895 1728 950; x_wconf 83' lang='lat' dir='ltr'><strong>adstant</strong></span> <span class='ocrx_word' id='word_1_50' title='bbox 1773 904 1948 948; x_wconf 89' lang='lat' dir='ltr'><strong>autem</strong></span> <span class='ocrx_word' id='word_1_51' title='bbox 1999 909 2185 948; x_wconf 90' lang='lat' dir='ltr'><strong>omnes</strong></span> 
     </span>
    </p>
   </div>
   <div class='ocr_carea' id='block_1_8' title="bbox 601 985 2185 1056">
    <p class='ocr_par' dir='ltr' id='par_1_8' title="bbox 601 985 2185 1056">
     <span class='ocr_line' id='line_1_8' title="bbox 601 985 2185 1056; baseline -0.004 -12"><span class='ocrx_word' id='word_1_52' title='bbox 601 1001 728 1044; x_wconf 69' lang='lat' dir='ltr'><strong>cum</strong></span> <span class='ocrx_word' id='word_1_53' title='bbox 781 987 1028 1054; x_wconf 86' lang='lat' dir='ltr'><strong>silentio,</strong></span> <span class='ocrx_word' id='word_1_54' title='bbox 1072 988 1194 1044; x_wconf 90' lang='lat' dir='ltr'><strong>licet</strong></span> <span class='ocrx_word' id='word_1_55' title='bbox 1231 990 1282 1043; x_wconf 90' lang='lat' dir='ltr'><strong>in</strong></span> <span class='ocrx_word' id='word_1_56' title='bbox 1339 988 1585 1042; x_wconf 75' lang='lat' dir='ltr'><strong>maximis</strong></span> <span class='ocrx_word' id='word_1_57' title='bbox 1629 985 2022 1056; x_wconf 73' lang='lat' dir='ltr'><strong>magistratibus</strong></span> <span class='ocrx_word' id='word_1_58' title='bbox 2078 986 2185 1040; x_wconf 91' lang='lat' dir='ltr'><strong>sint</strong></span> 
     </span>
    </p>
   </div>
   <div class='ocr_carea' id='block_1_9' title="bbox 604 1076 2177 1148">
    <p class='ocr_par' dir='ltr' id='par_1_9' title="bbox 604 1076 2177 1148">
     <span class='ocr_line' id='line_1_9' title="bbox 604 1076 2177 1148; baseline -0.003 -14"><span class='ocrx_word' id='word_1_59' title='bbox 604 1082 900 1136; x_wconf 78' lang='lat' dir='ltr'><strong>constituti.</strong></span> <span class='ocrx_word' id='word_1_60' title='bbox 930 1079 1029 1136; x_wconf 76' lang='lat' dir='ltr'><strong>Hic</strong></span> <span class='ocrx_word' id='word_1_61' title='bbox 1063 1095 1195 1136; x_wconf 86' lang='lat' dir='ltr'><strong>vero</strong></span> <span class='ocrx_word' id='word_1_62' title='bbox 1222 1097 1326 1134; x_wconf 86' lang='lat' dir='ltr'><strong>non</strong></span> <span class='ocrx_word' id='word_1_63' title='bbox 1349 1081 1462 1144; x_wconf 88' lang='lat' dir='ltr'><strong>sic;</strong></span> <span class='ocrx_word' id='word_1_64' title='bbox 1489 1079 1581 1133; x_wconf 91' lang='lat' dir='ltr'><strong>sed</strong></span> <span class='ocrx_word' id='word_1_65' title='bbox 1624 1080 1857 1147; x_wconf 91' lang='lat' dir='ltr'><strong>loquitur</strong></span> <span class='ocrx_word' id='word_1_66' title='bbox 1889 1076 2177 1148; x_wconf 84' lang='lat' dir='ltr'><strong>Propheta,</strong></span> 
     </span>
    </p>
   </div>
   <div class='ocr_carea' id='block_1_10' title="bbox 604 1170 2182 1242">
    <p class='ocr_par' dir='ltr' id='par_1_10' title="bbox 604 1170 2182 1242">
     <span class='ocr_line' id='line_1_10' title="bbox 604 1170 2182 1242; baseline -0.001 -15"><span class='ocrx_word' id='word_1_67' title='bbox 604 1181 658 1227; x_wconf 90' lang='lat' dir='ltr'><strong>et</strong></span> <span class='ocrx_word' id='word_1_68' title='bbox 679 1187 867 1226; x_wconf 88' lang='lat' dir='ltr'><strong>omnes</strong></span> <span class='ocrx_word' id='word_1_69' title='bbox 893 1172 1300 1242; x_wconf 84' lang='lat' dir='ltr'><strong>respondemus,</strong></span> <span class='ocrx_word' id='word_1_70' title='bbox 1331 1185 1519 1226; x_wconf 90' lang='lat' dir='ltr'><strong>omnes</strong></span> <span class='ocrx_word' id='word_1_71' title='bbox 1562 1185 1664 1224; x_wconf 91' lang='lat' dir='ltr'><strong>una</strong></span> <span class='ocrx_word' id='word_1_72' title='bbox 1695 1170 1940 1223; x_wconf 91' lang='lat' dir='ltr'><strong>canimus</strong></span> <span class='ocrx_word' id='word_1_73' title='bbox 1969 1185 1982 1221; x_wconf 90' lang='lat'><strong>:</strong></span> <span class='ocrx_word' id='word_1_74' title='bbox 2008 1185 2182 1238; x_wconf 90' lang='lat' dir='ltr'><strong>neque</strong></span> 
     </span>
    </p>
   </div>
   <div class='ocr_carea' id='block_1_11' title="bbox 605 1260 2175 1330">
    <p class='ocr_par' dir='ltr' id='par_1_11' title="bbox 605 1260 2175 1330">
     <span class='ocr_line' id='line_1_11' title="bbox 605 1260 2175 1330; baseline -0.004 -10"><span class='ocrx_word' id='word_1_75' title='bbox 605 1266 727 1321; x_wconf 91' lang='lat' dir='ltr'><strong>licet</strong></span> <span class='ocrx_word' id='word_1_76' title='bbox 757 1266 841 1319; x_wconf 93' lang='lat' dir='ltr'><strong>hic</strong></span> <span class='ocrx_word' id='word_1_77' title='bbox 884 1279 1098 1320; x_wconf 90' lang='lat' dir='ltr'><strong>servum</strong></span> <span class='ocrx_word' id='word_1_78' title='bbox 1150 1263 1354 1330; x_wconf 88' lang='lat' dir='ltr'><strong>videre,</strong></span> <span class='ocrx_word' id='word_1_79' title='bbox 1402 1277 1502 1317; x_wconf 87' lang='lat' dir='ltr'><strong>nec</strong></span> <span class='ocrx_word' id='word_1_80' title='bbox 1522 1262 1770 1325; x_wconf 89' lang='lat' dir='ltr'><strong>liberum,</strong></span> <span class='ocrx_word' id='word_1_81' title='bbox 1797 1276 1896 1315; x_wconf 89' lang='lat' dir='ltr'><strong>nec</strong></span> <span class='ocrx_word' id='word_1_82' title='bbox 1937 1260 2175 1326; x_wconf 91' lang='lat' dir='ltr'><strong>divitem,</strong></span> 
     </span>
    </p>
   </div>
   <div class='ocr_carea' id='block_1_12' title="bbox 604 1351 2177 1426">
    <p class='ocr_par' dir='ltr' id='par_1_12' title="bbox 604 1351 2177 1426">
     <span class='ocr_line' id='line_1_12' title="bbox 604 1351 2177 1426; baseline -0.004 -13"><span class='ocrx_word' id='word_1_83' title='bbox 604 1371 704 1413; x_wconf 71' lang='lat' dir='ltr'><strong>nec</strong></span> <span class='ocrx_word' id='word_1_84' title='bbox 757 1370 1062 1426; x_wconf 88' lang='lat' dir='ltr'><strong>pauperem,</strong></span> <span class='ocrx_word' id='word_1_85' title='bbox 1097 1369 1197 1408; x_wconf 91' lang='lat' dir='ltr'><strong>nec</strong></span> <span class='ocrx_word' id='word_1_86' title='bbox 1235 1354 1554 1423; x_wconf 87' lang='lat' dir='ltr'><strong>principem,</strong></span> <span class='ocrx_word' id='word_1_87' title='bbox 1603 1367 1703 1407; x_wconf 81' lang='lat' dir='ltr'><strong>nec</strong></span> <span class='ocrx_word' id='word_1_88' title='bbox 1741 1353 2042 1421; x_wconf 89' lang='lat' dir='ltr'><strong>privatum;</strong></span> <span class='ocrx_word' id='word_1_89' title='bbox 2083 1351 2177 1406; x_wconf 89' lang='lat' dir='ltr'><strong>sed</strong></span> 
     </span>
    </p>
   </div>
   <div class='ocr_carea' id='block_1_13' title="bbox 603 1442 2177 1519">
    <p class='ocr_par' dir='ltr' id='par_1_13' title="bbox 603 1442 2177 1519">
     <span class='ocr_line' id='line_1_13' title="bbox 603 1442 2177 1519; baseline -0.003 -16"><span class='ocrx_word' id='word_1_90' title='bbox 603 1448 817 1519; x_wconf 86' lang='lat' dir='ltr'><strong>pellitur</strong></span> <span class='ocrx_word' id='word_1_91' title='bbox 862 1447 951 1501; x_wconf 86' lang='lat' dir='ltr'><strong>illa</strong></span> <span class='ocrx_word' id='word_1_92' title='bbox 980 1445 1253 1501; x_wconf 73' lang='lat' dir='ltr'><strong>szecularis</strong></span> <span class='ocrx_word' id='word_1_93' title='bbox 1306 1442 1658 1514; x_wconf 72' lang='lat' dir='ltr'><strong>iumqualitas.</strong></span> <span class='ocrx_word' id='word_1_94' title='bbox 1714 1458 1849 1498; x_wconf 91' lang='lat' dir='ltr'><strong>unus</strong></span> <span class='ocrx_word' id='word_1_95' title='bbox 1870 1443 2067 1498; x_wconf 89' lang='lat' dir='ltr'><strong>chorus</strong></span> <span class='ocrx_word' id='word_1_96' title='bbox 2110 1459 2177 1498; x_wconf 87' lang='lat' dir='ltr'><strong>ex</strong></span> 
     </span>
    </p>
   </div>
   <div class='ocr_carea' id='block_1_14' title="bbox 599 1537 2174 1609">
    <p class='ocr_par' dir='ltr' id='par_1_14' title="bbox 599 1537 2174 1609">
     <span class='ocr_line' id='line_1_14' title="bbox 599 1537 2174 1609; baseline -0.003 -11"><span class='ocrx_word' id='word_1_97' title='bbox 599 1542 848 1598; x_wconf 83' lang='lat' dir='ltr'><strong>omniints</strong></span> <span class='ocrx_word' id='word_1_98' title='bbox 895 1549 1268 1609; x_wconf 88' lang='lat' dir='ltr'><strong>congregatur,</strong></span> <span class='ocrx_word' id='word_1_99' title='bbox 1325 1537 1604 1608; x_wconf 72' lang='lat' dir='ltr'><strong>inqualitas</strong></span> <span class='ocrx_word' id='word_1_100' title='bbox 1647 1553 1857 1608; x_wconf 89' lang='lat' dir='ltr'><strong>quoque</strong></span> <span class='ocrx_word' id='word_1_101' title='bbox 1909 1539 2070 1592; x_wconf 91' lang='lat' dir='ltr'><strong>multa</strong></span> <span class='ocrx_word' id='word_1_102' title='bbox 2124 1543 2174 1593; x_wconf 89' lang='lat' dir='ltr'><strong>in</strong></span> 
     </span>
    </p>
   </div>
   <div class='ocr_carea' id='block_1_15' title="bbox 599 1626 2177 1694">
    <p class='ocr_par' dir='ltr' id='par_1_15' title="bbox 599 1626 2177 1694">
     <span class='ocr_line' id='line_1_15' title="bbox 599 1626 2177 1694; baseline -0.002 -8"><span class='ocrx_word' id='word_1_103' title='bbox 599 1633 817 1688; x_wconf 77' lang='lat' dir='ltr'><strong>vocibus</strong></span> <span class='ocrx_word' id='word_1_104' title='bbox 834 1639 935 1694; x_wconf 81' lang='lat' dir='ltr'><strong>est,</strong></span> <span class='ocrx_word' id='word_1_105' title='bbox 964 1645 1027 1684; x_wconf 90' lang='lat' dir='ltr'><strong>ac</strong></span> <span class='ocrx_word' id='word_1_106' title='bbox 1054 1630 1244 1684; x_wconf 65' lang='lat' dir='ltr'><strong>civium</strong></span> <span class='ocrx_word' id='word_1_107' title='bbox 1268 1639 1407 1683; x_wconf 90' lang='lat' dir='ltr'><strong>terra</strong></span> <span class='ocrx_word' id='word_1_108' title='bbox 1432 1628 1685 1682; x_wconf 89' lang='lat' dir='ltr'><strong>imitatur.</strong></span> <span class='ocrx_word' id='word_1_109' title='bbox 1707 1626 1875 1682; x_wconf 85' lang='lat' dir='ltr'><strong>Tanta</strong></span> <span class='ocrx_word' id='word_1_110' title='bbox 1899 1638 1978 1683; x_wconf 87' lang='lat' dir='ltr'><strong>est</strong></span> <span class='ocrx_word' id='word_1_111' title='bbox 1994 1628 2177 1683; x_wconf 79' lang='lat' dir='ltr'><strong>Eccle-</strong></span> 
     </span>
    </p>
   </div>
   <div class='ocr_carea' id='block_1_16' title="bbox 597 1718 2171 1790">
    <p class='ocr_par' dir='ltr' id='par_1_16' title="bbox 597 1718 2171 1790">
     <span class='ocr_line' id='line_1_16' title="bbox 597 1718 2171 1790; baseline -0.004 -11"><span class='ocrx_word' id='word_1_112' title='bbox 597 1725 690 1779; x_wconf 80' lang='lat' dir='ltr'><strong>sia:</strong></span> <span class='ocrx_word' id='word_1_113' title='bbox 707 1723 976 1778; x_wconf 86' lang='lat' dir='ltr'><strong>nobilitas.</strong></span> <span class='ocrx_word' id='word_1_114' title='bbox 997 1720 1175 1790; x_wconf 84' lang='lat' dir='ltr'><strong>Neque</strong></span> <span class='ocrx_word' id='word_1_115' title='bbox 1191 1719 1334 1774; x_wconf 90' lang='lat' dir='ltr'><strong>enim</strong></span> <span class='ocrx_word' id='word_1_116' title='bbox 1356 1719 1459 1773; x_wconf 90' lang='lat' dir='ltr'><strong>dici</strong></span> <span class='ocrx_word' id='word_1_117' title='bbox 1481 1727 1655 1787; x_wconf 85' lang='lat' dir='ltr'><strong>potest</strong></span> <span class='ocrx_word' id='word_1_118' title='bbox 1669 1719 1942 1772; x_wconf 85' lang='lat' dir='ltr'><strong>dominum</strong></span> <span class='ocrx_word' id='word_1_119' title='bbox 1959 1718 2171 1789; x_wconf 86' lang='lat' dir='ltr'><strong>quidem</strong></span> 
     </span>
    </p>
   </div>
   <div class='ocr_carea' id='block_1_17' title="bbox 588 1811 2173 1880">
    <p class='ocr_par' dir='ltr' id='par_1_17' title="bbox 588 1811 2173 1880">
     <span class='ocr_line' id='line_1_17' title="bbox 588 1811 2173 1880; baseline -0.004 -10"><span class='ocrx_word' id='word_1_120' title='bbox 588 1831 717 1870; x_wconf 77' lang='lat' dir='ltr'><strong>eum</strong></span> <span class='ocrx_word' id='word_1_121' title='bbox 743 1815 901 1868; x_wconf 86' lang='lat' dir='ltr'><strong>multa</strong></span> <span class='ocrx_word' id='word_1_122' title='bbox 947 1811 1271 1867; x_wconf 81' lang='lat' dir='ltr'><strong>confidentia</strong></span> <span class='ocrx_word' id='word_1_123' title='bbox 1318 1811 1568 1880; x_wconf 84' lang='lat' dir='ltr'><strong>psallere,</strong></span> <span class='ocrx_word' id='word_1_124' title='bbox 1603 1824 1813 1864; x_wconf 88' lang='lat' dir='ltr'><strong>servum</strong></span> <span class='ocrx_word' id='word_1_125' title='bbox 1859 1819 2037 1864; x_wconf 91' lang='lat' dir='ltr'><strong>autem</strong></span> <span class='ocrx_word' id='word_1_126' title='bbox 2088 1827 2173 1865; x_wconf 59' lang='lat' dir='ltr'><strong>re-</strong></span> 
     </span>
    </p>
   </div>
   <div class='ocr_carea' id='block_1_18' title="bbox 589 1901 2168 1980">
    <p class='ocr_par' dir='ltr' id='par_1_18' title="bbox 589 1901 2168 1980">
     <span class='ocr_line' id='line_1_18' title="bbox 589 1901 2168 1980; baseline -0.004 -18"><span class='ocrx_word' id='word_1_127' title='bbox 589 1907 770 1980; x_wconf 84' lang='lat' dir='ltr'><strong>primi;</strong></span> <span class='ocrx_word' id='word_1_128' title='bbox 791 1921 960 1976; x_wconf 89' lang='lat' dir='ltr'><strong>neque</strong></span> <span class='ocrx_word' id='word_1_129' title='bbox 982 1920 1214 1968; x_wconf 81' lang='lat' dir='ltr'><strong>rursum,</strong></span> <span class='ocrx_word' id='word_1_130' title='bbox 1228 1901 1667 1973; x_wconf 90' lang='lat' dir='ltr'><strong>divitemquidem</strong></span> <span class='ocrx_word' id='word_1_131' title='bbox 1684 1901 1913 1971; x_wconf 81' lang='lat' dir='ltr'><strong>linguam</strong></span> <span class='ocrx_word' id='word_1_132' title='bbox 1931 1916 2168 1970; x_wconf 83' lang='lat' dir='ltr'><strong>movere,</strong></span> 
     </span>
    </p>
   </div>
   <div class='ocr_carea' id='block_1_19' title="bbox 586 1993 2171 2069">
    <p class='ocr_par' dir='ltr' id='par_1_19' title="bbox 586 1993 2171 2069">
     <span class='ocr_line' id='line_1_19' title="bbox 586 1993 2171 2069; baseline -0.003 -17"><span class='ocrx_word' id='word_1_133' title='bbox 586 1999 810 2069; x_wconf 78' lang='lat' dir='ltr'><strong>pauperi</strong></span> <span class='ocrx_word' id='word_1_134' title='bbox 842 2007 1018 2052; x_wconf 88' lang='lat' dir='ltr'><strong>autem</strong></span> <span class='ocrx_word' id='word_1_135' title='bbox 1045 1994 1315 2050; x_wconf 88' lang='lat' dir='ltr'><strong>silentium</strong></span> <span class='ocrx_word' id='word_1_136' title='bbox 1345 1993 1624 2062; x_wconf 84' lang='lat' dir='ltr'><strong>imperari;</strong></span> <span class='ocrx_word' id='word_1_137' title='bbox 1651 2009 1822 2063; x_wconf 87' lang='lat' dir='ltr'><strong>neque</strong></span> <span class='ocrx_word' id='word_1_138' title='bbox 1854 1994 2063 2057; x_wconf 90' lang='lat' dir='ltr'><strong>iterum,</strong></span> <span class='ocrx_word' id='word_1_139' title='bbox 2093 1996 2171 2048; x_wconf 87' lang='lat' dir='ltr'><strong>vi-</strong></span> 
     </span>
    </p>
   </div>
   <div class='ocr_carea' id='block_1_20' title="bbox 583 2083 2170 2158">
    <p class='ocr_par' dir='ltr' id='par_1_20' title="bbox 583 2083 2170 2158">
     <span class='ocr_line' id='line_1_20' title="bbox 583 2083 2170 2158; baseline -0.001 -16"><span class='ocrx_word' id='word_1_140' title='bbox 583 2104 708 2142; x_wconf 77' lang='lat' dir='ltr'><strong>rum</strong></span> <span class='ocrx_word' id='word_1_141' title='bbox 725 2087 939 2158; x_wconf 65' lang='lat' dir='ltr'><strong>quidem</strong></span> <span class='ocrx_word' id='word_1_142' title='bbox 960 2101 1081 2142; x_wconf 86' lang='lat' dir='ltr'><strong>eum</strong></span> <span class='ocrx_word' id='word_1_143' title='bbox 1104 2085 1290 2140; x_wconf 86' lang='lat' dir='ltr'><strong>fiducia</strong></span> <span class='ocrx_word' id='word_1_144' title='bbox 1309 2099 1526 2150; x_wconf 86' lang='lat' dir='ltr'><strong>canere,</strong></span> <span class='ocrx_word' id='word_1_145' title='bbox 1544 2083 1820 2139; x_wconf 79' lang='lat' dir='ltr'><strong>mulierem</strong></span> <span class='ocrx_word' id='word_1_146' title='bbox 1845 2101 1970 2138; x_wconf 89' lang='lat' dir='ltr'><strong>vero</strong></span> <span class='ocrx_word' id='word_1_147' title='bbox 1993 2096 2170 2140; x_wconf 89' lang='lat' dir='ltr'><strong>tacere</strong></span> 
     </span>
    </p>
   </div>
   <div class='ocr_carea' id='block_1_21' title="bbox 576 2175 2168 2246">
    <p class='ocr_par' dir='ltr' id='par_1_21' title="bbox 576 2175 2168 2246">
     <span class='ocr_line' id='line_1_21' title="bbox 576 2175 2168 2246; baseline -0.001 -10"><span class='ocrx_word' id='word_1_148' title='bbox 576 2191 642 2237; x_wconf 70' lang='lat' dir='ltr'><strong>et</strong></span> <span class='ocrx_word' id='word_1_149' title='bbox 675 2181 790 2233; x_wconf 87' lang='lat' dir='ltr'><strong>sine</strong></span> <span class='ocrx_word' id='word_1_150' title='bbox 815 2193 946 2232; x_wconf 72' lang='lat' dir='ltr'><strong>voce</strong></span> <span class='ocrx_word' id='word_1_151' title='bbox 967 2187 1109 2232; x_wconf 89' lang='lat' dir='ltr'><strong>stare</strong></span> <span class='ocrx_word' id='word_1_152' title='bbox 1137 2195 1151 2232; x_wconf 91' lang='lat'><strong>:</strong></span> <span class='ocrx_word' id='word_1_153' title='bbox 1180 2175 1276 2231; x_wconf 88' lang='lat' dir='ltr'><strong>sed</strong></span> <span class='ocrx_word' id='word_1_154' title='bbox 1319 2191 1506 2231; x_wconf 90' lang='lat' dir='ltr'><strong>omnes</strong></span> <span class='ocrx_word' id='word_1_155' title='bbox 1544 2176 1657 2246; x_wconf 87' lang='lat' dir='ltr'><strong>pari</strong></span> <span class='ocrx_word' id='word_1_156' title='bbox 1697 2175 1901 2231; x_wconf 85' lang='lat' dir='ltr'><strong>honore</strong></span> <span class='ocrx_word' id='word_1_157' title='bbox 1931 2176 2168 2234; x_wconf 81' lang='lat' dir='ltr'><strong>fruentes</strong></span> 
     </span>
    </p>
   </div>
   <div class='ocr_carea' id='block_1_22' title="bbox 578 2268 2168 2332">
    <p class='ocr_par' dir='ltr' id='par_1_22' title="bbox 578 2268 2168 2332">
     <span class='ocr_line' id='line_1_22' title="bbox 578 2268 2168 2332; baseline -0.001 -7"><span class='ocrx_word' id='word_1_158' title='bbox 578 2286 872 2325; x_wconf 70' lang='lat' dir='ltr'><strong>commune</strong></span> <span class='ocrx_word' id='word_1_159' title='bbox 901 2270 1176 2323; x_wconf 70' lang='lat' dir='ltr'><strong>offerimus</strong></span> <span class='ocrx_word' id='word_1_160' title='bbox 1201 2268 1541 2332; x_wconf 81' lang='lat' dir='ltr'><strong>sacrificium,</strong></span> <span class='ocrx_word' id='word_1_161' title='bbox 1565 2283 1905 2323; x_wconf 76' lang='lat' dir='ltr'><strong>communem</strong></span> <span class='ocrx_word' id='word_1_162' title='bbox 1936 2271 2168 2325; x_wconf 90' lang='lat' dir='ltr'><strong>oblatio-</strong></span> 
     </span>
    </p>
   </div>
   <div class='ocr_carea' id='block_1_23' title="bbox 590 2361 2166 2433">
    <p class='ocr_par' dir='ltr' id='par_1_23' title="bbox 590 2361 2166 2433">
     <span class='ocr_line' id='line_1_23' title="bbox 590 2361 2166 2433; baseline 0.001 -16"><span class='ocrx_word' id='word_1_163' title='bbox 590 2378 709 2418; x_wconf 88' lang='lat' dir='ltr'><strong>nem</strong></span> <span class='ocrx_word' id='word_1_164' title='bbox 738 2379 947 2433; x_wconf 85' lang='lat' dir='ltr'><strong>:neque</strong></span> <span class='ocrx_word' id='word_1_165' title='bbox 990 2363 1110 2432; x_wconf 90' lang='lat' dir='ltr'><strong>plus</strong></span> <span class='ocrx_word' id='word_1_166' title='bbox 1134 2362 1292 2416; x_wconf 87' lang='lat' dir='ltr'><strong>habet</strong></span> <span class='ocrx_word' id='word_1_167' title='bbox 1321 2361 1407 2416; x_wconf 91' lang='lat' dir='ltr'><strong>hic</strong></span> <span class='ocrx_word' id='word_1_168' title='bbox 1444 2377 1602 2432; x_wconf 91' lang='lat' dir='ltr'><strong>quam</strong></span> <span class='ocrx_word' id='word_1_169' title='bbox 1631 2362 1744 2427; x_wconf 88' lang='lat' dir='ltr'><strong>ille,</strong></span> <span class='ocrx_word' id='word_1_170' title='bbox 1765 2379 1863 2417; x_wconf 84' lang='lat' dir='ltr'><strong>nec</strong></span> <span class='ocrx_word' id='word_1_171' title='bbox 1893 2364 1978 2418; x_wconf 89' lang='lat' dir='ltr'><strong>ille</strong></span> <span class='ocrx_word' id='word_1_172' title='bbox 2007 2379 2166 2433; x_wconf 83' lang='lat' dir='ltr'><strong>quam</strong></span> 
     </span>
    </p>
   </div>
   <div class='ocr_carea' id='block_1_24' title="bbox 581 2454 2166 2522">
    <p class='ocr_par' dir='ltr' id='par_1_24' title="bbox 581 2454 2166 2522">
     <span class='ocr_line' id='line_1_24' title="bbox 581 2454 2166 2522; baseline 0.002 -13"><span class='ocrx_word' id='word_1_173' title='bbox 581 2457 675 2511; x_wconf 76' lang='lat' dir='ltr'><strong>hic</strong></span> <span class='ocrx_word' id='word_1_174' title='bbox 694 2472 713 2522; x_wconf 87' lang='lat'><strong>;</strong></span> <span class='ocrx_word' id='word_1_175' title='bbox 733 2457 825 2510; x_wconf 89' lang='lat' dir='ltr'><strong>sed</strong></span> <span class='ocrx_word' id='word_1_176' title='bbox 852 2471 1040 2510; x_wconf 79' lang='lat' dir='ltr'><strong>omnes</strong></span> <span class='ocrx_word' id='word_1_177' title='bbox 1058 2456 1109 2508; x_wconf 92' lang='lat' dir='ltr'><strong>iu</strong></span> <span class='ocrx_word' id='word_1_178' title='bbox 1127 2455 1314 2509; x_wconf 89' lang='lat' dir='ltr'><strong>eodem</strong></span> <span class='ocrx_word' id='word_1_179' title='bbox 1334 2454 1556 2520; x_wconf 84' lang='lat' dir='ltr'><strong>honore,</strong></span> <span class='ocrx_word' id='word_1_180' title='bbox 1576 2467 1623 2509; x_wconf 89' lang='lat' dir='ltr'><strong>et</strong></span> <span class='ocrx_word' id='word_1_181' title='bbox 1649 2471 1749 2509; x_wconf 82' lang='lat' dir='ltr'><strong>nua</strong></span> <span class='ocrx_word' id='word_1_182' title='bbox 1764 2473 1867 2510; x_wconf 90' lang='lat' dir='ltr'><strong>vox</strong></span> <span class='ocrx_word' id='word_1_183' title='bbox 1891 2472 1919 2510; x_wconf 89' lang='lat' dir='ltr'><strong>a</strong></span> <span class='ocrx_word' id='word_1_184' title='bbox 1938 2457 2166 2512; x_wconf 81' lang='lat' dir='ltr'><strong>diversis</strong></span> 
     </span>
    </p>
   </div>
   <div class='ocr_carea' id='block_1_25' title="bbox 587 2549 2163 2619">
    <p class='ocr_par' dir='ltr' id='par_1_25' title="bbox 587 2549 2163 2619">
     <span class='ocr_line' id='line_1_25' title="bbox 587 2549 2163 2619; baseline 0.001 -17"><span class='ocrx_word' id='word_1_185' title='bbox 587 2550 781 2619; x_wconf 80' lang='lat' dir='ltr'><strong>linguis</strong></span> <span class='ocrx_word' id='word_1_186' title='bbox 802 2549 867 2603; x_wconf 87' lang='lat' dir='ltr'><strong>ad</strong></span> <span class='ocrx_word' id='word_1_187' title='bbox 893 2549 1038 2604; x_wconf 79' lang='lat' dir='ltr'><strong>Orbis</strong></span> <span class='ocrx_word' id='word_1_188' title='bbox 1053 2550 1367 2608; x_wconf 84' lang='lat' dir='ltr'><strong>Creatorem</strong></span> <span class='ocrx_word' id='word_1_189' title='bbox 1413 2549 1697 2602; x_wconf 80' lang='lat' dir='ltr'><strong>emittitur.</strong></span> <span class='ocrx_word' id='word_1_190' title='bbox 1727 2549 2033 2604; x_wconf 84' lang='lat' dir='ltr'><strong>Dillâ€˜ereutia</strong></span> <span class='ocrx_word' id='word_1_191' title='bbox 2065 2565 2163 2604; x_wconf 78' lang='lat' dir='ltr'><strong>au-</strong></span> 
     </span>
    </p>
   </div>
   <div class='ocr_carea' id='block_1_26' title="bbox 587 2640 2162 2705">
    <p class='ocr_par' dir='ltr' id='par_1_26' title="bbox 587 2640 2162 2705">
     <span class='ocr_line' id='line_1_26' title="bbox 587 2640 2162 2705; baseline 0.001 -10"><span class='ocrx_word' id='word_1_192' title='bbox 587 2653 692 2697; x_wconf 87' lang='lat' dir='ltr'><strong>tem</strong></span> <span class='ocrx_word' id='word_1_193' title='bbox 724 2652 825 2705; x_wconf 91' lang='lat' dir='ltr'><strong>est,</strong></span> <span class='ocrx_word' id='word_1_194' title='bbox 861 2659 964 2695; x_wconf 91' lang='lat' dir='ltr'><strong>non</strong></span> <span class='ocrx_word' id='word_1_195' title='bbox 995 2641 1046 2694; x_wconf 92' lang='lat' dir='ltr'><strong>in</strong></span> <span class='ocrx_word' id='word_1_196' title='bbox 1077 2655 1235 2696; x_wconf 89' lang='lat' dir='ltr'><strong>servo</strong></span> <span class='ocrx_word' id='word_1_197' title='bbox 1258 2649 1312 2695; x_wconf 90' lang='lat' dir='ltr'><strong>et</strong></span> <span class='ocrx_word' id='word_1_198' title='bbox 1340 2640 1390 2693; x_wconf 92' lang='lat' dir='ltr'><strong>in</strong></span> <span class='ocrx_word' id='word_1_199' title='bbox 1421 2640 1610 2704; x_wconf 89' lang='lat' dir='ltr'><strong>libero,</strong></span> <span class='ocrx_word' id='word_1_200' title='bbox 1644 2656 1748 2694; x_wconf 92' lang='lat' dir='ltr'><strong>non</strong></span> <span class='ocrx_word' id='word_1_201' title='bbox 1774 2641 1824 2693; x_wconf 92' lang='lat' dir='ltr'><strong>in</strong></span> <span class='ocrx_word' id='word_1_202' title='bbox 1850 2642 2015 2696; x_wconf 90' lang='lat' dir='ltr'><strong>divite</strong></span> <span class='ocrx_word' id='word_1_203' title='bbox 2037 2643 2162 2697; x_wconf 84' lang='lat' dir='ltr'><strong>etin</strong></span> 
     </span>
    </p>
   </div>
   <div class='ocr_carea' id='block_1_27' title="bbox 579 2732 2162 2806">
    <p class='ocr_par' dir='ltr' id='par_1_27' title="bbox 579 2732 2162 2806">
     <span class='ocr_line' id='line_1_27' title="bbox 579 2732 2162 2806; baseline 0.001 -19"><span class='ocrx_word' id='word_1_204' title='bbox 579 2750 844 2806; x_wconf 78' lang='lat' dir='ltr'><strong>paupere,</strong></span> <span class='ocrx_word' id='word_1_205' title='bbox 870 2749 974 2787; x_wconf 91' lang='lat' dir='ltr'><strong>non</strong></span> <span class='ocrx_word' id='word_1_206' title='bbox 1005 2732 1056 2786; x_wconf 93' lang='lat' dir='ltr'><strong>iu</strong></span> <span class='ocrx_word' id='word_1_207' title='bbox 1085 2733 1309 2787; x_wconf 88' lang='lat' dir='ltr'><strong>muliere</strong></span> <span class='ocrx_word' id='word_1_208' title='bbox 1338 2741 1393 2786; x_wconf 91' lang='lat' dir='ltr'><strong>et</strong></span> <span class='ocrx_word' id='word_1_209' title='bbox 1420 2732 1471 2786; x_wconf 91' lang='lat' dir='ltr'><strong>in</strong></span> <span class='ocrx_word' id='word_1_210' title='bbox 1495 2732 1631 2798; x_wconf 86' lang='lat' dir='ltr'><strong>viro,</strong></span> <span class='ocrx_word' id='word_1_211' title='bbox 1659 2732 1750 2786; x_wconf 88' lang='lat' dir='ltr'><strong>sed</strong></span> <span class='ocrx_word' id='word_1_212' title='bbox 1781 2733 1830 2786; x_wconf 90' lang='lat' dir='ltr'><strong>in</strong></span> <span class='ocrx_word' id='word_1_213' title='bbox 1873 2733 2071 2797; x_wconf 87' lang='lat' dir='ltr'><strong>animo,</strong></span> <span class='ocrx_word' id='word_1_214' title='bbox 2111 2734 2162 2788; x_wconf 94' lang='lat' dir='ltr'><strong>iu</strong></span> 
     </span>
    </p>
   </div>
   <div class='ocr_carea' id='block_1_28' title="bbox 579 2823 2164 2895">
    <p class='ocr_par' dir='ltr' id='par_1_28' title="bbox 579 2823 2164 2895">
     <span class='ocr_line' id='line_1_28' title="bbox 579 2823 2164 2895; baseline -0.003 -13"><span class='ocrx_word' id='word_1_215' title='bbox 579 2843 710 2882; x_wconf 67' lang='lat' dir='ltr'><strong>cura</strong></span> <span class='ocrx_word' id='word_1_216' title='bbox 736 2837 788 2881; x_wconf 90' lang='lat' dir='ltr'><strong>et</strong></span> <span class='ocrx_word' id='word_1_217' title='bbox 809 2828 860 2880; x_wconf 92' lang='lat' dir='ltr'><strong>in</strong></span> <span class='ocrx_word' id='word_1_218' title='bbox 887 2825 1114 2895; x_wconf 76' lang='lat' dir='ltr'><strong>ignavia,</strong></span> <span class='ocrx_word' id='word_1_219' title='bbox 1139 2825 1190 2878; x_wconf 93' lang='lat' dir='ltr'><strong>in</strong></span> <span class='ocrx_word' id='word_1_220' title='bbox 1212 2823 1340 2878; x_wconf 89' lang='lat' dir='ltr'><strong>vitio</strong></span> <span class='ocrx_word' id='word_1_221' title='bbox 1353 2833 1405 2878; x_wconf 93' lang='lat' dir='ltr'><strong>et</strong></span> <span class='ocrx_word' id='word_1_222' title='bbox 1422 2824 1638 2879; x_wconf 89' lang='lat' dir='ltr'><strong>virtute.</strong></span> <span class='ocrx_word' id='word_1_223' title='bbox 1658 2823 1731 2878; x_wconf 88' lang='lat' dir='ltr'><strong>Ita</strong></span> <span class='ocrx_word' id='word_1_224' title='bbox 1753 2823 1894 2878; x_wconf 91' lang='lat' dir='ltr'><strong>enim</strong></span> <span class='ocrx_word' id='word_1_225' title='bbox 1916 2838 2016 2894; x_wconf 88' lang='lat' dir='ltr'><strong>ego</strong></span> <span class='ocrx_word' id='word_1_226' title='bbox 2031 2824 2164 2879; x_wconf 89' lang='lat' dir='ltr'><strong>adeo</strong></span> 
     </span>
    </p>
   </div>
   <div class='ocr_carea' id='block_1_29' title="bbox 583 2913 2166 2987">
    <p class='ocr_par' dir='ltr' id='par_1_29' title="bbox 583 2913 2166 2987">
     <span class='ocr_line' id='line_1_29' title="bbox 583 2913 2166 2987; baseline -0.005 -12"><span class='ocrx_word' id='word_1_227' title='bbox 583 2919 799 2974; x_wconf 79' lang='lat' dir='ltr'><strong>divitem</strong></span> <span class='ocrx_word' id='word_1_228' title='bbox 825 2931 1134 2987; x_wconf 84' lang='lat' dir='ltr'><strong>pauperem,</strong></span> <span class='ocrx_word' id='word_1_229' title='bbox 1171 2925 1225 2971; x_wconf 89' lang='lat' dir='ltr'><strong>et</strong></span> <span class='ocrx_word' id='word_1_230' title='bbox 1251 2931 1537 2985; x_wconf 83' lang='lat' dir='ltr'><strong>pauperem</strong></span> <span class='ocrx_word' id='word_1_231' title='bbox 1568 2913 1791 2970; x_wconf 90' lang='lat' dir='ltr'><strong>divitem</strong></span> <span class='ocrx_word' id='word_1_232' title='bbox 1820 2928 2015 2970; x_wconf 79' lang='lat' dir='ltr'><strong>vocare</strong></span> <span class='ocrx_word' id='word_1_233' title='bbox 2043 2933 2166 2986; x_wconf 85' lang='lat' dir='ltr'><strong>pos-</strong></span> 
     </span>
    </p>
   </div>
   <div class='ocr_carea' id='block_1_30' title="bbox 582 3007 2165 3078">
    <p class='ocr_par' dir='ltr' id='par_1_30' title="bbox 582 3007 2165 3078">
     <span class='ocr_line' id='line_1_30' title="bbox 582 3007 2165 3078; baseline -0.003 -13"><span class='ocrx_word' id='word_1_234' title='bbox 582 3026 724 3076; x_wconf 86' lang='lat' dir='ltr'><strong>sum,</strong></span> <span class='ocrx_word' id='word_1_235' title='bbox 751 3019 805 3064; x_wconf 92' lang='lat' dir='ltr'><strong>et</strong></span> <span class='ocrx_word' id='word_1_236' title='bbox 823 3010 1100 3064; x_wconf 89' lang='lat' dir='ltr'><strong>mulierem</strong></span> <span class='ocrx_word' id='word_1_237' title='bbox 1118 3009 1310 3074; x_wconf 87' lang='lat' dir='ltr'><strong>virum,</strong></span> <span class='ocrx_word' id='word_1_238' title='bbox 1329 3007 1612 3078; x_wconf 86' lang='lat' dir='ltr'><strong>virumque</strong></span> <span class='ocrx_word' id='word_1_239' title='bbox 1629 3007 1931 3076; x_wconf 89' lang='lat' dir='ltr'><strong>mulierem,</strong></span> <span class='ocrx_word' id='word_1_240' title='bbox 1954 3017 2008 3063; x_wconf 89' lang='lat' dir='ltr'><strong>et</strong></span> <span class='ocrx_word' id='word_1_241' title='bbox 2038 3009 2165 3064; x_wconf 84' lang='lat' dir='ltr'><strong>idio-</strong></span> 
     </span>
    </p>
   </div>
   <div class='ocr_carea' id='block_1_31' title="bbox 577 3099 2160 3171">
    <p class='ocr_par' dir='ltr' id='par_1_31' title="bbox 577 3099 2160 3171">
     <span class='ocr_line' id='line_1_31' title="bbox 577 3099 2160 3171; baseline 0 -15"><span class='ocrx_word' id='word_1_242' title='bbox 577 3111 686 3156; x_wconf 83' lang='lat' dir='ltr'><strong>tam</strong></span> <span class='ocrx_word' id='word_1_243' title='bbox 727 3102 1043 3171; x_wconf 85' lang='lat' dir='ltr'><strong>sapientem,</strong></span> <span class='ocrx_word' id='word_1_244' title='bbox 1085 3099 1489 3170; x_wconf 85' lang='lat' dir='ltr'><strong>sapientemque</strong></span> <span class='ocrx_word' id='word_1_245' title='bbox 1535 3099 1924 3156; x_wconf 79' lang='lat' dir='ltr'><strong>idiotamznon</strong></span> <span class='ocrx_word' id='word_1_246' title='bbox 1981 3118 2160 3157; x_wconf 89' lang='lat' dir='ltr'><strong>rerum</strong></span> 
     </span>
    </p>
   </div>
   <div class='ocr_carea' id='block_1_32' title="bbox 582 3194 2159 3266">
    <p class='ocr_par' dir='ltr' id='par_1_32' title="bbox 582 3194 2159 3266">
     <span class='ocr_line' id='line_1_32' title="bbox 582 3194 2159 3266; baseline 0.001 -16"><span class='ocrx_word' id='word_1_247' title='bbox 582 3206 826 3250; x_wconf 85' lang='lat' dir='ltr'><strong>naturam</strong></span> <span class='ocrx_word' id='word_1_248' title='bbox 847 3196 1203 3263; x_wconf 83' lang='lat' dir='ltr'><strong>confundens,</strong></span> <span class='ocrx_word' id='word_1_249' title='bbox 1217 3194 1312 3250; x_wconf 90' lang='lat' dir='ltr'><strong>sed</strong></span> <span class='ocrx_word' id='word_1_250' title='bbox 1335 3196 1591 3265; x_wconf 81' lang='lat' dir='ltr'><strong>optimam</strong></span> <span class='ocrx_word' id='word_1_251' title='bbox 1615 3195 1851 3266; x_wconf 87' lang='lat' dir='ltr'><strong>regulam</strong></span> <span class='ocrx_word' id='word_1_252' title='bbox 1880 3197 2159 3263; x_wconf 84' lang='lat' dir='ltr'><strong>inducens,</strong></span> 
     </span>
    </p>
   </div>
   <div class='ocr_carea' id='block_1_33' title="bbox 579 3285 2161 3358">
    <p class='ocr_par' dir='ltr' id='par_1_33' title="bbox 579 3285 2161 3358">
     <span class='ocr_line' id='line_1_33' title="bbox 579 3285 2161 3358; baseline 0.001 -19"><span class='ocrx_word' id='word_1_253' title='bbox 579 3304 698 3358; x_wconf 75' lang='lat' dir='ltr'><strong>qua:</strong></span> <span class='ocrx_word' id='word_1_254' title='bbox 738 3289 917 3340; x_wconf 86' lang='lat' dir='ltr'><strong>omnia</strong></span> <span class='ocrx_word' id='word_1_255' title='bbox 964 3287 1215 3357; x_wconf 74' lang='lat' dir='ltr'><strong>corrigat.</strong></span> <span class='ocrx_word' id='word_1_256' title='bbox 1246 3286 1311 3340; x_wconf 88' lang='lat' dir='ltr'><strong>Et</strong></span> <span class='ocrx_word' id='word_1_257' title='bbox 1349 3285 1637 3355; x_wconf 91' lang='lat' dir='ltr'><strong>quomodo,</strong></span> <span class='ocrx_word' id='word_1_258' title='bbox 1668 3285 1898 3357; x_wconf 86' lang='lat' dir='ltr'><strong>inquies,</strong></span> <span class='ocrx_word' id='word_1_259' title='bbox 1933 3289 2012 3340; x_wconf 87' lang='lat' dir='ltr'><strong>vir</strong></span> <span class='ocrx_word' id='word_1_260' title='bbox 2040 3303 2161 3341; x_wconf 83' lang='lat' dir='ltr'><strong>mu-</strong></span> 
     </span>
    </p>
   </div>
   <div class='ocr_carea' id='block_1_34' title="bbox 580 3376 2156 3449">
    <p class='ocr_par' dir='ltr' id='par_1_34' title="bbox 580 3376 2156 3449">
     <span class='ocr_line' id='line_1_34' title="bbox 580 3376 2156 3449; baseline -0.003 -15"><span class='ocrx_word' id='word_1_261' title='bbox 580 3381 698 3445; x_wconf 84' lang='lat' dir='ltr'><strong>lier,</strong></span> <span class='ocrx_word' id='word_1_262' title='bbox 730 3392 781 3434; x_wconf 88' lang='lat' dir='ltr'><strong>et</strong></span> <span class='ocrx_word' id='word_1_263' title='bbox 828 3379 1020 3432; x_wconf 83' lang='lat' dir='ltr'><strong>mulier</strong></span> <span class='ocrx_word' id='word_1_264' title='bbox 1049 3380 1130 3432; x_wconf 89' lang='lat' dir='ltr'><strong>vir</strong></span> <span class='ocrx_word' id='word_1_265' title='bbox 1161 3379 1273 3432; x_wconf 85' lang='lat' dir='ltr'><strong>fieri</strong></span> <span class='ocrx_word' id='word_1_266' title='bbox 1303 3377 1508 3449; x_wconf 90' lang='lat' dir='ltr'><strong>possit?</strong></span> <span class='ocrx_word' id='word_1_267' title='bbox 1547 3376 1662 3432; x_wconf 84' lang='lat' dir='ltr'><strong>Non</strong></span> <span class='ocrx_word' id='word_1_268' title='bbox 1701 3387 1901 3432; x_wconf 89' lang='lat' dir='ltr'><strong>mutata</strong></span> <span class='ocrx_word' id='word_1_269' title='bbox 1949 3388 2156 3445; x_wconf 88' lang='lat' dir='ltr'><strong>natura,</strong></span> 
     </span>
    </p>
   </div>
   <div class='ocr_carea' id='block_1_35' title="bbox 579 3469 2158 3527">
    <p class='ocr_par' dir='ltr' id='par_1_35' title="bbox 579 3469 2158 3527">
     <span class='ocr_line' id='line_1_35' title="bbox 579 3469 2158 3527; baseline -0.001 -1"><span class='ocrx_word' id='word_1_270' title='bbox 579 3473 673 3527; x_wconf 88' lang='lat' dir='ltr'><strong>sed</strong></span> <span class='ocrx_word' id='word_1_271' title='bbox 697 3473 813 3526; x_wconf 43' lang='lat' dir='ltr'><strong>vita.</strong></span> <span class='ocrx_word' id='word_1_272' title='bbox 842 3473 1104 3526; x_wconf 67' lang='lat' dir='ltr'><strong>instituto.</strong></span> <span class='ocrx_word' id='word_1_273' title='bbox 1132 3469 1265 3526; x_wconf 91' lang='lat' dir='ltr'><strong>Cum</strong></span> <span class='ocrx_word' id='word_1_274' title='bbox 1295 3471 1438 3526; x_wconf 90' lang='lat' dir='ltr'><strong>enim</strong></span> <span class='ocrx_word' id='word_1_275' title='bbox 1470 3471 1628 3525; x_wconf 90' lang='lat' dir='ltr'><strong>video</strong></span> <span class='ocrx_word' id='word_1_276' title='bbox 1676 3469 1946 3524; x_wconf 90' lang='lat' dir='ltr'><strong>hominem</strong></span> <span class='ocrx_word' id='word_1_277' title='bbox 1969 3485 2158 3524; x_wconf 86' lang='lat' dir='ltr'><strong>aurum</strong></span> 
     </span>
    </p>
   </div>
   <div class='ocr_carea' id='block_1_36' title="bbox 575 3563 2158 3636">
    <p class='ocr_par' dir='ltr' id='par_1_36' title="bbox 575 3563 2158 3636">
     <span class='ocr_line' id='line_1_36' title="bbox 575 3563 2158 3636; baseline -0.002 -16"><span class='ocrx_word' id='word_1_278' title='bbox 575 3574 892 3636; x_wconf 71' lang='lat' dir='ltr'><strong>gestantem,</strong></span> <span class='ocrx_word' id='word_1_279' title='bbox 921 3565 1408 3636; x_wconf 82' lang='lat' dir='ltr'><strong>elegantem,coma</strong></span> <span class='ocrx_word' id='word_1_280' title='bbox 1435 3573 1705 3629; x_wconf 90' lang='lat' dir='ltr'><strong>ornatum,</strong></span> <span class='ocrx_word' id='word_1_281' title='bbox 1734 3564 2019 3634; x_wconf 83' lang='lat' dir='ltr'><strong>unguentis</strong></span> <span class='ocrx_word' id='word_1_282' title='bbox 2050 3563 2158 3617; x_wconf 83' lang='lat' dir='ltr'><strong>fra-</strong></span> 
     </span>
    </p>
   </div>
   <div class='ocr_carea' id='block_1_37' title="bbox 576 3656 2153 3729">
    <p class='ocr_par' dir='ltr' id='par_1_37' title="bbox 576 3656 2153 3729">
     <span class='ocr_line' id='line_1_37' title="bbox 576 3656 2153 3729; baseline -0.003 -18"><span class='ocrx_word' id='word_1_283' title='bbox 576 3667 842 3729; x_wconf 82' lang='lat' dir='ltr'><strong>grantem,</strong></span> <span class='ocrx_word' id='word_1_284' title='bbox 874 3672 994 3712; x_wconf 92' lang='lat' dir='ltr'><strong>cum</strong></span> <span class='ocrx_word' id='word_1_285' title='bbox 1025 3657 1176 3711; x_wconf 91' lang='lat' dir='ltr'><strong>molli</strong></span> <span class='ocrx_word' id='word_1_286' title='bbox 1197 3656 1422 3710; x_wconf 89' lang='lat' dir='ltr'><strong>vestium</strong></span> <span class='ocrx_word' id='word_1_287' title='bbox 1447 3657 1668 3722; x_wconf 83' lang='lat' dir='ltr'><strong>amictu,</strong></span> <span class='ocrx_word' id='word_1_288' title='bbox 1693 3656 1923 3710; x_wconf 89' lang='lat' dir='ltr'><strong>femineo</strong></span> <span class='ocrx_word' id='word_1_289' title='bbox 1945 3671 2153 3726; x_wconf 88' lang='lat' dir='ltr'><strong>gressu,</strong></span> 
     </span>
    </p>
   </div>
   <div class='ocr_carea' id='block_1_38' title="bbox 576 3748 2158 3820">
    <p class='ocr_par' dir='ltr' id='par_1_38' title="bbox 576 3748 2158 3820">
     <span class='ocr_line' id='line_1_38' title="bbox 576 3748 2158 3820; baseline -0.001 -16"><span class='ocrx_word' id='word_1_290' title='bbox 576 3750 782 3806; x_wconf 88' lang='lat' dir='ltr'><strong>deliciis</strong></span> <span class='ocrx_word' id='word_1_291' title='bbox 799 3765 1017 3820; x_wconf 91' lang='lat' dir='ltr'><strong>operam</strong></span> <span class='ocrx_word' id='word_1_292' title='bbox 1037 3748 1251 3803; x_wconf 85' lang='lat' dir='ltr'><strong>dantem</strong></span> <span class='ocrx_word' id='word_1_293' title='bbox 1270 3748 1562 3818; x_wconf 89' lang='lat' dir='ltr'><strong>:quomodo</strong></span> <span class='ocrx_word' id='word_1_294' title='bbox 1581 3749 1778 3817; x_wconf 87' lang='lat' dir='ltr'><strong>possim</strong></span> <span class='ocrx_word' id='word_1_295' title='bbox 1805 3749 1950 3802; x_wconf 92' lang='lat' dir='ltr'><strong>illum</strong></span> <span class='ocrx_word' id='word_1_296' title='bbox 1969 3763 2158 3802; x_wconf 83' lang='lat' dir='ltr'><strong>vocare</strong></span> 
     </span>
    </p>
   </div>
   <div class='ocr_carea' id='block_1_39' title="bbox 578 3839 2153 3913">
    <p class='ocr_par' dir='ltr' id='par_1_39' title="bbox 578 3839 2153 3913">
     <span class='ocr_line' id='line_1_39' title="bbox 578 3839 2153 3913; baseline -0.001 -17"><span class='ocrx_word' id='word_1_297' title='bbox 578 3845 772 3908; x_wconf 75' lang='lat' dir='ltr'><strong>vinun,</strong></span> <span class='ocrx_word' id='word_1_298' title='bbox 801 3843 888 3913; x_wconf 87' lang='lat' dir='ltr'><strong>qui</strong></span> <span class='ocrx_word' id='word_1_299' title='bbox 912 3851 1113 3896; x_wconf 73' lang='lat' dir='ltr'><strong>natura:</strong></span> <span class='ocrx_word' id='word_1_300' title='bbox 1131 3842 1462 3897; x_wconf 79' lang='lat' dir='ltr'><strong>nobilitatem</strong></span> <span class='ocrx_word' id='word_1_301' title='bbox 1488 3839 1721 3911; x_wconf 89' lang='lat' dir='ltr'><strong>prodidit</strong></span> <span class='ocrx_word' id='word_1_302' title='bbox 1738 3849 1792 3896; x_wconf 93' lang='lat' dir='ltr'><strong>et</strong></span> <span class='ocrx_word' id='word_1_303' title='bbox 1808 3841 1858 3895; x_wconf 89' lang='lat' dir='ltr'><strong>in</strong></span> <span class='ocrx_word' id='word_1_304' title='bbox 1877 3842 2153 3896; x_wconf 85' lang='lat' dir='ltr'><strong>mulierem</strong></span> 
     </span>
    </p>
   </div>
   <div class='ocr_carea' id='block_1_40' title="bbox 572 3934 2157 4005">
    <p class='ocr_par' dir='ltr' id='par_1_40' title="bbox 572 3934 2157 4005">
     <span class='ocr_line' id='line_1_40' title="bbox 572 3934 2157 4005; baseline -0.003 -14"><span class='ocrx_word' id='word_1_305' title='bbox 572 3950 867 3991; x_wconf 80' lang='lat' dir='ltr'><strong>conversus</strong></span> <span class='ocrx_word' id='word_1_306' title='bbox 914 3936 1030 3990; x_wconf 88' lang='lat' dir='ltr'><strong>est?</strong></span> <span class='ocrx_word' id='word_1_307' title='bbox 1065 3935 1272 3989; x_wconf 80' lang='lat' dir='ltr'><strong>Etenim</strong></span> <span class='ocrx_word' id='word_1_308' title='bbox 1317 3949 1383 3988; x_wconf 91' lang='lat' dir='ltr'><strong>ne</strong></span> <span class='ocrx_word' id='word_1_309' title='bbox 1433 3934 1714 3988; x_wconf 75' lang='lat' dir='ltr'><strong>mulierem</strong></span> <span class='ocrx_word' id='word_1_310' title='bbox 1748 3934 1963 4005; x_wconf 88' lang='lat' dir='ltr'><strong>quidem</strong></span> <span class='ocrx_word' id='word_1_311' title='bbox 1994 3935 2044 3987; x_wconf 94' lang='lat' dir='ltr'><strong>id</strong></span> <span class='ocrx_word' id='word_1_312' title='bbox 2081 3936 2157 3987; x_wconf 81' lang='lat' dir='ltr'><strong>fa-</strong></span> 
     </span>
    </p>
   </div>
   <div class='ocr_carea' id='block_1_41' title="bbox 575 4026 2152 4098">
    <p class='ocr_par' dir='ltr' id='par_1_41' title="bbox 575 4026 2152 4098">
     <span class='ocr_line' id='line_1_41' title="bbox 575 4026 2152 4098; baseline -0.001 -15"><span class='ocrx_word' id='word_1_313' title='bbox 575 4029 805 4084; x_wconf 89' lang='lat' dir='ltr'><strong>cientem</strong></span> <span class='ocrx_word' id='word_1_314' title='bbox 862 4029 1002 4081; x_wconf 92' lang='lat' dir='ltr'><strong>inter</strong></span> <span class='ocrx_word' id='word_1_315' title='bbox 1032 4027 1271 4082; x_wconf 81' lang='lat' dir='ltr'><strong>viventes</strong></span> <span class='ocrx_word' id='word_1_316' title='bbox 1323 4026 1518 4082; x_wconf 79' lang='lat' dir='ltr'><strong>Paulus</strong></span> <span class='ocrx_word' id='word_1_317' title='bbox 1563 4042 1847 4082; x_wconf 88' lang='lat' dir='ltr'><strong>numerare</strong></span> <span class='ocrx_word' id='word_1_318' title='bbox 1875 4027 2152 4098; x_wconf 82' lang='lat' dir='ltr'><strong>dignatur,</strong></span> 
     </span>
    </p>
   </div>
   <div class='ocr_carea' id='block_1_42' title="bbox 576 4117 2155 4181">
    <p class='ocr_par' dir='ltr' id='par_1_42' title="bbox 576 4117 2155 4181">
     <span class='ocr_line' id='line_1_42' title="bbox 576 4117 2155 4181; baseline 0.001 -10"><span class='ocrx_word' id='word_1_319' title='bbox 576 4119 668 4174; x_wconf 91' lang='lat' dir='ltr'><strong>sed</strong></span> <span class='ocrx_word' id='word_1_320' title='bbox 694 4119 836 4173; x_wconf 84' lang='lat' dir='ltr'><strong>iilam</strong></span> <span class='ocrx_word' id='word_1_321' title='bbox 859 4119 1088 4172; x_wconf 89' lang='lat' dir='ltr'><strong>secrevit</strong></span> <span class='ocrx_word' id='word_1_322' title='bbox 1110 4118 1177 4172; x_wconf 92' lang='lat' dir='ltr'><strong>de</strong></span> <span class='ocrx_word' id='word_1_323' title='bbox 1201 4118 1442 4172; x_wconf 89' lang='lat' dir='ltr'><strong>vivorum</strong></span> <span class='ocrx_word' id='word_1_324' title='bbox 1468 4117 1657 4181; x_wconf 88' lang='lat' dir='ltr'><strong>choro,</strong></span> <span class='ocrx_word' id='word_1_325' title='bbox 1680 4126 1733 4172; x_wconf 93' lang='lat' dir='ltr'><strong>et</strong></span> <span class='ocrx_word' id='word_1_326' title='bbox 1754 4118 1893 4172; x_wconf 89' lang='lat' dir='ltr'><strong>inter</strong></span> <span class='ocrx_word' id='word_1_327' title='bbox 1917 4128 2155 4172; x_wconf 90' lang='lat' dir='ltr'><strong>mortuos</strong></span> 
     </span>
    </p>
   </div>
   <div class='ocr_carea' id='block_1_43' title="bbox 567 4208 2156 4276">
    <p class='ocr_par' dir='ltr' id='par_1_43' title="bbox 567 4208 2156 4276">
     <span class='ocr_line' id='line_1_43' title="bbox 567 4208 2156 4276; baseline 0 -13"><span class='ocrx_word' id='word_1_328' title='bbox 567 4210 869 4274; x_wconf 73' lang='lat' dir='ltr'><strong>constituit,</strong></span> <span class='ocrx_word' id='word_1_329' title='bbox 913 4210 1099 4264; x_wconf 86' lang='lat' dir='ltr'><strong>dicens</strong></span> <span class='ocrx_word' id='word_1_330' title='bbox 1132 4225 1145 4262; x_wconf 90' lang='lat'><strong>:</strong></span> <span class='ocrx_word' id='word_1_331' title='bbox 1182 4209 1308 4276; x_wconf 80' lang='lat' dir='ltr'><strong>Qua:</strong></span> <span class='ocrx_word' id='word_1_332' title='bbox 1349 4220 1515 4263; x_wconf 86' lang='lat' dir='ltr'><strong>autem</strong></span> <span class='ocrx_word' id='word_1_333' title='bbox 1554 4211 1606 4262; x_wconf 90' lang='lat' dir='ltr'><strong>in</strong></span> <span class='ocrx_word' id='word_1_334' title='bbox 1635 4208 1828 4263; x_wconf 75' lang='lat' dir='ltr'><strong>deliciis</strong></span> <span class='ocrx_word' id='word_1_335' title='bbox 1855 4219 1947 4276; x_wconf 77' lang='lat' dir='ltr'><strong>est,</strong></span> <span class='ocrx_word' id='word_1_336' title='bbox 1991 4209 2156 4263; x_wconf 78' lang='lat' dir='ltr'><strong>vivens</strong></span> 
     </span>
    </p>
   </div>
   <div class='ocr_carea' id='block_1_44' title="bbox 576 4301 2156 4374">
    <p class='ocr_par' dir='ltr' id='par_1_44' title="bbox 576 4301 2156 4374">
     <span class='ocr_line' id='line_1_44' title="bbox 576 4301 2156 4374; baseline 0.003 -21"><span class='ocrx_word' id='word_1_337' title='bbox 576 4311 774 4354; x_wconf 83' lang='lat' dir='ltr'><strong>mortua</strong></span> <span class='ocrx_word' id='word_1_338' title='bbox 798 4313 867 4356; x_wconf 84' lang='lat' dir='ltr'><strong>est</strong></span> <span class='ocrx_word' id='word_1_339' title='bbox 880 4301 903 4373; x_wconf 60' lang='grc' dir='ltr'><strong>Ï„(</strong></span> <span class='ocrx_word' id='word_1_340' title='bbox 934 4302 983 4357; x_wconf 76' lang='grc'><strong>1.</strong></span> <span class='ocrx_word' id='word_1_341' title='bbox 1007 4301 1136 4355; x_wconf 87' lang='lat' dir='ltr'><strong>Tim.</strong></span> <span class='ocrx_word' id='word_1_342' title='bbox 1156 4304 1210 4358; x_wconf 85' lang='lat'><strong>5.</strong></span> <span class='ocrx_word' id='word_1_343' title='bbox 1230 4301 1262 4357; x_wconf 90' lang='lat'><strong>6</strong></span> <span class='ocrx_word' id='word_1_344' title='bbox 1287 4302 1306 4374; x_wconf 93' lang='lat'>)</span> <span class='ocrx_word' id='word_1_345' title='bbox 1335 4319 1348 4356; x_wconf 92' lang='lat'><strong>:</strong></span> <span class='ocrx_word' id='word_1_346' title='bbox 1374 4301 1642 4372; x_wconf 91' lang='lat' dir='ltr'><strong>quomodo</strong></span> <span class='ocrx_word' id='word_1_347' title='bbox 1671 4318 1797 4374; x_wconf 83' lang='lat' dir='ltr'><strong>ergo</strong></span> <span class='ocrx_word' id='word_1_348' title='bbox 1824 4303 1903 4357; x_wconf 87' lang='lat' dir='ltr'><strong>vir</strong></span> <span class='ocrx_word' id='word_1_349' title='bbox 1941 4302 2053 4357; x_wconf 72' lang='lat' dir='ltr'><strong>hinc</strong></span> <span class='ocrx_word' id='word_1_350' title='bbox 2081 4303 2156 4357; x_wconf 89' lang='lat' dir='ltr'><strong>fa-</strong></span> 
     </span>
    </p>
   </div>
   <div class='ocr_carea' id='block_1_45' title="bbox 573 4394 2148 4465">
    <p class='ocr_par' dir='ltr' id='par_1_45' title="bbox 573 4394 2148 4465">
     <span class='ocr_line' id='line_1_45' title="bbox 573 4394 2148 4465; baseline 0.001 -17"><span class='ocrx_word' id='word_1_351' title='bbox 573 4395 722 4449; x_wconf 87' lang='lat' dir='ltr'><strong>ciens</strong></span> <span class='ocrx_word' id='word_1_352' title='bbox 749 4394 798 4448; x_wconf 90' lang='lat' dir='ltr'><strong>in</strong></span> <span class='ocrx_word' id='word_1_353' title='bbox 825 4396 1059 4448; x_wconf 80' lang='lat' dir='ltr'><strong>virorum</strong></span> <span class='ocrx_word' id='word_1_354' title='bbox 1081 4394 1269 4450; x_wconf 86' lang='lat' dir='ltr'><strong>ordine</strong></span> <span class='ocrx_word' id='word_1_355' title='bbox 1290 4403 1618 4460; x_wconf 87' lang='lat' dir='ltr'><strong>numeretur,</strong></span> <span class='ocrx_word' id='word_1_356' title='bbox 1641 4411 1760 4465; x_wconf 72' lang='lat' dir='ltr'><strong>qua:</strong></span> <span class='ocrx_word' id='word_1_357' title='bbox 1780 4396 1826 4451; x_wconf 94' lang='lat' dir='ltr'><strong>si</strong></span> <span class='ocrx_word' id='word_1_358' title='bbox 1847 4394 2006 4450; x_wconf 82' lang='lat' dir='ltr'><strong>faciat</strong></span> <span class='ocrx_word' id='word_1_359' title='bbox 2029 4412 2148 4450; x_wconf 89' lang='lat' dir='ltr'><strong>nut-</strong></span> 
     </span>
    </p>
   </div>
   <div class='ocr_carea' id='block_1_46' title="bbox 555 4488 2154 4558">
    <p class='ocr_par' dir='ltr' id='par_1_46' title="bbox 555 4488 2154 4558">
     <span class='ocr_line' id='line_1_46' title="bbox 555 4488 2154 4558; baseline 0.001 -17"><span class='ocrx_word' id='word_1_360' title='bbox 555 4491 688 4553; x_wconf 70' lang='lat' dir='ltr'><strong>â€˜iit-r,</strong></span> <span class='ocrx_word' id='word_1_361' title='bbox 713 4489 1026 4544; x_wconf 80' lang='lat' dir='ltr'><strong>adeo-vitam</strong></span> <span class='ocrx_word' id='word_1_362' title='bbox 1058 4488 1326 4558; x_wconf 75' lang='lat' dir='ltr'><strong>perdiditâ€œ?</strong></span> <span class='ocrx_word' id='word_1_363' title='bbox 1350 4488 1426 4543; x_wconf 86' lang='lat' dir='ltr'><strong>Ne</strong></span> <span class='ocrx_word' id='word_1_364' title='bbox 1451 4488 1576 4542; x_wconf 92' lang='lat' dir='ltr'><strong>mihi</strong></span> <span class='ocrx_word' id='word_1_365' title='bbox 1606 4489 1748 4544; x_wconf 91' lang='lat' dir='ltr'><strong>enim</strong></span> <span class='ocrx_word' id='word_1_366' title='bbox 1771 4488 1941 4543; x_wconf 89' lang='lat' dir='ltr'><strong>virum</strong></span> <span class='ocrx_word' id='word_1_367' title='bbox 1972 4498 2154 4543; x_wconf 85' lang='lat' dir='ltr'><strong>osten-</strong></span> 
     </span>
    </p>
   </div>
   <div class='ocr_carea' id='block_1_47' title="bbox 568 4578 2151 4649">
    <p class='ocr_par' dir='ltr' id='par_1_47' title="bbox 568 4578 2151 4649">
     <span class='ocr_line' id='line_1_47' title="bbox 568 4578 2151 4649; baseline -0.001 -16"><span class='ocrx_word' id='word_1_368' title='bbox 568 4580 665 4635; x_wconf 85' lang='lat' dir='ltr'><strong>ilas</strong></span> <span class='ocrx_word' id='word_1_369' title='bbox 703 4579 772 4634; x_wconf 90' lang='lat' dir='ltr'><strong>ab</strong></span> <span class='ocrx_word' id='word_1_370' title='bbox 810 4581 1027 4643; x_wconf 91' lang='lat' dir='ltr'><strong>amictu,</strong></span> <span class='ocrx_word' id='word_1_371' title='bbox 1064 4594 1092 4632; x_wconf 91' lang='lat' dir='ltr'><strong>a</strong></span> <span class='ocrx_word' id='word_1_372' title='bbox 1133 4595 1287 4641; x_wconf 84' lang='lat' dir='ltr'><strong>zona,</strong></span> <span class='ocrx_word' id='word_1_373' title='bbox 1319 4579 1404 4634; x_wconf 83' lang='lat' dir='ltr'><strong>vel</strong></span> <span class='ocrx_word' id='word_1_374' title='bbox 1438 4593 1503 4634; x_wconf 88' lang='lat' dir='ltr'><strong>ex</strong></span> <span class='ocrx_word' id='word_1_375' title='bbox 1553 4594 1618 4633; x_wconf 91' lang='lat' dir='ltr'><strong>eo</strong></span> <span class='ocrx_word' id='word_1_376' title='bbox 1671 4578 1812 4649; x_wconf 92' lang='lat' dir='ltr'><strong>quod</strong></span> <span class='ocrx_word' id='word_1_377' title='bbox 1839 4578 1983 4634; x_wconf 90' lang='lat' dir='ltr'><strong>domi</strong></span> <span class='ocrx_word' id='word_1_378' title='bbox 2031 4595 2151 4632; x_wconf 91' lang='lat' dir='ltr'><strong>sese</strong></span> 
     </span>
    </p>
   </div>
   <div class='ocr_carea' id='block_1_48' title="bbox 566 4669 2152 4737">
    <p class='ocr_par' dir='ltr' id='par_1_48' title="bbox 566 4669 2152 4737">
     <span class='ocr_line' id='line_1_48' title="bbox 566 4669 2152 4737; baseline -0.001 -14"><span class='ocrx_word' id='word_1_379' title='bbox 566 4671 755 4725; x_wconf 80' lang='lat' dir='ltr'><strong>efferat</strong></span> <span class='ocrx_word' id='word_1_380' title='bbox 781 4685 843 4725; x_wconf 88' lang='lat' dir='ltr'><strong>ac</strong></span> <span class='ocrx_word' id='word_1_381' title='bbox 871 4669 1224 4725; x_wconf 81' lang='lat' dir='ltr'><strong>formidabilis</strong></span> <span class='ocrx_word' id='word_1_382' title='bbox 1269 4675 1339 4725; x_wconf 91' lang='lat' dir='ltr'><strong>sit</strong></span> <span class='ocrx_word' id='word_1_383' title='bbox 1377 4684 1441 4724; x_wconf 88' lang='lat' dir='ltr'><strong>ac</strong></span> <span class='ocrx_word' id='word_1_384' title='bbox 1483 4670 1657 4724; x_wconf 81' lang='lat' dir='ltr'><strong>minas</strong></span> <span class='ocrx_word' id='word_1_385' title='bbox 1686 4671 1940 4737; x_wconf 83' lang='lat' dir='ltr'><strong>iutentet,</strong></span> <span class='ocrx_word' id='word_1_386' title='bbox 1961 4670 2054 4724; x_wconf 87' lang='lat' dir='ltr'><strong>sed</strong></span> <span class='ocrx_word' id='word_1_387' title='bbox 2084 4669 2152 4723; x_wconf 90' lang='lat' dir='ltr'><strong>ab</strong></span> 
     </span>
    </p>
   </div>
   <div class='ocr_carea' id='block_1_49' title="bbox 560 4760 2150 4832">
    <p class='ocr_par' dir='ltr' id='par_1_49' title="bbox 560 4760 2150 4832">
     <span class='ocr_line' id='line_1_49' title="bbox 560 4760 2150 4832; baseline 0 -18"><span class='ocrx_word' id='word_1_388' title='bbox 560 4762 730 4816; x_wconf 78' lang='lat' dir='ltr'><strong>animi</strong></span> <span class='ocrx_word' id='word_1_389' title='bbox 777 4761 1111 4832; x_wconf 85' lang='lat' dir='ltr'><strong>philosophia</strong></span> <span class='ocrx_word' id='word_1_390' title='bbox 1145 4776 1306 4823; x_wconf 89' lang='lat' dir='ltr'><strong>;cnm</strong></span> <span class='ocrx_word' id='word_1_391' title='bbox 1339 4761 1465 4815; x_wconf 86' lang='lat' dir='ltr'><strong>vitia</strong></span> <span class='ocrx_word' id='word_1_392' title='bbox 1493 4760 1818 4832; x_wconf 80' lang='lat' dir='ltr'><strong>comprimit,</strong></span> <span class='ocrx_word' id='word_1_393' title='bbox 1849 4771 1904 4816; x_wconf 93' lang='lat' dir='ltr'><strong>et</strong></span> <span class='ocrx_word' id='word_1_394' title='bbox 1933 4762 2150 4817; x_wconf 84' lang='lat' dir='ltr'><strong>morbos</strong></span> 
     </span>
    </p>
   </div>
   <div class='ocr_carea' id='block_1_50' title="bbox 567 4853 2148 4924">
    <p class='ocr_par' dir='ltr' id='par_1_50' title="bbox 567 4853 2148 4924">
     <span class='ocr_line' id='line_1_50' title="bbox 567 4853 2148 4924; baseline -0.001 -16"><span class='ocrx_word' id='word_1_395' title='bbox 567 4856 761 4908; x_wconf 68' lang='lat' dir='ltr'><strong>animae</strong></span> <span class='ocrx_word' id='word_1_396' title='bbox 789 4863 1027 4924; x_wconf 89' lang='lat' dir='ltr'><strong>superat,</strong></span> <span class='ocrx_word' id='word_1_397' title='bbox 1074 4869 1196 4910; x_wconf 92' lang='lat' dir='ltr'><strong>cum</strong></span> <span class='ocrx_word' id='word_1_398' title='bbox 1244 4853 1423 4908; x_wconf 92' lang='lat' dir='ltr'><strong>domui</strong></span> <span class='ocrx_word' id='word_1_399' title='bbox 1453 4869 1565 4908; x_wconf 68' lang='lat' dir='ltr'><strong>suae</strong></span> <span class='ocrx_word' id='word_1_400' title='bbox 1611 4853 1848 4908; x_wconf 90' lang='lat' dir='ltr'><strong>interiori</strong></span> <span class='ocrx_word' id='word_1_401' title='bbox 1902 4853 2148 4922; x_wconf 87' lang='lat' dir='ltr'><strong>imperat,</strong></span> 
     </span>
    </p>
   </div>
   <div class='ocr_carea' id='block_1_51' title="bbox 567 4946 2150 5018">
    <p class='ocr_par' dir='ltr' id='par_1_51' title="bbox 567 4946 2150 5018">
     <span class='ocr_line' id='line_1_51' title="bbox 567 4946 2150 5018; baseline 0 -18"><span class='ocrx_word' id='word_1_402' title='bbox 567 4947 635 5000; x_wconf 76' lang='lat' dir='ltr'><strong>de</strong></span> <span class='ocrx_word' id='word_1_403' title='bbox 660 4949 837 5002; x_wconf 87' lang='lat' dir='ltr'><strong>anima</strong></span> <span class='ocrx_word' id='word_1_404' title='bbox 861 4946 1085 5017; x_wconf 81' lang='lat' dir='ltr'><strong>&#39;quuor,</strong></span> <span class='ocrx_word' id='word_1_405' title='bbox 1116 4962 1288 5018; x_wconf 87' lang='lat' dir='ltr'><strong>neque</strong></span> <span class='ocrx_word' id='word_1_406' title='bbox 1325 4963 1353 5001; x_wconf 89' lang='lat' dir='ltr'><strong>a</strong></span> <span class='ocrx_word' id='word_1_407' title='bbox 1381 4948 1791 5017; x_wconf 79' lang='lat' dir='ltr'><strong>cogitationibus</strong></span> <span class='ocrx_word' id='word_1_408' title='bbox 1835 4946 2150 5002; x_wconf 81' lang='lat' dir='ltr'><strong>inordinatis</strong></span> 
     </span>
    </p>
   </div>
   <div class='ocr_carea' id='block_1_52' title="bbox 566 5039 2147 5096">
    <p class='ocr_par' dir='ltr' id='par_1_52' title="bbox 566 5039 2147 5096">
     <span class='ocr_line' id='line_1_52' title="bbox 566 5039 2147 5096; baseline 0.001 -3"><span class='ocrx_word' id='word_1_409' title='bbox 566 5039 801 5094; x_wconf 87' lang='lat' dir='ltr'><strong>trahitur</strong></span> <span class='ocrx_word' id='word_1_410' title='bbox 831 5039 977 5094; x_wconf 78' lang='lat' dir='ltr'><strong>:hoc</strong></span> <span class='ocrx_word' id='word_1_411' title='bbox 1018 5042 1250 5095; x_wconf 83' lang='lat' dir='ltr'><strong>maxime</strong></span> <span class='ocrx_word' id='word_1_412' title='bbox 1290 5041 1394 5094; x_wconf 76' lang='lat' dir='ltr'><strong>viri</strong></span> <span class='ocrx_word' id='word_1_413' title='bbox 1442 5051 1542 5096; x_wconf 92' lang='lat' dir='ltr'><strong>est.</strong></span> <span class='ocrx_word' id='word_1_414' title='bbox 1589 5040 1646 5095; x_wconf 90' lang='lat' dir='ltr'><strong>Si</strong></span> <span class='ocrx_word' id='word_1_415' title='bbox 1687 5050 1864 5094; x_wconf 88' lang='lat' dir='ltr'><strong>autem</strong></span> <span class='ocrx_word' id='word_1_416' title='bbox 1905 5041 2147 5095; x_wconf 73' lang='lat' dir='ltr'><strong>ibrietati</strong></span> 
     </span>
    </p>
   </div>
   <div class='ocr_carea' id='block_1_53' title="bbox 570 5131 2149 5204">
    <p class='ocr_par' dir='ltr' id='par_1_53' title="bbox 570 5131 2149 5204">
     <span class='ocr_line' id='line_1_53' title="bbox 570 5131 2149 5204; baseline 0.001 -17"><span class='ocrx_word' id='word_1_417' title='bbox 570 5140 625 5187; x_wconf 86' lang='lat' dir='ltr'><strong>et</strong></span> <span class='ocrx_word' id='word_1_418' title='bbox 645 5132 876 5200; x_wconf 81' lang='lat' dir='ltr'><strong>crapula:</strong></span> <span class='ocrx_word' id='word_1_419' title='bbox 918 5131 1011 5187; x_wconf 88' lang='lat' dir='ltr'><strong>det</strong></span> <span class='ocrx_word' id='word_1_420' title='bbox 1059 5148 1298 5201; x_wconf 79' lang='lat' dir='ltr'><strong>operam,</strong></span> <span class='ocrx_word' id='word_1_421' title='bbox 1341 5149 1405 5187; x_wconf 90' lang='lat' dir='ltr'><strong>ac</strong></span> <span class='ocrx_word' id='word_1_422' title='bbox 1429 5133 1569 5188; x_wconf 89' lang='lat' dir='ltr'><strong>diem</strong></span> <span class='ocrx_word' id='word_1_423' title='bbox 1609 5134 1863 5204; x_wconf 83' lang='lat' dir='ltr'><strong>transigat</strong></span> <span class='ocrx_word' id='word_1_424' title='bbox 1915 5142 1970 5188; x_wconf 92' lang='lat' dir='ltr'><strong>et</strong></span> <span class='ocrx_word' id='word_1_425' title='bbox 2016 5151 2149 5188; x_wconf 90' lang='lat' dir='ltr'><strong>con-</strong></span> 
     </span>
    </p>
   </div>
   <div class='ocr_carea' id='block_1_54' title="bbox 567 5223 2147 5289">
    <p class='ocr_par' dir='ltr' id='par_1_54' title="bbox 567 5223 2147 5289">
     <span class='ocr_line' id='line_1_54' title="bbox 567 5223 2147 5289; baseline 0.001 -11"><span class='ocrx_word' id='word_1_426' title='bbox 567 5233 744 5278; x_wconf 77' lang='lat' dir='ltr'><strong>sumat</strong></span> <span class='ocrx_word' id='word_1_427' title='bbox 788 5223 840 5278; x_wconf 91' lang='lat' dir='ltr'><strong>in</strong></span> <span class='ocrx_word' id='word_1_428' title='bbox 894 5223 1454 5278; x_wconf 86' lang='lat' dir='ltr'><strong>comessationibuset</strong></span> <span class='ocrx_word' id='word_1_429' title='bbox 1507 5224 1784 5289; x_wconf 88' lang='lat' dir='ltr'><strong>ebrietate,</strong></span> <span class='ocrx_word' id='word_1_430' title='bbox 1832 5241 1953 5280; x_wconf 90' lang='lat' dir='ltr'><strong>cera</strong></span> <span class='ocrx_word' id='word_1_431' title='bbox 2003 5227 2147 5280; x_wconf 91' lang='lat' dir='ltr'><strong>omni</strong></span> 
     </span>
    </p>
   </div>
   <div class='ocr_carea' id='block_1_55' title="bbox 1329 317 3712 412">
    <p class='ocr_par' dir='ltr' id='par_1_55' title="bbox 1329 317 3712 412">
     <span class='ocr_line' id='line_1_55' title="bbox 1329 317 3712 412; baseline 0.01 -36"><span class='ocrx_word' id='word_1_432' title='bbox 1329 321 1388 378; x_wconf 87' lang='lat' dir='ltr'><strong>S.</strong></span> <span class='ocrx_word' id='word_1_433' title='bbox 1429 319 1707 378; x_wconf 74' lang='lat' dir='ltr'><strong>JOANNIS</strong></span> <span class='ocrx_word' id='word_1_434' title='bbox 1748 317 2231 378; x_wconf 76' lang='lat' dir='ltr'><strong>CHRYSOSTOMI</strong></span> <span class='ocrx_word' id='word_1_435' title='bbox 2271 319 2589 380; x_wconf 79' lang='lat' dir='ltr'><strong>ARCHIEP.</strong></span> <span class='ocrx_word' id='word_1_436' title='bbox 2629 325 3172 391; x_wconf 76' lang='lat' dir='ltr'><strong>CONSTANTINOP.</strong></span> <span class='ocrx_word' id='word_1_437' title='bbox 3651 358 3712 412; x_wconf 53' lang='grc' dir='ltr'><strong>,á¿ƒ</strong></span> 
     </span>
    </p>
   </div>
   <div class='ocr_carea' id='block_1_56' title="bbox 2294 435 3718 538">
    <p class='ocr_par' dir='ltr' id='par_1_56' title="bbox 2294 435 3718 538">
     <span class='ocr_line' id='line_1_56' title="bbox 2294 435 3718 538; baseline 0.02 -52"><span class='ocrx_word' id='word_1_438' title='bbox 2294 446 2386 538; x_wconf 75' lang='lat' dir='ltr'><strong>sus</strong></span> <span class='ocrx_word' id='word_1_439' title='bbox 2414 435 2705 496; x_wconf 75' lang='lat' dir='ltr'><strong>invisibiles</strong></span> <span class='ocrx_word' id='word_1_440' title='bbox 2744 443 3074 513; x_wconf 86' lang='lat' dir='ltr'><strong>Potestates,</strong></span> <span class='ocrx_word' id='word_1_441' title='bbox 3108 449 3353 505; x_wconf 80' lang='lat' dir='ltr'><strong>adversas</strong></span> <span class='ocrx_word' id='word_1_442' title='bbox 3385 454 3608 519; x_wconf 71' lang='lat' dir='ltr'><strong>dammam</strong></span> <span class='ocrx_word' id='word_1_443' title='bbox 3636 475 3718 538; x_wconf 61' lang='grc' dir='ltr'><strong>Î¼Î·,</strong></span> 
     </span>
    </p>
   </div>
   <div class='ocr_carea' id='block_1_57' title="bbox 2293 526 3723 620">
    <p class='ocr_par' dir='ltr' id='par_1_57' title="bbox 2293 526 3723 620">
     <span class='ocr_line' id='line_1_57' title="bbox 2293 526 3723 620; baseline 0.027 -42"><span class='ocrx_word' id='word_1_444' title='bbox 2293 526 2512 620; x_wconf 70' lang='lat' dir='ltr'><strong>tangas,</strong></span> <span class='ocrx_word' id='word_1_445' title='bbox 2557 536 2848 591; x_wconf 88' lang='lat' dir='ltr'><strong>secundum</strong></span> <span class='ocrx_word' id='word_1_446' title='bbox 2897 539 3108 595; x_wconf 91' lang='lat' dir='ltr'><strong>beatum</strong></span> <span class='ocrx_word' id='word_1_447' title='bbox 3161 541 3403 598; x_wconf 84' lang='lat' dir='ltr'><strong>Paulum:</strong></span> <span class='ocrx_word' id='word_1_448' title='bbox 3431 549 3522 605; x_wconf 77' lang='lat' dir='ltr'><strong>Non</strong></span> <span class='ocrx_word' id='word_1_449' title='bbox 3549 571 3601 609; x_wconf 78' lang='lat' dir='ltr'><strong>eu</strong></span> <span class='ocrx_word' id='word_1_450' title='bbox 3635 526 3723 620; x_wconf 54' lang='lat' dir='ltr'><strong>inii;</strong></span> 
     </span>
    </p>
   </div>
   <div class='ocr_carea' id='block_1_58' title="bbox 2292 617 3724 719">
    <p class='ocr_par' dir='ltr' id='par_1_58' title="bbox 2292 617 3724 719">
     <span class='ocr_line' id='line_1_58' title="bbox 2292 617 3724 719; baseline 0.017 -50"><span class='ocrx_word' id='word_1_451' title='bbox 2292 617 2429 671; x_wconf 82' lang='lat' dir='ltr'><strong>lucta</strong></span> <span class='ocrx_word' id='word_1_452' title='bbox 2448 622 2686 679; x_wconf 77' lang='lat' dir='ltr'><strong>adversus</strong></span> <span class='ocrx_word' id='word_1_453' title='bbox 2709 630 3004 697; x_wconf 81' lang='lat' dir='ltr'><strong>sanguinem</strong></span> <span class='ocrx_word' id='word_1_454' title='bbox 3041 641 3087 683; x_wconf 83' lang='lat' dir='ltr'><strong>et</strong></span> <span class='ocrx_word' id='word_1_455' title='bbox 3112 649 3331 699; x_wconf 82' lang='lat' dir='ltr'><strong>carnem,</strong></span> <span class='ocrx_word' id='word_1_456' title='bbox 3355 639 3427 689; x_wconf 79' lang='lat' dir='ltr'><strong>sed</strong></span> <span class='ocrx_word' id='word_1_457' title='bbox 3446 644 3619 701; x_wconf 73' lang='lat' dir='ltr'><strong>adversus</strong></span> <span class='ocrx_word' id='word_1_458' title='bbox 3637 617 3724 719; x_wconf 58' lang='lat' dir='ltr'><strong>pi...</strong></span> 
     </span>
    </p>
   </div>
   <div class='ocr_carea' id='block_1_59' title="bbox 2292 709 3255 793">
    <p class='ocr_par' dir='ltr' id='par_1_59' title="bbox 2292 709 3255 793">
     <span class='ocr_line' id='line_1_59' title="bbox 2292 709 3255 793; baseline 0.016 -31"><span class='ocrx_word' id='word_1_459' title='bbox 2292 709 2426 777; x_wconf 69' lang='lat' dir='ltr'><strong>cipe:</strong></span> <span class='ocrx_word' id='word_1_460' title='bbox 2450 723 2496 766; x_wconf 82' lang='lat' dir='ltr'><strong>et</strong></span> <span class='ocrx_word' id='word_1_461' title='bbox 2516 712 2791 772; x_wconf 78' lang='lat' dir='ltr'><strong>Potestates</strong></span> <span class='ocrx_word' id='word_1_462' title='bbox 2819 720 3030 792; x_wconf 80' lang='lat' dir='ltr'><strong>(Ep/tes.</strong></span> <span class='ocrx_word' id='word_1_463' title='bbox 3061 723 3114 777; x_wconf 88' lang='lat'><strong>6.</strong></span> <span class='ocrx_word' id='word_1_464' title='bbox 3145 725 3255 793; x_wconf 68' lang='grc'><strong>12).</strong></span> 
     </span>
    </p>
   </div>
   <div class='ocr_carea' id='block_1_60' title="bbox 2361 801 3728 892">
    <p class='ocr_par' dir='ltr' id='par_1_60' title="bbox 2361 801 3728 892">
     <span class='ocr_line' id='line_1_60' title="bbox 2361 801 3728 892; baseline 0.018 -36"><span class='ocrx_word' id='word_1_465' title='bbox 2361 801 2412 856; x_wconf 79' lang='lat'><strong>3.</strong></span> <span class='ocrx_word' id='word_1_466' title='bbox 2448 804 2558 859; x_wconf 90' lang='lat' dir='ltr'><strong>lloc</strong></span> <span class='ocrx_word' id='word_1_467' title='bbox 2585 809 2725 863; x_wconf 90' lang='lat' dir='ltr'><strong>enim</strong></span> <span class='ocrx_word' id='word_1_468' title='bbox 2761 814 2992 867; x_wconf 82' lang='lat' dir='ltr'><strong>maxime</strong></span> <span class='ocrx_word' id='word_1_469' title='bbox 3013 815 3109 868; x_wconf 86' lang='lat' dir='ltr'><strong>viri</strong></span> <span class='ocrx_word' id='word_1_470' title='bbox 3135 826 3237 871; x_wconf 76' lang='lat' dir='ltr'><strong>cSt.</strong></span> <span class='ocrx_word' id='word_1_471' title='bbox 3264 818 3356 884; x_wconf 83' lang='lat' dir='ltr'><strong>Qui</strong></span> <span class='ocrx_word' id='word_1_472' title='bbox 3379 835 3487 892; x_wconf 83' lang='lat' dir='ltr'><strong>ergo</strong></span> <span class='ocrx_word' id='word_1_473' title='bbox 3505 826 3728 889; x_wconf 69' lang='lat' dir='ltr'><strong>fonnem.</strong></span> 
     </span>
    </p>
   </div>
   <div class='ocr_carea' id='block_1_61' title="bbox 2289 892 3731 985">
    <p class='ocr_par' dir='ltr' id='par_1_61' title="bbox 2289 892 3731 985">
     <span class='ocr_line' id='line_1_61' title="bbox 2289 892 3731 985; baseline 0.022 -42"><span class='ocrx_word' id='word_1_474' title='bbox 2289 892 2414 985; x_wconf 85' lang='lat' dir='ltr'><strong>det,</strong></span> <span class='ocrx_word' id='word_1_475' title='bbox 2463 911 2561 951; x_wconf 90' lang='lat' dir='ltr'><strong>nec</strong></span> <span class='ocrx_word' id='word_1_476' title='bbox 2610 912 2731 954; x_wconf 74' lang='lat' dir='ltr'><strong>sese</strong></span> <span class='ocrx_word' id='word_1_477' title='bbox 2779 903 2984 958; x_wconf 85' lang='lat' dir='ltr'><strong>virilem</strong></span> <span class='ocrx_word' id='word_1_478' title='bbox 3037 916 3288 974; x_wconf 71' lang='lat' dir='ltr'><strong>priestat;</strong></span> <span class='ocrx_word' id='word_1_479' title='bbox 3329 912 3405 979; x_wconf 90' lang='lat' dir='ltr'><strong>qui</strong></span> <span class='ocrx_word' id='word_1_480' title='bbox 3450 929 3640 984; x_wconf 81' lang='lat' dir='ltr'><strong>ematur,</strong></span> <span class='ocrx_word' id='word_1_481' title='bbox 3669 944 3731 985; x_wconf 63' lang='lat' dir='ltr'><strong>nec</strong></span> 
     </span>
    </p>
   </div>
   <div class='ocr_carea' id='block_1_62' title="bbox 2290 982 3730 1070">
    <p class='ocr_par' dir='ltr' id='par_1_62' title="bbox 2290 982 3730 1070">
     <span class='ocr_line' id='line_1_62' title="bbox 2290 982 3730 1070; baseline 0.025 -38"><span class='ocrx_word' id='word_1_482' title='bbox 2290 982 2536 1038; x_wconf 87' lang='lat' dir='ltr'><strong>virtutem</strong></span> <span class='ocrx_word' id='word_1_483' title='bbox 2595 989 2691 1041; x_wconf 88' lang='lat' dir='ltr'><strong>viri</strong></span> <span class='ocrx_word' id='word_1_484' title='bbox 2749 991 2987 1059; x_wconf 79' lang='lat' dir='ltr'><strong>exhibet,</strong></span> <span class='ocrx_word' id='word_1_485' title='bbox 3042 997 3313 1064; x_wconf 84' lang='lat' dir='ltr'><strong>quomodo</strong></span> <span class='ocrx_word' id='word_1_486' title='bbox 3362 1011 3452 1056; x_wconf 86' lang='lat' dir='ltr'><strong>stet</strong></span> <span class='ocrx_word' id='word_1_487' title='bbox 3493 1005 3534 1060; x_wconf 88' lang='lat' dir='ltr'><strong>in</strong></span> <span class='ocrx_word' id='word_1_488' title='bbox 3556 982 3662 1065; x_wconf 82' lang='lat' dir='ltr'><strong>acie?</strong></span> <span class='ocrx_word' id='word_1_489' title='bbox 3683 982 3730 1070; x_wconf 70' lang='lat' dir='ltr'><strong>id</strong></span> 
     </span>
    </p>
   </div>
   <div class='ocr_carea' id='block_1_63' title="bbox 2288 1078 3731 1162">
    <p class='ocr_par' dir='ltr' id='par_1_63' title="bbox 2288 1078 3731 1162">
     <span class='ocr_line' id='line_1_63' title="bbox 2288 1078 3731 1162; baseline 0.022 -35"><span class='ocrx_word' id='word_1_490' title='bbox 2288 1078 2556 1143; x_wconf 86' lang='lat' dir='ltr'><strong>quomodo</strong></span> <span class='ocrx_word' id='word_1_491' title='bbox 2586 1081 2668 1134; x_wconf 87' lang='lat' dir='ltr'><strong>vir</strong></span> <span class='ocrx_word' id='word_1_492' title='bbox 2697 1093 2939 1151; x_wconf 85' lang='lat' dir='ltr'><strong>vocetur,</strong></span> <span class='ocrx_word' id='word_1_493' title='bbox 2970 1101 3089 1140; x_wconf 92' lang='lat' dir='ltr'><strong>cum</strong></span> <span class='ocrx_word' id='word_1_494' title='bbox 3113 1089 3181 1141; x_wconf 92' lang='lat' dir='ltr'><strong>sit</strong></span> <span class='ocrx_word' id='word_1_495' title='bbox 3206 1090 3346 1144; x_wconf 92' lang='lat' dir='ltr'><strong>omni</strong></span> <span class='ocrx_word' id='word_1_496' title='bbox 3369 1098 3550 1154; x_wconf 89' lang='lat' dir='ltr'><strong>muliere</strong></span> <span class='ocrx_word' id='word_1_497' title='bbox 3569 1107 3731 1162; x_wconf 76' lang='lat' dir='ltr'><strong>mollior?</strong></span> 
     </span>
    </p>
   </div>
   <div class='ocr_carea' id='block_1_64' title="bbox 2290 1167 3732 1251">
    <p class='ocr_par' dir='ltr' id='par_1_64' title="bbox 2290 1167 3732 1251">
     <span class='ocr_line' id='line_1_64' title="bbox 2290 1167 3732 1251; baseline 0.019 -31"><span class='ocrx_word' id='word_1_498' title='bbox 2290 1167 2488 1223; x_wconf 87' lang='lat' dir='ltr'><strong>Eodem</strong></span> <span class='ocrx_word' id='word_1_499' title='bbox 2519 1181 2695 1226; x_wconf 87' lang='lat' dir='ltr'><strong>autem</strong></span> <span class='ocrx_word' id='word_1_500' title='bbox 2729 1177 2910 1242; x_wconf 89' lang='lat' dir='ltr'><strong>modo,</strong></span> <span class='ocrx_word' id='word_1_501' title='bbox 2958 1179 3095 1233; x_wconf 91' lang='lat' dir='ltr'><strong>sicut</strong></span> <span class='ocrx_word' id='word_1_502' title='bbox 3125 1181 3266 1234; x_wconf 91' lang='lat' dir='ltr'><strong>hunc</strong></span> <span class='ocrx_word' id='word_1_503' title='bbox 3307 1199 3399 1237; x_wconf 88' lang='lat' dir='ltr'><strong>non</strong></span> <span class='ocrx_word' id='word_1_504' title='bbox 3427 1187 3564 1243; x_wconf 82' lang='lat' dir='ltr'><strong>virum</strong></span> <span class='ocrx_word' id='word_1_505' title='bbox 3586 1209 3732 1251; x_wconf 77' lang='lat' dir='ltr'><strong>vocat-c-</strong></span> 
     </span>
    </p>
   </div>
   <div class='ocr_carea' id='block_1_65' title="bbox 2285 1257 3731 1340">
    <p class='ocr_par' dir='ltr' id='par_1_65' title="bbox 2285 1257 3731 1340">
     <span class='ocr_line' id='line_1_65' title="bbox 2285 1257 3731 1340; baseline 0.022 -32"><span class='ocrx_word' id='word_1_506' title='bbox 2285 1257 2404 1324; x_wconf 91' lang='lat' dir='ltr'><strong>rim,</strong></span> <span class='ocrx_word' id='word_1_507' title='bbox 2435 1259 2528 1314; x_wconf 90' lang='lat' dir='ltr'><strong>sed</strong></span> <span class='ocrx_word' id='word_1_508' title='bbox 2558 1263 2782 1319; x_wconf 89' lang='lat' dir='ltr'><strong>muliere</strong></span> <span class='ocrx_word' id='word_1_509' title='bbox 2807 1267 3138 1331; x_wconf 87' lang='lat' dir='ltr'><strong>molliorem;</strong></span> <span class='ocrx_word' id='word_1_510' title='bbox 3171 1271 3240 1323; x_wconf 89' lang='lat' dir='ltr'><strong>ita</strong></span> <span class='ocrx_word' id='word_1_511' title='bbox 3265 1282 3318 1326; x_wconf 88' lang='lat' dir='ltr'><strong>et</strong></span> <span class='ocrx_word' id='word_1_512' title='bbox 3338 1275 3568 1332; x_wconf 87' lang='lat' dir='ltr'><strong>mulierem</strong></span> <span class='ocrx_word' id='word_1_513' title='bbox 3587 1283 3731 1340; x_wconf 80' lang='lat' dir='ltr'><strong>viriliter</strong></span> 
     </span>
    </p>
   </div>
   <div class='ocr_carea' id='block_1_66' title="bbox 2282 1355 3735 1443">
    <p class='ocr_par' dir='ltr' id='par_1_66' title="bbox 2282 1355 3735 1443">
     <span class='ocr_line' id='line_1_66' title="bbox 2282 1355 3735 1443; baseline 0.017 -43"><span class='ocrx_word' id='word_1_514' title='bbox 2282 1358 2561 1415; x_wconf 80' lang='lat' dir='ltr'><strong>agentem,</strong></span> <span class='ocrx_word' id='word_1_515' title='bbox 2595 1355 2740 1408; x_wconf 92' lang='lat' dir='ltr'><strong>omni</strong></span> <span class='ocrx_word' id='word_1_516' title='bbox 2788 1355 2904 1409; x_wconf 87' lang='lat' dir='ltr'><strong>viro</strong></span> <span class='ocrx_word' id='word_1_517' title='bbox 2936 1357 3209 1413; x_wconf 77' lang='lat' dir='ltr'><strong>fortiorem</strong></span> <span class='ocrx_word' id='word_1_518' title='bbox 3240 1360 3479 1430; x_wconf 84' lang='lat' dir='ltr'><strong>dixerint,</strong></span> <span class='ocrx_word' id='word_1_519' title='bbox 3517 1369 3553 1423; x_wconf 87' lang='lat' dir='ltr'><strong>si</strong></span> <span class='ocrx_word' id='word_1_520' title='bbox 3588 1382 3735 1443; x_wconf 78' lang='lat' dir='ltr'><strong>arreptis</strong></span> 
     </span>
    </p>
   </div>
   <div class='ocr_carea' id='block_1_67' title="bbox 2282 1439 3733 1530">
    <p class='ocr_par' dir='ltr' id='par_1_67' title="bbox 2282 1439 3733 1530">
     <span class='ocr_line' id='line_1_67' title="bbox 2282 1439 3733 1530; baseline 0.019 -40"><span class='ocrx_word' id='word_1_521' title='bbox 2282 1439 2443 1530; x_wconf 82' lang='lat' dir='ltr'><strong>armis</strong></span> <span class='ocrx_word' id='word_1_522' title='bbox 2466 1442 2850 1509; x_wconf 90' lang='lat' dir='ltr'><strong>spiritualibus,</strong></span> <span class='ocrx_word' id='word_1_523' title='bbox 2881 1446 3098 1503; x_wconf 87' lang='lat' dir='ltr'><strong>thorace</strong></span> <span class='ocrx_word' id='word_1_524' title='bbox 3119 1449 3339 1518; x_wconf 70' lang='lat' dir='ltr'><strong>justitiie</strong></span> <span class='ocrx_word' id='word_1_525' title='bbox 3367 1454 3538 1521; x_wconf 79' lang='lat' dir='ltr'><strong>induta,</strong></span> <span class='ocrx_word' id='word_1_526' title='bbox 3561 1439 3733 1530; x_wconf 28' lang='lat' dir='ltr'><strong>galea-sa-</strong></span> 
     </span>
    </p>
   </div>
   <div class='ocr_carea' id='block_1_68' title="bbox 2281 1529 3737 1612">
    <p class='ocr_par' dir='ltr' id='par_1_68' title="bbox 2281 1529 3737 1612">
     <span class='ocr_line' id='line_1_68' title="bbox 2281 1529 3737 1612; baseline 0.019 -29"><span class='ocrx_word' id='word_1_527' title='bbox 2281 1529 2435 1586; x_wconf 87' lang='lat' dir='ltr'><strong>lutari</strong></span> <span class='ocrx_word' id='word_1_528' title='bbox 2483 1548 2792 1606; x_wconf 82' lang='lat' dir='ltr'><strong>assumpta,</strong></span> <span class='ocrx_word' id='word_1_529' title='bbox 2841 1541 3035 1611; x_wconf 79' lang='lat' dir='ltr'><strong>clypeo</strong></span> <span class='ocrx_word' id='word_1_530' title='bbox 3071 1541 3194 1597; x_wconf 72' lang='lat' dir='ltr'><strong>ï¬dei</strong></span> <span class='ocrx_word' id='word_1_531' title='bbox 3243 1555 3408 1612; x_wconf 84' lang='lat' dir='ltr'><strong>tecta,</strong></span> <span class='ocrx_word' id='word_1_532' title='bbox 3451 1529 3737 1611; x_wconf 59' lang='lat' dir='ltr'><strong>sinisteritatis</strong></span> 
     </span>
    </p>
   </div>
   <div class='ocr_carea' id='block_1_69' title="bbox 2278 1624 3734 1709">
    <p class='ocr_par' dir='ltr' id='par_1_69' title="bbox 2278 1624 3734 1709">
     <span class='ocr_line' id='line_1_69' title="bbox 2278 1624 3734 1709; baseline 0.018 -35"><span class='ocrx_word' id='word_1_533' title='bbox 2278 1624 2583 1691; x_wconf 77' lang='lat' dir='ltr'><strong>snecbicta,</strong></span> <span class='ocrx_word' id='word_1_534' title='bbox 2630 1638 2686 1682; x_wconf 93' lang='lat' dir='ltr'><strong>et</strong></span> <span class='ocrx_word' id='word_1_535' title='bbox 2713 1629 2891 1698; x_wconf 87' lang='lat' dir='ltr'><strong>gladio</strong></span> <span class='ocrx_word' id='word_1_536' title='bbox 2936 1632 3157 1701; x_wconf 88' lang='lat' dir='ltr'><strong>spiritus</strong></span> <span class='ocrx_word' id='word_1_537' title='bbox 3201 1647 3434 1706; x_wconf 84' lang='lat' dir='ltr'><strong>accepto,</strong></span> <span class='ocrx_word' id='word_1_538' title='bbox 3471 1650 3558 1695; x_wconf 88' lang='lat' dir='ltr'><strong>stet</strong></span> <span class='ocrx_word' id='word_1_539' title='bbox 3587 1644 3734 1709; x_wconf 79' lang='lat' dir='ltr'><strong>inacie,</strong></span> 
     </span>
    </p>
   </div>
   <div class='ocr_carea' id='block_1_70' title="bbox 2279 1711 3738 1791">
    <p class='ocr_par' dir='ltr' id='par_1_70' title="bbox 2279 1711 3738 1791">
     <span class='ocr_line' id='line_1_70' title="bbox 2279 1711 3738 1791; baseline 0.016 -26"><span class='ocrx_word' id='word_1_540' title='bbox 2279 1711 2486 1783; x_wconf 80' lang='lat' dir='ltr'><strong>fulgens</strong></span> <span class='ocrx_word' id='word_1_541' title='bbox 2514 1718 2712 1782; x_wconf 89' lang='lat' dir='ltr'><strong>armis,</strong></span> <span class='ocrx_word' id='word_1_542' title='bbox 2749 1721 2876 1789; x_wconf 72' lang='lat' dir='ltr'><strong>ipsis</strong></span> <span class='ocrx_word' id='word_1_543' title='bbox 2921 1723 3066 1777; x_wconf 66' lang='lat' dir='ltr'><strong>caelis</strong></span> <span class='ocrx_word' id='word_1_544' title='bbox 3107 1725 3370 1781; x_wconf 77' lang='lat' dir='ltr'><strong>excelsior</strong></span> <span class='ocrx_word' id='word_1_545' title='bbox 3407 1728 3525 1783; x_wconf 87' lang='lat' dir='ltr'><strong>facta</strong></span> <span class='ocrx_word' id='word_1_546' title='bbox 3560 1747 3610 1786; x_wconf 89' lang='lat' dir='ltr'><strong>ex</strong></span> <span class='ocrx_word' id='word_1_547' title='bbox 3638 1738 3738 1791; x_wconf 81' lang='lat' dir='ltr'><strong>animi</strong></span> 
     </span>
    </p>
   </div>
   <div class='ocr_carea' id='block_1_71' title="bbox 2274 1805 3737 1883">
    <p class='ocr_par' dir='ltr' id='par_1_71' title="bbox 2274 1805 3737 1883">
     <span class='ocr_line' id='line_1_71' title="bbox 2274 1805 3737 1883; baseline 0.014 -27"><span class='ocrx_word' id='word_1_548' title='bbox 2274 1819 2436 1858; x_wconf 89' lang='lat' dir='ltr'><strong>sensu</strong></span> <span class='ocrx_word' id='word_1_549' title='bbox 2457 1846 2472 1870; x_wconf 95' lang='lat'><strong>,</strong></span> <span class='ocrx_word' id='word_1_550' title='bbox 2503 1805 2808 1863; x_wconf 71' lang='lat' dir='ltr'><strong>daemonum</strong></span> <span class='ocrx_word' id='word_1_551' title='bbox 2853 1810 3145 1883; x_wconf 84' lang='lat' dir='ltr'><strong>phalangas</strong></span> <span class='ocrx_word' id='word_1_552' title='bbox 3182 1813 3496 1882; x_wconf 87' lang='lat' dir='ltr'><strong>dissolvens,</strong></span> <span class='ocrx_word' id='word_1_553' title='bbox 3521 1819 3668 1876; x_wconf 82' lang='lat' dir='ltr'><strong>diaboli</strong></span> <span class='ocrx_word' id='word_1_554' title='bbox 3687 1836 3737 1876; x_wconf 69' lang='lat' dir='ltr'><strong>ll-</strong></span> 
     </span>
    </p>
   </div>
   <div class='ocr_carea' id='block_1_72' title="bbox 2275 1885 3741 1985">
    <p class='ocr_par' dir='ltr' id='par_1_72' title="bbox 2275 1885 3741 1985">
     <span class='ocr_line' id='line_1_72' title="bbox 2275 1885 3741 1985; baseline 0.016 -37"><span class='ocrx_word' id='word_1_555' title='bbox 2275 1897 2551 1952; x_wconf 91' lang='lat' dir='ltr'><strong>raunidem</strong></span> <span class='ocrx_word' id='word_1_556' title='bbox 2581 1900 2795 1968; x_wconf 84' lang='lat' dir='ltr'><strong>tollens,</strong></span> <span class='ocrx_word' id='word_1_557' title='bbox 2846 1904 2970 1959; x_wconf 84' lang='lat' dir='ltr'><strong>vitia</strong></span> <span class='ocrx_word' id='word_1_558' title='bbox 3010 1920 3408 1977; x_wconf 74' lang='lat' dir='ltr'><strong>compungens,</strong></span> <span class='ocrx_word' id='word_1_559' title='bbox 3434 1885 3741 1985; x_wconf 63' lang='lat' dir='ltr'><strong>deIISlnfelllqllc</strong></span> 
     </span>
    </p>
   </div>
   <div class='ocr_carea' id='block_1_73' title="bbox 2273 1985 3738 2066">
    <p class='ocr_par' dir='ltr' id='par_1_73' title="bbox 2273 1985 3738 2066">
     <span class='ocr_line' id='line_1_73' title="bbox 2273 1985 3738 2066; baseline 0.014 -27"><span class='ocrx_word' id='word_1_560' title='bbox 2273 1985 2360 2040; x_wconf 89' lang='lat' dir='ltr'><strong>illa</strong></span> <span class='ocrx_word' id='word_1_561' title='bbox 2382 2004 2501 2056; x_wconf 63' lang='lat' dir='ltr'><strong>quin</strong></span> <span class='ocrx_word' id='word_1_562' title='bbox 2530 1990 2580 2043; x_wconf 86' lang='lat' dir='ltr'><strong>iii</strong></span> <span class='ocrx_word' id='word_1_563' title='bbox 2601 1991 2739 2046; x_wconf 89' lang='lat' dir='ltr'><strong>bello</strong></span> <span class='ocrx_word' id='word_1_564' title='bbox 2761 1993 2818 2046; x_wconf 83' lang='lat' dir='ltr'><strong>fit</strong></span> <span class='ocrx_word' id='word_1_565' title='bbox 2837 2005 3072 2065; x_wconf 80' lang='lat' dir='ltr'><strong>stragem</strong></span> <span class='ocrx_word' id='word_1_566' title='bbox 3093 1997 3286 2064; x_wconf 82' lang='lat' dir='ltr'><strong>edens,</strong></span> <span class='ocrx_word' id='word_1_567' title='bbox 3313 2015 3414 2053; x_wconf 90' lang='lat' dir='ltr'><strong>non</strong></span> <span class='ocrx_word' id='word_1_568' title='bbox 3435 2000 3670 2066; x_wconf 77' lang='lat' dir='ltr'><strong>hominum,</strong></span> <span class='ocrx_word' id='word_1_569' title='bbox 3685 2011 3738 2060; x_wconf 75' lang='lat' dir='ltr'><strong>sed</strong></span> 
     </span>
    </p>
   </div>
   <div class='ocr_carea' id='block_1_74' title="bbox 2271 2079 3743 2162">
    <p class='ocr_par' dir='ltr' id='par_1_74' title="bbox 2271 2079 3743 2162">
     <span class='ocr_line' id='line_1_74' title="bbox 2271 2079 3743 2162; baseline 0.014 -32"><span class='ocrx_word' id='word_1_570' title='bbox 2271 2079 2624 2135; x_wconf 91' lang='lat' dir='ltr'><strong>absurdarum</strong></span> <span class='ocrx_word' id='word_1_571' title='bbox 2679 2085 3055 2154; x_wconf 88' lang='lat' dir='ltr'><strong>cupiditatum.</strong></span> <span class='ocrx_word' id='word_1_572' title='bbox 3086 2087 3278 2144; x_wconf 80' lang='lat' dir='ltr'><strong>Mulier</strong></span> <span class='ocrx_word' id='word_1_573' title='bbox 3319 2106 3529 2162; x_wconf 86' lang='lat' dir='ltr'><strong>namque</strong></span> <span class='ocrx_word' id='word_1_574' title='bbox 3562 2105 3606 2148; x_wconf 89' lang='lat' dir='ltr'><strong>et</strong></span> <span class='ocrx_word' id='word_1_575' title='bbox 3638 2096 3743 2150; x_wconf 77' lang='lat' dir='ltr'><strong>viiii</strong></span> 
     </span>
    </p>
   </div>
   <div class='ocr_carea' id='block_1_75' title="bbox 2271 2174 3742 2254">
    <p class='ocr_par' dir='ltr' id='par_1_75' title="bbox 2271 2174 3742 2254">
     <span class='ocr_line' id='line_1_75' title="bbox 2271 2174 3742 2254; baseline 0.012 -30"><span class='ocrx_word' id='word_1_576' title='bbox 2271 2174 2640 2241; x_wconf 87' lang='lat' dir='ltr'><strong>corporalibus</strong></span> <span class='ocrx_word' id='word_1_577' title='bbox 2667 2175 2824 2231; x_wconf 87' lang='lat' dir='ltr'><strong>divisi</strong></span> <span class='ocrx_word' id='word_1_578' title='bbox 2856 2187 3018 2244; x_wconf 91' lang='lat' dir='ltr'><strong>sunt;</strong></span> <span class='ocrx_word' id='word_1_579' title='bbox 3053 2190 3108 2236; x_wconf 86' lang='lat' dir='ltr'><strong>et</strong></span> <span class='ocrx_word' id='word_1_580' title='bbox 3139 2181 3211 2235; x_wconf 92' lang='lat' dir='ltr'><strong>illi</strong></span> <span class='ocrx_word' id='word_1_581' title='bbox 3242 2183 3448 2252; x_wconf 91' lang='lat' dir='ltr'><strong>quidem</strong></span> <span class='ocrx_word' id='word_1_582' title='bbox 3489 2187 3601 2252; x_wconf 83' lang='lat' dir='ltr'><strong>tela,</strong></span> <span class='ocrx_word' id='word_1_583' title='bbox 3623 2192 3742 2254; x_wconf 79' lang='lat' dir='ltr'><strong>cuius,</strong></span> 
     </span>
    </p>
   </div>
   <div class='ocr_carea' id='block_1_76' title="bbox 2269 2263 3745 2343">
    <p class='ocr_par' dir='ltr' id='par_1_76' title="bbox 2269 2263 3745 2343">
     <span class='ocr_line' id='line_1_76' title="bbox 2269 2263 3745 2343; baseline 0.009 -28"><span class='ocrx_word' id='word_1_584' title='bbox 2269 2263 2613 2332; x_wconf 89' lang='lat' dir='ltr'><strong>calathiscus,</strong></span> <span class='ocrx_word' id='word_1_585' title='bbox 2633 2267 2824 2323; x_wconf 90' lang='lat' dir='ltr'><strong>domus</strong></span> <span class='ocrx_word' id='word_1_586' title='bbox 2849 2270 3090 2326; x_wconf 89' lang='lat' dir='ltr'><strong>custodia</strong></span> <span class='ocrx_word' id='word_1_587' title='bbox 3110 2273 3428 2343; x_wconf 83' lang='lat' dir='ltr'><strong>assignatur,</strong></span> <span class='ocrx_word' id='word_1_588' title='bbox 3449 2288 3499 2330; x_wconf 91' lang='lat' dir='ltr'><strong>ut</strong></span> <span class='ocrx_word' id='word_1_589' title='bbox 3523 2278 3566 2331; x_wconf 89' lang='lat' dir='ltr'><strong>in</strong></span> <span class='ocrx_word' id='word_1_590' title='bbox 3589 2279 3745 2332; x_wconf 63' lang='lat' dir='ltr'><strong>thalami.</strong></span> 
     </span>
    </p>
   </div>
   <div class='ocr_carea' id='block_1_77' title="bbox 2269 2358 3746 2432">
    <p class='ocr_par' dir='ltr' id='par_1_77' title="bbox 2269 2358 3746 2432">
     <span class='ocr_line' id='line_1_77' title="bbox 2269 2358 3746 2432; baseline 0.01 -24"><span class='ocrx_word' id='word_1_591' title='bbox 2269 2367 2479 2409; x_wconf 88' lang='lat' dir='ltr'><strong>maneat</strong></span> <span class='ocrx_word' id='word_1_592' title='bbox 2505 2368 2559 2412; x_wconf 90' lang='lat' dir='ltr'><strong>et</strong></span> <span class='ocrx_word' id='word_1_593' title='bbox 2586 2358 2722 2414; x_wconf 87' lang='lat' dir='ltr'><strong>fi!ios</strong></span> <span class='ocrx_word' id='word_1_594' title='bbox 2747 2362 2946 2416; x_wconf 88' lang='lat' dir='ltr'><strong>nutriat</strong></span> <span class='ocrx_word' id='word_1_595' title='bbox 2970 2377 2985 2425; x_wconf 91' lang='lat'><strong>;</strong></span> <span class='ocrx_word' id='word_1_596' title='bbox 3017 2364 3132 2418; x_wconf 88' lang='lat' dir='ltr'><strong>viro</strong></span> <span class='ocrx_word' id='word_1_597' title='bbox 3171 2375 3351 2420; x_wconf 91' lang='lat' dir='ltr'><strong>autem</strong></span> <span class='ocrx_word' id='word_1_598' title='bbox 3379 2368 3646 2432; x_wconf 78' lang='lat' dir='ltr'><strong>tribunalia,</strong></span> <span class='ocrx_word' id='word_1_599' title='bbox 3667 2387 3746 2423; x_wconf 68' lang='lat' dir='ltr'><strong>ï¬lii-</strong></span> 
     </span>
    </p>
   </div>
   <div class='ocr_carea' id='block_1_78' title="bbox 2268 2447 3747 2529">
    <p class='ocr_par' dir='ltr' id='par_1_78' title="bbox 2268 2447 3747 2529">
     <span class='ocr_line' id='line_1_78' title="bbox 2268 2447 3747 2529; baseline 0.008 -29"><span class='ocrx_word' id='word_1_600' title='bbox 2268 2447 2416 2514; x_wconf 87' lang='lat' dir='ltr'><strong>silia,</strong></span> <span class='ocrx_word' id='word_1_601' title='bbox 2459 2450 2661 2515; x_wconf 81' lang='lat' dir='ltr'><strong>lorum,</strong></span> <span class='ocrx_word' id='word_1_602' title='bbox 2693 2451 2853 2517; x_wconf 84' lang='lat' dir='ltr'><strong>bella,</strong></span> <span class='ocrx_word' id='word_1_603' title='bbox 2887 2469 3112 2525; x_wconf 61' lang='lat' dir='ltr'><strong>pugnas,</strong></span> <span class='ocrx_word' id='word_1_604' title='bbox 3145 2457 3292 2512; x_wconf 89' lang='lat' dir='ltr'><strong>acies</strong></span> <span class='ocrx_word' id='word_1_605' title='bbox 3326 2476 3339 2510; x_wconf 90' lang='lat'>:</span> <span class='ocrx_word' id='word_1_606' title='bbox 3374 2460 3431 2514; x_wconf 88' lang='lat' dir='ltr'><strong>in</strong></span> <span class='ocrx_word' id='word_1_607' title='bbox 3449 2460 3608 2529; x_wconf 73' lang='lat' dir='ltr'><strong>pugan</strong></span> <span class='ocrx_word' id='word_1_608' title='bbox 3629 2471 3747 2514; x_wconf 70' lang='lat' dir='ltr'><strong>autm</strong></span> 
     </span>
    </p>
   </div>
   <div class='ocr_carea' id='block_1_79' title="bbox 2269 2539 3747 2615">
    <p class='ocr_par' dir='ltr' id='par_1_79' title="bbox 2269 2539 3747 2615">
     <span class='ocr_line' id='line_1_79' title="bbox 2269 2539 3747 2615; baseline 0.008 -22"><span class='ocrx_word' id='word_1_609' title='bbox 2269 2539 2371 2593; x_wconf 80' lang='lat' dir='ltr'><strong>illis</strong></span> <span class='ocrx_word' id='word_1_610' title='bbox 2393 2556 2514 2610; x_wconf 74' lang='lat' dir='ltr'><strong>qua:</strong></span> <span class='ocrx_word' id='word_1_611' title='bbox 2547 2543 2799 2611; x_wconf 90' lang='lat' dir='ltr'><strong>pietatem</strong></span> <span class='ocrx_word' id='word_1_612' title='bbox 2851 2555 3120 2615; x_wconf 86' lang='lat' dir='ltr'><strong>spectant,</strong></span> <span class='ocrx_word' id='word_1_613' title='bbox 3153 2562 3436 2603; x_wconf 86' lang='lat' dir='ltr'><strong>commune</strong></span> <span class='ocrx_word' id='word_1_614' title='bbox 3474 2552 3664 2603; x_wconf 83' lang='lat' dir='ltr'><strong>studium</strong></span> <span class='ocrx_word' id='word_1_615' title='bbox 3683 2563 3747 2612; x_wconf 76' lang='lat' dir='ltr'><strong>est.</strong></span> 
     </span>
    </p>
   </div>
   <div class='ocr_carea' id='block_1_80' title="bbox 2267 2635 3748 2710">
    <p class='ocr_par' dir='ltr' id='par_1_80' title="bbox 2267 2635 3748 2710">
     <span class='ocr_line' id='line_1_80' title="bbox 2267 2635 3748 2710; baseline 0.005 -23"><span class='ocrx_word' id='word_1_616' title='bbox 2267 2635 2567 2690; x_wconf 83' lang='lat' dir='ltr'><strong>communia</strong></span> <span class='ocrx_word' id='word_1_617' title='bbox 2619 2639 2912 2691; x_wconf 89' lang='lat' dir='ltr'><strong>certamina</strong></span> <span class='ocrx_word' id='word_1_618' title='bbox 2945 2656 2957 2692; x_wconf 93' lang='lat'>:</span> <span class='ocrx_word' id='word_1_619' title='bbox 2987 2640 3342 2710; x_wconf 87' lang='lat' dir='ltr'><strong>similiterque</strong></span> <span class='ocrx_word' id='word_1_620' title='bbox 3379 2643 3598 2696; x_wconf 87' lang='lat' dir='ltr'><strong>mulieres</strong></span> <span class='ocrx_word' id='word_1_621' title='bbox 3631 2659 3674 2696; x_wconf 86' lang='lat' dir='ltr'><strong>se</strong></span> <span class='ocrx_word' id='word_1_622' title='bbox 3708 2646 3748 2696; x_wconf 75' lang='lat' dir='ltr'><strong>ad</strong></span> 
     </span>
    </p>
   </div>
   <div class='ocr_carea' id='block_1_81' title="bbox 2267 2729 3752 2800">
    <p class='ocr_par' dir='ltr' id='par_1_81' title="bbox 2267 2729 3752 2800">
     <span class='ocr_line' id='line_1_81' title="bbox 2267 2729 3752 2800; baseline 0.007 -22"><span class='ocrx_word' id='word_1_623' title='bbox 2267 2741 2493 2796; x_wconf 88' lang='lat' dir='ltr'><strong>pugnam</strong></span> <span class='ocrx_word' id='word_1_624' title='bbox 2535 2729 2852 2798; x_wconf 87' lang='lat' dir='ltr'><strong>accingunt,</strong></span> <span class='ocrx_word' id='word_1_625' title='bbox 2889 2746 2986 2785; x_wconf 91' lang='lat' dir='ltr'><strong>nec</strong></span> <span class='ocrx_word' id='word_1_626' title='bbox 3028 2732 3315 2800; x_wconf 89' lang='lat' dir='ltr'><strong>ejiciuntur</strong></span> <span class='ocrx_word' id='word_1_627' title='bbox 3341 2750 3370 2787; x_wconf 89' lang='lat' dir='ltr'><strong>a</strong></span> <span class='ocrx_word' id='word_1_628' title='bbox 3411 2735 3752 2796; x_wconf 72' lang='lat' dir='ltr'><strong>certaminch</strong></span> 
     </span>
    </p>
   </div>
   <div class='ocr_carea' id='block_1_82' title="bbox 2265 2818 3750 2889">
    <p class='ocr_par' dir='ltr' id='par_1_82' title="bbox 2265 2818 3750 2889">
     <span class='ocr_line' id='line_1_82' title="bbox 2265 2818 3750 2889; baseline 0.005 -19"><span class='ocrx_word' id='word_1_629' title='bbox 2265 2819 2405 2871; x_wconf 91' lang='lat' dir='ltr'><strong>etin</strong></span> <span class='ocrx_word' id='word_1_630' title='bbox 2453 2818 2567 2872; x_wconf 90' lang='lat' dir='ltr'><strong>acie</strong></span> <span class='ocrx_word' id='word_1_631' title='bbox 2600 2831 2833 2889; x_wconf 84' lang='lat' dir='ltr'><strong>pugnant</strong></span> <span class='ocrx_word' id='word_1_632' title='bbox 2888 2835 3219 2878; x_wconf 87' lang='lat' dir='ltr'><strong>coronantur</strong></span> <span class='ocrx_word' id='word_1_633' title='bbox 3266 2835 3320 2879; x_wconf 92' lang='lat' dir='ltr'><strong>et</strong></span> <span class='ocrx_word' id='word_1_634' title='bbox 3374 2827 3591 2880; x_wconf 85' lang='lat' dir='ltr'><strong>victrices</strong></span> <span class='ocrx_word' id='word_1_635' title='bbox 3620 2842 3750 2880; x_wconf 70' lang='lat' dir='ltr'><strong>rentiu-</strong></span> 
     </span>
    </p>
   </div>
   <div class='ocr_carea' id='block_1_83' title="bbox 2269 2911 3753 2990">
    <p class='ocr_par' dir='ltr' id='par_1_83' title="bbox 2269 2911 3753 2990">
     <span class='ocr_line' id='line_1_83' title="bbox 2269 2911 3753 2990; baseline 0.004 -26"><span class='ocrx_word' id='word_1_636' title='bbox 2269 2911 2464 2966; x_wconf 86' lang='lat' dir='ltr'><strong>tiantur</strong></span> <span class='ocrx_word' id='word_1_637' title='bbox 2499 2920 2554 2966; x_wconf 92' lang='lat' dir='ltr'><strong>et</strong></span> <span class='ocrx_word' id='word_1_638' title='bbox 2579 2915 2909 2968; x_wconf 88' lang='lat' dir='ltr'><strong>strenuitatis</strong></span> <span class='ocrx_word' id='word_1_639' title='bbox 2931 2919 3146 2985; x_wconf 74' lang='lat' dir='ltr'><strong>praemia</strong></span> <span class='ocrx_word' id='word_1_640' title='bbox 3179 2928 3458 2988; x_wconf 87' lang='lat' dir='ltr'><strong>reportant</strong></span> <span class='ocrx_word' id='word_1_641' title='bbox 3483 2931 3618 2990; x_wconf 87' lang='lat' dir='ltr'><strong>atque</strong></span> <span class='ocrx_word' id='word_1_642' title='bbox 3633 2919 3753 2974; x_wconf 69' lang='lat' dir='ltr'><strong>lima</strong></span> 
     </span>
    </p>
   </div>
   <div class='ocr_carea' id='block_1_84' title="bbox 2265 3010 3754 3082">
    <p class='ocr_par' dir='ltr' id='par_1_84' title="bbox 2265 3010 3754 3082">
     <span class='ocr_line' id='line_1_84' title="bbox 2265 3010 3754 3082; baseline 0.002 -21"><span class='ocrx_word' id='word_1_643' title='bbox 2265 3012 2321 3061; x_wconf 92' lang='lat' dir='ltr'><strong>et</strong></span> <span class='ocrx_word' id='word_1_644' title='bbox 2357 3021 2583 3061; x_wconf 83' lang='lat' dir='ltr'><strong>coronas</strong></span> <span class='ocrx_word' id='word_1_645' title='bbox 2614 3025 2626 3060; x_wconf 93' lang='lat'>:</span> <span class='ocrx_word' id='word_1_646' title='bbox 2661 3016 2968 3078; x_wconf 74' lang='lat' dir='ltr'><strong>tropaeaque</strong></span> <span class='ocrx_word' id='word_1_647' title='bbox 2993 3010 3134 3080; x_wconf 85' lang='lat' dir='ltr'><strong>apud</strong></span> <span class='ocrx_word' id='word_1_648' title='bbox 3163 3011 3284 3065; x_wconf 82' lang='lat' dir='ltr'><strong>illas</strong></span> <span class='ocrx_word' id='word_1_649' title='bbox 3317 3012 3574 3082; x_wconf 75' lang='lat' dir='ltr'><strong>Splendida</strong></span> <span class='ocrx_word' id='word_1_650' title='bbox 3598 3022 3754 3074; x_wconf 81' lang='lat' dir='ltr'><strong>suut,et</strong></span> 
     </span>
    </p>
   </div>
   <div class='ocr_carea' id='block_1_85' title="bbox 2263 3096 2855 3169">
    <p class='ocr_par' dir='ltr' id='par_1_85' title="bbox 2263 3096 2855 3169">
     <span class='ocr_line' id='line_1_85' title="bbox 2263 3096 2855 3169; baseline 0.003 -19"><span class='ocrx_word' id='word_1_651' title='bbox 2263 3096 2500 3152; x_wconf 75' lang='lat' dir='ltr'><strong>victoria:</strong></span> <span class='ocrx_word' id='word_1_652' title='bbox 2529 3097 2855 3169; x_wconf 80' lang='lat' dir='ltr'><strong>frequentes.</strong></span> 
     </span>
    </p>
   </div>
   <div class='ocr_carea' id='block_1_86' title="bbox 2335 3187 3754 3264">
    <p class='ocr_par' dir='ltr' id='par_1_86' title="bbox 2335 3187 3754 3264">
     <span class='ocr_line' id='line_1_86' title="bbox 2335 3187 3754 3264; baseline 0.001 -21"><span class='ocrx_word' id='word_1_653' title='bbox 2335 3187 2738 3245; x_wconf 71' lang='lat' dir='ltr'><strong>Maccabworum</strong></span> <span class='ocrx_word' id='word_1_654' title='bbox 2775 3201 2935 3245; x_wconf 85' lang='lat' dir='ltr'><strong>mater</strong></span> <span class='ocrx_word' id='word_1_655' title='bbox 2956 3201 3146 3262; x_wconf 85' lang='lat' dir='ltr'><strong>quanta</strong></span> <span class='ocrx_word' id='word_1_656' title='bbox 3177 3211 3352 3263; x_wconf 74' lang='lat' dir='ltr'><strong>passa.</strong></span> <span class='ocrx_word' id='word_1_657' title='bbox 3371 3223 3439 3234; x_wconf 88' lang='lat'><strong>â€”-</strong></span> <span class='ocrx_word' id='word_1_658' title='bbox 3463 3196 3530 3248; x_wconf 82' lang='lat' dir='ltr'><strong>Ac</strong></span> <span class='ocrx_word' id='word_1_659' title='bbox 3553 3209 3608 3248; x_wconf 91' lang='lat' dir='ltr'><strong>ne</strong></span> <span class='ocrx_word' id='word_1_660' title='bbox 3626 3194 3754 3264; x_wconf 75' lang='lat' dir='ltr'><strong>putetis</strong></span> 
     </span>
    </p>
   </div>
   <div class='ocr_carea' id='block_1_87' title="bbox 2263 3281 3760 3355">
    <p class='ocr_par' dir='ltr' id='par_1_87' title="bbox 2263 3281 3760 3355">
     <span class='ocr_line' id='line_1_87' title="bbox 2263 3281 3760 3355; baseline 0.002 -19"><span class='ocrx_word' id='word_1_661' title='bbox 2263 3281 2378 3338; x_wconf 68' lang='lat' dir='ltr'><strong>haec</strong></span> <span class='ocrx_word' id='word_1_662' title='bbox 2417 3282 2609 3339; x_wconf 87' lang='lat' dir='ltr'><strong>fastum</strong></span> <span class='ocrx_word' id='word_1_663' title='bbox 2657 3300 2852 3355; x_wconf 84' lang='lat' dir='ltr'><strong>sapere</strong></span> <span class='ocrx_word' id='word_1_664' title='bbox 2877 3297 2932 3342; x_wconf 90' lang='lat' dir='ltr'><strong>et</strong></span> <span class='ocrx_word' id='word_1_665' title='bbox 2976 3288 3265 3343; x_wconf 83' lang='lat' dir='ltr'><strong>verborum</strong></span> <span class='ocrx_word' id='word_1_666' title='bbox 3313 3291 3556 3353; x_wconf 77' lang='lat' dir='ltr'><strong>sonitum,</strong></span> <span class='ocrx_word' id='word_1_667' title='bbox 3590 3299 3635 3344; x_wconf 89' lang='lat' dir='ltr'><strong>et</strong></span> <span class='ocrx_word' id='word_1_668' title='bbox 3667 3288 3760 3340; x_wconf 74' lang='lat' dir='ltr'><strong>clm</strong></span> 
     </span>
    </p>
   </div>
   <div class='ocr_carea' id='block_1_88' title="bbox 2261 3376 3756 3448">
    <p class='ocr_par' dir='ltr' id='par_1_88' title="bbox 2261 3376 3756 3448">
     <span class='ocr_line' id='line_1_88' title="bbox 2261 3376 3756 3448; baseline -0.001 -18"><span class='ocrx_word' id='word_1_669' title='bbox 2261 3376 2440 3430; x_wconf 88' lang='lat' dir='ltr'><strong>sciatis</strong></span> <span class='ocrx_word' id='word_1_670' title='bbox 2464 3377 2717 3433; x_wconf 85' lang='lat' dir='ltr'><strong>mulieres</strong></span> <span class='ocrx_word' id='word_1_671' title='bbox 2743 3379 3005 3448; x_wconf 81' lang='lat' dir='ltr'><strong>quasdam</strong></span> <span class='ocrx_word' id='word_1_672' title='bbox 3028 3394 3134 3434; x_wconf 91' lang='lat' dir='ltr'><strong>non</strong></span> <span class='ocrx_word' id='word_1_673' title='bbox 3166 3381 3267 3435; x_wconf 87' lang='lat' dir='ltr'><strong>viri</strong></span> <span class='ocrx_word' id='word_1_674' title='bbox 3317 3380 3474 3434; x_wconf 83' lang='lat' dir='ltr'><strong>modo</strong></span> <span class='ocrx_word' id='word_1_675' title='bbox 3515 3379 3756 3433; x_wconf 75' lang='lat' dir='ltr'><strong>strenuiores</strong></span> 
     </span>
    </p>
   </div>
   <div class='ocr_carea' id='block_1_89' title="bbox 2263 3468 3761 3543">
    <p class='ocr_par' dir='ltr' id='par_1_89' title="bbox 2263 3468 3761 3543">
     <span class='ocr_line' id='line_1_89' title="bbox 2263 3468 3761 3543; baseline -0.001 -20"><span class='ocrx_word' id='word_1_676' title='bbox 2263 3468 2446 3533; x_wconf 89' lang='lat' dir='ltr'><strong>fuisse,</strong></span> <span class='ocrx_word' id='word_1_677' title='bbox 2475 3470 2567 3525; x_wconf 89' lang='lat' dir='ltr'><strong>sed</strong></span> <span class='ocrx_word' id='word_1_678' title='bbox 2591 3472 2773 3536; x_wconf 92' lang='lat' dir='ltr'><strong>etiam,</strong></span> <span class='ocrx_word' id='word_1_679' title='bbox 2805 3481 2862 3526; x_wconf 90' lang='lat' dir='ltr'><strong>ut</strong></span> <span class='ocrx_word' id='word_1_680' title='bbox 2890 3473 2961 3526; x_wconf 88' lang='lat' dir='ltr'><strong>ita</strong></span> <span class='ocrx_word' id='word_1_681' title='bbox 2991 3472 3193 3535; x_wconf 87' lang='lat' dir='ltr'><strong>dicam,</strong></span> <span class='ocrx_word' id='word_1_682' title='bbox 3225 3474 3292 3526; x_wconf 86' lang='lat' dir='ltr'><strong>ad</strong></span> <span class='ocrx_word' id='word_1_683' title='bbox 3317 3474 3610 3543; x_wconf 87' lang='lat' dir='ltr'><strong>angelorum</strong></span> <span class='ocrx_word' id='word_1_684' title='bbox 3631 3476 3761 3539; x_wconf 71' lang='lat' dir='ltr'><strong>imps-</strong></span> 
     </span>
    </p>
   </div>
   <div class='ocr_carea' id='block_1_90' title="bbox 2260 3563 3760 3636">
    <p class='ocr_par' dir='ltr' id='par_1_90' title="bbox 2260 3563 3760 3636">
     <span class='ocr_line' id='line_1_90' title="bbox 2260 3563 3760 3636; baseline 0 -20"><span class='ocrx_word' id='word_1_685' title='bbox 2260 3563 2586 3629; x_wconf 90' lang='lat' dir='ltr'><strong>sibilitatem,</strong></span> <span class='ocrx_word' id='word_1_686' title='bbox 2613 3576 2867 3634; x_wconf 90' lang='lat' dir='ltr'><strong>quantum</strong></span> <span class='ocrx_word' id='word_1_687' title='bbox 2899 3567 3008 3620; x_wconf 88' lang='lat' dir='ltr'><strong>fieri</strong></span> <span class='ocrx_word' id='word_1_688' title='bbox 3039 3577 3271 3636; x_wconf 89' lang='lat' dir='ltr'><strong>poterat,</strong></span> <span class='ocrx_word' id='word_1_689' title='bbox 3293 3571 3611 3636; x_wconf 85' lang='lat' dir='ltr'><strong>pervenisse:</strong></span> <span class='ocrx_word' id='word_1_690' title='bbox 3629 3567 3668 3618; x_wconf 87' lang='lat' dir='ltr'><strong>in</strong></span> <span class='ocrx_word' id='word_1_691' title='bbox 3691 3580 3760 3616; x_wconf 72' lang='lat' dir='ltr'><strong>ine-</strong></span> 
     </span>
    </p>
   </div>
   <div class='ocr_carea' id='block_1_91' title="bbox 2259 3654 3764 3728">
    <p class='ocr_par' dir='ltr' id='par_1_91' title="bbox 2259 3654 3764 3728">
     <span class='ocr_line' id='line_1_91' title="bbox 2259 3654 3764 3728; baseline 0.003 -20"><span class='ocrx_word' id='word_1_692' title='bbox 2259 3654 2404 3708; x_wconf 89' lang='lat' dir='ltr'><strong>dium</strong></span> <span class='ocrx_word' id='word_1_693' title='bbox 2432 3655 2724 3711; x_wconf 89' lang='lat' dir='ltr'><strong>adducatur</strong></span> <span class='ocrx_word' id='word_1_694' title='bbox 2750 3657 2861 3723; x_wconf 92' lang='lat' dir='ltr'><strong>illa,</strong></span> <span class='ocrx_word' id='word_1_695' title='bbox 2896 3667 3083 3712; x_wconf 89' lang='lat' dir='ltr'><strong>natura</strong></span> <span class='ocrx_word' id='word_1_696' title='bbox 3107 3659 3330 3728; x_wconf 86' lang='lat' dir='ltr'><strong>quidem</strong></span> <span class='ocrx_word' id='word_1_697' title='bbox 3362 3660 3564 3719; x_wconf 86' lang='lat' dir='ltr'><strong>mulier.</strong></span> <span class='ocrx_word' id='word_1_698' title='bbox 3593 3657 3664 3712; x_wconf 85' lang='lat' dir='ltr'><strong>sed</strong></span> <span class='ocrx_word' id='word_1_699' title='bbox 3688 3672 3764 3724; x_wconf 67' lang='lat' dir='ltr'><strong>qua:</strong></span> 
     </span>
    </p>
   </div>
   <div class='ocr_carea' id='block_1_92' title="bbox 2260 3746 3760 3821">
    <p class='ocr_par' dir='ltr' id='par_1_92' title="bbox 2260 3746 3760 3821">
     <span class='ocr_line' id='line_1_92' title="bbox 2260 3746 3760 3821; baseline 0.002 -21"><span class='ocrx_word' id='word_1_700' title='bbox 2260 3762 2323 3801; x_wconf 90' lang='lat' dir='ltr'><strong>ex</strong></span> <span class='ocrx_word' id='word_1_701' title='bbox 2349 3746 2697 3818; x_wconf 70' lang='lat' dir='ltr'><strong>philosophia:</strong></span> <span class='ocrx_word' id='word_1_702' title='bbox 2727 3750 2777 3802; x_wconf 87' lang='lat' dir='ltr'><strong>vi</strong></span> <span class='ocrx_word' id='word_1_703' title='bbox 2804 3751 2966 3805; x_wconf 70' lang='lat' dir='ltr'><strong>ccelos</strong></span> <span class='ocrx_word' id='word_1_704' title='bbox 2987 3751 3181 3821; x_wconf 90' lang='lat' dir='ltr'><strong>attigit,</strong></span> <span class='ocrx_word' id='word_1_705' title='bbox 3207 3752 3608 3807; x_wconf 64' lang='lat' dir='ltr'><strong>Maceabarorum</strong></span> <span class='ocrx_word' id='word_1_706' title='bbox 3627 3757 3760 3803; x_wconf 65' lang='lat' dir='ltr'><strong>mater.</strong></span> 
     </span>
    </p>
   </div>
   <div class='ocr_carea' id='block_1_93' title="bbox 2258 3840 3765 3914">
    <p class='ocr_par' dir='ltr' id='par_1_93' title="bbox 2258 3840 3765 3914">
     <span class='ocr_line' id='line_1_93' title="bbox 2258 3840 3765 3914; baseline 0.003 -22"><span class='ocrx_word' id='word_1_707' title='bbox 2258 3855 2377 3909; x_wconf 73' lang='lat' dir='ltr'><strong>qua:</strong></span> <span class='ocrx_word' id='word_1_708' title='bbox 2428 3840 2508 3895; x_wconf 91' lang='lat' dir='ltr'><strong>bis</strong></span> <span class='ocrx_word' id='word_1_709' title='bbox 2569 3852 2772 3911; x_wconf 88' lang='lat' dir='ltr'><strong>septem</strong></span> <span class='ocrx_word' id='word_1_710' title='bbox 2829 3857 3057 3897; x_wconf 85' lang='lat' dir='ltr'><strong>coronas</strong></span> <span class='ocrx_word' id='word_1_711' title='bbox 3126 3846 3353 3909; x_wconf 81' lang='lat' dir='ltr'><strong>nexuit;</strong></span> <span class='ocrx_word' id='word_1_712' title='bbox 3427 3856 3478 3900; x_wconf 90' lang='lat' dir='ltr'><strong>et</strong></span> <span class='ocrx_word' id='word_1_713' title='bbox 3531 3860 3662 3914; x_wconf 84' lang='lat' dir='ltr'><strong>quem</strong></span> <span class='ocrx_word' id='word_1_714' title='bbox 3703 3857 3765 3889; x_wconf 76' lang='lat' dir='ltr'><strong>v-</strong></span> 
     </span>
    </p>
   </div>
   <div class='ocr_carea' id='block_1_94' title="bbox 2261 3920 3766 4002">
    <p class='ocr_par' dir='ltr' id='par_1_94' title="bbox 2261 3920 3766 4002">
     <span class='ocr_line' id='line_1_94' title="bbox 2261 3920 3766 4002; baseline 0.001 -19"><span class='ocrx_word' id='word_1_715' title='bbox 2261 3930 2423 3985; x_wconf 87' lang='lat' dir='ltr'><strong>lueris</strong></span> <span class='ocrx_word' id='word_1_716' title='bbox 2453 3933 2672 3986; x_wconf 89' lang='lat' dir='ltr'><strong>militem</strong></span> <span class='ocrx_word' id='word_1_717' title='bbox 2713 3920 3186 3988; x_wconf 87' lang='lat' dir='ltr'><strong>bellicosissimum</strong></span> <span class='ocrx_word' id='word_1_718' title='bbox 3209 3977 3224 4002; x_wconf 90' lang='lat'><strong>,</strong></span> <span class='ocrx_word' id='word_1_719' title='bbox 3268 3936 3602 3990; x_wconf 73' lang='lat' dir='ltr'><strong>fortissimum</strong></span> <span class='ocrx_word' id='word_1_720' title='bbox 3633 3945 3674 3987; x_wconf 85' lang='lat' dir='ltr'><strong>et</strong></span> <span class='ocrx_word' id='word_1_721' title='bbox 3693 3947 3766 3983; x_wconf 62' lang='lat' dir='ltr'><strong>uno</strong></span> 
     </span>
    </p>
   </div>
   <div class='ocr_carea' id='block_1_95' title="bbox 2258 4023 3766 4094">
    <p class='ocr_par' dir='ltr' id='par_1_95' title="bbox 2258 4023 3766 4094">
     <span class='ocr_line' id='line_1_95' title="bbox 2258 4023 3766 4094; baseline 0.004 -21"><span class='ocrx_word' id='word_1_722' title='bbox 2258 4023 2602 4091; x_wconf 88' lang='lat' dir='ltr'><strong>guanimitate</strong></span> <span class='ocrx_word' id='word_1_723' title='bbox 2633 4025 2957 4093; x_wconf 65' lang='lat' dir='ltr'><strong>praecipuum</strong></span> <span class='ocrx_word' id='word_1_724' title='bbox 2987 4026 3152 4080; x_wconf 83' lang='lat' dir='ltr'><strong>verbo</strong></span> <span class='ocrx_word' id='word_1_725' title='bbox 3185 4027 3374 4094; x_wconf 86' lang='lat' dir='ltr'><strong>profer</strong></span> <span class='ocrx_word' id='word_1_726' title='bbox 3403 4029 3455 4080; x_wconf 91' lang='lat' dir='ltr'><strong>in</strong></span> <span class='ocrx_word' id='word_1_727' title='bbox 3499 4027 3766 4082; x_wconf 74' lang='lat' dir='ltr'><strong>inediuin.tl</strong></span> 
     </span>
    </p>
   </div>
   <div class='ocr_carea' id='block_1_96' title="bbox 2261 4114 3764 4184">
    <p class='ocr_par' dir='ltr' id='par_1_96' title="bbox 2261 4114 3764 4184">
     <span class='ocr_line' id='line_1_96' title="bbox 2261 4114 3764 4184; baseline 0.003 -18"><span class='ocrx_word' id='word_1_728' title='bbox 2261 4122 2408 4167; x_wconf 88' lang='lat' dir='ltr'><strong>tanto</strong></span> <span class='ocrx_word' id='word_1_729' title='bbox 2434 4114 2800 4169; x_wconf 91' lang='lat' dir='ltr'><strong>sublimiorem</strong></span> <span class='ocrx_word' id='word_1_730' title='bbox 2847 4116 3050 4170; x_wconf 90' lang='lat' dir='ltr'><strong>videbis</strong></span> <span class='ocrx_word' id='word_1_731' title='bbox 3102 4118 3391 4172; x_wconf 81' lang='lat' dir='ltr'><strong>mulierem</strong></span> <span class='ocrx_word' id='word_1_732' title='bbox 3427 4120 3587 4180; x_wconf 88' lang='lat' dir='ltr'><strong>i.lam,</strong></span> <span class='ocrx_word' id='word_1_733' title='bbox 3627 4129 3764 4184; x_wconf 77' lang='lat' dir='ltr'><strong>qlun&#39;o</strong></span> 
     </span>
    </p>
   </div>
   <div class='ocr_carea' id='block_1_97' title="bbox 2257 4205 3768 4264">
    <p class='ocr_par' dir='ltr' id='par_1_97' title="bbox 2257 4205 3768 4264">
     <span class='ocr_line' id='line_1_97' title="bbox 2257 4205 3768 4264; baseline -0.003 -7"><span class='ocrx_word' id='word_1_734' title='bbox 2257 4205 2507 4259; x_wconf 75' lang='lat' dir='ltr'><strong>caelorum</strong></span> <span class='ocrx_word' id='word_1_735' title='bbox 2549 4205 2780 4261; x_wconf 88' lang='lat' dir='ltr'><strong>fornices</strong></span> <span class='ocrx_word' id='word_1_736' title='bbox 2809 4206 3007 4261; x_wconf 89' lang='lat' dir='ltr'><strong>distant</strong></span> <span class='ocrx_word' id='word_1_737' title='bbox 3033 4223 3063 4262; x_wconf 89' lang='lat' dir='ltr'><strong>a</strong></span> <span class='ocrx_word' id='word_1_738' title='bbox 3111 4221 3278 4263; x_wconf 89' lang='lat' dir='ltr'><strong>terra.</strong></span> <span class='ocrx_word' id='word_1_739' title='bbox 3321 4211 3456 4264; x_wconf 80' lang='lat' dir='ltr'><strong>Nam</strong></span> <span class='ocrx_word' id='word_1_740' title='bbox 3488 4210 3557 4263; x_wconf 86' lang='lat' dir='ltr'><strong>vir</strong></span> <span class='ocrx_word' id='word_1_741' title='bbox 3593 4207 3708 4262; x_wconf 73' lang='lat' dir='ltr'><strong>imis</strong></span> <span class='ocrx_word' id='word_1_742' title='bbox 3734 4214 3768 4255; x_wconf 66' lang='grc' dir='ltr'><strong>Ï„Î¹</strong></span> 
     </span>
    </p>
   </div>
   <div class='ocr_carea' id='block_1_98' title="bbox 2260 4299 3764 4372">
    <p class='ocr_par' dir='ltr' id='par_1_98' title="bbox 2260 4299 3764 4372">
     <span class='ocr_line' id='line_1_98' title="bbox 2260 4299 3764 4372; baseline -0.003 -23"><span class='ocrx_word' id='word_1_743' title='bbox 2260 4307 2520 4367; x_wconf 89' lang='lat' dir='ltr'><strong>pugnator</strong></span> <span class='ocrx_word' id='word_1_744' title='bbox 2551 4299 2631 4352; x_wconf 83' lang='lat' dir='ltr'><strong>vel</strong></span> <span class='ocrx_word' id='word_1_745' title='bbox 2661 4314 2816 4353; x_wconf 90' lang='lat' dir='ltr'><strong>unam</strong></span> <span class='ocrx_word' id='word_1_746' title='bbox 2861 4302 3011 4355; x_wconf 92' lang='lat' dir='ltr'><strong>timet</strong></span> <span class='ocrx_word' id='word_1_747' title='bbox 3054 4302 3266 4372; x_wconf 89' lang='lat' dir='ltr'><strong>plagam</strong></span> <span class='ocrx_word' id='word_1_748' title='bbox 3291 4345 3307 4368; x_wconf 98' lang='lat'><strong>,</strong></span> <span class='ocrx_word' id='word_1_749' title='bbox 3343 4314 3401 4358; x_wconf 82' lang='lat' dir='ltr'><strong>et</strong></span> <span class='ocrx_word' id='word_1_750' title='bbox 3461 4319 3523 4356; x_wconf 88' lang='lat' dir='ltr'><strong>cx</strong></span> <span class='ocrx_word' id='word_1_751' title='bbox 3559 4301 3631 4354; x_wconf 87' lang='lat' dir='ltr'><strong>illa</strong></span> <span class='ocrx_word' id='word_1_752' title='bbox 3669 4311 3764 4349; x_wconf 75' lang='grc' dir='ltr'><strong>Î¹Î¹Î¹ÎµÎ¹Ï„Î‡</strong></span> 
     </span>
    </p>
   </div>
   <div class='ocr_carea' id='block_1_99' title="bbox 2259 4391 3766 4460">
    <p class='ocr_par' dir='ltr' id='par_1_99' title="bbox 2259 4391 3766 4460">
     <span class='ocr_line' id='line_1_99' title="bbox 2259 4391 3766 4460; baseline -0.004 -14"><span class='ocrx_word' id='word_1_753' title='bbox 2259 4400 2364 4446; x_wconf 90' lang='lat' dir='ltr'><strong>tetn</strong></span> <span class='ocrx_word' id='word_1_754' title='bbox 2410 4391 2553 4445; x_wconf 90' lang='lat' dir='ltr'><strong>brevi</strong></span> <span class='ocrx_word' id='word_1_755' title='bbox 2601 4403 2945 4460; x_wconf 90' lang='lat' dir='ltr'><strong>sequuturam</strong></span> <span class='ocrx_word' id='word_1_756' title='bbox 2979 4410 2992 4447; x_wconf 93' lang='lat'><strong>:</strong></span> <span class='ocrx_word' id='word_1_757' title='bbox 3022 4392 3137 4447; x_wconf 66' lang='lat' dir='ltr'><strong>hinc</strong></span> <span class='ocrx_word' id='word_1_758' title='bbox 3176 4409 3311 4448; x_wconf 88' lang='lat' dir='ltr'><strong>vero</strong></span> <span class='ocrx_word' id='word_1_759' title='bbox 3342 4396 3516 4448; x_wconf 85' lang='lat' dir='ltr'><strong>stabat</strong></span> <span class='ocrx_word' id='word_1_760' title='bbox 3553 4405 3635 4446; x_wconf 81' lang='lat' dir='ltr'><strong>ceu</strong></span> <span class='ocrx_word' id='word_1_761' title='bbox 3663 4399 3766 4440; x_wconf 78' lang='lat' dir='ltr'><strong>mons</strong></span> 
     </span>
    </p>
   </div>
   <div class='ocr_carea' id='block_1_100' title="bbox 2256 4480 3766 4554">
    <p class='ocr_par' dir='ltr' id='par_1_100' title="bbox 2256 4480 3766 4554">
     <span class='ocr_line' id='line_1_100' title="bbox 2256 4480 3766 4554; baseline -0.003 -17"><span class='ocrx_word' id='word_1_762' title='bbox 2256 4480 2496 4552; x_wconf 84' lang='lat' dir='ltr'><strong>perfossa</strong></span> <span class='ocrx_word' id='word_1_763' title='bbox 2524 4483 2824 4549; x_wconf 90' lang='lat' dir='ltr'><strong>tormentis,</strong></span> <span class='ocrx_word' id='word_1_764' title='bbox 2862 4483 2913 4537; x_wconf 89' lang='lat' dir='ltr'><strong>in</strong></span> <span class='ocrx_word' id='word_1_765' title='bbox 2942 4483 3167 4553; x_wconf 87' lang='lat' dir='ltr'><strong>singulis</strong></span> <span class='ocrx_word' id='word_1_766' title='bbox 3195 4484 3434 4538; x_wconf 81' lang='lat' dir='ltr'><strong>filiorum</strong></span> <span class='ocrx_word' id='word_1_767' title='bbox 3464 4482 3690 4554; x_wconf 81' lang='lat' dir='ltr'><strong>graviores</strong></span> <span class='ocrx_word' id='word_1_768' title='bbox 3709 4492 3766 4528; x_wconf 82' lang='lat' dir='ltr'><strong>SI-</strong></span> 
     </span>
    </p>
   </div>
   <div class='ocr_carea' id='block_1_101' title="bbox 2255 4570 3763 4645">
    <p class='ocr_par' dir='ltr' id='par_1_101' title="bbox 2255 4570 3763 4645">
     <span class='ocr_line' id='line_1_101' title="bbox 2255 4570 3763 4645; baseline -0.006 -15"><span class='ocrx_word' id='word_1_769' title='bbox 2255 4575 2463 4630; x_wconf 88' lang='lat' dir='ltr'><strong>stineus</strong></span> <span class='ocrx_word' id='word_1_770' title='bbox 2491 4574 2672 4628; x_wconf 89' lang='lat' dir='ltr'><strong>animo</strong></span> <span class='ocrx_word' id='word_1_771' title='bbox 2703 4575 2884 4645; x_wconf 81' lang='lat' dir='ltr'><strong>plagas</strong></span> <span class='ocrx_word' id='word_1_772' title='bbox 2903 4617 2920 4641; x_wconf 89' lang='lat'><strong>,</strong></span> <span class='ocrx_word' id='word_1_773' title='bbox 2948 4590 3105 4645; x_wconf 90' lang='lat' dir='ltr'><strong>quam</strong></span> <span class='ocrx_word' id='word_1_774' title='bbox 3136 4576 3212 4630; x_wconf 91' lang='lat' dir='ltr'><strong>illi</strong></span> <span class='ocrx_word' id='word_1_775' title='bbox 3243 4577 3299 4630; x_wconf 92' lang='lat' dir='ltr'><strong>in</strong></span> <span class='ocrx_word' id='word_1_776' title='bbox 3336 4577 3584 4631; x_wconf 87' lang='lat' dir='ltr'><strong>lateribus</strong></span> <span class='ocrx_word' id='word_1_777' title='bbox 3611 4570 3763 4634; x_wconf 68' lang='lat' dir='ltr'><strong>excipe-</strong></span> 
     </span>
    </p>
   </div>
   <div class='ocr_carea' id='block_1_102' title="bbox 2255 4656 3763 4732">
    <p class='ocr_par' dir='ltr' id='par_1_102' title="bbox 2255 4656 3763 4732">
     <span class='ocr_line' id='line_1_102' title="bbox 2255 4656 3763 4732; baseline -0.003 -13"><span class='ocrx_word' id='word_1_778' title='bbox 2255 4675 2374 4721; x_wconf 86' lang='lat' dir='ltr'><strong>rent</strong></span> <span class='ocrx_word' id='word_1_779' title='bbox 2399 4667 2672 4721; x_wconf 87' lang='lat' dir='ltr'><strong>cruciatus</strong></span> <span class='ocrx_word' id='word_1_780' title='bbox 2695 4683 2707 4719; x_wconf 90' lang='lat'>:</span> <span class='ocrx_word' id='word_1_781' title='bbox 2743 4677 2913 4721; x_wconf 89' lang='lat' dir='ltr'><strong>mater</strong></span> <span class='ocrx_word' id='word_1_782' title='bbox 2936 4656 3079 4723; x_wconf 87' lang='lat' dir='ltr'><strong>enim</strong></span> <span class='ocrx_word' id='word_1_783' title='bbox 3105 4677 3220 4722; x_wconf 90' lang='lat' dir='ltr'><strong>erat</strong></span> <span class='ocrx_word' id='word_1_784' title='bbox 3237 4711 3252 4732; x_wconf 94' lang='lat'><strong>,</strong></span> <span class='ocrx_word' id='word_1_785' title='bbox 3285 4679 3342 4723; x_wconf 88' lang='lat' dir='ltr'><strong>et</strong></span> <span class='ocrx_word' id='word_1_786' title='bbox 3377 4669 3526 4721; x_wconf 88' lang='lat' dir='ltr'><strong>vidua</strong></span> <span class='ocrx_word' id='word_1_787' title='bbox 3548 4708 3560 4729; x_wconf 92' lang='lat'><strong>,</strong></span> <span class='ocrx_word' id='word_1_788' title='bbox 3585 4658 3763 4731; x_wconf 64' lang='lat' dir='ltr'><strong>atqueat!</strong></span> 
     </span>
    </p>
   </div>
   <div class='ocr_carea' id='block_1_103' title="bbox 2253 4759 3762 4823">
    <p class='ocr_par' dir='ltr' id='par_1_103' title="bbox 2253 4759 3762 4823">
     <span class='ocr_line' id='line_1_103' title="bbox 2253 4759 3762 4823; baseline -0.003 -7"><span class='ocrx_word' id='word_1_789' title='bbox 2253 4771 2548 4816; x_wconf 82' lang='lat' dir='ltr'><strong>extremam</strong></span> <span class='ocrx_word' id='word_1_790' title='bbox 2575 4770 2908 4816; x_wconf 86' lang='lat' dir='ltr'><strong>senectutem</strong></span> <span class='ocrx_word' id='word_1_791' title='bbox 2935 4761 3258 4816; x_wconf 73' lang='lat' dir='ltr'><strong>devenerat:</strong></span> <span class='ocrx_word' id='word_1_792' title='bbox 3293 4761 3446 4816; x_wconf 90' lang='lat' dir='ltr'><strong>scitis</strong></span> <span class='ocrx_word' id='word_1_793' title='bbox 3467 4771 3644 4820; x_wconf 85' lang='lat' dir='ltr'><strong>autem,</strong></span> <span class='ocrx_word' id='word_1_794' title='bbox 3662 4759 3762 4823; x_wconf 61' lang='lat' dir='ltr'><strong>quvi-</strong></span> 
     </span>
    </p>
   </div>
   <div class='ocr_carea' id='block_1_104' title="bbox 2254 4852 3764 4924">
    <p class='ocr_par' dir='ltr' id='par_1_104' title="bbox 2254 4852 3764 4924">
     <span class='ocr_line' id='line_1_104' title="bbox 2254 4852 3764 4924; baseline -0.008 -19"><span class='ocrx_word' id='word_1_795' title='bbox 2254 4861 2384 4924; x_wconf 92' lang='lat' dir='ltr'><strong>quot</strong></span> <span class='ocrx_word' id='word_1_796' title='bbox 2413 4863 2589 4923; x_wconf 89' lang='lat' dir='ltr'><strong>patres</strong></span> <span class='ocrx_word' id='word_1_797' title='bbox 2619 4853 2785 4917; x_wconf 90' lang='lat' dir='ltr'><strong>estis,</strong></span> <span class='ocrx_word' id='word_1_798' title='bbox 2818 4863 2872 4908; x_wconf 89' lang='lat' dir='ltr'><strong>et</strong></span> <span class='ocrx_word' id='word_1_799' title='bbox 2913 4869 3267 4923; x_wconf 74' lang='lat' dir='ltr'><strong>quiecnmque</strong></span> <span class='ocrx_word' id='word_1_800' title='bbox 3301 4865 3487 4923; x_wconf 79' lang='lat' dir='ltr'><strong>partus</strong></span> <span class='ocrx_word' id='word_1_801' title='bbox 3510 4852 3686 4905; x_wconf 84' lang='lat' dir='ltr'><strong>dolores</strong></span> <span class='ocrx_word' id='word_1_802' title='bbox 3704 4858 3764 4896; x_wconf 75' lang='lat' dir='ltr'><strong>et-</strong></span> 
     </span>
    </p>
   </div>
   <div class='ocr_carea' id='block_1_105' title="bbox 2255 4936 3760 5015">
    <p class='ocr_par' dir='ltr' id='par_1_105' title="bbox 2255 4936 3760 5015">
     <span class='ocr_line' id='line_1_105' title="bbox 2255 4936 3760 5015; baseline -0.006 -14"><span class='ocrx_word' id='word_1_803' title='bbox 2255 4954 2420 5015; x_wconf 72' lang='lat' dir='ltr'><strong>pertte</strong></span> <span class='ocrx_word' id='word_1_804' title='bbox 2461 4945 2610 5011; x_wconf 87' lang='lat' dir='ltr'><strong>estis,</strong></span> <span class='ocrx_word' id='word_1_805' title='bbox 2641 4946 2859 5014; x_wconf 82' lang='lat' dir='ltr'><strong>spiculis</strong></span> <span class='ocrx_word' id='word_1_806' title='bbox 2898 4946 3146 4999; x_wconf 89' lang='lat' dir='ltr'><strong>omnibus</strong></span> <span class='ocrx_word' id='word_1_807' title='bbox 3197 4945 3324 4999; x_wconf 77' lang='lat' dir='ltr'><strong>inec</strong></span> <span class='ocrx_word' id='word_1_808' title='bbox 3381 4959 3501 4999; x_wconf 85' lang='lat' dir='ltr'><strong>esse</strong></span> <span class='ocrx_word' id='word_1_809' title='bbox 3541 4936 3760 4994; x_wconf 61' lang='lat' dir='ltr'><strong>ace-rbitra-</strong></span> 
     </span>
    </p>
   </div>
   <div class='ocr_carea' id='block_1_106' title="bbox 2256 5025 3759 5106">
    <p class='ocr_par' dir='ltr' id='par_1_106' title="bbox 2256 5025 3759 5106">
     <span class='ocr_line' id='line_1_106' title="bbox 2256 5025 3759 5106; baseline -0.009 -14"><span class='ocrx_word' id='word_1_810' title='bbox 2256 5039 2332 5092; x_wconf 79' lang='lat' dir='ltr'><strong>Ae</strong></span> <span class='ocrx_word' id='word_1_811' title='bbox 2378 5036 2582 5091; x_wconf 77' lang='lat' dir='ltr'><strong>nullum</strong></span> <span class='ocrx_word' id='word_1_812' title='bbox 2635 5037 2796 5091; x_wconf 79' lang='lat' dir='ltr'><strong>telum</strong></span> <span class='ocrx_word' id='word_1_813' title='bbox 2839 5045 3050 5090; x_wconf 89' lang='lat' dir='ltr'><strong>acutum</strong></span> <span class='ocrx_word' id='word_1_814' title='bbox 3098 5047 3201 5088; x_wconf 78' lang='lat' dir='ltr'><strong>tam</strong></span> <span class='ocrx_word' id='word_1_815' title='bbox 3251 5052 3478 5106; x_wconf 68' lang='lat' dir='ltr'><strong>gravem</strong></span> <span class='ocrx_word' id='word_1_816' title='bbox 3521 5034 3656 5086; x_wconf 67' lang='lat' dir='ltr'><strong>infert</strong></span> <span class='ocrx_word' id='word_1_817' title='bbox 3689 5025 3759 5075; x_wconf 73' lang='lat' dir='ltr'><strong>tul-</strong></span> 
     </span>
    </p>
   </div>
   <div class='ocr_carea' id='block_1_107' title="bbox 2255 5116 3760 5196">
    <p class='ocr_par' dir='ltr' id='par_1_107' title="bbox 2255 5116 3760 5196">
     <span class='ocr_line' id='line_1_107' title="bbox 2255 5116 3760 5196; baseline -0.007 -10"><span class='ocrx_word' id='word_1_818' title='bbox 2255 5131 2454 5186; x_wconf 89' lang='lat' dir='ltr'><strong>neratis</strong></span> <span class='ocrx_word' id='word_1_819' title='bbox 2503 5130 2777 5194; x_wconf 74' lang='lat' dir='ltr'><strong>dolerem,</strong></span> <span class='ocrx_word' id='word_1_820' title='bbox 2813 5139 2871 5184; x_wconf 79' lang='lat' dir='ltr'><strong>ut</strong></span> <span class='ocrx_word' id='word_1_821' title='bbox 2922 5129 3110 5183; x_wconf 91' lang='lat' dir='ltr'><strong>harum</strong></span> <span class='ocrx_word' id='word_1_822' title='bbox 3151 5144 3340 5183; x_wconf 87' lang='lat' dir='ltr'><strong>rerum</strong></span> <span class='ocrx_word' id='word_1_823' title='bbox 3399 5135 3687 5196; x_wconf 71' lang='lat' dir='ltr'><strong>unaquzrqtle</strong></span> <span class='ocrx_word' id='word_1_824' title='bbox 3721 5116 3760 5166; x_wconf 68' lang='lat' dir='ltr'><strong>il-</strong></span> 
     </span>
    </p>
   </div>
   <div class='ocr_carea' id='block_1_108' title="bbox 2255 5209 3763 5293">
    <p class='ocr_par' dir='ltr' id='par_1_108' title="bbox 2255 5209 3763 5293">
     <span class='ocr_line' id='line_1_108' title="bbox 2255 5209 3763 5293; baseline -0.007 -16"><span class='ocrx_word' id='word_1_825' title='bbox 2255 5223 2355 5277; x_wconf 91' lang='lat' dir='ltr'><strong>lius</strong></span> <span class='ocrx_word' id='word_1_826' title='bbox 2376 5223 2680 5293; x_wconf 82' lang='lat' dir='ltr'><strong>pungebant</strong></span> <span class='ocrx_word' id='word_1_827' title='bbox 2701 5223 2959 5277; x_wconf 82' lang='lat' dir='ltr'><strong>animum.</strong></span> <span class='ocrx_word' id='word_1_828' title='bbox 2990 5221 3175 5290; x_wconf 78' lang='lat' dir='ltr'><strong>Cogita</strong></span> <span class='ocrx_word' id='word_1_829' title='bbox 3201 5221 3353 5274; x_wconf 87' lang='lat' dir='ltr'><strong>enim</strong></span> <span class='ocrx_word' id='word_1_830' title='bbox 3374 5229 3614 5291; x_wconf 78' lang='lat' dir='ltr'><strong>quantum</strong></span> <span class='ocrx_word' id='word_1_831' title='bbox 3633 5221 3715 5266; x_wconf 74' lang='lat' dir='ltr'><strong>erat</strong></span> <span class='ocrx_word' id='word_1_832' title='bbox 3732 5209 3763 5256; x_wconf 64' lang='grc' dir='ltr'><strong>á¼€ÎµÎ¹</strong></span> 
     </span>
    </p>
   </div>
   <div class='ocr_carea' id='block_1_109' title="bbox 568 5308 3756 5387">
    <p class='ocr_par' dir='ltr' id='par_1_109' title="bbox 568 5308 3756 5387">
     <span class='ocr_line' id='line_1_109' title="bbox 568 5308 3756 5387; baseline -0.001 -20"><span class='ocrx_word' id='word_1_833' title='bbox 568 5313 781 5368; x_wconf 85' lang='lat' dir='ltr'><strong>mollior</strong></span> <span class='ocrx_word' id='word_1_834' title='bbox 804 5329 834 5368; x_wconf 89' lang='lat' dir='ltr'><strong>a</strong></span> <span class='ocrx_word' id='word_1_835' title='bbox 864 5315 992 5368; x_wconf 67' lang='lat' dir='ltr'><strong>&#39;vitio</strong></span> <span class='ocrx_word' id='word_1_836' title='bbox 1017 5314 1205 5379; x_wconf 88' lang='lat' dir='ltr'><strong>factus,</strong></span> <span class='ocrx_word' id='word_1_837' title='bbox 1244 5316 1514 5386; x_wconf 89' lang='lat' dir='ltr'><strong>quomodo</strong></span> <span class='ocrx_word' id='word_1_838' title='bbox 1546 5328 1732 5387; x_wconf 90' lang='lat' dir='ltr'><strong>potero</strong></span> <span class='ocrx_word' id='word_1_839' title='bbox 1781 5317 1942 5372; x_wconf 85' lang='lat' dir='ltr'><strong>talem</strong></span> <span class='ocrx_word' id='word_1_840' title='bbox 1975 5319 2146 5372; x_wconf 92' lang='lat' dir='ltr'><strong>virum</strong></span> <span class='ocrx_word' id='word_1_841' title='bbox 2209 5317 2471 5387; x_wconf 80' lang='lat' dir='ltr'><strong>)siugulis</strong></span> <span class='ocrx_word' id='word_1_842' title='bbox 2491 5317 2609 5369; x_wconf 80' lang='lat' dir='ltr'><strong>filiis</strong></span> <span class='ocrx_word' id='word_1_843' title='bbox 2629 5317 2811 5371; x_wconf 83' lang='lat' dir='ltr'><strong>videre</strong></span> <span class='ocrx_word' id='word_1_844' title='bbox 2830 5330 3024 5384; x_wconf 88' lang='lat' dir='ltr'><strong>corpus</strong></span> <span class='ocrx_word' id='word_1_845' title='bbox 3042 5330 3201 5368; x_wconf 86' lang='lat' dir='ltr'><strong>unum</strong></span> <span class='ocrx_word' id='word_1_846' title='bbox 3221 5315 3333 5383; x_wconf 81' lang='lat' dir='ltr'><strong>igni</strong></span> <span class='ocrx_word' id='word_1_847' title='bbox 3354 5323 3409 5368; x_wconf 91' lang='lat' dir='ltr'><strong>et</strong></span> <span class='ocrx_word' id='word_1_848' title='bbox 3430 5308 3756 5366; x_wconf 65' lang='lat' dir='ltr'><strong>ferrodisruï¬‚il&#39;</strong></span> 
     </span>
    </p>
   </div>
   <div class='ocr_carea' id='block_1_110' title="bbox 570 5404 2149 5477">
    <p class='ocr_par' dir='ltr' id='par_1_110' title="bbox 570 5404 2149 5477">
     <span class='ocr_line' id='line_1_110' title="bbox 570 5404 2149 5477; baseline 0.003 -19"><span class='ocrx_word' id='word_1_849' title='bbox 570 5417 783 5470; x_wconf 86' lang='lat' dir='ltr'><strong>vocare,</strong></span> <span class='ocrx_word' id='word_1_850' title='bbox 803 5404 1072 5475; x_wconf 89' lang='lat' dir='ltr'><strong>captivum</strong></span> <span class='ocrx_word' id='word_1_851' title='bbox 1093 5421 1306 5475; x_wconf 90' lang='lat' dir='ltr'><strong>nempe,</strong></span> <span class='ocrx_word' id='word_1_852' title='bbox 1326 5420 1541 5461; x_wconf 89' lang='lat' dir='ltr'><strong>servum</strong></span> <span class='ocrx_word' id='word_1_853' title='bbox 1563 5409 1882 5477; x_wconf 91' lang='lat' dir='ltr'><strong>emptitium,</strong></span> <span class='ocrx_word' id='word_1_854' title='bbox 1900 5409 2149 5464; x_wconf 89' lang='lat' dir='ltr'><strong>omnibus</strong></span> 
     </span>
    </p>
   </div>
   <div class='ocr_carea' id='block_1_111' title="bbox 562 5498 2144 5570">
    <p class='ocr_par' dir='ltr' id='par_1_111' title="bbox 562 5498 2144 5570">
     <span class='ocr_line' id='line_1_111' title="bbox 562 5498 2144 5570; baseline 0.003 -17"><span class='ocrx_word' id='word_1_855' title='bbox 562 5513 686 5553; x_wconf 84' lang='lat' dir='ltr'><strong>sese</strong></span> <span class='ocrx_word' id='word_1_856' title='bbox 705 5498 843 5553; x_wconf 90' lang='lat' dir='ltr'><strong>vitiis</strong></span> <span class='ocrx_word' id='word_1_857' title='bbox 857 5498 1166 5566; x_wconf 76' lang='lat' dir='ltr'><strong>(ledentem,</strong></span> <span class='ocrx_word' id='word_1_858' title='bbox 1190 5501 1434 5566; x_wconf 88' lang='lat' dir='ltr'><strong>fractum,</strong></span> <span class='ocrx_word' id='word_1_859' title='bbox 1449 5501 1766 5570; x_wconf 91' lang='lat' dir='ltr'><strong>emollitum,</strong></span> <span class='ocrx_word' id='word_1_860' title='bbox 1786 5502 2144 5569; x_wconf 89' lang='lat' dir='ltr'><strong>deliciantem,</strong></span> 
     </span>
    </p>
   </div>
   <div class='ocr_carea' id='block_1_112' title="bbox 564 5590 2148 5664">
    <p class='ocr_par' dir='ltr' id='par_1_112' title="bbox 564 5590 2148 5664">
     <span class='ocr_line' id='line_1_112' title="bbox 564 5590 2148 5664; baseline 0.003 -21"><span class='ocrx_word' id='word_1_861' title='bbox 564 5590 633 5644; x_wconf 78' lang='lat' dir='ltr'><strong>ab</strong></span> <span class='ocrx_word' id='word_1_862' title='bbox 657 5590 904 5645; x_wconf 91' lang='lat' dir='ltr'><strong>omnibus</strong></span> <span class='ocrx_word' id='word_1_863' title='bbox 945 5590 1247 5659; x_wconf 79' lang='lat' dir='ltr'><strong>depulsum,</strong></span> <span class='ocrx_word' id='word_1_864' title='bbox 1280 5592 1367 5660; x_wconf 91' lang='lat' dir='ltr'><strong>qui</strong></span> <span class='ocrx_word' id='word_1_865' title='bbox 1398 5607 1463 5646; x_wconf 93' lang='lat' dir='ltr'><strong>ne</strong></span> <span class='ocrx_word' id='word_1_866' title='bbox 1485 5603 1628 5648; x_wconf 91' lang='lat' dir='ltr'><strong>stare</strong></span> <span class='ocrx_word' id='word_1_867' title='bbox 1671 5594 1886 5664; x_wconf 88' lang='lat' dir='ltr'><strong>quidem</strong></span> <span class='ocrx_word' id='word_1_868' title='bbox 1942 5595 1992 5649; x_wconf 91' lang='lat' dir='ltr'><strong>in</strong></span> <span class='ocrx_word' id='word_1_869' title='bbox 2034 5595 2148 5649; x_wconf 91' lang='lat' dir='ltr'><strong>acie</strong></span> 
     </span>
    </p>
   </div>
   <div class='ocr_carea' id='block_1_113' title="bbox 562 5684 2145 5752">
    <p class='ocr_par' dir='ltr' id='par_1_113' title="bbox 562 5684 2145 5752">
     <span class='ocr_line' id='line_1_113' title="bbox 562 5684 2145 5752; baseline 0.006 -18"><span class='ocrx_word' id='word_1_870' title='bbox 562 5684 774 5752; x_wconf 64' lang='lat' dir='ltr'><strong>possit?</strong></span> <span class='ocrx_word' id='word_1_871' title='bbox 803 5686 883 5738; x_wconf 81' lang='lat' dir='ltr'><strong>Au</strong></span> <span class='ocrx_word' id='word_1_872' title='bbox 924 5684 1141 5738; x_wconf 91' lang='lat' dir='ltr'><strong>nescitis</strong></span> <span class='ocrx_word' id='word_1_873' title='bbox 1173 5684 1326 5738; x_wconf 87' lang='lat' dir='ltr'><strong>nobis</strong></span> <span class='ocrx_word' id='word_1_874' title='bbox 1357 5700 1462 5740; x_wconf 92' lang='lat' dir='ltr'><strong>non</strong></span> <span class='ocrx_word' id='word_1_875' title='bbox 1501 5701 1622 5741; x_wconf 91' lang='lat' dir='ltr'><strong>esse</strong></span> <span class='ocrx_word' id='word_1_876' title='bbox 1653 5685 1848 5742; x_wconf 83' lang='lat' dir='ltr'><strong>bellum</strong></span> <span class='ocrx_word' id='word_1_877' title='bbox 1879 5696 1935 5744; x_wconf 90' lang='lat' dir='ltr'><strong>et</strong></span> <span class='ocrx_word' id='word_1_878' title='bbox 1973 5688 2145 5744; x_wconf 85' lang='lat' dir='ltr'><strong>aciem</strong></span> 
     </span>
    </p>
   </div>
   <div class='ocr_carea' id='block_1_114' title="bbox 563 5776 2144 5847">
    <p class='ocr_par' dir='ltr' id='par_1_114' title="bbox 563 5776 2144 5847">
     <span class='ocr_line' id='line_1_114' title="bbox 563 5776 2144 5847; baseline 0.006 -21"><span class='ocrx_word' id='word_1_879' title='bbox 563 5776 861 5842; x_wconf 69' lang='lat' dir='ltr'><strong>parandam</strong></span> <span class='ocrx_word' id='word_1_880' title='bbox 884 5776 1142 5831; x_wconf 73' lang='lat' dir='ltr'><strong>advensus</strong></span> <span class='ocrx_word' id='word_1_881' title='bbox 1181 5776 1425 5833; x_wconf 75' lang='lat' dir='ltr'><strong>homines</strong></span> <span class='ocrx_word' id='word_1_882' title='bbox 1453 5793 1801 5847; x_wconf 83' lang='lat' dir='ltr'><strong>congencrcs,</strong></span> <span class='ocrx_word' id='word_1_883' title='bbox 1835 5780 1926 5836; x_wconf 85' lang='lat' dir='ltr'><strong>sed</strong></span> <span class='ocrx_word' id='word_1_884' title='bbox 1955 5779 2144 5836; x_wconf 83' lang='lat' dir='ltr'><strong>adver-</strong></span> 
     </span>
    </p>
   </div>
   <div class='ocr_carea' id='block_1_115' title="bbox 2254 5397 3763 5478">
    <p class='ocr_par' dir='ltr' id='par_1_115' title="bbox 2254 5397 3763 5478">
     <span class='ocr_line' id='line_1_115' title="bbox 2254 5397 3763 5478; baseline -0.027 3"><span class='ocrx_word' id='word_1_885' title='bbox 2254 5407 2579 5478; x_wconf 66' lang='lat' dir='ltr'><strong>longumque</strong></span> <span class='ocrx_word' id='word_1_886' title='bbox 2645 5407 2890 5478; x_wconf 86' lang='lat' dir='ltr'><strong>protendi</strong></span> <span class='ocrx_word' id='word_1_887' title='bbox 2938 5415 3244 5470; x_wconf 87' lang='lat' dir='ltr'><strong>certamen;</strong></span> <span class='ocrx_word' id='word_1_888' title='bbox 3293 5403 3561 5475; x_wconf 89' lang='lat' dir='ltr'><strong>quomodo</strong></span> <span class='ocrx_word' id='word_1_889' title='bbox 3597 5397 3763 5450; x_wconf 69' lang='lat' dir='ltr'><strong>vinciat.</strong></span> 
     </span>
    </p>
   </div>
   <div class='ocr_carea' id='block_1_116' title="bbox 2253 5492 3758 5574">
    <p class='ocr_par' dir='ltr' id='par_1_116' title="bbox 2253 5492 3758 5574">
     <span class='ocr_line' id='line_1_116' title="bbox 2253 5492 3758 5574; baseline -0.015 -21"><span class='ocrx_word' id='word_1_890' title='bbox 2253 5501 2521 5573; x_wconf 91' lang='lat' dir='ltr'><strong>quomodo</strong></span> <span class='ocrx_word' id='word_1_891' title='bbox 2580 5499 2862 5564; x_wconf 84' lang='lat' dir='ltr'><strong>audiebat,</strong></span> <span class='ocrx_word' id='word_1_892' title='bbox 2903 5498 3171 5569; x_wconf 75' lang='lat' dir='ltr'><strong>quomodo</strong></span> <span class='ocrx_word' id='word_1_893' title='bbox 3195 5498 3503 5563; x_wconf 83' lang='lat' dir='ltr'><strong>excipiebat</strong></span> <span class='ocrx_word' id='word_1_894' title='bbox 3526 5492 3758 5574; x_wconf 83' lang='lat' dir='ltr'><strong>odorem</strong></span> 
     </span>
    </p>
   </div>
   <div class='ocr_carea' id='block_1_117' title="bbox 2253 5576 3761 5663">
    <p class='ocr_par' dir='ltr' id='par_1_117' title="bbox 2253 5576 3761 5663">
     <span class='ocr_line' id='line_1_117' title="bbox 2253 5576 3761 5663; baseline -0.013 -15"><span class='ocrx_word' id='word_1_895' title='bbox 2253 5593 2571 5663; x_wconf 86' lang='lat' dir='ltr'><strong>corporibus</strong></span> <span class='ocrx_word' id='word_1_896' title='bbox 2616 5592 2753 5656; x_wconf 88' lang='lat' dir='ltr'><strong>illis,</strong></span> <span class='ocrx_word' id='word_1_897' title='bbox 2796 5591 2944 5646; x_wconf 91' lang='lat' dir='ltr'><strong>mille</strong></span> <span class='ocrx_word' id='word_1_898' title='bbox 2989 5599 3188 5644; x_wconf 86' lang='lat' dir='ltr'><strong>mortes</strong></span> <span class='ocrx_word' id='word_1_899' title='bbox 3228 5588 3462 5658; x_wconf 86' lang='lat' dir='ltr'><strong>singulis</strong></span> <span class='ocrx_word' id='word_1_900' title='bbox 3506 5576 3761 5636; x_wconf 79' lang='lat' dir='ltr'><strong>liliisiniem</strong></span> 
     </span>
    </p>
   </div>
   <div class='ocr_carea' id='block_1_118' title="bbox 2253 5665 3760 5751">
    <p class='ocr_par' dir='ltr' id='par_1_118' title="bbox 2253 5665 3760 5751">
     <span class='ocr_line' id='line_1_118' title="bbox 2253 5665 3760 5751; baseline -0.013 -11"><span class='ocrx_word' id='word_1_901' title='bbox 2253 5685 2456 5741; x_wconf 79' lang='lat' dir='ltr'><strong>videns.</strong></span> <span class='ocrx_word' id='word_1_902' title='bbox 2491 5683 2596 5740; x_wconf 87' lang='lat' dir='ltr'><strong>Sed</strong></span> <span class='ocrx_word' id='word_1_903' title='bbox 2643 5683 2728 5738; x_wconf 86' lang='lat' dir='ltr'><strong>illa</strong></span> <span class='ocrx_word' id='word_1_904' title='bbox 2770 5682 2983 5751; x_wconf 84' lang='lat' dir='ltr'><strong>quidem</strong></span> <span class='ocrx_word' id='word_1_905' title='bbox 3014 5681 3186 5734; x_wconf 91' lang='lat' dir='ltr'><strong>stabat</strong></span> <span class='ocrx_word' id='word_1_906' title='bbox 3221 5687 3286 5733; x_wconf 91' lang='lat' dir='ltr'><strong>ut</strong></span> <span class='ocrx_word' id='word_1_907' title='bbox 3334 5688 3482 5747; x_wconf 88' lang='lat' dir='ltr'><strong>petra</strong></span> <span class='ocrx_word' id='word_1_908' title='bbox 3512 5665 3760 5728; x_wconf 70' lang='lat' dir='ltr'><strong>immobilis.</strong></span> 
     </span>
    </p>
   </div>
   <div class='ocr_carea' id='block_1_119' title="bbox 2254 5772 3761 5849">
    <p class='ocr_par' dir='ltr' id='par_1_119' title="bbox 2254 5772 3761 5849">
     <span class='ocr_line' id='line_1_119' title="bbox 2254 5772 3761 5849; baseline -0.017 -13"><span class='ocrx_word' id='word_1_909' title='bbox 2254 5797 2360 5837; x_wconf 89' lang='lat' dir='ltr'><strong>non</strong></span> <span class='ocrx_word' id='word_1_910' title='bbox 2389 5779 2583 5849; x_wconf 82' lang='lat' dir='ltr'><strong>agitata</strong></span> <span class='ocrx_word' id='word_1_911' title='bbox 2614 5775 2882 5841; x_wconf 82' lang='lat' dir='ltr'><strong>fluctibus,</strong></span> <span class='ocrx_word' id='word_1_912' title='bbox 2915 5775 3008 5832; x_wconf 86' lang='lat' dir='ltr'><strong>sed</strong></span> <span class='ocrx_word' id='word_1_913' title='bbox 3040 5773 3226 5830; x_wconf 81' lang='lat' dir='ltr'><strong>fluctus</strong></span> <span class='ocrx_word' id='word_1_914' title='bbox 3255 5774 3309 5828; x_wconf 91' lang='lat' dir='ltr'><strong>in</strong></span> <span class='ocrx_word' id='word_1_915' title='bbox 3344 5785 3574 5844; x_wconf 81' lang='lat' dir='ltr'><strong>Spumam</strong></span> <span class='ocrx_word' id='word_1_916' title='bbox 3596 5772 3761 5820; x_wconf 70' lang='lat' dir='ltr'><strong>corner-</strong></span> 
     </span>
    </p>
   </div>
  </div>
