4064 6526
38 332 57 417 ί

229 355 320 422 ιιι
1130 364 1171 421 v
1206 364 1510 440 IIUMILIA,
1545 369 1634 427 DE
1673 366 1868 431 STUDI

1971 356 2449 440 Ρωιεεειίτιῡιι,
2493 374 2644 433 mc.

233 485 313 537 καὶ
336 484 430 537 16v
453 480 846 552 τελευτήσαντα
867 480 978 544 τοῖς
1005 478 1174 545 ζῶσιν
1197 479 1421 552 ἀνέμιξε
1444 495 1458 510 ·
1484 484 1579 536 καὶ
1608 483 1717 555 γάρ
1743 481 1883 555 [καὶ]

230 573 423 636 ἐκεῖνος
453 569 570 641 μεθ’
597 568 753 640 ἡμῶν
786 564 1013 637 ἔψαλλεν
1032 568 1061 619 6
1083 568 1351 639 μακάριος
1378 560 1531 646 οὗτος
1565 572 1849 641 προφήτης
1867 587 1880 601 ·

231 659 391 711 καίτοι
424 675 488 726 γε
508 659 565 710 ἐν
595 655 898 725 βασιλικαῖς
921 654 1109 718 αὐλαῖς
1135 655 1235 708 οὐκ
1268 654 1353 709 ἔνι
1375 655 1551 719 τοῦτο,
1575 656 1711 709 ἀλλά
1747 653 1885 710 κάθ-

230 754 339 815 ηται
380 744 481 815 μὲν
524 744 553 797 6
594 742 657 795 :6
686 741 921 812 διάδημα
965 740 1363 811 περικείμενος,
1416 742 1792 814 παρεστήκασι
1829 742 1886 796 δὲ

230 834 414 898 πάντες
461 834 608 903 σιγῇ,
659 828 963 883 καὶταῦτα
1019 829 1076 881 ἐν
1128 824 1412 899 μεγίσταις
1465 828 1618 895 ὅντες
1668 832 1880 901 ἀρχαῖς.

240 906 492 972 Ἐνταῦθα
528 908 585 971 δέ
617 916 716 987 οὐχ
758 907 950 979 οὕτως,
1004 911 1138 969 ἀλλά
1173 913 1467 983 φθέγγεται
1507 916 1536 969 6
1577 916 1882 987 προφήτης,

231 1005 310 1058 1:61
340 1005 541 1067 πάντες
572 1002 998 1073 ἀποκρινόμεθα,
1051 1002 1145 1055 καὶ
1188 1002 1388 1066 πάντες
1434 1002 1842 1074 συνεπηχοῦμεν
1864 1020 1879 1035 ·

231 1092 311 1144 1:11
340 1093 441 1145 οὐκ
474 1091 588 1143 ἔστι
633 1088 820 1143 δοῦλον
850 1088 1081 1142 ἐνταῦθα
1123 1089 1272 1153 ἰδεῖν,
1292 1089 1411 1142 οὐδὲ
1436 1089 1732 1159 ἐλεύθερον,
1764 1090 1882 1144 οὐδὲ

232 1179 468 1232 πλούσιον
501 1176 597 1230 1:61
635 1176 865 1246 πένητα.
909 1175 1030 1228 οὐδέ
1079 1174 1314 1247 ἄρχοντα
1355 1177 1447 1229 1:61
1480 1175 1725 1248 ἰδιώτηνο
1765 1178 1880 1232 ἀλλ’

230 1264 457 1318 ἐκποδὼν
483 1264 671 1317 άπασα
693 1261 830 1333 αῦτη
860 1264 894 1332 ἡ
927 1261 1021 1315 τοῦ
1060 1262 1175 1331 βίου
1208 1262 1493 1333 ἀνωμαλία
1523 1264 1876 1335 ἀπελήλαται,

230 1354 310 1405 καὶ
337 1347 415 1415 εἷς
441 1350 598 1422 χορὸς
624 1349 684 1414 ἐξ
714 1350 970 1404 ἁπάντων
1000 1349 1454 1421 συγκεκρότηται,
1495 1351 1588 1403 1:61
1632 1346 1880 1424 ἰσηγορία

233 1438 403 1511 πολλὴ,
431 1438 525 1491 1:61
565 1435 658 1490 :6v
706 1435 933 1506 οὐρανὸν
977 1437 1011 1505 ἡ
1059 1436 1132 1505 γῆ
1184 1438 1446 1505 μιμεῖται.
1494 1436 1741 1508 Τοσαύτη
1777 1439 1879 1509 τῆς

232 1525 503 1597 ἐκκλησίας
531 1526 565 1596 ὴ
597 1523 866 1593 εὐγένεια.
905 1522 1039 1577 Οὐδέ
1060 1521 1169 1593 γὰρ
1204 1522 1351 1576 ἐστιν
1383 1523 1576 1590 εἰπεῖν,
1607 1524 1688 1579 ὅτι
1719 1527 1748 1579 6
1776 1526 1877 1597 μὲν

232 1614 476 1683 δεσπότης
521 1610 662 1683 μετά
690 1609 892 1680 πολλῆς
929 1600 1122 1679 ψάλλει
1160 1606 1261 1681 τῆς
1302 1600 1631 1683 παρρησίας,
1664 1614 1876 1668 ἐπιστο-

236 1701 425 1771 μίζεται
451 1700 507 1753 δὲ
536 1700 567 1752 6
595 1696 847 1769 οἰκέτης’
883 1696 991 1751 οὐδ’
1035 1692 1102 1751 αὖ
1135 1697 1164 1749 6
1197 1684 1449 1761 πλούσιος
1488 1687 1586 1768 μέν
1610 1691 1750 1753 κινεῖ
1777 1701 1877 1771 τὴν

234 1787 471 1856 γλῶτταν,
491 1784 708 1857 ἀφωνία
721 1784 779 1839 δέ
798 1786 826 1839 6
846 1784 1015 1856 πένης
1039 1777 1456 1848 καταδικάζεται
1471 1788 1487 1816 δ
1516 1776 1623 1839 οὐδ⁴
1646 1782 1713 1841 αὖ
1737 1787 1875 1860 ἀνὴρ

239 1874 318 1945 μὲν
339 1872 791 1947 παρρησιάζεται,
827 1870 967 1943 γυνὴ
998 1870 1057 1925 δὲ
1096 1872 1223 1942 σιγᾷ
1249 1871 1343 1925 1:61
1365 1871 1579 1941 ἄφωνος
1607 1873 1836 1946 ἔστηκεν
1856 1892 1874 1910 θ

236 1960 349 2015 ἀλλά
376 1961 575 2024 πάντες
610 1957 713 2029 τῆς
748 1947 919 2030 αὐτῆς
969 1948 1238 2029 ίᾱοτιμίας
1277 1955 1659 2024 ἀπολαύοντες,
1691 1960 1875 2031 κοινὴν

240 2048 556 2119 ἀναφέρομεν
591 2045 691 2117 τὴν
732 2045 945 2107 θυσίαν,
992 2046 1180 2116 κοινὴν
1220 2045 1319 2117 τὴν
1365 2047 1712 2119 προσφοράν·
1763 2049 1874 2102 οὐδ’

243 2134 330 2205 ἔχει
359 2152 407 2188 τι
439 2134 599 2187 πλέον
625 2127 781 2197 οὗτος
814 2131 1045 2196 ἐκείνου,
1078 2132 1200 2186 οὐδὲ
1243 2133 1451 2197 ἐκεῖνος
1490 2135 1703 2202 τούτου,
1738 2136 1875 2190 ἀλλά

243 2228 413 2289 πάντες
449 2226 507 2277 ἐν
543 2226 609 2296 τῇ
652 2225 791 2296 αὐτῇ
833 2226 990 2294 τιμῇ.
1023 2224 1117 2278 1:61
1158 2224 1309 2297 φωνὴ
1364 2224 1462 2297 μία
1500 2226 1565 2280 ἐκ
1602 2226 1873 2300 διαφόρων

237 2313 457 2381 γλωττῶν
496 2305 637 2383 πρὸς
663 2301 757 2365 τόν
802 2311 902 2381 τῆς
930 2311 1255 2384 οἰκουμένης
1302 2312 1686 2385 ἀναπέμπεται
1719 2314 1868 2389 [550]

233 2399 554 2471 δημιουργόν.
601 2399 668 2452 Ἦ
705 2399 939 2470 διαφορά
968 2399 1025 2453 δὲ
1053 2400 1155 2453 οὐκ
1186 2401 1244 2452 ἐν
1268 2398 1348 2471 τῷ
1375 2399 1545 2472 δούλῳ
1587 2402 1681 2455 καὶ
1709 2402 1766 2455 ἐν
1794 2401 1872 2473 τῷ

233 2487 491 2557 ἐλευθέρῳ,
523 2485 625 2540 οὐκ
660 2486 719 2538 ἐν
746 2485 824 2557 τῷ
855 2485 1095 2557 πλουσίῳ
1122 2487 1216 2540 1:61
1242 2488 1301 2541 ἐν
1328 2486 1405 2558 τῷ
1431 2488 1645 2560 πένητι,
1677 2489 1776 2543 οὐκ
1812 2490 1871 2543 ὲν

229 2579 286 2646 τῇ
309 2575 518 2643 γυναικὶ
560 2574 656 2628 1:61
702 2575 760 2627 ἐν
786 2574 865 2645 τῷ
893 2574 1070 2645 ἀνδρὶ,
1104 2574 1221 2629 ἀλλ’
1261 2576 1320 2629 ἐν
1348 2578 1414 2648 τῇ
1450 2575 1665 2647 γνώμῃ,
1717 2579 1775 2630 ἐν
1802 2580 1867 2650 τῇ

228 2665 410 2734 σπουδῇ
435 2665 527 2716 1:61
548 2665 614 2732 τῇ
644 2662 904 2734 ῥαθυμίᾳ,
930 2664 987 2715 ἐν
1009 2665 1073 2734 τῇ
1100 2662 1269 2735 κακίᾳ
1293 2666 1385 2719 1:61
1407 2668 1471 2736 τῇ
1501 2667 1688 2737 ἀρετῇ.
1714 2666 1871 2719 Οὕτω

229 2754 323 2823 γὰρ
350 2752 437 2806 1:61
483 2750 736 2804 πλούσιον
760 2748 871 2818 ἐγὼ
912 2749 1003 2802 τὸν
1030 2749 1240 2821 πένητα
1283 2750 1514 2823 δύναμαι
1540 2752 1742 2815 καλεῖν,
1775 2751 1869 2805 καὶ

229 2842 413 2910 πένητα
438 2838 529 2892 τὸν
557 2837 829 2902 πλούσιον,
870 2838 965 2891 1:61
989 2840 1222 2906 γυναῖκα
1247 2837 1339 2892 :6v
1359 2838 1545 2911 ἀνδρα,
1575 2839 1670 2893 1:61
1702 2839 1869 2910 ἀνδρα

225 2929 312 2997 τὴν
335 2930 575 2996 γυναῖκα,
609 2923 704 2980 καὶ
728 2923 940 2995 ἰδιώτην
966 2925 1056 2978 τὸν
1082 2925 1263 2994 σοφὸν,
1284 2926 1379 2979 καί
1421 2926 1581 2996 σοφὸν
1606 2926 1696 2981 :6v
1734 2925 1872 2979 ἰδιώ-

221 3024 329 3084 την,
361 3016 419 3069 οὐ
460 3012 706 3083 συγχέων
732 3010 839 3066 τῶν
869 3010 1211 3083 πραγμάτων
1252 3012 1349 3084 τὴν
1386 3008 1568 3083 φύσιν.
1602 3013 1737 3067 ἀλλά
1777 3013 1868 3067 τὸν

208 3104 416 3174 ἄριστον
441 3100 650 3157 κανόνα
691 3100 925 3168 εἰσάγων
962 3099 1054 3153 τὸν
1091 3100 1266 3154 πάντα
1312 3099 1708 3173 διορθούμενον.
1759 3102 1869 3155 K61

212 3191 324 3255 πῶς
368 3192 432 3245 6v
460 3190 692 3258 γένοιτο,
741 3188 926 3258 φησὶν,
959 3187 989 3240 6
1021 3186 1159 3259 ἀνὴρ
1202 3186 1358 3258 γυνὴ,
1391 3186 1509 3251 πῶς
1548 3186 1604 3240 δὲ
1648 3188 1683 3258 ἡ
1731 3188 1866 3258 γυνὴ

206 3278 371 3349 ἀνήρξ
395 3279 467 3333 Οὐ
506 3278 607 3348 τῆς
637 3274 851 3346 φύσεως
886 3274 1380 3346 μεταδαλλομένης,
1427 3274 1561 3330 6116
1595 3274 1697 3345 τῆς
1729 3292 1865 3347 1:96-

203 3367 476 3436 αιρέσεως.
500 3366 672 3419 Ὅταν
694 3364 803 3435 γάρ
830 3362 925 3416 ἴδω
963 3362 1130 3433 ἀνδρα
1159 3360 1621 3434 χρυσοφοροῦντα,
1654 3361 1865 3415 καλλω-

202 3452 526 3524 πιζόμενον,
576 3450 677 3516 :6;
725 3449 900 3522 κόμας
960 3442 1302 3516 διατιθέντα,
1357 3438 1545 3521 μύρων
1590 3446 1819 3504 πνέοντα
1846 3488 1863 3515 ,

204 3540 415 3613 μαλακῇ
468 3539 706 3611 ίματίων
753 3537 1014 3610 περιὸολῇ
1075 3537 1171 3592 1:61
1231 3530 1437 3608 βαδίσει
1484 3536 1863 3609 θηλυνόμενον,

198 3622 375 3701 τρυφῇ
405 3628 766 3701 προσέχοντα,
796 3624 915 3689 πῶς
933 3624 1000 3679 6v
1023 3623 1285 3695 δυναίμην
1302 3623 1470 3697 ἀνδρα
1498 3624 1722 3681 καλέσαι
1751 3627 1868 3681 τοῦ·

197 3721 289 3770 τον
304 3716 391 3770 τὸν
409 3708 511 3787 τὴν
533 3713 810 3784 εὐγένειαν
824 3701 926 3782 τῆς
949 3705 1162 3782 φύσεως
1182 3710 1575 3783 προδεδωκότα,
1606 3712 1699 3766 καὶ
1729 3710 1867 3786 πρὸς

195 3802 258 3855 τι
290 3801 419 3873 θῆλυ
450 3798 968 3873 μεθαρμοζόμενονς
1018 3790 1080 3851 Εἰ
1110 3796 1220 3870 γάρ
1247 3788 1369 3853 οὐδέ
1415 3798 1648 3868 γυναῖκα
1694 3800 1866 3855 ταῦτα

195 3892 451 3945 ποιοῦσαν
496 3892 558 3944 ἐν
587 3891 701 3954 τοῖς
734 3888 901 3955 ζῶσιν
943 3889 972 3941 6
1005 3886 1219 3951 Παῦλος
1262 3888 1514 3960 ἀριθμεῖν
1556 3878 1656 3942 οὐκ
1700 3882 1862 3957 ἀξιοῖ,

196 3978 314 4031 ἀλλ’
342 3968 575 4050 ἐξορίζει
605 3975 703 4030 τοῦ
732 3973 841 4029 τῶν
865 3974 1210 4045 ἐμπνεόντων
1243 3974 1425 4046 χοροῦ,
1457 3975 1551 4028 1:61
1590 3975 1728 4046 μετά
1754 3975 1865 4030 τῶν

194 4062 502 4117 τεθνεώτων
522 4062 727 4133 ῖστησι,
746 4060 919 4129 λέγων
938 4068 953 4090 "
970 4059 1043 4115 'II
1068 4059 1137 4112 δὲ
1162 4058 1535 4114 σπαταλῶσα
1557 4058 1713 4122 ζῶσα
1765 4058 1861 4111 τέ-

198 4145 570 4217 θνηκενοπῶς
590 4148 660 4203 ἂν
688 4147 733 4207 ό
751 4147 890 4218 ἀνὴρ
916 4148 994 4210 εἰς
1038 4145 1138 4218 τὴν
1169 4146 1279 4200 τῶν
1311 4146 1515 4217 ἀνδρῶν
1558 4148 1862 4221 καταλεχθῇ

195 4236 343 4299 τάξιν
366 4236 545 4291 ταῦτα
589 4234 781 4295 ποιιῖιν.
828 4234 970 4304 άπερ
1005 4232 1141 4303 γυνὴ
1179 4233 1491 4303 πράττουσα
1529 4234 1625 4287 1:61
1669 4234 1731 4288 :6
1764 4232 1864 4305 ζῇν

198 4324 501 4379 ἀπολώλεκε
528 4333 545 4390 ;‘
576 4323 684 4377 Τὸν
729 4322 839 4392 γάρ
864 4321 1032 4392 ἄνδρα
1075 4321 1151 4391 μή
1202 4332 1293 4390 μοι
1332 4320 1441 4373 61:6
1470 4320 1571 4391 τῆς
1619 4321 1864 4391 χλανίδος

199 4411 386 4485 δείξῃς,
421 4412 563 4483 μηδὲ
597 4410 709 4464 61:6
739 4412 837 4481 τῆς
870 4408 1069 4478 ζώνης,
1101 4407 1234 4479 μηδὲ
1265 4406 1372 4461 ἀπὸ
1393 4408 1486 4461 τοῦ
1524 4408 1699 4462 σοϐεῖν
1724 4408 1864 4464 κατά

201 4500 291 4566 τὴν
312 4499 488 4553 οἰκίαν
516 4496 613 4553 1:61
636 4496 865 4568 φοὸερδν
888 4491 1025 4549 εἶναι
1057 4495 1151 4547 1:61
1185 4494 1447 4559 ἀπειλεῖν,
1476 4495 1592 4549 ἀλλ’
1623 4496 1732 4551 61:6
1760 4497 1862 4568 τῆς

203 4587 327 4639 κατά
358 4586 601 4642 διάνοιαν
623 4583 959 4653 φιλοσοφίας,
982 4582 1110 4635 ὅταν
1136 4581 1246 4634 τῶν
1273 4581 1460 4635 παθῶν
1480 4583 1703 4657 κατέχῃ,
1733 4585 1861 4639 ὅταν

204 4672 294 4724 τῶν
319 4673 648 4744 νοσημάτων
682 4671 781 4741 τῆς
812 4669 991 4739 ψυχῆς
1030 4668 1395 4740 περιγενηται.
1424 4670 1552 4725 ὅταν
1588 4672 1732 4745 ἄρχῃ
1760 4674 1861 4744 τῆς

206 4764 362 4827 οἰκίας
401 4760 569 4815 αὐτοῦ
600 4758 701 4829 τῆς
732 4758 901 4821 ἔνδον,
929 4760 1028 4828 τῆς
1068 4756 1211 4811 κατά
1249 4757 1424 4829 ψυχὴν
1463 4757 1625 4827 λέγω,
1656 4760 1751 4813 καὶ
1784 4761 1859 4832 μὴ

207 4848 292 4903 ὑπὸ
324 4851 437 4904 τῶν
463 4848 683 4903 ἀτόπων
706 4844 981 4915 λογισμῶν
1009 4844 1394 4917 παρασύρηται
1412 4863 1426 4877 ο
1452 4846 1610 4901 τοῦτο
1630 4847 1861 4918 μάλιστα

208 4933 345 5008 ἀνὴρ.
368 4938 471 4990 “Av
498 4936 555 4989 δέ
585 4933 725 5006 μέθῃ
752 4933 847 4986 1:61
872 4931 1154 5005 κραιπάλῃ
1183 4932 1446 5005 προσέχῃ,
1472 4927 1568 4986 1:61
1597 4932 1699 5005 τὴν
1725 4935 1861 5006 ἡμέ-

211 5038 289 5089 ραν
329 5020 551 5094 δαπανᾷ
606 5022 702 5075 1:61
738 5019 1001 5091 ἀναλίσκη
1047 5020 1127 5083 εἰς
1165 5019 1383 5091 κώμους
1417 5018 1509 5074 καὶ
1552 5022 1856 5092 παροινίας,

208 5106 358 5184 κηροῦ
400 5108 605 5175 παντὸς
648 5108 1037 5181 μαλακώτερος
1070 5107 1175 5162 ὑπὸ
1206 5107 1299 5161 τοῦ
1326 5107 1529 5174 πάθους
1556 5108 1858 5180 γινόμενος,

209 5199 303 5263 πῶς
330 5196 635 5269 δυνήσομαι
658 5194 751 5251 τὸν
778 5193 1017 5251 τοιοῦτον
1040 5194 1207 5266 ἄνδρα
1232 5194 1434 5261 καλεῖν,
1464 5194 1557 5250 τὸν
1583 5191 1860 5267 αἰχμάλω-

207 5298 296 5351 τον,
324 5288 418 5341 τδν
456 5285 643 5340 δοῦλον
681 5282 775 5339 τὸν
814 5282 1219 5356 ἀργυρώνητον,
1252 5282 1344 5337 τὸν
1380 5285 1545 5337 πᾶσιν
1594 5281 1861 5339 ἐνδιδόντα

202 5376 298 5439 τοίς
325 5374 549 5438 πάθεσι,
574 5370 668 5427 :6v
695 5370 1137 5441 κατακλώμενον,
1164 5372 1257 5424 τὸν
1288 5369 1739 5442 μαλακιζόμενόν,
1769 5364 1860 5425 τὸν

206 5454 580 5534 θρυπτόμενον.
615 5457 711 5514 τὸν
738 5454 845 5513 ὐπὸ
866 5459 1083 5513 πάντων
1109 5457 1599 5529 καταϐαλλόμενον,
1620 5458 1710 5512 τὸν
1739 5454 1861 5513 οὐδέ

200 5550 377 5621 στῆναι
396 5550 493 5604 ἐπὶ
520 5549 619 5620 τῆς
647 5546 1007 5620 παρατάξεως
1043 5545 1373 5617 δυνάμενον;
1409 5547 1479 5600 Ἢ
1504 5546 1605 5600 οὐκ
1636 5548 1747 5601 τστε
1777 5548 1855 5602 ὅτι

194 5631 250 5684 σι
290 5639 428 5710 πρὸς
458 5635 783 5709 ἀνθρώπους
814 5636 947 5707 ἡμῖν
972 5632 1252 5705 ὁμογενεῖς
1283 5633 1432 5687 ἐστιν
1453 5635 1482 5688 6
1508 5634 1740 5706 πόλεμος
1765 5632 1860 5690 1:61

185 5721 217 5786 ἡ
250 5726 583 5801 παράταξις,
609 5725 748 5781 ἀλλά
774 5723 912 5794 πρὸς
951 5723 1051 5787 τάς
1090 5722 1358 5795 ἀοράτους
1401 5721 1681 5791 δυνάμεις,
1726 5724 1860 5795 πρὸς

175 5810 283 5879 τὰς
316 5818 429 5872 τῶν
462 5814 733 5885 δαιμόνων
757 5812 1062 5884 φάλαγγας,
1103 5810 1245 5866 κατά
1283 5810 1377 5864 τὸν
1405 5806 1673 5883 μακάριον
1709 5812 1857 5866 Παῦ-

163 5890 273 5956 λεν
296 5923 310 5936 .
352 5906 479 5958 οὐκ
517 5904 691 5957 ἐστιν
716 5898 863 5970 ἡμῖν
889 5901 929 5969 ὴ
967 5899 1129 5966 πάλη
1164 5898 1313 5967 πρὸς
1338 5893 1481 5969 αἷμα
1506 5898 1603 5952 καί
1638 5898 1853 5969 σάρκα,

146 5976 345 6049 ἀκλλά
372 5990 526 6062 πρὸς
547 5989 651 6055 τὰς
679 5985 887 6058 ἀρχὰς,
919 5986 1066 6056 πρὸς
1097 5986 1205 6051 τὰς
1231 5984 1543 6053 Move/(lc;

3548 379 3654 441 £88

2062 492 2133 575 γ’.
2160 487 2329 575 Τοῦτο
2352 488 2459 561 γὰρ
2479 490 2711 561 μάλιστα
2735 489 2944 563 ἀνδρός.
2969 491 3033 548 '0
3064 493 3240 549 τοίνυν
3260 494 3648 575 ώραῖξόμενος,

1985 570 2100 625 ἀλλ’
2123 573 2184 626 οὐ
2215 577 2637 648 νεανιευόμενος,
2672 580 2701 632 6
2746 577 3239 651 καλλωπιζόμενος.
3270 570 3382 637 ἀλλ⁴
3417 570 3518 641 οὐκ
3555 590 3651 643 άν⁶

1983 652 2317 729 δριζόμενος,
2342 660 2461 725 πῶς
2498 662 2564 716 ἂν
2586 664 2679 717 ἐπὶ
2704 664 2803 734 τῆς
2827 666 3185 738 παρατάξεως
3218 656 3349 742 στῇς
3378 671 3409 741 ἦ
3446 673 3563 739 πῶς
3584 676 3652 730 ἀν

1984 744 2125 817 ἀνὴρ
2160 745 2407 817 κληθείη,
2434 748 2691 831 γυναικὸς
2730 752 2910 829 πάσης
2950 753 3336 828 μαλακώτερον
3371 758 3649 831 διακείμέδ

1930 892 1960 912 ί
1983 849 2072 893 νος
2087 848 2112 912 ;Δ
2153 832 2306 886 Κατά
2337 832 2401 912 δὴ
2441 826 2533 887 :6v
2570 825 2731 889 66:6v
2757 825 2977 909 τρόπον,
3020 825 3209 911 ῶσπερ
3244 825 3430 897 τοῦτον
3454 825 3648 900 οὐκ-ἃν

1984 908 2205 972 καλέσαι
2214 936 2273 987 μι
2302 908 2491 991 ἀνδρα,
2517 920 2651 974 ἀλλά
2679 908 2935 990 γυναικὸς
2963 908 3366 998 μαλακώτερον,
3388 931 3530 986 οὕτω
3553 933 3650 986 καὶ

1981 1002 2078 1074 τὴν
2112 1008 2343 1072 γυναῖκα
2368 1007 2467 1077 τὴν
2495 1007 2885 1080 ἀνδριζομένην
2917 1009 3109 1083 ἀνδρὸς
3134 1014 3331 1078 παντὸς
3360 1006 3645 1087 στερροτέ-

1983 1108 2102 1163 ραν,
2139 1092 2204 1146 ἂν
2230 1093 2297 1145 τά
2320 1094 2459 1148 ὅπλα
2488 1096 2780 1166 ἁρπάσασα
2808 1097 2875 1150 τά
2905 1100 3267 1169 πνευματικά,
3297 1102 3391 1154 1:61
3418 1103 3507 1155 :6v
3538 1103 3643 1157 θώ-

1983 1196 2124 1263 ρακα
2151 1181 2484 1253 ἐνδυσαμένη
2508 1182 2608 1252 τῆς
2631 1182 2990 1254 δικαιοσύνης,
3035 1186 3127 1240 καὶ
3158 1186 3218 1240 :6
3253 1189 3450 1260 κράνος
3493 1200 3645 1263 περιέ

1980 1262 2181 1336 θεμένη
2225 1267 2320 1321 τοῦ
2379 1270 2669 1340 σωτηρίου,
2723 1270 2814 1323 καὶ
2857 1269 2955 1341 την
2985 1271 3186 1327 ἀσπίδα
3233 1274 3645 1348 προϐαλλομένη

1976 1348 2077 1424 τῆς
2118 1348 2370 1420 πίστεως,
2416 1352 2511 1410 1:61
2558 1356 2656 1428 τὴν
2694 1348 2869 1427 ζώνην
2901 1351 3191 1431 ζωσαμένη
3228 1361 3329 1431 τῆς
3365 1363 3642 1433 ἀληθείας,

1978 1442 2072 1495 καὶ
2098 1441 2197 1513 τὴν
2229 1442 2505 1515 μάχαιραν
2530 1443 2883 1514 λαμϐάνουσα
2925 1444 3019 1498 τοῦ
3050 1445 3379 1517 πνεύματος.
3422 1450 3515 1502 ἐπὶ
3544 1451 3644 1521 τῆς

1978 1529 2337 1599 παρατάξεως
2364 1533 2463 1602 στῇ
2502 1529 2793 1601 λάμπουσα
2824 1525 2932 1584 61:6
2965 1530 3073 1585 τῶν
3107 1532 3305 1601 ὅπλων,
3340 1534 3646 1607 ὑψηλοτέρα

1975 1616 2084 1669 τῶν
2108 1615 2354 1688 οὐρανῶν
2385 1615 2494 1670 61:6
2522 1616 2615 1670 τοῦ
2655 1618 2999 1688 φρονήματος
3036 1620 3317 1691 γινομένη,
3353 1620 3644 1677 διαλύουσα

1973 1702 2083 1757 τῶν
2118 1697 2386 1774 δαιμόνων
2414 1702 2515 1769 τάς
2559 1704 2867 1774 φάλαγγας,
2907 1705 3244 1778 καθαιροῦσα
3272 1708 3364 1761 τοῦ
3396 1709 3643 1765 διαϐόλου

1972 1788 2072 1860 τὴν
2108 1790 2419 1863 τυραννίδα,
2448 1790 2856 1845 κατακεντοῦσα
2883 1792 2951 1846 τά
2975 1793 3144 1864 πάθη,
3187 1794 3452 1862 πτώματα
3477 1798 3646 1869 ἐργα-

1974 1876 2186 1951 ζομένη
2207 1876 2316 1933 τῶν
2357 1880 2416 1933 ἐν
2449 1881 2564 1942 τοῖς
2601 1878 2859 1951 πολέμοις
2914 1880 3243 1951 πυκνότερα.
3290 1883 3390 1935 οὐκ
3435 1882 3643 1955 ἀνθρώ.

1974 1981 2112 2035 πων,
2131 1962 2269 2018 6116
2294 1963 2566 2035 λογισμῶν
2589 1964 2826 2039 ἀτόπων.
2857 1964 2997 2037 Γυνὴ
3029 1965 3139 2037 γάρ
3171 1967 3263 2020 1:61
3284 1966 3423 2039 ἀνὴρ
3451 1970 3508 2022 ἐν
3540 1969 3641 2039 μὲν

1972 2053 2085 2115 τοῖς
2117 2039 2446 2121 σωματικοῖς
2479 2043 2583 2103 είσι
2618 2038 2954 2124 διηρῃμένοι,
2989 2039 3084 2105 1:61
3112 2055 3178 2124 τῇ
3216 2053 3314 2123 μὲν
3352 2038 3497 2117 16:6;
3544 2056 3640 2109 1:61

1971 2136 2220 2209 ἠλακάτη
2253 2138 2348 2192 1:61
2382 2134 2710 2203 καλαθίσκος
2733 2140 2827 2193 καὶ
2864 2139 2925 2193 :6
2950 2141 3219 2212 οἰκουρεῖν
3250 2139 3401 2215 [551]
3434 2141 3527 2196 καὶ
3547 2141 3643 2197 θα·

1970 2224 2302 2296 λαμεύεσθαι
2330 2225 2424 2279 καὶ
2449 2225 2827 2297 παιδοτροφεῖν
2862 2225 3193 2300 ἀφώρισται,
3228 2228 3380 2301 ἀνδρὶ
3407 2228 3466 2283 δὲ
3490 2228 3642 2284 δικα-

1974 2314 2170 2385 στήρια
2218 2314 2312 2368 1:61
2362 2312 2720 2387 βουλευτήρια
2765 2314 2858 2368 1:61
2906 2313 3100 2387 ἀγορά,
3136 2314 3231 2369 καὶ
3271 2314 3498 2387 πόλεμοι
3543 2316 3641 2371 1:61

1973 2401 2144 2473 μάχαι
2175 2401 2267 2456 καὶ
2313 2400 2643 2472 παρατάξεις
2666 2418 2681 2433 ·
2722 2401 2817 2455 ἐπὶ
2863 2402 2921 2456 δὲ
2965 2402 3073 2456 τῶν
3109 2402 3501 2475 παλαισμάτων
3538 2394 3638 2475 τῆς

1969 2481 2248 2551 εὐσεὸείας
2296 2487 2471 2542 κοινὸν
2520 2481 2583 2541 :6
2633 2484 2865 2553 6:66:6v,
2925 2489 3080 2543 κοινὰ
3128 2491 3199 2544 τά
3249 2490 3637 2562 παλαίσματα⁴

1968 2575 2170 2647 ὁμοίως
2214 2576 2309 2629 1:61
2357 2577 2616 2644 γυναῖκες
2645 2572 2992 2640 ἀποδύονται,
3022 2572 3115 2631 1:61
3159 2578 3260 2632 οὐκ
3288 2578 3639 2634 ἐκόάλλοντάι

1968 2661 2062 2715 τοῦ
2088 2659 2318 2729 ἀγῶνος,
2350 2660 2484 2714 ἀλλὰ
2519 2661 2615 2715 1:61
2643 2663 3085 2732 παρατάσσονται
3125 2663 3220 2717 1:61
3248 2663 3639 2732 στεφανοῦνται

1969 2750 2061 2803 1:61
2089 2748 2528 2821 ἀναγορεύονται,
2570 2750 2665 2804 1:61
2698 2750 2977 2820 ἀριστείας
3022 2750 3242 2821 ἔχουσιν
3290 2751 3501 2807 επαθλα
3544 2753 3639 2807 1:61

1969 2836 2196 2908 βραδεῖα
2238 2836 2333 2889 1:61
2386 2837 2701 2905 στεφάνους,
2746 2836 2839 2891 καὶ
2866 2838 3103 2909 τρόπαια
3140 2837 3197 2893 δέ
3232 2841 3363 2911 1169‘
3402 2839 3640 2904 ἐκείναις

1966 2920 2214 2992 λαμπρά,
2248 2920 2339 2974 καὶ
2367 2922 2511 2973 νῖκαι
2542 2922 2782 2991 συνεχεῖς
2811 2923 2905 2975 καὶ
2934 2921 3245 2993 ἐπάλληλοι.

2038 3009 2149 3062 K61
2175 3009 2261 3061 ἵνα
2298 3007 2372 3078 μὴ
2412 3008 2623 3077 κόμπον
2663 3007 2922 3078 νομίσητε
2957 3004 3095 3062 εἶναι
3135 3011 3295 3063 ταυτὶ
3323 3011 3391 3065 τά
3418 3013 3639 3084 ῥήματά

1971 3097 2105 3166 μηδὲ
2129 3096 2299 3165 ψόφον
2323 3095 2602 3169 ῥημάτων,
2628 3094 2744 3149 ἀλλ’
2772 3095 2949 3165 εἰδῆτε
2973 3095 3159 3166 σαφῶς
3194 3098 3277 3151 ὅτι
3304 3099 3403 3152 οὐκ
3428 3099 3639 3171 ἀνδρῶν

1969 3174 2129 3254 μόνον
2157 3183 2292 3237 εἰσιν
2317 3182 2680 3253 ἀνδρειότεραι
2702 3185 2979 3251 γυναῖκες,
3003 3183 3139 3237 ἀλλά
3154 3185 3248 3238 1:61
3276 3186 3413 3257 πρὸς
3444 3187 3635 3258 αὐτὴν,

1965 3271 2042 3335 ώς
2074 3264 2267 3334 εἰπεῖν,
2287 3270 2395 3323 τῶν
2423 3268 2667 3339 ἀγγέλων
2688 3269 2785 3341 τὴν
2806 3269 3074 3325 ἀπάθειαν
3100 3271 3241 3326 κατά
3275 3273 3336 3327 :6
3361 3273 3638 3345 ἐγχωροῦν

1969 3356 2406 3431 μεθορμίζονται,
2438 3356 2655 3425 ἀγέσθω
2686 3357 2767 3420 εἰς
2794 3348 3015 3429 μέσονή
3043 3358 3179 3431 γυνὴ
3211 3359 3311 3431 μὲν
3332 3360 3429 3432 τὴν
3453 3360 3633 3430 φύσιν,

1964 3445 2072 3499 τῶν
2108 3443 2352 3516 οὐρανῶν
2394 3444 2450 3498 δὲ
2490 3443 2742 3516 ἁψαμένη
2776 3444 2853 3522 τῷ
2900 3446 3041 3522 τόνῳ
3080 3447 3178 3519 τῆς
3228 3447 3565 3519 φιλοσοφίας,
3600 3452 3634 3522 ἡ

1964 3531 2075 3585 τῶν
2104 3526 2479 3586 Μακκαδαίων
2521 3531 2724 3607 μήτηρ,
2751 3533 2784 3603 ἡ
2819 3521 2900 3596 δίς
2939 3521 3079 3588 ἑπτὰ
3101 3533 3489 3607 ἀναδησαμένη
3516 3521 3636 3589 στεε

1970 3611 2192 3689 φάνους,
2219 3608 2315 3672 1:61
2355 3616 2415 3672 6v
2460 3606 2638 3688 βούλει
2680 3612 3016 3693 στρατιώτην
3044 3620 3292 3694 ἀριστέα,
3332 3621 3638 3695 πολεμικώ-

1964 3712 2146 3771 τατον,
2168 3696 2564 3787 ἀνδρειότατον,
2589 3706 3114 3788 μεγαλοψυχότατον,
3132 3709 3231 3777 ἀγε
3259 3710 3339 3773 εἰς
3371 3710 3537 3782 μέσον
3558 3704 3637 3781 τῷ

1964 3790 2127 3865 λόγῳ,
2177 3794 2269 3848 1:61
2301 3793 2551 3847 τοσοῦτον
2579 3793 2699 3865 ὄψει
2729 3796 2828 3867 τὴν
2853 3798 3087 3865 γυναῖκα
3125 3795 3482 3870 ὑψηλοτέραν,
3512 3799 3636 3852 ὅσον

1964 3878 2063 3954 τῆς
2092 3881 2196 3953 γῆς
2240 3881 2612 3953 ἀφεστήκασιν
2651 3883 2706 3936 αί
2750 3882 2861 3936 τῶν
2895 3883 3142 3954 οὐρανῶν
3192 3883 3399 3954 ἀψῖδες.
3431 3885 3489 3940 '0
3535 3885 3635 3957 μὲν

1963 3970 2073 4044 γὰρ
2095 3968 2433 4043 στρατιώτης
2462 3970 2555 4024 καὶ
2576 3971 2832 4043 ἀριστεὺς
2874 3972 3003 4042 μίαν
3040 3972 3240 4027 δέδοικε
3276 3968 3511 4045 πληγὴν,
3540 3972 3634 4031 καὶ

1962 4058 2061 4132 τὴν
2095 4058 2357 4129 σύντομον
2383 4058 2442 4125 ἐξ
2467 4058 2639 4128 αὐτῆς
2664 4058 2920 4130 τελευτὴν
2946 4060 3103 4130 μόνον
3123 4072 3139 4093 ⁸
3168 4062 3305 4134 αὐτη
3328 4063 3383 4116 δὲ
3410 4063 3633 4135 ἑστήκει

1964 4145 2214 4217 καθάπερ
2236 4146 2361 4218 ὅρος
2396 4144 2853 4218 μεταλλευομένη,
2886 4145 3007 4201 καθ’
3036 4148 3265 4202 ἕκαστον
3298 4150 3508 4204 παιδίον
3535 4164 3634 4221 χα-

1961 4232 2275 4306 λεπωτέρας
2307 4232 2649 4304 ὑπομένουσα
2676 4232 2869 4297 ὀδύνας
2890 4234 2948 4288 ἐν
2976 4234 3041 4306 τῇ
3075 4235 3221 4307 ψυχῇ
3250 4234 3631 4308 τῶννβασάνων
3686 4264 3698 4273 ι

1961 4313 2036 4374 ὧν
2062 4322 2259 4374 ἐκεῖνοι
2286 4322 2407 4384 ταῖς
2444 4320 2702 4393 πλευραῖς
2734 4320 3009 4390 ἐδέχοντο·
3046 4323 3139 4377 1:61
3170 4323 3287 4395 γὰρ
3328 4326 3510 4396 μήτηρ
3540 4320 3630 4396 ἦκη

1962 4407 2060 4462 1:61
2092 4408 2260 4478 χήρα,
2302 4408 2397 4461 1:61
2441 4408 2522 4470 εἰς
2562 4408 2788 4479 ἔσχατον
2826 4409 3120 4480 ἐληλακυῖα
3154 4410 3367 4482 γῆρας’
3409 4412 3522 4466 ῐστε
3575 4414 3633 4467 δὲ

1961 4493 2135 4549 ταῦτα
2165 4495 2280 4547 ὅσοι
2328 4493 2563 4566 πατέρες
2592 4494 2862 4563 ἐγένεσθε,
2903 4496 2995 4549 καὶ
3039 4497 3162 4550 ὅσαι
3201 4498 3406 4552 παίδων
3440 4499 3633 4562 ὠδῖνας

1963 4580 2214 4645 ἐλύσατε,
2277 4581 2393 4646 πῶς
2428 4582 2655 4654 κέντρου
2701 4582 2903 4646 παντός
2937 4585 3057 4636 ἐστι
3105 4583 3479 4655 χαλεπώτερα.
3521 4586 3633 4641 K61

1960 4669 2111 4725 οὐδέν
2138 4669 2282 4724 οὕτω
2313 4668 2463 4739 βέλος
2491 4669 2585 4732 ὀξὺ
2613 4669 2865 4741 δριμεῖαν
2905 4671 3100 4739 ἐπάγει
3126 4674 3239 4735 τοῖς
3266 4671 3633 4743 τραυματιζοο

1965 4758 2149 4830 μένοις
2171 4756 2384 4827 ὀδύνην,
2414 4755 2490 4821 ὡς
2520 4756 2725 4810 τούτοιν
2752 4758 2983 4811 ἕκαστον
3014 4758 3113 4828 τὴν
3134 4758 3348 4828 ἐκείνης
3374 4761 3632 4813 κατεκέν-

1962 4864 2044 4902 τει
2082 4844 2280 4917 ψυχήν.
2327 4843 2608 4915 Ἐννόησον
2652 4846 2759 4915 γὰρ
2788 4844 2974 4914 ἡλίκον
3008 4839 3076 4915 ἦν
3104 4844 3224 4899 καθ’
3270 4845 3497 4901 ἕκαστον
3521 4846 3630 4900 τῶν

1964 4932 2166 4988 παίδων
2187 4932 2319 5003 όρᾷν
2343 4930 2544 5002 σιδήρῳ
2572 4930 2666 4984 καὶ
2699 4931 2831 5002 πυρί
2856 4929 3015 5001 σῶμα
3047 4932 3403 5005 μεριζόμενον
3424 4932 3503 4999 ἓν,
3534 4934 3631 4987 καὶ

1964 5016 2209 5092 μακροὺς
2262 5016 2577 5088 τιθεμένους
2635 5019 2761 5081 τούς
2809 5016 3090 5083 διαύλους’
3146 5020 3263 5086 πῶς
3298 5020 3466 5094 ἐώρα,
3514 5023 3632 5086 πῶς

1960 5109 2143 5179 ἤκουε,
2183 5105 2302 5171 πῶς
2332 5106 2544 5176 ἐδέχετο
2569 5098 2667 5177 τὴν
2692 5104 2916 5160 κνίσσαν
2944 5108 3044 5179 τὴν
3083 5109 3191 5163 61:6
3219 5109 3330 5163 τῶν
3362 5111 3629 5182 σωμάτων

1926 5184 1931 5189 ’
1962 5190 2207 5260 ἐκείνων,
2250 5191 2479 5266 μυρίους
2511 5192 2772 5259 θανάτους
2818 5192 3033 5266 ἑκάστῳ
3060 5196 3170 5249 τῶν
3199 5196 3407 5251 παίδων
3428 5200 3631 5267 ἐπαγοι

1964 5280 2157 5355 μένους
2186 5277 2476 5355 βλέπουσα.
2522 5278 2663 5335 Ἀλλ’
2696 5283 2730 5353 ἡ
2767 5282 2865 5353 μὲν
2889 5270 3131 5355 εἱστήκει
3182 5285 3431 5357 καθάπερ
3457 5286 3633 5359 πέτρα

1958 5369 2238 5444 ἀκίνητος,
2276 5367 2338 5424 οὐ
2378 5367 2711 5442 σαλευομένη
2759 5366 2865 5425 ὑπὸ
2907 5370 3015 5424 τῶν
3062 5362 3353 5445 κυμάτων,
3388 5373 3523 5428 ἀλλά
3564 5377 3635 5429 :6

1969 5460 2183 5530 κύματα
2218 5456 2299 5523 εἰς
2333 5451 2509 5530 ἀφρὸν
2536 5451 2848 5524 διαλύουσα,
2876 5454 2953 5523 ὡς
2993 5458 3227 5532 σίδηρος,
3268 5462 3346 5526 ὡς
3376 5462 3589 5534 ἀδάμας
3614 5479 3629 5495 ο

1965 5544 2164 5621 μᾶλλον
2185 5544 2263 5607 δέ,
2283 5546 2422 5617 ὅπερ
2452 5542 2517 5599 ἀν
2547 5546 2706 5610 εἴπω,
2740 5541 2840 5600 οὐκ
2862 5543 2971 5618 ἐχω
3008 5546 3073 5619 τῇ
3116 5550 3381 5622 καρτερίᾳ
3415 5550 3513 5619 τῆς
3535 5567 3624 5619 γυ-

1961 5630 2148 5699 ναικδς
2175 5634 2333 5701 ἀξίαν
2354 5632 2619 5687 ἐπιθεῖναι
2642 5631 3031 5705 προσηγορίαν.
3054 5636 3271 5708 ταύτην
3289 5633 3382 5690 οὖν
3402 5638 3634 5706 γυναῖκα

1962 5722 2193 5795 ἐροῦμεν
2336 5720 2502 5790 ἀνδρα
2526 5717 2583 5774 δέ
2611 5720 2769 5785 ὅλως,
2802 5720 2919 5774 ἀλλ’
2948 5722 3069 5793 οὐχὶ
3095 5723 3189 5777 1:61
3218 5722 3428 5793 ἀνδρῶν
3453 5720 3633 5776 αὐτῶν

1964 5808 2301 5881 ὑψηλοτέραν
2338 5808 2403 5861 ἐκ
2434 5807 2633 5878 πολλῆς
2664 5808 2763 5879 τῆς
2789 5812 3132 5881 περιουσίαςς
3167 5809 3234 5864 τί
3254 5808 3332 5874 δέ,
3360 5811 3491 5864 ὅταν
3517 5810 3631 5882 ἴδῃς

1962 5898 2156 5970 ἑτέραν
2200 5899 2264 5951 ἐκ
2315 5895 2537 5968 πρώτης
2587 5894 2807 5966 ἡλικίας
2849 5898 2908 5950 ἐν
2946 5895 3138 5970 ἀπαλῷ
3178 5896 3391 5970 σώματι
3428 5897 3633 5963 νύκτας

1963 5986 2205 6051 ἀΰπνους
2229 5984 2541 6055 διάγουσαν,
2569 5982 2778 6055 ἡμέρας
2800 5981 3038 6053 ἀσίτους,
3070 5985 3306 6058 γαστρῢς
3328 5985 3626 6060 ἐπιθυμίαν
