3872 6396
117 340 137 395 ο
817 320 856 394 v
898 336 1207 403 ttoutua,
1262 335 1349 399 es
1389 335 1639 391 sruoio
1678 336 2160 410 PRESENTIUM,
2202 344 2357 401 mc.

117 467 165 515 IS.
189 454 441 521 micarum,
474 463 532 509 ut
560 451 820 515 adzunas:
850 451 958 505 imo
996 464 1158 511 vero,
1183 446 1443 517 quidquid,
1463 444 1551 505 di-.

118 563 174 607 n,
210 562 293 601 nou
318 562 509 617 possunt
541 545 783 601 mulieris
805 544 985 599 virtuti
1017 542 1233 611 dignum
1266 540 1551 609 imponere

117 655 224 694 neu.
258 638 377 694 lianc
407 638 565 709 igitur
593 639 869 692 mulierem
892 678 908 699 ,
946 652 1013 687 an
1044 634 1263 708 omnino
1307 632 1547 686 dicemus

119 747 144 784 e
169 730 338 794 virum,
372 744 425 784 ac
457 745 561 783 non
598 730 772 797 potius
805 728 933 798 ipsis
962 726 1091 779 viris
1121 726 1279 795 longe
1304 722 1549 792 superio-

118 838 155 875 ii.
183 820 296 888 Quid
321 836 453 885 vero,
488 820 531 874 si
573 821 770 873 videris
805 819 963 872 aliam
1011 819 1063 871 in
1097 816 1348 884 primmva
1391 822 1548 869 :etate

117 927 266 970 tenero
288 929 491 984 corpore
514 915 788 968 insomnes
816 921 1000 966 noctes
1026 918 1295 981 agentem,
1327 906 1550 975 diesque

117 1022 136 1060 Β
156 1006 275 1072 cibo,
300 1006 485 1061 ventris
512 1005 856 1073 cupiditatem
882 1003 1353 1072 cotnprimentetn,
1385 1012 1552 1069 pecu-

117 1113 210 1152 rem
234 1112 441 1152 amorem
477 1097 663 1167 procul
694 1095 1035 1163 abjicientem
1055 1134 1069 1158 ,
1098 1106 1297 1161 corpus
1324 1088 1552 1143 mortili-

119 1200 231 1253 tein,
257 1205 449 1244 carnem
478 1188 877 1259 crncitigeatem
897 1229 912 1253 ,
944 1203 1039 1255 pro
1070 1185 1243 1239 nihilo
1268 1180 1551 1253 praisentia

118 1290 310 1348 lentem,
349 1281 487 1336 humi
510 1281 843 1351 gradientem
868 1320 883 1344 ,
923 1288 978 1333 et
1004 1278 1151 1346 ipsos
1175 1275 1291 1330 cteli
1317 1272 1553 1327 fornices

117 1384 311 1443 gentem,
334 1374 615 1443 potentiam
637 1373 951 1427 calcantem.
970 1369 1192 1439 gloriam
1215 1365 1549 1428 irridentem,

117 1466 344 1519 diritatem
388 1473 724 1533 respuentem
747 1503 763 1525 ,
805 1478 903 1531 pro
927 1460 1106 1514 subtili
1150 1467 1296 1511 veste
1335 1470 1552 1511 saccum

118 1568 311 1620 tentem,
336 1538 511 1611 catena
538 1556 791 1618 cinctam,
817 1553 1053 1607 cinerem
1078 1550 1180 1604 sibi
1204 1548 1553 1602 substernen-

119 1692 133 1713 ,
162 1665 247 1719 pro
277 1649 402 1705 lecto
427 1649 601 1702 solum
629 1647 937 1707 habentem,
966 1655 1016 1698 et
1048 1642 1177 1696 nihil
1210 1640 1440 1710 amplius
1461 1652 1554 1709 pe.—

118 1758 224 1806 em,
252 1741 297 1794 in
321 1750 534 1809 angusta
577 1737 897 1799 domuncula
929 1735 1227 1798 inclusam,
1270 1746 1392 1787 cum
1423 1744 1553 1799 pro-

117 1834 168 1887 lis
187 1833 491 1903 loquentem,
508 1830 666 1884 vitam
694 1837 938 1899 agentem
962 1826 1017 1880 iu
1041 1822 1387 1880 meditatione
1409 1834 1554 1877 more

117 1932 231 1979 ante
255 1923 445 1977 obitum
475 1932 767 1985 mortuam,
794 1919 954 1985 fante,
986 1917 1184 1986 vigiliis
1207 1925 1261 1969 et
1304 1913 1555 1983 squalore

118 2015 320 2079 factam,
361 2029 421 2068 ac
456 2012 737 2083 prmseutis
780 2011 903 2065 vita:
942 2009 1135 2074 histum
1184 2006 1354 2075 magis
1395 2018 1554 2072 quam

118 2104 271 2160 tfolia
290 2104 663 2173 despicientem
696 2121 711 2157 :
743 2101 1018 2165 liancciue,
1044 2115 1247 2169 qumso,
1278 2097 1554 2161 mtdierem

117 2197 180 2249 s?
216 2211 382 2250 annon
429 2195 572 2250 illam
611 2210 678 2248 ex
704 2194 940 2248 virorum
967 2192 1131 2257 etiam
1156 2190 1345 2245 ordine
1371 2186 1555 2242 sublae

129 2287 175 2341 in
203 2287 504 2357 angelorum
527 2285 699 2341 choro
717 2284 939 2349 locabis,
965 2281 1163 2351 quasi:
1190 2278 1436 2336 muliebri
1468 2292 1558 2331 na.

136 2386 326 2433 tantam
353 2376 568 2433 exhibet
598 2376 989 2446 philosophiam
1006 2374 1046 2428 ἲς

156 2469 344 2537 Ecquis
390 2466 471 2521 bis
520 2466 896 2523 contradicetl
946 2464 1142 2529 nullus,
1195 2463 1333 2517 Audi
1373 2462 1560 2531 quales

122 2561 344 2617 telorum
373 2569 616 2630 tempore
656 2560 911 2615 mulieres
950 2564 1141 2612 erant:
1174 2555 1295 2609 audi
1335 2554 1557 2608 Paulum

118 2653 241 2707 ranis
266 2653 587 2708 srribeutem
630 2667 694 2707 ac
721 2651 989 2707 dicentem
1022 2667 1034 2703 :
1071 2648 1387 2705 Commendo
1426 2648 1561 2700 vobis

117 2744 208 2799 ben
233 2761 456 2801 sororem
497 2756 717 2799 nostram
739 2785 754 2809 ,
796 2745 1079 2807 ministram
1108 2740 1351 2795 Ecclesia
1372 2756 1484 2809 qua:
1507 2740 1560 2791 in

118 2839 249 2899 huis
273 2849 369 2899 est,
396 2855 510 2909 qua
531 2839 765 2910 adjutrix
791 2838 1064 2891 multorum
1086 2837 1185 2907 fuit
1209 2845 1253 2888 et
1283 2835 1379 2887 non
1405 2834 1561 2902 ipsius

117 2947 158 2986 it.
198 2930 281 2986 l6.
315 2930 387 3000 l).
417 2930 553 2997 Quid
580 2930 717 2984 dicis
736 2970 751 2990 ,
778 2946 815 2981 ο
863 2928 1063 2982 Paule?
1108 2926 1301 2989 mulier
1330 2923 1561 2993 adjutrix

117 3021 230 3084 'uit.
265 3036 363 3085 nee
391 3030 444 3079 te
487 3020 647 3089 pudet
675 3034 846 3087 neque
871 3018 1145 3075 erubescis
1186 3017 1298 3071 hzcc
1337 3011 1564 3076 dicens?

123 3129 213 3171 me
257 3112 457 3189 pudet.
489 3112 696 3183 inquit,
731 3112 839 3167 imo
880 3110 1040 3166 etiam
1082 3108 1326 3179 glorior:
1366 3104 1562 3171 ctenim

117 3209 264 3269 inum
297 3221 514 3277 quoque
543 3220 723 3263 meum
755 3220 861 3267 non
896 3201 1082 3271 puduit
1109 3211 1337 3263 matrem
1367 3196 1566 3256 habere

120 3315 258 3355 arem
289 3316 303 3351 :
336 3298 573 3367 adjutrix
601 3305 780 3355 autem
807 3295 894 3353 illa
920 3293 1051 3355 tnild
1075 3291 1206 3354 fuit.
1239 3306 1342 3355 non
1372 3286 1566 3355 simpli-

128 3392 256 3460 quia
290 3390 487 3451 mulier
515 3397 664 3449 erat.
692 3385 786 3445 sed
814 3385 936 3455 quia
964 3382 1316 3454 philosophia:
1345 3379 1521 3439 dedita
1547 3417 1563 3440 ,

119 3493 169 3539 te
196 3483 446 3544 ﬂorebat.
486 3481 549 3536 Et
571 3477 841 3548 quomodo
870 3475 1103 3546 adjutrix
1134 3472 1279 3534 Pauli
1305 3470 1438 3531 fuit?
1464 3485 1565 3540 qua

139 3588 203 3629 re
240 3572 443 3642 egebat
471 3570 697 3630 Paulus.
730 3568 819 3638 qui
854 3566 1040 3621 urbem
1087 3561 1564 3626 circumcurrebal,

119 3678 319 3733 urpore
352 3662 552 3717 frustra
596 3658 1052 3723 circumdahatur,
1098 3655 1187 3725 qui
1222 3652 1568 3708 necessitates

122 3773 169 3810 :e
202 3754 590 3821 conculcabat,
619 3752 709 3821 qui
732 3752 1003 3805 daunonas
1035 3748 1284 3818 pellebat,
1310 3746 1399 3816 qui
1426 3760 1569 3799 mor-

122 3864 185 3901 er
219 3848 551 3907 vestimenta
580 3844 823 3909 curabat,
855 3841 1006 3911 cujus
1029 3855 1211 3895 t-‘ocem
1242 3848 1295 3903 et
1322 3838 1565 3891 umbram

122 3938 236 3993 ibat
261 3935 539 3999 diabolus,
570 3934 657 4003 qui
688 3942 744 3997 ut
766 3932 987 4001 angelus
1018 3929 1155 4001 apud
1185 3928 1371 3991 lideles
1400 3927 1572 3993 hono-

121 4043 207 4091 ur,
242 4042 413 4095 qttem
443 4024 832 4089 reverebantur
862 4023 1022 4076 etiam
1052 4021 1200 4086 ferai,
1236 4035 1392 4090 quem
1419 4032 1571 4081 reve-

122 4135 181 4171 nr
210 4132 404 4182 mare,
439 4125 491 4171 ct
517 4132 638 4181 cum
689 4123 846 4169 nocte
872 4124 924 4167 et
960 4113 1047 4168 die
1077 4112 1221 4167 illum
1248 4112 1568 4180 excepisset,

124 4207 400 4271 offocavit
432 4216 644 4269 tamen;
676 4205 764 4275 qui
794 4202 1025 4274 paradisi
1053 4203 1184 4257 civis
1225 4201 1354 4268 fuit,
1399 4202 1487 4270 qui
1516 4201 1570 4255 in

123 4315 176 4352 In
206 4298 415 4359 caelum
450 4307 631 4365 raptus
661 4304 779 4356 est,
821 4294 910 4364 qui
938 4294 1006 4351 de
1044 4293 1253 4357 arcanis
1297 4307 1419 4347 cum
1462 4292 1572 4347 Deo

123 4388 437 4457 iunicm-it,
493 4387 583 4458 qui
630 4387 749 4458 plus
788 4400 946 4456 quam
990 4398 1178 4451 omues
1222 4385 1447 4453 apostoli
1492 4384 1571 4445 la-

126 4486 213 4535 it:
252 4496 359 4547 vas
389 4479 707 4547 electionis,
751 4476 1024 4547 pronubus
1068 4475 1355 4544 Ecclesire,
1396 4490 1574 4544 prgeco

123 4590 197 4628 ιιη
223 4613 240 4637 .
287 4573 389 4641 uni
424 4581 618 4635 terram
644 4578 700 4633 et
723 4584 869 4633 mare
891 4568 1321 4633 circumcurrens,
1358 4566 1571 4633 fortitu—

125 4680 249 4727 δαῖε
283 4663 495 4731 ’δί’ίίιιιε
524 4674 721 4730 enim
748 4662 940 4727 erexit.
973 4660 1061 4730 alii
1087 4674 1211 4727 cum
1243 4659 1379 4727 (sine
1404 4672 1455 4727 ct
1484 4660 1572 4725 siti

125 4774 175 4821 is
204 4754 515 4827 pugnabat.
542 4754 632 4821 ιιιιί
648 4769 771 4821 eum
796 4752 1034 4819 nuditate
1053 4750 1321 4821 attritum
1338 4752 1573 4817 Instaba-

125 4858 139 4909 ι
170 4846 436 4908 dicebat,
467 4843 698 4915 Usqucin
712 4845 843 4907 hanc
859 4845 1036 4907 [rerum
1062 4852 1106 4903 et
1136 4842 1384 4909 esurimus
1403 4843 1575 4922 ειςίιὸ-

126 4950 128 4961 '
153 4938 299 4997 nudi
321 4952 509 4995 sumus
536 4936 614 5011 tl.
633 4935 752 4989 Cor.
782 4935 833 4995 ι.
859 4934 946 5003 Η)
966 4951 983 4998 ;
1000 4933 1089 5004 qui
1112 4932 1313 4989 mundo
1333 4942 1575 4993 mortuus

127 5028 233 5101 qui
265 5036 559 5083 mortuum
602 5026 861 5080 mundum
886 5040 1007 5079 esse
1031 5024 1283 5099 putabat,
1323 5024 1574 5078 crelorum

138 5118 611 5177 ferventissimus
641 5116 842 5173 Christi
870 5126 1099 5189 amator,
1133 5116 1255 5187 igne
1280 5115 1572 5191 ardentior,

127 5213 382 5285 ﬁrmior,
418 5211 705 5275 adamante
741 5210 1007 5273 solidior:
1054 5210 1141 5275 hic
1168 5226 1273 5271 tum
1310 5209 1577 5277 ertibescit

128 5305 279 5361 [iere
301 5303 521 5373 dicere,
542 5301 783 5375 Adjulria:
796 5299 1072 5361 multorum
1090 5300 1188 5375 [ait
1209 5307 1253 5365 et
1274 5299 1371 5365 mei
1389 5300 1577 5370 ipsius?

157 5394 316 5450 dicit
349 5403 589 5459 tantum,
621 5394 716 5453 sed
755 5393 915 5449 etiam
945 5391 1159 5455 scribit;
1192 5406 1367 5465 neque
1391 5390 1577 5453 scribit

127 5486 312 5550 citer,
346 5485 452 5540 sed
476 5484 836 5539 Romanorum
866 5482 1061 5553 pepulo
1085 5492 1250 5545 tanto,
1281 5481 1501 5535 tumenti
1523 5491 1577 5535 et

141 5576 411 5644 sapienti
454 5583 676 5646 propter
704 5586 960 5629 externos
988 5575 1219 5627 honores
1239 5614 1253 5637 ,
1298 5574 1431 5626 banc
1458 5573 1573 5642 epi-

129 5690 133 5719 ι
176 5668 349 5721 misit
381 5683 399 5722 :
435 5682 543 5721 non
574 5666 682 5720 illis
716 5675 922 5720 tantum
951 5664 1246 5731 mandavit,
1278 5663 1371 5719 sed
1413 5665 1572 5719 etiam

130 5769 155 5815 t
192 5768 259 5815 ut
286 5758 750 5830 generationibus
778 5758 1014 5814 venturis
1040 5756 1153 5813 iure
1176 5759 1344 5828 palam
1369 5768 1570 5814 essent.

3130 346 3230 404 £90

1657 447 1771 509 Nisi
1807 450 1951 511 enim
1982 452 2084 509 hoc
2110 455 2365 515 voluismt
2387 498 2404 523 ,
2435 456 2489 512 in
2529 458 2753 528 (Epistula
2783 472 2888 514 non
2918 459 3223 529 posuisset:

1647 539 1760 609 jam
1809 557 1939 601 vero
1990 549 2177 603 vofens
2236 558 2292 604 ut
2340 563 2429 605 res
2480 549 2533 607 in
2581 566 2873 620 perennem
2918 553 3235 607 memoriam

1655 632 1928 697 μηθεὶς-θεν,
1958 644 2012 696 et
2040 638 2317 707 mulierem
2344 639 2607 708 appellat,
2635 654 2929 711 omnesque
2952 642 3152 696 excitat
3181 651 3237 698 ut

1654 721 1733 785 illi,
1756 725 2178 797 patrocinentur,
2201 738 2360 800 atque
2382 730 2698 800 adiutricem
2719 748 2869 788 suam
2889 730 3037 790 illam
3059 745 3233 798 vocat,

1653 830 1752 875 nec
1777 831 1899 871 eum
1928 818 2090 883 pudet
2114 834 2287 889 neque
2326 821 2614 876 erubescit.
2643 822 2811 876 Tanta
2843 839 2933 879 res
2960 834 3044 880 est
3070 827 3231 881 etiam

1654 902 1705 956 iu
1736 905 1979 961 muliebri
2011 923 2239 979 corpore
2270 909 2619 980 phliOSOpllﬂS
2644 913 2872 968 animus.
2905 915 3028 970 llmc
3054 927 3234 970 autem

1653 993 1774 1050 (lico
1796 1038 1810 1060 ,
1843 1006 1901 1051 ιιι
1928 1014 1996 1054 ne
2023 999 2285 1055 obtendat
2308 1001 2503 1056 mulier
2526 1002 2730 1070 dicens,
2771 1004 2848 1058 Eo
2872 1006 3013 1075 quod
3047 1008 3239 1060 mulier

1652 1086 1784 1155 sim,
1833 1088 1907 1143 ad
1933 1092 2141 1160 plenam
2171 1094 2385 1148 virtutis
2430 1110 2733 1151 mensuram
2777 1112 2889 1151 non
2913 1100 3053 1152 veni.
3102 1100 3237 1154 Ecce

1657 1196 1885 1250 namque
1915 1182 2028 1240 haec
2059 1183 2250 1241 mulier
2274 1193 2412 1251 erat,
2450 1196 2507 1240 et
2531 1200 2695 1241 sexus
2722 1187 3105 1256 impedimento
3128 1206 3237 1243 non

1653 1270 1770 1337 fuit,
1801 1273 1895 1328 sed
1920 1274 2131 1345 dignata
2158 1285 2315 1331 estut
2333 1276 2479 1331 Pauli
2501 1288 2642 1333 esset
2659 1278 2913 1348 adjutrix,
2940 1291 3102 1350 atque
3123 1283 3240 1336 ubi-

1644 1378 1759 1431 .que
1782 1380 1876 1433 per
1902 1366 2086 1421 orbem
2118 1367 2462 1437 prmdicatur.
2492 1368 2774 1435 Quomodo
2795 1381 2974 1426 autem
3003 1372 3121 1441 ejus
3148 1372 3243 1426 ad-

1650 1453 1818 1524 jutrix
1851 1455 1983 1511 luit?
2009 1473 2039 1511 a
2066 1459 2321 1528 periculis
2337 1458 2569 1515 fortasse
2594 1460 2767 1531 ipsum
2788 1462 3027 1532 eripuit?
3054 1463 3242 1535 \‘ipcto

1654 1546 1840 1601 adernt
1858 1588 1872 1612 ,
1902 1547 1957 1602 in
1987 1558 2175 1603 catena
2210 1550 2381 1620 ipsum
2409 1552 2807 1620 consolabatur,
2837 1568 3017 1608 rerum
3048 1568 3242 1607 neces-

1655 1639 1918 1694 sariarum
1945 1642 2192 1697 solatium
2230 1643 2334 1714 ipsi
2360 1645 2770 1717 suppeditabat,
2800 1661 2895 1700 eos
2919 1647 3007 1717 qui
3029 1648 3127 1717 ipsi
3160 1649 3241 1702 in-

1656 1728 1987 1785 sidiabantur
2011 1732 2270 1799 cohibuit,
2298 1735 2365 1789 ad
2403 1744 2630 1791 mortem
2672 1751 2731 1792 se
2770 1738 2937 1808 ipsam
2968 1740 3239 1808 exposuit,

1659 1830 1714 1874 ut
1743 1822 2031 1878 abductum
2064 1825 2210 1879 illum
2234 1827 2468 1895 eriperet
2492 1844 2521 1881 a
2553 1829 2966 1883 calamitatibus.

1730 1914 1931 1972 Laudes
1964 1918 2235 1973 Priscilla.
2271 1949 2341 1959 —
2370 1920 2494 1974 Ideo
2514 1922 2673 1974 aliam
2701 1937 2913 1990 quoque
2945 1932 3061 1990 post
3095 1922 3238 1975 illam

1660 2007 1904 2063 laudibus
1933 2010 2169 2065 celebrat
2191 2052 2206 2075 ,
2251 2011 2329 2067 sic
2357 2012 2540 2066 dicens
2573 2030 2585 2066 :
2615 2013 2850 2067 Salutate
2880 2012 3167 2067 Priscillam
3198 2023 3245 2067 et

1660 2097 1896 2167 Aquilam
1924 2097 2115 2171 (Rom.
2153 2100 2241 2167 l6,
2289 2102 2371 2172 5).
2414 2102 2511 2156 llic
2555 2117 2765 2172 quoque
2801 2102 2920 2156 vide
2964 2103 3242 2158 mulierem

1660 2190 1945 2259 splendore
1971 2191 2261 2262 fulgentem
2290 2210 2304 2249 :
2331 2194 2540 2249 etiamsi
2587 2195 2729 2248 enim
2750 2194 2909 2248 ambo
2939 2209 3245 2249 memoreno

1663 2294 1768 2348 tur,
1791 2285 1982 2339 mulier
2008 2294 2184 2340 tamen
2213 2287 2329 2340 viro
2368 2287 2698 2356 praeponitur
2727 2305 2740 2340 :
2772 2302 2885 2349 non
2919 2288 3061 2342 enim
3084 2288 3244 2354 dixit,

1664 2378 1909 2447 Aquilam
1951 2387 2005 2432 et
2049 2379 2366 2443 Priscillam,
2404 2380 2520 2444 sed,
2564 2378 2857 2433 Priscillam
2897 2390 2945 2433 et
2989 2380 3245 2449 Aquilam.

1662 2470 1891 2534 Quinam
1923 2478 2100 2525 autem
2134 2472 2185 2524 hi
2226 2472 2422 2525 erant?
2450 2470 2824 2525 Tentoriorum
2877 2472 3109 2528 artifices
3133 2513 3147 2537 ,
3192 2474 3244 2528 in

1664 2558 1875 2614 oﬂiciua
1904 2570 2126 2617 stantes.
2156 2561 2262 2616 Sed
2292 2576 2462 2632 neque
2501 2577 2609 2626 ars,
2638 2577 2811 2632 neque
2840 2572 3123 2633 paupertas
3151 2563 3250 2617 im-

1668 2651 1971 2717 pedimento
1998 2650 2132 2715 fuit,
2164 2652 2290 2722 quin
2325 2653 2509 2707 beatus
2558 2654 2663 2718 hic,
2716 2664 2824 2707 tota
2865 2654 2997 2710 urbe
3029 2654 3249 2723 postha-

1661 2743 1793 2806 bita,
1828 2744 1879 2795 in
1900 2743 2230 2798 domicilium
2261 2744 2397 2799 istud
2427 2746 2812 2799 diversaretnr.
2837 2745 2947 2799 Cur
2975 2755 3028 2799 et
3057 2761 3159 2815 qua
3182 2746 3251 2800 de

1664 2834 1864 2887 causa?
1896 2834 2007 2888 Non
2030 2836 2152 2904 quia
2178 2836 2460 2890 columnas
2478 2836 2735 2898 habebat,
2758 2850 2866 2889 non
2890 2836 3011 2905 quia
3042 2836 3249 2894 tabulas

1665 2934 1719 2977 et
1747 2924 1923 2979 solmn
1962 2927 2158 2996 lapillis
2203 2937 2449 2982 ornatum
2471 2970 2487 2994 ,
2519 2942 2618 2982 rrec
2640 2930 2763 2999 quia
2789 2930 3248 2999 contignationem

1663 3031 1903 3077 auream.
1936 3032 2036 3072 nec
2063 3020 2184 3090 quia
2212 3035 2488 3074 servorum
2514 3034 2704 3091 greges
2724 3062 2738 3085 ,
2767 3022 2852 3075 vel
2880 3021 3247 3075 cunuchorum

1668 3108 2044 3173 ministerium,
2089 3110 2183 3164 sed
2226 3113 2455 3166 maxime
2492 3110 2611 3181 quia
2654 3112 2891 3180 ipsorum
2918 3110 3247 3167 domicilium

1669 3212 1856 3268 purum
1875 3209 2010 3258 erat,
2032 3200 2197 3253 abhis
2211 3202 2458 3261 outnihus
2479 3219 2492 3255 :
2511 3204 2630 3269 quia
2648 3201 2838 3256 mulier
2853 3210 2907 3256 et
2928 3202 3008 3255 vir
3020 3203 3252 3270 exjustis

1670 3289 1941 3343 laboribus
1965 3291 2161 3344 victum
2180 3292 2511 3360 colligentes,
2536 3292 2755 3346 domum
2786 3307 2935 3347 suam
2966 3294 3246 3348 ecclesiam

1667 3377 1941 3445 fecerant;
1973 3395 2079 3433 non
2109 3382 2395 3450 rapientes,
2421 3396 2519 3436 nec
2544 3382 2781 3441 avaritiae
2825 3382 3122 3447 studentes,
3156 3384 3250 3439 sed

1669 3472 1912 3541 corporis
1928 3486 2090 3542 opera
2113 3472 2177 3526 ad
2218 3473 2577 3529 necessarium
2614 3484 2669 3529 et
2694 3473 3047 3529 sufficientem
3071 3476 3249 3531 cibum

1668 3570 1904 3617 utentes.
1931 3562 2053 3617 Ideo
2080 3564 2309 3618 maxime
2350 3564 2545 3619 Paulus
2575 3565 2711 3619 hanc
2748 3564 2962 3619 domttm
2986 3576 3249 3637 opportu-

1672 3668 1794 3706 nam
1815 3667 1935 3709 esse
1962 3654 2164 3723 putavit
2187 3654 2252 3708 ad
2281 3655 2679 3710 diversandum.
2713 3657 2778 3710 Et
2820 3666 2877 3710 ut
2904 3656 3081 3712 discas
3110 3660 3251 3727 quini

1674 3742 1791 3797 illos
1822 3759 1888 3797 ex
1913 3744 2106 3799 anima:
2147 3744 2340 3800 virtute
2365 3748 2667 3815 approbans
2698 3747 2768 3800 ibi
2818 3748 3102 3809 manserit,
3125 3746 3254 3801 audi

1672 3837 1948 3905 sequentia
1972 3853 1986 3888 :
2005 3836 2107 3904 Qui
2130 3854 2223 3907 pro
2236 3839 2550 3904 animum,
2565 3838 2752 3909 inquit,
2775 3841 3116 3894 suascmicrs
3126 3856 3253 3905 sup-

1672 3938 1946 3997 posuerunt
1967 3943 1987 3981 :
2009 3927 2191 3998 quibus
2206 3945 2308 3983 non
2327 3929 2465 3982 solus
2479 3947 2568 4000 ego
2586 3931 2779 4001 gratias
2796 3946 2922 4002 ago,
2947 3931 3037 3986 sed
3058 3943 3104 3986 et
3123 3948 3254 3986 cum

1654 4020 1768 4077 star
1790 4020 2030 4077 Ecclesia
2047 4023 2286 4094 gentium.
2309 4022 2601 4079 Videu‘nee
2626 4023 2911 4080 femineum
2928 4039 3136 4090 sexum,
3157 4039 3256 4080 nec

1672 4125 1883 4179 artem,
1916 4129 2021 4169 nec
2067 4122 2433 4184 paupertatem
2476 4114 2817 4185 impedivisse
2875 4116 3085 4170 virtutis
3134 4130 3256 4171 cur-

1670 4222 1790 4261 sum
1812 4208 1836 4261 2
1859 4207 2035 4262 viden‘:
2063 4207 2378 4277 hospitalem
2418 4209 2701 4264 mulierem
2727 4219 2784 4264 et
2810 4211 3004 4273 virum,
3032 4211 3120 4280 qui
3147 4225 3252 4265 non

1674 4313 1858 4353 mensa
1903 4306 2129 4362 tantum,
2169 4298 2263 4353 sed
2290 4300 2453 4355 etiam
2480 4301 2738 4371 sanguine
2757 4298 3075 4371 Apostolum
3094 4315 3254 4359 esce-

1678 4386 1905 4457 perunt?
1943 4387 2080 4455 Quid
2120 4388 2261 4443 enim
2302 4389 2347 4443 sl
2393 4405 2496 4443 non
2525 4390 2685 4444 etiam
2715 4390 2877 4448 occisi
2899 4401 3021 4445 sunt
3042 4391 3066 4444 2
3088 4399 3144 4443 at
3176 4388 3253 4443 illi

1674 4497 1796 4550 qua:
1822 4495 1919 4536 sua
1947 4488 2104 4535 erant
2150 4481 2525 4551 impleverunt,
2568 4496 2632 4536 ao
2676 4480 2915 4537 viventes
2957 4490 3220 4552 martyres

1677 4570 1850 4638 luere,
1870 4586 1934 4626 ac
1953 4584 2097 4641 saepe
2119 4580 2398 4643 martyres,
2439 4572 2527 4642 qui
2559 4587 2774 4640 semper
2801 4572 2970 4642 parati
2997 4581 3149 4626 erant
3188 4572 3254 4625 ad

1674 4660 1880 4718 civilem
1907 4661 2279 4725 sustinendam
2307 4678 2405 4732 pro
2446 4662 2633 4723 Paulo.
2662 4661 2776 4717 Non
2803 4662 2946 4717 enim
2970 4661 3126 4728 dixit,
3151 4661 3255 4727 Qui

1680 4752 1931 4821 {pecunias
1959 4752 2357 4823 impenderunt,
2402 4753 2492 4822 qui
2521 4752 2741 4817 dotnum
2763 4760 3130 4821 aperuerunt;
3161 4752 3258 4806 sed

1678 4841 1819 4913 quod
1847 4842 2095 4899 omnibus
2122 4842 2295 4911 majus
2320 4852 2454 4907 erat,
2488 4840 2690 4895 ctedem
2717 4852 2768 4903 et
2787 4841 3171 4911 jugulationem
3197 4839 3251 4893 in

1676 4934 1914 4989 medium
1937 4934 2169 4999 adducit,
2197 4944 2252 4987 ut
2272 4934 2495 5001 diceret,
2524 4933 2725 4989 caedem
2754 4949 2851 5005 pro
2878 4949 2963 4987 me
2978 4934 3253 4988 sustinen-

1677 5024 1802 5081 dum
1827 5025 2167 5094 delegerunt.
2196 5026 2429 5080 Audiam
2460 5040 2605 5080 nunc
2630 5024 2825 5089 diuites
2851 5064 2863 5086 ,
2890 5025 2978 5091 qui
3008 5024 3093 5077 vix
3118 5023 3256 5078 obo-

1677 5118 1791 5173 lum
1821 5119 2018 5179 sanctis
2044 5126 2275 5188 erogauit
2304 5135 2319 5171 :
2353 5116 2427 5171 illi
2458 5125 2513 5171 et
2537 5114 2852 5185 sanguinem
2883 5112 3180 5179 dederunt,
3208 5123 3262 5167 et

1678 5210 1844 5265 sitam
1868 5210 2036 5280 ipsum
2054 5208 2410 5278 depouebaut,
2433 5215 2743 5262 utsanctum
2759 5214 3038 5261 servarent
3053 5204 3260 5276 ipsique

1680 5304 2049 5367 ministrarent
2078 5302 2201 5372 :qui
2229 5284 2411 5356 autem.
2430 5308 2721 5371 praesentes
2744 5308 2955 5355 suntne
2980 5298 3257 5352 minimam

1681 5397 1895 5467 quidem
1918 5397 2227 5451 facultatum
2255 5406 2458 5466 partem
2481 5395 2664 5466 egenis
2693 5393 2847 5449 facile
2872 5403 3115 5464 erogent,
3134 5408 3257 5447 cum

1681 5488 1919 5551 Priscilla
1955 5498 2011 5542 et
2042 5488 2233 5558 Aquila
2262 5496 2316 5543 ct
2343 5487 2595 5559 pecunias
2643 5495 2698 5542 et
2737 5500 2964 5556 corpora
2994 5493 3049 5538 et
3095 5484 3255 5537 vitam

1682 5580 1851 5649 ipsam
1906 5577 2116 5636 darent.
2151 5576 2337 5634 Viden‘
2372 5587 2568 5648 quanta
2610 5577 2681 5631 sit
2727 5574 2918 5633 mulier
2958 5572 3257 5644 philosophi

1683 5670 1885 5724 animi?
1915 5678 2146 5739 quantus
2177 5668 2245 5723 sit
2272 5669 2349 5723 vir
2377 5669 2467 5739 qui
2499 5669 2550 5723 in
2595 5675 2909 5739 paupertate
2934 5674 2988 5720 et
3022 5674 3135 5721 arte
3163 5679 3259 5731 sua

1683 5760 1851 5815 vivit?
1895 5759 2005 5815 Hos
2049 5770 2226 5816 autem
2257 5760 2556 5826 imitemur,
2604 5770 2657 5815 et
2686 5758 2968 5830 praesentia
2997 5770 3255 5827 spernen-
