3872 6396
521 335 616 389 ‘91

519 546 913 600 consequamur
943 530 1100 590 bona,
1130 531 1298 596 gratia
1329 538 1378 581 et
1405 528 1734 595 benignitate
1759 525 1966 580 Domini
1999 540 2098 578 no-

520 626 616 678 stti
647 623 772 677 Jesu
797 621 1020 685 Cltristi,
1058 633 1156 689 per
1182 635 1340 686 quem
1367 628 1418 672 et
1444 632 1566 672 cum
1596 631 1702 687 quo
1746 615 1889 671 Patri
1928 615 2094 684 gloria

520 755 629 768 -ο

635 746 2609 774 .._—.—-...——-y————————w———v—-———-——————

1245 321 1298 378 δ.
1340 320 1416 377 JO
1435 319 1616 378 \NNiS
1650 315 2123 375 CllliYSOSTOMI
2165 317 2478 376 ARCIIIEP.
2518 320 3054 381 CONSTANTINOP.
3642 335 3713 396 ιειξ

523 446 601 497 tes
632 487 642 502 .
689 439 863 494 omnia
891 437 958 493 ad
987 435 1080 490 Dei
1111 435 1364 506 placitum
1395 435 1762 506 expendamus
1792 451 1805 488 :
1839 443 1894 488 ut
1925 432 2125 513 futura‘

2205 447 2325 488 cum
2367 446 2552 492 sancto
2581 437 2817 508 Spiritu,
2849 461 2988 500 nunc
3017 455 3070 500 et
3097 458 3277 520 seutpe
3334 490 3348 514 ,
3397 461 3442 504 et
3484 453 3527 508 in
3567 462 3713 520 sunt;

2204 525 2540 581 saeculorum.
2587 531 2781 586 Amen.
3203 555 3224 568 ο

1905 817 2253 883 HOMILIA
2297 821 2407 881 VI.

525 974 748 1028 llontilm
791 971 956 1024 habita
982 971 1034 1022 in
1061 969 1267 1023 ecclesia
1309 967 1667 1034 Apostoiorunt
1689 1007 1703 1029 ,
1732 965 1784 1018 in
1814 964 1896 1017 die
1922 962 2095 1017 Theo-

590 1065 721 1117 dosii
784 1061 1150 1131 Imperatoris,
1202 1059 1442 1114 adversus
1495 1073 1580 1112 eos
1617 1055 1702 1124 qui
1745 1071 1798 1108 se
1849 1053 2097 1107 Cat/raros

591 1154 919 1224 oppri/ubam
943 1151 1021 1221 (a)
1045 1189 1062 1218 ,
1087 1160 1352 1221 postquam
1397 1149 1498 1202 duo
1523 1148 1613 1202 alii
1655 1146 1876 1216 episcopi
1905 1144 2096 1214 loqnnti

594 1251 817 1315 fuerant.

590 1339 640 1392 1.
668 1336 906 1406 Eph-capi
928 1335 1029 1388 duo
1049 1343 1162 1388 ante
1181 1331 1588 1401 Clit-usostmnum
1603 1329 1906 1384 concionati.
1933 1326 2098 1381 Theo-

519 1431 651 1484 dosii
681 1430 850 1498 magni
881 1427 1079 1481 laudes.
1106 1456 1176 1466 —
1204 1423 1375 1490 Quam
1403 1421 1670 1492 egregium
1718 1430 1799 1475 est
1831 1436 1925 1488 par
1970 1417 2100 1474 illud

518 1536 704 1574 eorum
736 1519 824 1588 qui
849 1517 1050 1587 loquuti
1078 1525 1223 1578 sunt,
1251 1530 1478 1583 quorum
1508 1514 1645 1566 alius
1669 1512 1827 1565 boum
1857 1508 2102 1564 ministe-

521 1612 601 1664 rio
639 1625 817 1663 aream
865 1608 1064 1670 trahit,
1096 1605 1234 1665 alius
1275 1604 1536 1675 primitias
1581 1617 1890 1659 sermonum
1920 1601 2099 1656 oll‘ert.

521 1704 631 1756 Etsi
661 1703 802 1761 enim
834 1701 1045 1761 illorum
1078 1710 1211 1756 aetas
1254 1697 1467 1754 diversa
1504 1705 1607 1761 est,
1639 1704 1694 1753 at
1721 1709 1826 1749 una
1847 1703 1930 1748 est
1961 1691 2104 1762 agri-

518 1795 743 1850 cultura:
769 1793 906 1846 ratio
935 1810 948 1845 :
982 1790 1090 1845 imo
1118 1805 1248 1846 vero
1273 1807 1379 1844 non
1408 1790 1618 1845 diversa
1661 1797 1790 1841 tetas
1818 1797 1901 1841 est
1930 1805 1943 1840 :
1979 1801 2100 1840 nam

513 1886 698 1954 juttior
728 1885 955 1940 senioris
983 1884 1300 1954 gravitatem
1342 1883 1537 1948 habet,
1580 1889 1635 1936 et
1659 1878 1839 1934 senior
1873 1877 2105 1949 junioris

518 1978 696 2045 vigore
722 1975 956 2046 [lori-que
987 1975 1278 2033 instructus
1305 1982 1407 2027 est.
1437 1972 1773 2042 Quapropter
1801 1987 1905 2024 non
1936 1967 2102 2023 aber—

520 2068 735 2130 raverit,
777 2067 868 2136 qui
898 2065 1087 2120 ambos
1116 2075 1169 2121 et
1195 2079 1352 2125 senes
1382 2073 1436 2122 et
1461 2063 1688 2133 juvenes
1716 2076 1838 2116 esse
1865 2076 2100 2131 pronuno

518 2159 750 2225 tiaverit,
771 2173 876 2213 non
903 2157 1076 2213 :etatis
1097 2157 1323 2223 ratione,
1343 2156 1436 2211 sed
1466 2157 1629 2211 animi
1652 2154 1979 2211 conditione.
1993 2156 2104 2225 Age

516 2269 646 2323 ergo
659 2253 768 2323 jam
795 2262 849 2306 et
866 2267 962 2307 nos
987 2267 1201 2322 quoque
1218 2250 1432 2306 demum
1459 2259 1638 2305 nostra
1656 2248 1963 2303 aderamus.
1997 2247 2106 2302 Vos

518 2348 660 2404 enim
692 2344 943 2398 audiendi
973 2342 1153 2398 studio
1187 2342 1516 2396 insatiabiles
1541 2357 1662 2396 esse
1706 2340 1864 2395 video
1885 2381 1898 2403 ,
1931 2353 2105 2408 neque

522 2451 686 2505 parvo
715 2452 840 2505 erga
871 2436 1082 2490 beatum
1110 2433 1472 2495 Theodosium
1516 2431 1697 2486 ol'ticio
1724 2430 1969 2490 obstricti
2013 2444 2109 2484 su-

521 2542 664 2595 mus,
690 2543 794 2581 non
821 2526 942 2596 quia
973 2525 1284 2596 Imperator,
1309 2525 1403 2579 sed
1428 2525 1551 2594 quia
1579 2525 1694 2593 pius
1718 2524 1805 2579 ille
1827 2537 1972 2585 erat;
1999 2537 2102 2577 non

524 2619 645 2686 quia
674 2633 902 2687 purpura
934 2617 1184 2681 amictus,
1213 2615 1306 2670 sed
1338 2616 1457 2684 quia
1481 2614 1693 2668 Christo
1720 2614 1937 2673 indutus
1966 2624 2104 2679 erat,

523 2712 665 2786 quod
715 2712 1090 2771 vestimentum
1144 2725 1432 2778 numquam
1483 2709 1785 2773 veterascit,
1837 2716 1892 2761 et
1943 2707 2104 2763 lorica

519 2803 738 2873 iustitia:
768 2800 1117 2866 induebatur,
1147 2810 1304 2867 atque
1328 2801 1689 2854 calceamenta
1723 2798 1923 2857 habens
1946 2812 2109 2852 evan-

523 2893 646 2962 gt-lii
676 2892 841 2961 pacis,
874 2901 924 2945 et
971 2890 1205 2960 gladium
1229 2890 1464 2957 Spiritus,
1495 2891 1850 2959 clypeumquc
1882 2887 2024 2952 iidei,
2053 2896 2108 2942 et

524 2985 729 3054 galeam
756 2982 1004 3036 salutaris
1026 2981 1239 3051 (Ep/tes.
1271 2983 1322 3034 6.
1356 2979 1614 3050 ll).Cnm
1638 2980 1719 3032 his
1737 2981 1899 3033 armis
1927 2990 2106 3049 tyran-

527 3091 624 3130 nos
650 3078 859 3130 evertit.
910 3074 1140 3144 priorem
1167 3073 1238 3144 (ὁ)
1272 3089 1335 3126 ae
1382 3073 1732 3142 posteriorem
1773 3090 1784 3124 :
1819 3073 1964 3127 illum
1991 3071 2109 3142 qui-

523 3170 644 3223 dent
673 3169 788 3223 sine
812 3168 992 3222 labore
1015 3176 1069 3222 et
1089 3168 1347 3237 sanguine
1363 3167 1526 3236 cepit,
1549 3181 1612 3220 ac
1635 3175 1890 3234 tropa-um
1911 3165 2105 3231 erexit,

529 3261 647 3314 sine
668 3259 936 3314 exercitus
965 3257 1047 3313 sui
1074 3256 1220 3311 ccede
1247 3258 1324 3310 vel
1349 3256 1597 3310 minima:
1621 3256 1759 3310 hunc
1785 3265 1960 3309 autem
1980 3271 2109 3309 enn-

531 3368 718 3422 gressu
751 3350 909 3417 tacto,
936 3350 1083 3406 solus
1113 3351 1225 3420 ipse
1246 3349 1313 3403 de
1340 3349 1516 3403 medio
1545 3350 1777 3403 sustulit.
1803 3349 1935 3402 Cntn
1963 3349 2106 3402 enim

524 3446 793 3504 exercitus
809 3446 966 3498 ambo
989 3444 1252 3513 utrimque
1281 3444 1331 3498 in
1355 3443 1471 3503 acie
1493 3443 1863 3513 conﬂigerent,
1888 3458 1950 3496 ac
1974 3444 2108 3496 telo-

524 3552 640 3591 rum
670 3535 861 3602 emissa
911 3533 1087 3599 nube,
1140 3533 1458 3589 instantibus
1503 3531 1789 3587 admodum
1854 3531 2104 3596 inimicis,

519 3628 628 3695 jam
682 3627 761 3688 sui
817 3627 868 3685 in
916 3625 1092 3692 fugam
1141 3632 1584 3680 eottvertereutttr
1629 3642 1640 3677 :
1687 3640 1748 3678 ex
1807 3639 1944 3694 equo
2015 3623 2107 3684 ille

522 3717 794 3783 exsilieus,
825 3719 1014 3788 clypeo
1043 3717 1188 3770 humi
1219 3717 1464 3784 deposito
1492 3757 1507 3780 ,
1533 3716 1759 3784 genibus
1789 3715 1938 3770 ﬂexis
1960 3757 1973 3780 ,
1997 3732 2106 3770 cai-

524 3811 693 3866 lorum
716 3808 970 3861 auxilium
996 3809 1317 3876 postulabat,
1334 3818 1492 3876 atque
1515 3808 1646 3861 aciei
1673 3823 1917 3877 campum
1942 3808 2107 3863 eccle-

521 3904 614 3958 siae
640 3900 868 3954 faciebat
896 3903 1090 3964 locum,
1123 3916 1226 3953 non
1252 3897 1481 3954 arcubus
1499 3907 1554 3953 et
1584 3899 1724 3963 telis,
1753 3915 1859 3953 non
1883 3900 2104 3967 lanceis,

522 3993 616 4052 sed
647 3993 898 4062 laerymis
938 4002 992 4045 et
1025 3990 1271 4059 precibus
1303 4005 1544 4061 pugnans
1573 4008 1586 4044 :
1614 3990 1797 4062 sicque
1823 4001 2105 4047 ventorum

523 4087 723 4156 impetu
751 4086 930 4139 statim
957 4083 1280 4140 adveniente
1304 4124 1319 4150 ,
1347 4083 1579 4139 hoStium
1615 4085 1717 4148 tela
1745 4094 1930 4139 contra
1961 4086 2107 4154 ipsos

522 4179 708 4236 hostes
742 4177 1082 4241 ferebantur;
1133 4177 1184 4230 Ιιί
1232 4190 1360 4232 vero
1410 4175 1645 4232 furorem
1696 4186 1856 4246 atque
1901 4177 2105 4232 cat-dem

527 4272 819 4339 spirantes,
853 4269 954 4328 hoc
977 4268 1061 4321 ubi
1096 4268 1362 4333 viderunt,
1393 4268 1570 4326 statim
1597 4270 1933 4334 commutati,
1965 4270 2106 4325 hunc

525 4360 914 4429 Imperatorem
944 4357 1361 4427 proclamavere.
1388 4368 1443 4414 et
1471 4376 1624 4413 suutn
1658 4361 1848 4415 vinctis
1883 4377 1914 4415 a
1955 4370 2105 4432 tergo

528 4452 770 4505 manibus
800 4451 898 4519 ipsi
928 4451 1280 4520 tradiderunt.
1325 4454 1400 4510 Ac
1441 4453 1704 4523 gloriosus
1743 4470 1993 4510 reversus
2021 4464 2105 4510 est

520 4546 710 4600 beatus
728 4543 1085 4608 Theodosius,
1119 4558 1226 4600 non
1250 4559 1318 4614 ex
1345 4545 1565 4600 victoria
1587 4546 1784 4612 solum,
1809 4548 1902 4601 sed
1929 4563 1992 4602 ex
2028 4546 2105 4601 vi-

517 4639 702 4694 ctoria:
741 4637 920 4692 modo.
947 4636 1062 4692 Non
1091 4637 1232 4693 enim
1254 4678 1270 4702 ,
1314 4636 1534 4706 perinde
1558 4647 1717 4706 atque
1743 4653 1863 4692 cum
1892 4641 2102 4693 exteris

519 4729 958 4800 lmperatoribus,
1001 4729 1334 4802 tropaeicum
1361 4729 1476 4798 ipso
1503 4729 1786 4799 participes
1805 4741 1927 4784 sunt
1964 4730 2103 4784 mili-

519 4834 635 4887 tes;
664 4821 758 4874 sed
809 4830 976 4874 totum
1026 4819 1193 4888 ipsius
1241 4827 1468 4886 tantum,
1511 4829 1565 4878 et
1611 4821 1777 4890 ipsius
1825 4821 1947 4876 ﬁdei
1981 4823 2098 4876 fuit.

517 4913 640 4966 Ideo
669 4912 842 4979 ipsum
880 4910 1092 4963 beatum
1114 4950 1128 4974 ,
1159 4924 1334 4977 neque
1361 4922 1629 4963 mortuum
1655 4909 1884 4965 dicimus
1917 4929 1931 4965 :
1976 4927 2099 4965 nam

521 5003 619 5067 Qui
647 5001 806 5053 credit
829 4999 880 5051 ξπ
905 5015 1002 5062 me,
1030 4999 1218 5068 inquit,
1259 4999 1454 5052 etiamsi
1483 5010 1708 5052 mortuus
1738 5002 1903 5069 fuerit,
1938 5003 2102 5068 vivet;

515 5106 559 5146 «ἰ
597 5093 758 5144 omnis
778 5091 860 5160 qui
891 5090 1005 5142 vivit
1031 5100 1076 5142 et
1106 5089 1260 5142 credit
1286 5092 1337 5144 in
1363 5106 1439 5143 me
1462 5131 1475 5154 ,
1506 5107 1605 5144 non
1632 5092 1873 5145 morietur
1901 5094 1918 5159 (
1941 5092 2099 5146 Jaatt.

516 5187 601 5238 tl.
633 5184 745 5253 ‘25).
798 5183 921 5236 llaec
950 5181 1193 5235 Christus
1215 5181 1380 5246 dixit,
1409 5181 1523 5235 ha-c
1549 5199 1643 5252 per
1671 5198 1832 5252 opera
1872 5183 2096 5254 fulgent.

513 5275 650 5341 Quid
673 5289 826 5343 ergo,
851 5273 1082 5349 inquies,
1110 5289 1286 5326 annon
1312 5290 1416 5343 mm
1434 5283 1552 5329 tuus
1578 5283 1661 5330 est
1680 5276 1701 5329 ?
1717 5275 2095 5346 Nequaquam:

577 5501 648 5561 (a)
691 5499 748 5547 lli
771 5507 930 5565 erant
974 5497 1225 5565 t\'t_tvatiaui
1262 5501 1359 5565 qui
1386 5499 1788 5565 Constantinopoli
1822 5503 2100 5565 episcopum

577 5514 648 5561 (a)
692 5514 748 5547 ut
793 5514 930 5548 erant
974 5514 1225 5547 novattaut
1262 5515 1344 5547 (ιιι
1386 5514 1788 5562 ιιυιιςιιιιιιιῐιοιιοιι
1822 5515 2095 5565 episcopum

513 5567 598 5614 sibi
641 5561 938 5626 tta-tiliareut
975 5514 1395 5626 liabeliautqi'ide
1431 5558 1667 5626 Epiphan.
1703 5563 1833 5614 liter.
1872 5567 1951 5624 59,
1985 5575 2022 5615 t.
2050 5567 2095 5626 l,

512 5644 555 5695 ν.
584 5626 678 5695 Δξειό
699 5639 828 5695 sqq”
854 5625 1112 5695 ttittgustin.
1138 5623 1213 5672 De
1237 5623 1367 5673 liter.
1395 5625 1601 5695 cap-28.

549 5690 645 5759 _(b)
695 5685 831 5757 prior
873 5685 956 5736 ille
989 5693 1219 5764 tgt'auttus
1257 5695 1360 5737 erat
1399 5685 1638 5736 Maximus
1670 5688 1912 5753 secundus
1937 5689 2096 5753 Euge-

509 5765 633 5820 aliis!

2202 977 2372 1031 neque
2403 965 2545 1018 enim
2578 965 2680 1021 hoc
2706 967 2940 1023 dixerim
2973 986 3094 1027 esse
3118 984 3344 1032 mortem
3371 1017 3383 1040 ,
3415 977 3503 1032 sed
3532 997 3725 1038 somnum

2203 1053 2484 1122 quemdam
2507 1067 2562 1112 et
2583 1061 3081 1128 peregrinationem.
3106 1064 3170 1119 Ut
3186 1067 3330 1120 enim
3352 1067 3616 1123 viventium
3628 1075 3728 1127 mul-

2206 1145 2247 1200 ti
2284 1156 2428 1213 sunt,
2455 1150 2544 1218 qui
2571 1151 2722 1219 quasi
2757 1152 2810 1205 in
2853 1156 3100 1223 sepulcro
3141 1172 3260 1211 cum
3302 1175 3518 1228 corpore
3548 1168 3728 1221 animam

2207 1237 2570 1307 deposuerunt
2603 1241 2721 1296 :sic
2749 1258 2814 1297 ex
2861 1250 3087 1300 mortuis
3137 1249 3288 1304 multi
3336 1252 3530 1316 vivunt,
3572 1255 3728 1322 justiti:

2211 1330 2472 1400 fulgentes
2503 1350 2516 1386 :
2546 1334 2684 1390 sicut
2710 1345 2761 1390 ct
2783 1337 2869 1390 hic
2900 1339 3104 1395 beatus.
3137 1341 3278 1396 Mors
3307 1345 3448 1399 enim
3479 1358 3554 1400 est
3573 1355 3729 1417 gravis-

2206 1426 2363 1490 sima,
2397 1438 2451 1480 et
2482 1443 2607 1482 vere
2636 1444 2802 1493 mors,
2827 1446 2888 1484 ea
2922 1449 3040 1500 qua'
3071 1451 3134 1487 cx
3166 1447 3388 1504 peccato
3418 1442 3631 1506 paritur,
3657 1460 3730 1511 qua

2208 1533 2498 1586 numquam
2532 1520 2666 1572 mori
2691 1521 2818 1575 dicit
2846 1523 2937 1578 ille
2964 1539 3058 1578 eos
3084 1527 3171 1590 qui
3215 1527 3266 1579 in
3291 1543 3352 1581 se
3382 1529 3609 1585 credunt.
3635 1533 3730 1596 Natu

2207 1607 2309 1673 Qui
2334 1610 2447 1661 vicit
2469 1621 2515 1663 et
2539 1612 2697 1664 credit
2720 1614 2770 1666 in
2797 1631 2894 1678 me,
2919 1616 3107 1685 iuqttit,
3154 1635 3254 1671 non
3287 1622 3520 1674 morietur
3559 1627 3730 1688 (ai......

2274 1700 2332 1754 2.
2366 1701 2553 1755 Contra
2573 1702 2840 1759 Catharos.
2873 1735 2944 1746 —-
2967 1710 3048 1760 Au
3079 1710 3168 1778 qui
3199 1712 3352 1780 quasi
3381 1712 3543 1766 alatus
3585 1727 3733 1770 terram

2205 1801 2260 1847 et
2307 1808 2455 1848 mare
2498 1794 2964 1866 circumcucurrit,
2993 1799 3084 1870 qui
3132 1801 3445 1857 innumeras
3492 1816 3654 1874 gentes
3688 1809 3734 1863 ad

2206 1881 2476 1938 Christum
2502 1885 2759 1952 adduxit,
2789 1888 2880 1958 qui
2907 1905 3226 1946 arcanorum
3257 1896 3620 1964 mysteriorum
3643 1914 3734 1976 par-

2207 1973 2377 2044 ticeps
2405 1975 2574 2030 iactus
2619 1987 2722 2042 est,
2752 1979 2842 2048 qui
2889 1979 2941 2033 in
2988 1986 3205 2036 tertium
3245 1986 3442 2039 caelum
3477 1973 3656 2056 raptus,
3687 2007 3734 2042 an

2209 2064 2313 2125 tale
2358 2064 2626 2135 quidpiam
2655 2067 2722 2123 de
2749 2082 2809 2123 se
2843 2069 3024 2126 dicere
3051 2087 3214 2128 ausus
3256 2076 3380 2129 est?
3409 2075 3736 2148 Nequaquam,

2206 2159 2301 2213 sed
2330 2161 2656 2216 contrarium
2705 2178 2931 2232 prorsus
2976 2182 2989 2219 :
3028 2165 3335 2222 abortivum
3363 2185 3424 2225 se
3466 2173 3678 2230 vocabat.
3702 2185 3739 2226 ct

2209 2249 2454 2304 ultimum
2492 2253 2862 2322 apostolorum
2891 2297 2906 2320 ,
2936 2271 3036 2312 nec
3078 2273 3138 2312 se
3180 2258 3405 2329 dignum
3433 2277 3548 2317 esse
3574 2265 3741 2332 putabat

2207 2343 2298 2422 qui
2346 2343 2446 2397 hoc
2489 2345 2704 2404 nomine
2759 2357 3061 2403 vocaretur.
3123 2349 3238 2406 Non
3305 2369 3419 2405 sum
3472 2355 3636 2424 dignus
3687 2359 3741 2410 in-

2207 2434 2324 2504 quit
2345 2475 2359 2499 ,
2393 2438 2562 2490 vocari
2592 2442 2851 2509 apostolus
2874 2440 2947 2509 (Ι.
2981 2442 3100 2495 Cor.
3136 2444 3220 2502 l5.
3255 2445 3288 2499 9
3316 2446 3354 2514 ).
3392 2447 3626 2512 Qlla‘ll-Itlt
3649 2465 3742 2518 ergo

2208 2533 2292 2578 est
2319 2526 2432 2578 hare
2457 2529 2760 2595 arrogantia
2783 2530 2805 2582 ?
2835 2545 3081 2599 quamam
3108 2533 3367 2601 jactautia
3391 2536 3413 2588 ?
3438 2553 3656 2605 quautam
3682 2540 3742 2590 iu-

2209 2615 2395 2670 sania?
2423 2619 2584 2673 homo
2613 2633 2732 2673 cum
2760 2621 2855 2684 sis,
2889 2633 2939 2675 te
2986 2623 3273 2678 Catharum
3327 2628 3443 2681 sive
3473 2645 3744 2696 puruuttase

2208 2706 2366 2778 dicis,
2386 2719 2438 2764 et
2466 2721 2517 2765 te
2535 2728 2720 2780 purtnn
2744 2729 2863 2768 esse
2893 2730 3203 2785 persuasum
3225 2718 3436 2772 habes?
3466 2731 3515 2774 et
3539 2734 3743 2790 quantum

2209 2801 2310 2857 hoc
2336 2804 2556 2858 insania:
2577 2807 2696 2860 est?
2725 2806 2854 2861 Nam
2903 2823 3026 2862 cum
3067 2820 3116 2863 te
3142 2827 3338 2880 purum
3379 2811 3531 2878 dicis,
3575 2813 3745 2884 perinde

2211 2891 2362 2960 facis,
2393 2909 2458 2948 ac
2500 2896 2547 2950 si
2580 2897 2700 2966 quis
2728 2897 2927 2952 diceret
2961 2915 3107 2955 mare
3137 2900 3392 2956 ﬂuctibus
3421 2919 3536 2959 e~se
3576 2922 3742 2972 puram.

2211 2991 2354 3045 Sicut
2377 2992 2592 3066 ergoilli
2636 2993 2826 3048 ﬂuctus
2880 3011 3170 3070 numquam
3208 2999 3588 3064 deliciunt,ita
3614 3017 3744 3070 neque

2211 3081 2368 3137 nobis
2384 3094 2619 3152 peccata.
2645 3087 2836 3139 Annon
2865 3089 3001 3141 nosti
3031 3089 3244 3156 quinam
3265 3091 3458 3156 simus;
3484 3092 3742 3161 gaudentes,

2211 3184 2498 3229 [merentes
2520 3191 2536 3241 ;
2559 3175 2771 3242 divites,
2796 3193 3086 3248 pauperes;
3105 3184 3432 3238 contumelia
3452 3184 3632 3249 allecti,
3661 3186 3744 3238 lau-

2211 3267 2342 3333 dati,
2368 3268 2527 3336 pulsi,
2552 3268 2694 3324 bello
2717 3271 2960 3341 impetiti,
2983 3277 3166 3344 requie
3188 3275 3452 3343 fruentes;
3476 3279 3744 3342 esurientes,

2210 3362 2425 3415 satiati?
2452 3363 2700 3418 Sexcenti
2728 3365 2927 3436 agitant
2947 3368 3176 3422 animant
3221 3383 3404 3425 motus
3430 3387 3492 3426 ac
3513 3373 3742 3440 perturba-

2213 3455 2408 3514 tiones,
2463 3464 2714 3510 sexcenta
2744 3457 2953 3527 negotia
2976 3499 2990 3521 ,
3019 3462 3256 3514 sexcenti
3295 3466 3541 3533 corporis
3577 3465 3743 3524 morbi.

2210 3555 2476 3600 sexcenta:
2526 3562 2703 3601 rerum
2746 3549 3172 3620 inaequalitates;
3221 3563 3274 3607 et
3314 3555 3480 3609 audes
3516 3555 3672 3609 dicere
3710 3566 3744 3605 Ic

2213 3637 2264 3699 in
2305 3639 2491 3712 euripo
2528 3641 2877 3709 procellarum
2927 3643 3110 3697 talium
3163 3661 3357 3714 purum
3387 3648 3545 3701 esse?
3577 3660 3618 3702 et
3650 3647 3742 3715 quid

2212 3731 2470 3800 impurius
2490 3735 2646 3788 fuerit
2667 3752 2732 3788 eo
2754 3737 2841 3805 qui
2869 3738 2936 3790 ita
2959 3738 3182 3793 allectus
3208 3749 3290 3794 est
3307 3742 3333 3792 ἶ)
3361 3740 3429 3795 Et
3453 3741 3572 3811 quid
3591 3742 3649 3796 de
3667 3743 3742 3794 vita

2214 3835 2319 3881 tota
2348 3826 2580 3896 loquor?
2612 3827 2699 3882 dic
2729 3828 2856 3883 mihi
2884 3870 2898 3892 ,
2927 3845 2994 3884 an
3033 3830 3213 3887 dicere
3239 3834 3362 3902 quis
3399 3835 3581 3903 poterit
3606 3849 3654 3888 se
3685 3836 3740 3885 uti

2212 3931 2318 3970 uno
2347 3917 2434 3972 die
2473 3934 2662 3987 purum
2694 3920 2853 3974 esse?
2884 3921 3107 3981 Etiamsi
3133 3927 3274 3976 enim
3327 3940 3434 3978 non
3462 3924 3737 3982 l'oruicetur,

2211 4009 2295 4063 vel
2317 4009 2636 4066 adulterium
2669 4011 2932 4080 admittat,
2976 4014 3183 4068 etiamsi
3213 4015 3263 4068 in
3314 4017 3464 4070 nullo
3495 4015 3740 4085 huiusmoli

2213 4099 2481 4168 prohibito
2513 4111 2729 4169 peccet,
2761 4104 3026 4172 poteritne
3053 4105 3269 4174 gloriari
3305 4149 3320 4173 ,
3355 4109 3494 4176 quod
3525 4125 3616 4160 non
3642 4122 3738 4159 ram

2209 4191 2313 4260 glon
2328 4190 2375 4244 ia
2399 4191 2555 4245 fuerit
2585 4192 2824 4258 all‘eetus,
2849 4195 2987 4262 qttod
3017 4210 3120 4249 non
3143 4199 3448 4266 arrogantia
3472 4241 3486 4261 ,
3515 4197 3637 4268 quod
3658 4214 3734 4251 non

2212 4282 2490 4351 impudicis
2516 4285 2782 4351 aspexerit
2821 4284 2989 4341 oculis
3015 4326 3029 4349 ,
3061 4287 3200 4355 quod
3233 4305 3340 4341 non
3391 4289 3605 4357 proximi
3635 4289 3736 4340 bona

2210 4374 2596 4442 concupiverit,
2628 4374 2768 4443 qttod
2796 4392 2901 4429 non
2930 4377 3184 4430 mentitus
3216 4378 3380 4432 fuerit
3401 4420 3415 4444 ,
3443 4377 3574 4448 quod
3598 4378 3735 4431 dolum

2209 4478 2315 4518 non
2355 4464 2647 4528 struxerit,
2678 4463 2818 4534 quod
2849 4480 2950 4520 non
2997 4467 3132 4520 mala
3161 4468 3486 4536 imprecatus
3513 4470 3575 4523 sit
3599 4469 3734 4520 inimi-

2208 4556 2306 4618 cis,
2339 4555 2480 4626 quod
2509 4572 2612 4609 non
2644 4557 2891 4611 inviderit
2921 4557 3209 4613 amico?Si
3251 4568 3433 4615 autem
3460 4561 3504 4614 is
3538 4561 3615 4630 qui
3633 4559 3732 4613 alui.

2207 4663 2329 4706 eum
2355 4659 2531 4715 amat,
2556 4649 2689 4709 nihil
2717 4651 2892 4703 minus
2922 4649 3138 4706 habebit
3167 4665 3263 4720 pro
3281 4666 3342 4706 re
3365 4652 3477 4719 illa,
3503 4667 3639 4722 quam
3664 4665 3733 4719 pll-

2208 4741 2484 4806 blicanus;
2514 4757 2617 4811 qua
2638 4742 2790 4796 venia
2811 4741 3003 4812 dignus
3028 4744 3132 4797 erit
3154 4743 3200 4797 is
3219 4743 3309 4813 qui
3342 4745 3515 4798 amico
3538 4740 3728 4797 invidet?

2207 4836 2305 4891 Tot
2330 4838 2613 4905 absorptus
2645 4835 2798 4890 malis
2824 4836 2989 4889 audes
3015 4846 3067 4890 te
3099 4851 3284 4906 purutn
3327 4837 3542 4891 dicere?
3567 4839 3624 4888 At
3661 4835 3726 4887 bo-

2207 4943 2322 4981 rum
2372 4928 2670 4997 arrogantia
2709 4943 2813 4981 non
2870 4928 2990 4982 hinc
3032 4928 3225 4992 solum,
3259 4929 3352 4982 sed
3381 4928 3586 4982 aliunde
3604 4927 3723 4981 etiam

2208 5021 2589 5086 monstrabitur
2612 5037 2624 5072 :
2649 5035 2747 5073 vos
2781 5028 2957 5071 att-tvm
2982 5030 3316 5089 vestramque
3337 5021 3595 5074 caritatem
3615 5031 3721 5085 r050.

2207 5115 2321 5188 haec
2349 5114 2526 5168 onutia
2557 5122 2887 5183 reputantes,
2917 5113 2983 5165 ab
3011 5112 3218 5166 illorum
3260 5111 3508 5184 jactantia
3537 5128 3618 5164 vos
3643 5113 3724 5164 cxi-

2205 5206 2381 5268 matis,
2411 5213 2465 5259 et
2491 5203 2699 5258 illorum
2743 5204 3099 5272 arrogantiam
3145 5205 3322 5256 vitetis
3348 5223 3359 5256 :
3382 5214 3431 5258 et
3465 5220 3574 5256 cum
3617 5201 3724 5254 omni

2204 5296 2382 5351 studio
2407 5296 2607 5350 curetis
2630 5295 2861 5349 admis.~a
2903 5305 3115 5364 peccata
3139 5295 3374 5358 abluere,
3393 5307 3443 5350 et
3469 5293 3721 5348 accedentia

2205 5387 2526 5459 propellere.
2558 5387 2777 5456 Etiamsi
2820 5386 2961 5440 cnitn
2993 5386 3268 5441 innumera
3328 5402 3419 5442 nos
3445 5387 3721 5441 circumdant

2265 5628 2343 5694 ((1)
2373 5628 2461 5677 llic
2479 5629 2591 5694 dure
2611 5630 2796 5694 paginae
2817 5627 2998 5694 deesse
3017 5628 3260 5694 videntur,
3290 5631 3334 5677 in
3356 5629 3519 5694 quibus
3540 5626 3716 5694 Fallim-

2202 5687 2640 5752 ruut'impudeutite
2665 5687 2798 5740 Pauli
2825 5690 3105 5741 modestiam
3129 5691 3253 5754 forte
3275 5687 3535 5755 omium-nt
3557 5687 3712 5750 Christ!-

2203 5762 2403 5806 stotnus.
3342 5761 3344 5764 '
