3872 6396
144 299 225 353 49?.
825 281 912 337 VII
952 278 1257 347 HOMIHA,
1301 278 1513 335 DICTA~
1549 279 1598 333 l.‘

1706 280 1926 340 Eiit‘iﬂ
1963 286 2031 343 Sa
2064 290 2287 349 ANAST
2296 292 2490 349 ASluEi

139 403 261 466 mala,
292 400 329 456 si
359 400 601 470 sapiamus
653 407 709 452 et
747 397 934 468 vigiles
977 398 1167 461 sitnns,
1221 398 1515 465 poterimus
1565 407 1618 451 ct

139 493 443 547 :xcttsationem
468 491 687 546 multam
712 497 769 544 et
792 490 998 543 veniam
1029 490 1306 557 consequi,
1340 498 1500 557 atque
1528 486 1622 543 de-

142 588 224 640 icta
241 587 429 641 abluere.

180 677 385 749 Confectio
408 688 734 749 peccatorum.
762 674 905 730 —Et
934 674 1200 745 quomodo
1224 672 1274 727 id
1302 678 1615 728 eventurum

140 772 173 825 it
194 772 289 826 audi
317 770 386 823 :si
410 770 452 825 in
482 769 757 825 ecclesiam
798 783 894 822 nos
926 767 1261 822 οοιιῐιιιιιιιιιις
1281 806 1295 828 ,
1326 763 1371 819 si
1399 762 1466 818 de
1496 780 1619 833 poc-

138 864 221 918 atis
260 862 419 916 nostris
459 860 865 931 ingemiscatnus
888 900 906 925 ,
940 857 983 911 si
1028 857 1138 926 ipsa
1189 865 1403 925 peccata
1449 848 1618 909 conii-

138 968 295 1016 tamur,
316 952 351 1005 si
374 951 724 1021 elecmosynas
763 958 1061 1019 erogcmus.
1097 946 1142 1001 si
1190 960 1375 1014 preces
1403 946 1618 1000 emitta-

136 1040 281 1108 ius,si
314 1043 477 1113 injuria
520 1038 742 1097 aliectos
776 1039 1049 1109 juventus,
1076 1039 1118 1091 si
1147 1035 1374 1090 inimicis
1402 1046 1615 1106 peccata

136 1134 428 1199 indo‘nemus,
453 1134 497 1188 si
525 1133 595 1189 ob
617 1133 807 1189 delicta
836 1131 1094 1202 lacrymas
1124 1130 1427 1183 omittamus
1455 1144 1469 1180 :
1502 1126 1618 1182 hare

136 1229 260 1297 tippe
305 1228 456 1283 omnia
510 1235 636 1281 sunt
685 1235 1024 1296 peccatorum
1082 1221 1389 1290 pharmaca.
1446 1212 1611 1287 lizec,

136 1333 264 1384 nesn,
286 1318 437 1373 omnia
462 1316 683 1387 singulis
700 1313 886 1371 diebus
906 1327 1246 1383 apparetnus,
1271 1326 1366 1365 nos
1392 1310 1614 1364 abluen-

134 1426 158 1463 s
191 1420 238 1465 et
269 1410 605 1479 abstergentes
632 1426 645 1463 :
676 1420 729 1463 et
765 1422 889 1462 cum
938 1405 1020 1460 his
1062 1404 1308 1459 omnibus
1354 1416 1450 1455 nos
1494 1396 1608 1454 mi—

3208 299 3313 359 ιιι

1735 414 1884 456 seros
1913 404 2259 471 prtrdicemus
2279 453 2292 474 ,
2326 410 2563 467 dicentes
2591 429 2687 469 nos
2712 429 2897 473 servos
2926 418 3140 477 inutiles
3174 441 3314 483 esse.

1733 489 1943 545 Eit'llilﬂ
1966 502 2023 547 et“
2042 495 2170 549 illttd
2196 514 2299 554 non
2318 516 2475 571 parva
2496 505 2701 572 species
2717 517 2799 561 est
2814 511 3179 567 exstinctinnis
3194 531 3311 584 pec.

1729 593 1992 675 eatornm,
2026 588 2237 655 quando
2285 599 2421 645 bona
2452 610 2609 664 opera
2639 597 2880 665 edentes,
2908 601 3036 658 nihil
3069 620 3313 675 magnum

1728 673 1795 727 de
1825 675 2112 747 nobisipsis
2142 680 2396 747 sapimus,
2429 694 2487 738 ut
2516 702 2582 741 ne
2605 703 2664 742 ea
2698 690 2992 757 patiamur,
3024 712 3141 764 qua!
3161 673 3311 753 iPha~

1728 765 1915 820 riszrns
1944 767 2050 823 ille.
2087 769 2142 826 Si
2170 768 2247 827 sic
2274 782 2453 830 nostra
2482 776 2875 848 diSpenscmns,
2904 786 3193 853 poterimus
3216 793 3310 844 mi.

1725 856 2071 914 sericlirdiam
2102 871 2156 917 et
2182 866 2388 919 veniam
2411 871 2665 940 consequi
2695 870 2748 926 in
2780 874 2867 929 die
2894 876 2981 931 illa
3011 883 3309 950 tremenda,

1724 955 1777 1001 et
1800 952 2074 1018 promissis
2098 954 2299 1026 dignari
2329 958 2480 1013 bonis
2508 977 2520 1014 :
2548 961 2740 1031 quibus
2770 964 2970 1021 tttinam
3002 986 3096 1025 nos
3126 988 3310 1029 omnes

1724 1030 1983 1122 fruamur,
2028 1044 2196 1113 gratia
2241 1055 2315 1122 et_
2342 1030 2665 1119 benignitate
2714 1052 2919 1109 Domini
2974 1061 3138 1115 nostri
3180 1063 3307 1119 Jesn

1723 1120 1915 1183 Christi
1940 1172 1955 1197 ,
1984 1146 2079 1203 per
2106 1149 2264 1205 quem
2292 1120 2346 1191 et
2371 1154 2490 1193 cum
2524 1155 2629 1211 quo
2656 1141 2801 1198 Patri
2824 1145 3013 1215 gloria,
3055 1166 3156 1205 una
3183 1169 3303 1209 cum

1721 1228 1907 1275 sancto
1935 1222 2151 1293 Spiritu,
2184 1242 2325 1284 nunc
2348 1238 2401 1284 et
2427 1244 2660 1301 semper,
2692 1241 2745 1288 et
2772 1234 2822 1287 in
2854 1238 3048 1293 stecula
3076 1243 3297 1297 seculo-

1719 1320 1858 1365 rum.
1884 1314 2072 1371 Amen.
2968 1324 2999 1331 "

1419 1570 1765 1639 HOMILIA
1808 1576 1947 1640 Vll.

168 1746 369 1811 Humida
393 1748 555 1809 habita
580 1755 632 1808 in
660 1752 851 1823 tempto
874 1758 1065 1806 sancite
1091 1744 1376 1801 Anastasii:
1400 1741 1497 1814 (ti).

132 1853 175 1905 t.
201 1840 415 1903 Modicus
433 1852 513 1900 est
535 1845 873 1915 prtesentium
898 1850 1212 1902 conventus,
1240 1835 1332 1892 sed
1355 1842 1604 1904 magnum

131 1934 357 1993 siderium
384 1956 397 1992 :
426 1942 744 2009 quapropter
770 1946 869 1991 nec
898 1932 1137 1987 modicus
1181 1939 1472 1986 conventus
1500 1930 1605 1981 est.

134 2051 161 2087 ιι
178 2033 306 2087 enim
336 2026 718 2087 multitudinem
744 2036 1028 2097 corporum
1049 2024 1357 2096 quaerimus,
1378 2019 1471 2075 sed
1491 2019 1608 2073 ani-

129 2138 185 2179 nn
201 2132 555 2193 preparatum,
580 2126 813 2175 mentem
831 2118 929 2173 alis
948 2117 1284 2182 instructam,
1304 2112 1603 2168 auditorem

129 2215 260 2269 renis
284 2206 520 2267 nantibus
537 2210 925 2267 sublimiorem.
954 2208 1010 2263 Si
1036 2208 1120 2263 vel
1144 2223 1277 2262 unus
1297 2205 1416 2260 talis
1436 2204 1522 2270 sit,
1549 2198 1603 2260 id

129 2306 357 2361 tcionanti
383 2304 510 2361 satis
535 2316 653 2360 esse
682 2304 867 2373 possit.
893 2296 1101 2357 Etenim
1123 2300 1455 2355 Samaritana
1487 2316 1603 2352 ιιιιι-

130 2416 133 2425 λ
159 2400 209 2451 ct
238 2398 383 2467 inops
411 2405 525 2450 erat
550 2404 605 2449 et
628 2394 834 2463 impura
862 2401 915 2448 et
943 2392 1238 2461 alienigena
1266 2408 1280 2454 ;
1315 2398 1603 2459 tamenque

134 2503 173 2542 ις
223 2487 437 2541 Domino
474 2487 630 2556 digna
673 2485 785 2539 visa
837 2494 1062 2555 estquae
1089 2482 1257 2552 longis
1304 2480 1410 2536 illis
1455 2482 1600 2535 true-

128 2556 928 2647 lt'.SCl'l110llii)llS(10011.0.1‘):
962 2580 1014 2629 et
1059 2570 1151 2629 ille
1194 2573 1410 2645 quidem
1458 2584 1600 2642 saepe

127 2678 161 2724 tt‘
203 2671 423 2742 populos
462 2668 711 2725 Judaicos
740 2667 1002 2732 circuitu,
1030 2673 1122 2721 aut
1154 2681 1260 2720 non
1298 2665 1596 2734 alloquens,

138 2770 434 2815 scrnmncni
469 2756 828 2823 adumbratis;
873 2756 1077 2812 mulieri
1107 2764 1283 2811 autem
1315 2754 1557 2810 barbarae
1579 2796 1595 2822 ,

125 2855 389 2924 eqiintltte
416 2854 557 2908 viros
588 2852 865 2917 habuerat,
896 2858 948 2907 et
978 2865 1099 2906 cum
1145 2860 1297 2905 Sexto
1324 2846 1599 2918 illegititne

125 2947 301 3013 itabat,
321 2944 418 3000 soli
439 2943 773 3014 loquebatur,
793 2954 913 2998 cum
936 2943 1224 3011 discipulos
1246 2939 1311 2996 tle
1336 2940 1595 2995 industria

126 3050 259 3094 )r'nm
288 3038 544 3101 misisset,
578 3047 633 3091 ut
661 3051 727 3091 ne
754 3046 874 3089 mox
905 3034 1218 3104 capiendam
1247 3032 1480 3102 praedam
1503 3032 1597 3087 ab+

123 3132 281 3184 reret.
300 3122 472 3185 Tanta
506 3128 730 3183 Domitio
757 3126 902 3181 orbis
922 3126 1003 3180 vel
1032 3138 1125 3195 pro
1143 3140 1244 3178 una
1272 3124 1447 3177 anima
1473 3137 1596 3193 pro-

126 3226 235 3278 ntia
263 3231 379 3279 crat
399 3266 415 3290 ,
445 3222 747 3277 statumina
776 3230 827 3275 et
857 3219 1181 3273 alacritatem
1235 3216 1498 3271 inveniret
1527 3213 1594 3270 ad

125 3314 327 3368 ettdttm
359 3308 654 3384 proclivem
678 3355 691 3377 ,
716 3318 874 3382 quam
906 3309 992 3364 illa
1023 3319 1149 3363 tunc
1175 3306 1481 3363 exhibebat.

124 3407 425 3461 niinritunw
446 3402 641 3459 laudes.
657 3422 729 3445 —"—-
745 3400 818 3458 Ex
848 3404 1127 3456 meretrice
1150 3402 1308 3469 igitur
1328 3398 1591 3469 evangeli-

124 3500 250 3553 ’.-icta
286 3509 411 3564 est,
443 3504 563 3569 post
589 3490 678 3551 illa
709 3493 808 3550 sibi
835 3494 992 3549 allata
1022 3504 1327 3566 argumenta
1355 3490 1592 3547 clamans

123 3606 289 3645 cens:
333 3588 531 3655 Venite,
554 3589 713 3644 uidete
736 3578 1110 3658 Itontinem,qui
1130 3584 1260 3641 dixit
1282 3587 1404 3639 mihi
1422 3586 1591 3640 omnia
1629 3616 1643 3631 ι

129 3696 323 3756 umque
378 3681 799 3756 fec-itumitun
847 3682 957 3752 ipse
1008 3684 1082 3734 est
1128 3674 1403 3733 Christus?
1445 3678 1590 3736 Illius

130 3776 526 3837 itraduxerat,
573 3775 795 3844 ejusque
843 3782 1059 3844 peccata
1106 3772 1156 3826 in
1207 3770 1441 3826 medium
1489 3771 1587 3825 ad-

124 3879 232 3933 rat,
265 3866 461 3924 dicens
491 3874 508 3925 :
540 3868 771 3937 Quinque
795 3866 926 3921 enim
958 3867 1086 3919 viros
1112 3863 1350 3931 habuisti,
1384 3874 1428 3918 et
1456 3876 1589 3917 nunc

166 3960 355 4025 habet,
409 3974 510 4013 non
559 3970 630 4014 εει
658 3969 774 4012 tant
800 3958 894 4013 vir.
945 3959 1017 4013 At
1056 3955 1143 4012 illa
1187 3958 1429 4011 Convicia
1481 3964 1585 4010 non

124 4055 227 4107 tlsa
283 4052 409 4119 fuit,
461 4050 555 4107 Sed
603 4053 743 4106 illam
784 4049 1029 4107 Christus
1069 4049 1137 4107 ad
1179 4051 1433 4121 majorem
1462 4060 1591 4132 erga

123 4144 351 4201 Tectum
397 4144 635 4200 attraxit.
682 4136 839 4199 Tales
891 4144 1084 4215 quippe
1125 4154 1249 4198 sunt
1313 4156 1587 4214 generosae

123 4257 167 4293 at
202 4259 216 4292 :
250 4250 323 4294 ex
358 4238 577 4301 iisdem,
605 4239 800 4308 quibus
828 4226 1166 4291 olfenduntur
1192 4234 1304 4299 alii,
1340 4236 1441 4289 illa!
1467 4251 1587 4291 cor-

128 4340 245 4386 tnr.
279 4329 426 4385 Nam
461 4330 503 4383 si
545 4346 607 4385 ex
662 4331 986 4399 ingratorum
1031 4336 1255 4382 numero
1303 4322 1511 4395 fuisset,
1541 4326 1588 4383 si

124 4428 241 4486 cia,
279 4422 539 4490 perculsa
567 4419 774 4481 fuiSset,
808 4419 1103 4475 resiluisset
1131 4419 1182 4473 in
1209 4420 1341 4473 iram
1365 4428 1418 4475 et
1446 4414 1586 4474 indi-

124 4526 289 4566 mem
316 4513 605 4566 cttti'tiltita.
641 4508 709 4565 At
737 4506 824 4565 illa
850 4514 968 4581 post
993 4512 1386 4566 acetisatinnem
1419 4511 1587 4582 magis

124 4614 176 4660 tu
211 4602 439 4660 doctori
476 4602 551 4670 iit,
584 4610 638 4661 et
680 4604 747 4659 de
791 4604 1069 4659 altioribus
1113 4604 1273 4659 rebus
1303 4605 1474 4672 ipsum
1508 4604 1588 4657 itt-

123 4710 205 4767 ;at
228 4717 242 4751 :
268 4692 420 4752 dixit
441 4698 583 4751 enim
609 4715 621 4750 :
656 4690 813 4750 Video
833 4697 969 4766 quod
990 4697 1233 4765 propheta
1248 4706 1298 4748 es
1315 4705 1403 4757 tu;
1430 4704 1587 4764 atque

124 4794 451 4843 :cratorum
483 4800 700 4841 suorum
737 4788 944 4851 notitia,
972 4796 1026 4839 nt
1060 4784 1169 4855 jam
1200 4800 1386 4855 gnara,
1420 4787 1586 4855 magis

123 4898 130 4932 ι
155 4879 922 4948 admiratltrsciscitaturque.
950 4876 1075 4931 Haec
1092 4874 1283 4931 animte
1301 4883 1454 4931 erant
1471 4892 1589 4946 qua:

124 4966 358 5041 mpbari
388 4966 621 5025 volebat.
646 4966 828 5039 Neque
844 4970 985 5023 enim
1010 4968 1205 5039 aliquid
1227 4968 1589 5038 interrogabat

123 5056 426 5118 tutaribus
447 5063 629 5127 rebus,
652 5075 755 5115 nun
768 5060 834 5117 de
847 5062 1057 5131 opibus,
1079 5074 1184 5115 non
1204 5060 1269 5115 de
1289 5060 1589 5115 valetudine

124 5155 208 5209 ris
238 5196 255 5218 ,
315 5164 434 5207 non
486 5150 554 5208 tle
604 5153 916 5208 excutit-nua
983 5160 1321 5222 paupertate.
1373 5150 1471 5206 etsi
1534 5152 1586 5206 in

124 5262 203 5301 na
234 5244 489 5318 degebat
510 5247 708 5314 inopia;
733 5242 825 5300 sed
843 5243 909 5300 de
930 5246 1097 5299 sacris
1134 5244 1359 5313 legibus,
1389 5244 1453 5299 de
1480 5245 1585 5299 vita

124 5346 259 5405 um,
312 5334 394 5393 tle
422 5339 677 5408 religioso
722 5346 927 5409 pan-um
958 5332 1123 5406 cultu,
1161 5337 1380 5393 dicens:
1407 5333 1587 5392 Patres

123 5530 285 5593 inter
315 5530 458 5580 banc
481 5537 532 5580 et
560 5530 921 5593 prtcedente'm
960 5528 1087 5578 hotni
1112 5529 1205 5580 iam
1229 5533 1276 5579 in
1302 5531 1480 5583 Codice
1510 5533 1586 5581 Va-

148 5592 407 5641 habetur
438 5590 637 5656 bomiiia
664 5600 854 5656 contraw
858 5590 1162 5656 hippodromi
1198 5600 1251 5642 et
1282 5595 1460 5642 theatri
1483 5602 1598 5656 spe-

123 5672 177 5711 a,
209 5658 512 5724 quapnjam
540 5650 959 5724 ediditnu§_
988 5655 1069 5724 ξιτ
1093 5657 1227 5705 Circa
1263 5658 1395 5707 illam
1420 5650 1597 5706 neces-

124 5711 381 5778 {egéLda
404 5711 526 5768 Sunt
551 5730 663 5780 quas
689 5721 735 5765 in
764 5714 946 5766 Mobile
972 5718 1200 5766 diximus.

1716 1742 1877 1796 nostri
1896 1738 1949 1798 tu
1970 1754 2136 1802 mante
2160 1750 2254 1803 θεοῦ
2277 1752 2620 1808 adorerentur
2636 1770 2655 1809 :
2671 1764 2723 1810 et
2738 1758 2989 1827 quomodo
3006 1775 3092 1813 vos
3107 1759 3296 1823 dicitis,

1715 1837 1852 1902 quod
1865 1836 2201 1910 Jerooolynn's
2213 1844 2354 1896 locus
2368 1854 2443 1898 est
2458 1846 2540 1899 ubi
2557 1857 2753 1918 oportet
2770 1849 2986 1905 adorare
3012 1851 3031 1923 (
3060 1852 3216 1905 Jotm.
3239 1850 3292 1907 6.

1712 1924 1845 1992 20)?
1874 1933 2047 1999 Atque
2065 1933 2115 1983 itt
2140 1934 2412 2003 promtniis
2437 1935 2535 1992 hoc
2555 1940 2724 2008 ipsum
2744 1939 2893 2008 facit,
2913 1942 3095 1997 dicens
3114 1963 3131 1997 :
3155 1945 3297 2009 Quo-

1713 2019 1866 2072 modo
1891 2029 1943 2074 tu
1973 2022 2141 2077 bitere
2167 2040 2199 2078 α
2226 2040 2305 2079 me
2327 2030 2494 2098 poscis
2519 2070 2533 2095 ,
2563 2044 2680 2100 qui:
2702 2047 2817 2086 tum
2839 2034 3019 2089 nntia-
3059 2036 3295 2090 Samari-

1712 2112 1880 2166 tana!
1908 2114 1979 2166 ita
2008 2115 2291 2170 sollicitam
2332 2117 2563 2175 habebat
2604 2122 2867 2186 animum,
2897 2133 2951 2179 et
2978 2125 3045 2179 ad
3071 2127 3294 2181 salutem

1712 2214 1970 2271 paratam.
2010 2205 2132 2260 Ideo
2161 2210 2323 2263 etiam
2352 2211 2395 2265 is
2425 2212 2513 2282 qui
2543 2224 2734 2268 arcana
2768 2216 2959 2270 mentis
2990 2216 3137 2271 novit
3161 2260 3175 2284 ,
3210 2219 3295 2272 in-

1709 2305 1865 2350 vetita
1892 2298 2071 2368 pingui
2093 2308 2256 2364 terra,
2282 2301 2424 2371 larga
2447 2318 2609 2357 manu
2628 2307 2831 2360 semina
2860 2308 3007 2377 iecit,
3040 2310 3295 2378 paulatim

1709 2386 1853 2443 illam
1876 2389 2109 2458 erigens.
2130 2391 2255 2446 llec
2284 2395 2461 2448 omnia
2491 2408 2521 2448 a
2551 2410 2639 2451 me
2657 2397 2795 2452 dicta
2824 2408 2969 2465 sunt,
2993 2410 3050 2454 ut
3077 2401 3294 2459 discatis

1708 2494 1815 2533 non
1847 2479 2111 2533 modicum
2140 2482 2293 2538 nobis
2320 2484 2511 2540 adesse
2555 2498 2899 2542 conrentum.
2948 2488 3079 2545 Nam
3111 2490 3154 2546 si
3184 2493 3294 2549 illic

1707 2586 1806 2624 una
1837 2573 2029 2626 mulier
2082 2574 2355 2629 sufﬁciens
2386 2576 2481 2631 fuit
2511 2577 2833 2633 auditorium
2862 2624 2876 2645 ,
2908 2582 3076 2636 multo
3126 2586 3293 2654 magis

1707 2679 1825 2729 nos,
1850 2670 1931 2719 ιυι
1954 2666 2116 2732 viros,
2148 2675 2223 2721 tot
2251 2668 2503 2724 mulieres
2532 2682 2837 2732 cernentes.
2868 2684 2988 2727 cum
3020 2676 3293 2733 alacritate

1706 2767 1871 2821 tanta,
1905 2767 2010 2812 non
2052 2770 2244 2829 segnes
2274 2760 2473 2815 erimus
2495 2804 2508 2827 ,
2541 2762 2634 2817 sed
2665 2773 2920 2818 consueta
2954 2776 3165 2821 utemur
3190 2767 3289 2820 tin-

1703 2849 1894 2901 ctrina.
1927 2848 1982 2904 Si
2011 2862 2241 2921 uanique
2287 2853 2594 2922 angelorbm
2646 2852 2922 2922 Dominus,
2964 2872 3123 2929 quem
3169 2872 3289 2913 cum

1704 2940 1929 2996 horrore
1950 2946 2184 2998 tremant
2206 2944 2519 3011 Cberubim,
2535 2959 2641 3000 non
2668 2950 2934 3002 recusavit
2953 2951 3288 3004 meretricem

1702 3034 1982 3089 mulierem
2010 3034 2177 3089 solam
2205 3037 2401 3106 alioqui
2425 3079 2439 3103 ,
2468 3053 2625 3108 quam
2659 3042 3055 3095 excusationem
3084 3081 3098 3103 ,
3127 3058 3287 3110 quam

1701 3127 1911 3179 veniant
1941 3141 2291 3197 assequamur
2321 3144 2440 3195 nos,
2471 3130 2517 3184 si
2546 3139 2748 3184 tantum
2777 3144 3098 3189 conventum
3150 3149 3287 3204 pra»-

1700 3218 2108 3271 tercnrramus'!
2158 3221 2270 3289 Age
2316 3233 2484 3289 ergo,
2539 3232 2848 3276 consuetam
2901 3234 3084 3277 rursus
3139 3225 3289 3279 vobis

1700 3318 1940 3362 mensam
1967 3320 2285 3380 apparetnus
2310 3350 2324 3376 ,
2348 3322 2607 3367 craterem
2636 3322 2930 3369 statuamus
2952 3358 2967 3382 ,
2997 3327 3051 3370 et
3079 3331 3285 3371 merum

1698 3397 2031 3458 eil'undamns
2062 3446 2077 3468 ,
2122 3404 2420 3460 cnnvivium
2477 3408 2816 3465 instituentes
2862 3410 3158 3476 Spirituale.
3191 3411 3284 3467 ΙΙιο

1697 3495 1895 3562 Quippe
1919 3508 2111 3549 carnes
2140 3512 2246 3551 non
2278 3505 2517 3552 ventrem
2547 3498 2872 3569 dirumpunt,
2909 3502 3001 3556 sed
3050 3513 3283 3559 mentem

1696 3587 1979 3641 muniunt:
2006 3587 2107 3643 hoc
2129 3589 2309 3643 vinum
2334 3604 2439 3644 non
2462 3600 2728 3646 amentem
2754 3592 2927 3647 reddit
2950 3594 3281 3661 auditorem;

1696 3677 1805 3732 imo
1843 3677 2054 3734 ebrium
2098 3681 2395 3751 sapientem
2445 3680 2640 3737 reddit.
2669 3681 2815 3738 Talis
2843 3685 2985 3739 enim
3014 3695 3095 3740 est
3127 3686 3284 3756 hujus

1694 3785 1896 3825 mensa:
1925 3782 2133 3837 natura,
2162 3786 2279 3843 qua:
2309 3788 2405 3843 pro
2435 3775 2611 3828 omnis
2639 3776 2854 3845 generis
2881 3788 3148 3830 armatura
3186 3793 3282 3832 no-

1694 3862 1776 3918 bis
1825 3864 1955 3918 satis
1999 3878 2119 3919 esse
2174 3866 2359 3934 possit.
2416 3858 2625 3920 Etenim
2672 3865 2836 3921 armis
2885 3880 3095 3937 quoque
3126 3869 3279 3923 nobis

1693 3971 1829 4026 opus
1874 3967 1977 4021 est,
2008 3958 2259 4026 quoniam
2306 3957 2505 4013 bellum
2559 3968 2640 4013 est
2682 3957 2834 4013 nobis
2882 3960 3140 4030 quotidie,
3174 3977 3278 4015 non

1692 4060 1875 4106 eontra
1920 4049 2163 4105 homines
2208 4064 2579 4122 rongeneres,
2613 4050 2706 4106 sed
2748 4062 2933 4106 contra
2984 4051 3278 4107 invisibiles

1693 4150 1983 4212 potestates
2007 4185 2022 4209 ,
2052 4153 2238 4198 contra
2270 4145 2559 4215 phalangas
2588 4145 2891 4199 daunOnnni
2918 4188 2932 4209 ,
2962 4145 3129 4216 magis
3160 4144 3281 4201 bar-

1693 4234 1850 4289 baras
1876 4247 2033 4305 quam
2088 4234 2306 4301 hostes;
2364 4248 2552 4290 contra
2591 4241 2874 4290 tt'rannum
2922 4237 3277 4291 irt'econciiia-

1692 4325 1892 4393 bilem,
1947 4327 2282 4397 implacabile
2329 4327 2524 4383 bellum
2586 4326 2741 4381 nobis
2798 4328 3137 4394 inferentem,
3190 4330 3279 4399 qui

1694 4430 1801 4473 non
1844 4430 2057 4489 tempus
2109 4419 2233 4475 belli
2283 4420 2436 4476 nobis
2483 4421 2822 4489 praenuntiat,
2872 4436 3044 4489 neque
3071 4431 3274 4489 aperte,

1691 4510 1785 4566 Sed
1815 4512 2022 4567 occulte
2064 4512 2217 4565 nobis
2261 4512 2362 4565 tela
2408 4508 2589 4564 tnittit.
2624 4508 2733 4565 lloc
2780 4511 2959 4579 itaque
2988 4510 3181 4564 bellum
3208 4512 3281 4564 si-

1691 4601 1948 4673 gniﬁcans
1978 4602 2162 4657 beatus
2193 4598 2409 4667 Paulus,
2435 4602 2580 4656 orbis
2609 4598 2736 4663 dux,
2761 4601 3027 4654 clamabat
3056 4602 3273 4654 ιιὶειιιιεε

1692 4691 1771 4749 De
1798 4704 1978 4750 cratera
2005 4736 2020 4757 ,
2053 4695 2237 4763 fratre:
2262 4736 2276 4757 ,
2307 4691 2665 4763 confortamini
2690 4693 2742 4744 in
2775 4692 3012 4755 Domino,
3038 4700 3083 4743 et
3108 4690 3158 4743 in
3188 4707 3278 4757 po-

1695 4789 1849 4841 tentio
1875 4786 2073 4841 virtutis
2103 4793 2210 4858 ejus
2241 4788 2258 4856 (
2286 4780 2475 4857 Eplies.‘
2524 4784 2577 4841 6.
2639 4782 2777 4856 l0);
2808 4796 2859 4840 et
2889 4798 3072 4839 rursus
3114 4785 3273 4848 alibi,

1696 4876 1819 4932 Neu
1849 4878 1981 4933 enim
2011 4888 2080 4933 est
2106 4878 2248 4933 nobis
2277 4874 2568 4931 roltnclatio
2612 4880 2852 4932 adversus
2896 4876 3191 4948 sanguinem
3229 4886 3278 4931 et

1693 4984 1917 5035 cantem,
1942 4970 2030 5026 sed
2058 4971 2300 5025 adversus
2320 4966 2638 5037 principatus
2665 4978 2714 5020 et
2744 4976 3010 5038 potestates
3034 4977 3081 5022 et
3102 4970 3277 5022 mundi

1693 5074 1907 5117 rectores
1936 5064 2249 5116 tenebrarum
2275 5061 2425 5132 hujus
2452 5061 2627 5115 Metili
2648 5060 2666 5129 (
2692 5056 2771 5113 Ib.
2796 5072 2842 5114 υ.
2867 5058 2992 5131 12).

1763 5155 1820 5208 2.
1851 5147 2094 5208 Vitlistin‘
2115 5151 2379 5222 quomodo
2400 5152 2624 5207 militum
2649 5151 2858 5206 animos
2887 5152 3112 5207 incitat?
3141 5170 3277 5221 qun-

1696 5244 1859 5303 modo
1901 5248 2134 5302 mentem
2184 5244 2375 5316 erigit?
2422 5242 2690 5316 quomodo
2716 5257 2888 5299 armat
2937 5247 3278 5311 exercitum,

1696 5334 1960 5409 ignaviam
2027 5334 2344 5393 etscindens
2426 5346 2732 5407 metumque
2809 5334 3072 5407 eiiciens?
3144 5335 3278 5404 Quia

1696 5433 1839 5489 enim
1880 5431 1995 5487 haec
2021 5424 2126 5486 duo
2152 5429 2383 5484 maxime
2411 5430 2461 5483 in
2491 5428 2646 5485 bellis
2695 5427 2891 5485 milites
2921 5429 3175 5499 produnt,
3232 5430 3276 5481 si

1697 5542 1762 5581 ex
1818 5536 2012 5595 pawn:
2077 5523 2438 5579 fortitudinem
2498 5522 2764 5592 prodant,
2812 5532 2868 5576 et.
2930 5520 2975 5575 si
3038 5519 3281 5575 custodia

1698 5621 1935 5689 neglecta
1967 5618 2302 5673 occasionem
2344 5608 2471 5671 dent
2512 5614 2649 5671 hosti
2695 5632 2752 5671 sc
2799 5614 3041 5670 ineamus
3090 5626 3275 5682 aggre-

1699 5709 1875 5767 dicudi
1908 5730 1919 5762 :
1952 5718 2124 5780 neque
2149 5708 2289 5765 enim
2324 5704 2368 5763 is
2410 5711 2498 5775 qui
2529 5716 2685 5781 supra
2732 5704 2949 5762 modum
3001 5702 3185 5767 timet,
3214 5703 3279 5756 ad
