3872 6396
483 275 589 331 ‘93

480 422 681 477 bellum
710 418 932 474 idoneus
976 413 1173 480 fuerit,
1227 428 1348 468 cum
1397 428 1466 469 ex
1512 420 1660 467 metu
1689 418 1849 481 captu
1893 407 2065 464 facilis

478 514 586 579 sit;
618 527 791 581 neque
821 510 866 565 is
906 505 997 579 qui
1026 506 1203 562 omnis
1236 505 1535 561 formidinis
1561 513 1644 560 est
1672 516 1886 574 expers,
1915 511 2067 573 pote-

481 610 552 660 rit
576 604 757 657 hostes
780 613 1035 670 superare
1115 598 1161 654 si
1202 614 1267 654 ex
1309 597 1499 653 fiducia
1538 597 1700 652 nimia
1730 604 1784 652 et
1812 610 1876 650 ex
1903 594 2065 649 animi

481 694 800 751 confidentia
826 708 930 747 non
955 706 1075 747 sese
1104 690 1169 746 ad
1190 704 1539 760 congressum
1561 696 1812 760 apparet:
1833 686 1947 741 hzcc
1967 686 2069 756 igi-

484 797 570 841 tur
593 784 751 840 ambo
778 784 1055 855 corrigens
1078 782 1289 849 Paulus,
1312 790 1364 835 et
1379 780 1445 835 ad
1462 794 1688 851 pugnam
1708 788 1922 849 paratos
1946 777 2071 832 red-

482 879 583 949 dit,
608 884 668 932 ut
687 892 755 933 ne
772 884 1037 946 torpeant,
1057 874 1182 930 dum
1206 874 1439 928 hostium
1460 872 1774 943 phalangem
1794 870 2066 935 describit;

484 984 779 1041 rursusque
809 968 913 1023 illis
930 967 1176 1023 fiduciam
1202 966 1583 1038 audaciamque
1615 964 1767 1027 indit,
1792 971 1932 1017 utne
1949 977 2072 1017 eon-

489 1061 694 1125 cidant,
719 1062 1009 1132 potentiam
1038 1060 1191 1115 ducis
1219 1060 1270 1115 in
1301 1059 1494 1113 talibus
1523 1058 1679 1112 bellis
1704 1055 1902 1111 Christi
1934 1054 2068 1109 alle-

487 1169 610 1208 rens
635 1151 689 1207 in
735 1152 991 1206 medium.
1022 1150 1147 1206 Ideo
1187 1151 1324 1205 sicut
1354 1150 1589 1219 optimus
1619 1148 1723 1201 dux
1751 1148 2069 1216 phalangem

486 1243 720 1312 ordinat,
743 1243 867 1297 vitia
916 1258 1035 1313 qua:
1078 1241 1445 1296 fortitudinem
1480 1240 1799 1294 labefactant
1838 1255 1867 1293 a
1899 1238 2068 1291 ﬁdeli-

489 1333 589 1387 bus
615 1333 920 1401 eliminatis,
936 1343 991 1389 et
1006 1333 1282 1388 caritatem
1302 1348 1452 1385 suam
1488 1330 1765 1394 exhibens,
1792 1339 1951 1400 atque
1977 1345 2072 1385 eos

488 1426 577 1495 qui
611 1428 822 1480 virtutis
870 1426 1077 1480 ratione
1102 1425 1328 1479 multum
1357 1439 1387 1477 a
1429 1440 1486 1478 se
1530 1423 1833 1486 distabant,
1872 1439 2068 1491 cogna.

494 1516 658 1570 tionis
689 1516 905 1571 nomine
934 1515 1189 1585 copulans
1217 1531 1231 1568 :
1266 1529 1386 1567 nam
1415 1514 1487 1567 ait
1518 1532 1530 1568 :
1555 1513 1632 1567 De
1659 1524 1859 1579 ca’lero,
1891 1516 2073 1584 fratres

491 1606 591 1659 mei
635 1603 852 1678 (Ep/tes.
880 1604 932 1659 6.
968 1604 1080 1673 10).
1113 1603 1207 1658 llic
1254 1604 1397 1658 enim
1451 1603 1617 1657 multo
1644 1603 1898 1673 majorem
1947 1618 2073 1672 erga

491 1713 680 1752 omnes
727 1698 945 1753 exhibet
994 1696 1372 1760 dilectionem,
1437 1711 1598 1766 quam
1652 1697 1743 1764 qui
1796 1695 2071 1750 nobiscum

489 1788 683 1847 eOdem
717 1797 871 1842 utero
900 1787 1007 1841 nati
1038 1796 1184 1853 sunt,
1212 1796 1266 1842 et
1292 1787 1342 1841 in
1368 1788 1544 1840 anima
1573 1802 1667 1841 sua
1695 1785 1880 1841 orbem
1906 1794 2072 1840 totum

492 1879 902 1935 circumferebat
934 1895 950 1933 :
980 1887 1126 1933 tanta
1158 1887 1273 1933 erat
1299 1878 1544 1933 caritatis
1570 1879 1713 1932 illius
1734 1878 2028 1948 amplitudo
2056 1895 2071 1933 :

494 1988 668 2043 neque
696 1972 749 2025 in
783 1971 1164 2041 tranquillitate
1193 1970 1375 2036 modo,
1408 1970 1501 2025 sed
1524 1971 1686 2025 etiam
1712 1970 1764 2025 in
1797 1970 2071 2040 periculis.

492 2061 625 2118 Nam
654 2078 779 2118 cum
808 2064 860 2118 in
888 2064 1197 2117 carceribus
1217 2073 1398 2126 esset,
1428 2072 1655 2119 mortem
1682 2073 2026 2133 exspectaret
2053 2104 2069 2129 ,

491 2162 549 2212 et
566 2153 635 2207 de
654 2155 911 2210 extremis
930 2154 1342 2223 periclitaretur,
1364 2155 1747 2224 discipulorum
1772 2171 1957 2211 curam
1986 2171 2076 2226 ge.

494 2243 669 2309 rebat,
692 2253 745 2297 et
772 2244 1027 2314 epistolas
1055 2259 1197 2314 saepe
1218 2259 1249 2300 e
1272 2245 1580 2301 Carceribus
1605 2246 1892 2313 scribebat,
1916 2264 2076 2302 manu

494 2332 697 2387 catenis
728 2334 1075 2400 circttmdata,
1099 2344 1153 2389 et
1180 2333 1398 2392 dextera
1430 2336 1624 2406 ligata;
1657 2347 1713 2392 et
1740 2338 1805 2390 ad
1824 2338 2079 2407 judiciale

422 2410 425 2411 ν
496 2425 733 2481 tribunal
759 2427 1049 2496 ingressus,
1086 2442 1378 2498 preuasqne
1404 2427 1647 2503 daturus,
1676 2439 1835 2500 atque
1852 2431 1917 2484 ad
1936 2448 2081 2486 mor-

498 2526 606 2571 tem
636 2517 927 2583 ducendus,
953 2529 1209 2589 quantum
1243 2519 1294 2574 in
1321 2519 1593 2589 judicibus
1618 2532 1753 2587 erat,
1782 2523 1959 2578 omnia
1990 2524 2078 2579 illa

498 2607 739 2672 mittens,
770 2609 1014 2663 timorem
1035 2624 1245 2679 nempe,
1275 2610 1591 2679 periculum,
1624 2612 1816 2681 minas,
1844 2625 2078 2684 mortes,

506 2699 764 2769 supplicia
785 2740 801 2766 ,
832 2714 1016 2769 ptenas
1036 2739 1052 2766 ,
1083 2699 1389 2767 carnifices,
1419 2701 1721 2773 principum
1750 2704 1883 2759 iram
1902 2746 1917 2770 ,
1946 2705 2081 2759 insi-

498 2790 761 2844 diantium
792 2790 1089 2858 machinas,
1122 2791 1365 2855 verbera,
1391 2790 1628 2847 fidelium
1658 2809 1865 2849 memor
1885 2805 2003 2849 erat
2024 2806 2081 2851 et

501 2883 595 2937 illo
624 2884 738 2952 ipso
769 2892 1008 2953 tempore
1032 2902 1045 2938 :
1076 2884 1146 2938 ita
1177 2884 1353 2939 anima
1372 2884 1488 2954 ejus
1515 2896 1685 2942 erata
1712 2888 1940 2943 vinculis
1957 2905 2082 2944 cor-

503 2974 651 3043 poris
681 2974 868 3034 libera.
895 2978 987 3040 ita,
1010 2975 1061 3029 in
1076 2990 1236 3031 carne
1257 2975 1377 3031 licet
1406 2992 1647 3043 versans,
1677 2979 1877 3034 cmlesti
1900 2980 2087 3035 adlue-

504 3064 655 3119 rebat
684 3063 904 3129 fornici,
937 3075 992 3120 et
1020 3066 1171 3135 quasi
1202 3066 1269 3121 ad
1296 3067 1441 3123 illam
1473 3070 1727 3125 translata
1750 3071 1933 3127 sedem
1955 3112 1971 3138 ,
2006 3073 2086 3130 sic

503 3153 682 3208 omnia
707 3195 723 3221 ,
756 3155 808 3208 in
858 3165 1000 3210 terra
1033 3155 1267 3225 degens.
1292 3158 1502 3228 agebat.
1527 3158 1700 3230 thue
1725 3159 1945 3218 tliscatis
1972 3163 2087 3220 ha‘e

502 3248 662 3301 verba
693 3263 797 3300 non
829 3246 1159 3318 hyperbolen
1187 3263 1337 3315 esse,
1363 3266 1537 3321 neque
1557 3251 1940 3319 adulationem,
1963 3254 2085 3310 audi

504 3340 651 3395 illtnn
679 3340 780 3395 hoc
807 3339 1072 3395 dicentem
1099 3358 1113 3395 :
1146 3339 1293 3396 Sicut
1314 3352 1386 3397 est
1413 3344 1536 3396 mihi
1558 3344 1756 3415 justum
1785 3346 1880 3400 hoc
1904 3348 2089 3403 sentire

508 3430 573 3485 de
603 3430 767 3493 vobis,
800 3447 857 3484 eo
877 3432 1014 3500 quod
1040 3447 1125 3485 vos
1148 3432 1359 3486 habeam
1385 3435 1436 3488 in
1462 3437 1614 3490 corde
1644 3436 1901 3508 (Philipp.
1928 3438 1981 3493 1.
2007 3438 2086 3509 7).

503 3520 656 3590 Quod
683 3520 727 3575 si
755 3536 1004 3591 magnum
1030 3522 1131 3576 hoc
1162 3522 1425 3589 videatur,
1452 3524 1621 3580 multo
1638 3527 1810 3597 majus
1837 3537 1920 3583 est
1945 3529 2088 3598 quod

504 3610 768 3681 sequitur.
810 3610 1022 3668 Etenim
1056 3622 1337 3683 postquam
1383 3614 1540 3680 dixit,
1587 3616 1665 3673 Eo
1707 3619 1844 3688 quod
1885 3634 1970 3674 vos
1997 3621 2092 3674 Ita-

508 3703 650 3759 bram
673 3702 724 3755 in
748 3702 900 3757 corde
921 3743 937 3769 ,
965 3701 1263 3772 subjunxit,
1294 3703 1360 3758 Et
1400 3705 1453 3759 in
1504 3708 1719 3762 vinculis
1758 3711 1879 3763 meis
1899 3752 1914 3776 ,
1962 3721 2007 3765 et
2037 3712 2089 3765 in

507 3794 801 3863 defensione
857 3803 906 3849 et
972 3795 1358 3862 conﬁrmatione
1376 3793 1659 3869 Evangelii.
1715 3800 1902 3856 Videu’
1953 3818 2091 3872 quo-

508 3884 669 3941 modo
716 3884 839 3941 illos
896 3900 1185 3958 numquam
1256 3903 1323 3945 ex
1377 3898 1558 3945 mente
1614 3905 1709 3945 sua
1764 3894 1981 3949 omisit?
2035 3895 2090 3951 Si

509 3978 651 4032 enim
684 3976 893 4031 vincula
919 4020 934 4044 ,
966 3979 1252 4035 tribunalia
1293 3989 1347 4035 et
1385 3990 1575 4037 catena
1619 3985 1736 4053 ejus
1778 3989 2091 4045 memoriam

510 4083 618 4122 lltm
672 4068 1078 4134 labefactarunt,
1130 4072 1298 4124 multo
1331 4071 1507 4128 minus
1538 4077 1933 4144 tranquillitatis
1959 4090 2093 4135 tem-

510 4172 661 4225 pora.
696 4155 771 4211 Eo
811 4157 970 4228 quod,
1019 4160 1227 4229 inquit,
1260 4160 1472 4217 habeant
1500 4181 1583 4219 vos
1612 4167 1664 4221 in
1703 4168 1873 4224 corde.
1907 4170 2094 4230 Viden’

513 4247 767 4317 paulatim
823 4250 1004 4319 augeri
1049 4254 1399 4310 sermonem?
1454 4254 1697 4327 Magnum
1748 4261 1960 4330 quidem
2012 4274 2095 4320 est

513 4339 566 4393 in
593 4339 755 4395 corde
803 4340 1019 4409 habere,
1072 4344 1240 4399 multo
1284 4346 1458 4416 majus
1499 4358 1677 4407 autem
1721 4354 1881 4409 etiam
1922 4356 1974 4411 in
2005 4373 2095 4413 ea-

515 4435 680 4493 tcnis:
702 4436 873 4503 majus
900 4437 1060 4491 etiam
1087 4448 1169 4492 est
1196 4439 1246 4494 in
1266 4440 1575 4499 defensione
1603 4456 1657 4500 et
1690 4448 2094 4509 confirmatione

514 4521 809 4595 Evangelii.
830 4527 926 4585 llic
954 4530 1097 4585 enim
1124 4531 1337 4587 videtur
1367 4534 1491 4589 mihi
1524 4537 1862 4595 subindicare
1885 4550 2094 4614 tempus

508 4634 613 4687 quo
641 4619 707 4674 ad
747 4619 956 4689 judices
984 4621 1384 4690 adducebatur,
1408 4640 1529 4681 eum
1572 4628 1639 4684 de
1669 4633 1924 4689 extremis
1954 4635 2095 4703 peri-

507 4711 798 4768 clitaretur.
849 4712 915 4767 Et
962 4713 1067 4769 illic
1118 4724 1307 4779 stans,
1370 4717 1581 4789 inquit,
1639 4737 1743 4779 non
1794 4724 2092 4794 cogitabam

506 4802 775 4872 quomodo
803 4804 871 4859 ab
914 4804 1317 4863 imminentibus
1368 4809 1620 4878 periculis
1662 4814 1940 4882 eriperer,
1995 4830 2095 4871 nec

508 4893 779 4961 quomodo
830 4895 1050 4951 insidias
1104 4896 1472 4968 depellerem;
1521 4902 1613 4957 sed
1648 4903 1698 4957 in
1742 4905 1968 4961 caritate
2005 4922 2095 4962 ve-

509 4991 618 5036 stra
670 4983 966 5052 delicians,
1028 4996 1083 5042 et
1136 4988 1388 5046 absentes
1438 4993 1753 5061 alloquens;
1810 5011 1873 5050 ac
1921 5013 2095 5068 neque

508 5073 608 5127 Vili!
657 5074 931 5145 longitudo
953 5118 967 5140 ,
1001 5093 1175 5148 neque
1205 5085 1540 5153 negotiorum
1569 5088 1826 5144 tumultus
1851 5130 1867 5157 ,
1921 5107 2095 5162 neque

512 5164 867 5231 periculorum
917 5170 1259 5239 magnitudo,
1313 5190 1485 5245 neque
1538 5178 1834 5249 principum
1883 5191 2092 5250 metus,

510 5271 615 5309 non
674 5258 989 5326 populorum
1046 5262 1396 5332 insurrectio,
1457 5284 1561 5323 non
1616 5258 1764 5328 mors
1819 5288 2091 5344 praesens,

508 5365 616 5403 non
648 5348 817 5407 stricti
839 5352 997 5422 gladii
1019 5395 1035 5420 ,
1070 5371 1176 5410 non
1204 5360 1513 5414 carnificum
1542 5364 1787 5433 agmina,
1820 5365 1952 5420 nihil
1986 5365 2092 5420 hu-

507 5440 738 5509 insutodi
787 5459 815 5496 a
860 5456 1034 5500 vestra
1084 5452 1345 5506 memoria
1387 5468 1473 5506 me
1501 5454 1741 5509 abduxit.
1776 5455 1917 5512 Nihil
1948 5459 2092 5514 enim

507 5540 590 5584 est
643 5532 868 5589 caritate
923 5534 1334 5605 vehementius,
1384 5541 1513 5596 nihil
1566 5545 1896 5602 sublimius:
1931 5549 2093 5605 altius

508 5621 655 5675 volat
679 5638 840 5693 quam
865 5622 970 5680 tela
999 5625 1207 5694 isthaac,
1238 5628 1504 5701 altiorque
1527 5642 1609 5689 est
1633 5633 1833 5692 diaboli
1864 5639 2089 5706 retibus,

504 5725 534 5765 a
558 5712 816 5772 canorum
847 5715 1081 5778 culmine
1104 5718 1282 5776 omnia
1323 5719 1665 5794 despiciens:
1692 5740 1756 5783 ac
1783 5726 1921 5784 sicut
1962 5745 2087 5786 vcn-

1186 276 1243 335 S.
1283 272 1565 333 JOANNIS
1602 268 2084 332 CIIRYSOSTOMI
2124 268 2446 329 ARClllEP.
2485 270 3029 333 CONSTANTINOP.
3600 290 3677 347 tua

2175 412 2264 462 tus
2291 404 2583 465 vehemens
2617 410 2850 482 impetus
2874 411 3158 468 molestum
3183 410 3439 485 pulverem
3464 415 3683 477 eliminat.

2172 499 2252 555 sic
2276 499 2356 554 vis
2379 500 2624 556 caritatis
2647 504 2957 573 passionum
2989 502 3226 558 omnium
3254 502 3491 573 impetum
3518 511 3690 579 propul-

2172 604 2294 647 sare
2312 591 2469 648 solet.
2492 594 2647 661 Quod
2673 596 2836 651 etiam
2861 596 2913 651 in
2936 596 3103 651 Paulo
3125 597 3346 667 contigit
3369 598 3689 658 :suflicicntem

2174 680 2228 737 in
2258 683 2508 737 omnibus
2550 684 2736 740 habuit
2761 687 3183 742 consolationem
3220 686 3516 742 diloctorum
3543 706 3694 766 nempe

2174 771 2402 827 salutem
2434 788 2729 844 eorumque
2765 778 3107 831 memoriam.
3138 776 3273 845 Quid
3304 788 3384 833 est
3427 790 3611 847 autem,
3646 784 3695 837 Et

2175 864 2561 931 conﬁrmatione
2581 865 2851 937 Evangelii
2872 867 2898 921 .’
2945 867 3056 921 Etsi
3087 868 3231 922 enim
3276 883 3376 921 una
3406 883 3499 924 vox
3539 882 3635 935 est.
3656 885 3699 929 at

2177 952 2396 1023 pelagus
2426 954 2744 1009 immenSum
2771 957 3159 1011 sententiarum
3187 958 3424 1012 continet
3450 976 3463 1012 :
3488 959 3609 1013 illam
3629 977 3700 1016 ex-

2178 1044 2377 1115 plicare
2397 1054 2451 1100 et
2467 1045 2700 1117 undique
2721 1048 2949 1102 scrutari
2972 1048 3229 1103 conabor.
3250 1048 3516 1117 hlargarita
3547 1051 3701 1122 quippe

2177 1144 2260 1191 est
2294 1136 2383 1191 Dei
2411 1138 2671 1203 verbum,
2704 1155 2799 1208 per
2825 1140 3002 1192 omnia
3033 1137 3247 1209 fulgens
3272 1180 3287 1206 ,
3315 1154 3417 1193 non
3440 1139 3489 1194 in
3514 1142 3702 1195 multituo

2178 1225 2304 1282 dine
2331 1226 2618 1292 dictorum,
2644 1228 2737 1282 sed
2767 1229 2819 1283 in
2852 1229 3113 1284 brevitate
3129 1228 3348 1283 multam
3370 1228 3605 1284 dictorum
3624 1232 3700 1286 vita

2177 1319 2455 1374 exhibens.
2501 1318 2605 1374 Sed
2645 1321 2881 1389 surgite,
2915 1328 2972 1375 et
3002 1319 3251 1375 videbitis
3294 1331 3543 1390 quantum
3586 1323 3704 1378 nobs

2179 1412 2486 1467 thesaurum
2518 1412 2595 1473 vis
2626 1413 2765 1467 illius
2790 1413 2916 1467 dicti
2944 1412 3164 1468 revolet.

2251 1506 2302 1560 5.
2332 1504 2940 1577 Οοηρνηιαιὶοιίιναηθειὶἱ
2980 1504 3106 1576 quid
3123 1506 3209 1560 sit.
3236 1534 3312 1547 -—
3334 1503 3468 1573 Quid
3502 1515 3574 1560 est
3610 1522 3706 1576 ergo

2179 1597 2517 1654 confirmatio
2549 1598 2859 1668 Evangelii,
2888 1608 2941 1653 et
2969 1614 3131 1669 quam
3169 1597 3447 1668 Evangelii
3476 1598 3709 1652 conﬁrma-

2181 1690 2380 1745 tionem
2407 1689 2559 1755 dicit,
2586 1700 2642 1744 et
2669 1705 2767 1744 cur
2793 1689 2899 1745 hoc
2925 1689 3127 1745 dictum
3157 1688 3497 1750 memoravit.
3520 1705 3623 1743 cum
3657 1690 3709 1745 de

2182 1782 2567 1847 tribunalibus,
2605 1781 2917 1836 carceribus
2944 1793 2999 1836 et
3045 1793 3233 1836 catena
3257 1781 3707 1852 loquereturICtna

2180 1874 2845 1944 prmdicatiodisseminata
2859 1884 2941 1930 est
2956 1876 3201 1946 (necesse
3213 1878 3357 1931 enim
3370 1886 3449 1931 est
3460 1891 3709 1933 sermonem

2181 1965 2341 2020 altius
2384 1975 2665 2035 repetere,
2696 1978 2755 2024 ut
2807 1967 3003 2022 clarior
3031 1969 3273 2023 doctrina
3303 1968 3430 2037 sit),
3465 1984 3633 2039 magno
3653 1980 3713 2023 tu-

2182 2056 2352 2111 tnultu
2400 2067 2456 2112 et
2499 2057 2665 2111 multa
2697 2058 3102 2129 perturbatione
3152 2060 3336 2114 omnia
3386 2060 3534 2129 plena
3576 2071 3711 2116 erant.

2180 2145 2314 2201 Cum
2336 2148 2477 2202 enim
2500 2148 2746 2205 undecim
2766 2149 2865 2204 viri
2880 2150 2981 2205 soli
2999 2160 3186 2206 contra
3202 2151 3393 2207 orbem
3413 2160 3566 2207 totum
3584 2152 3713 2209 aciem

2182 2237 2508 2311 dirigerent,
2550 2243 2820 2313 antiquam
2860 2243 3232 2299 concutientes
3283 2245 3715 2312 consuetudinem,

2183 2329 2487 2385 diuturnum
2520 2331 2874 2388 dissolventes
2916 2348 3185 2401 errorem,
3214 2345 3449 2407 patrum,
3477 2347 3719 2392 avorumet

2187 2421 2451 2490 majorum
2480 2423 2623 2493 leges
2644 2435 2954 2481 evertentes
2975 2467 2991 2493 ,
3015 2435 3264 2496 paternos
3292 2428 3558 2482 civitatum
3583 2444 3719 2484 mores

2185 2513 2563 2568 concutientes
2588 2523 2644 2568 et
2669 2514 3066 2580 exscindentes.
3094 2525 3144 2571 et
3191 2517 3452 2572 adversus
3480 2533 3642 2573 ornnes
3664 2518 3720 2572 lo-

2184 2614 2429 2674 quentes,
2460 2606 2829 2676 philosophos,
2851 2609 3115 2676 rhetores,
3137 2609 3641 2681 principes,judiees,
3656 2621 3720 2683 ty-

2187 2710 2405 2758 rannos,
2437 2697 2687 2767 populos,
2718 2712 2924 2766 servos,
2958 2698 3192 2766 liberos,
3230 2701 3512 2770 agricolas,
3543 2716 3718 2767 nautas;

2187 2787 2382 2842 bellum
2418 2787 2791 2858 gravissimum
2842 2789 3189 2856 monebatur,
3236 2802 3330 2857 et,
3383 2802 3439 2847 ut
3480 2792 3579 2862 jam
3618 2792 3719 2860 dixi,

2188 2880 2364 2934 omnia
2391 2880 2615 2934 tumultu
2627 2921 2645 2948 ,
2664 2880 2817 2950 plena
2847 2891 3033 2947 erant;
3060 2883 3253 2955 ubique
3270 2885 3554 2955 praecipitia
3571 2885 3722 2956 ubique

2188 2972 2391 3041 scopuli
2423 2989 2436 3025 :
2471 2988 2644 3044 neque
2667 2974 2738 3029 ita
2780 2974 3121 3030 furibundum
3152 2987 3401 3041 mare,et
3436 2991 3466 3031 a
3492 2976 3723 3031 contrariis

2190 3064 2365 3119 ventis
2411 3063 2698 3119 discissum
2746 3066 3127 3136 perturbatur,
3170 3077 3228 3122 ut
3276 3078 3409 3124 tunc
3436 3068 3573 3123 orbis
3615 3078 3723 3124 totus

2190 3155 2651 3221 commovebatur,
2682 3156 2873 3237 priscis
2895 3158 3100 3214 evulsis
3128 3159 3371 3215 moribus
3392 3168 3492 3215 tam
3520 3160 3723 3215 diuturno

2192 3256 2434 3318 tempore
2494 3250 2718 3305 ﬁrmatis
2764 3268 2779 3307 :
2828 3267 3002 3322 neque
3072 3253 3125 3307 in
3180 3269 3330 3321 una,
3379 3263 3470 3310 aut
3514 3254 3721 3321 duabus,

2191 3347 2283 3392 aut
2324 3339 2491 3395 tribus
2536 3341 2879 3404 civitatibus,
2931 3342 3026 3399 sed
3079 3343 3274 3416 ubique
3331 3354 3608 3412 terrarum;
3649 3360 3723 3401 eoo

2194 3428 2273 3483 vis
2325 3440 2504 3486 autem
2551 3431 2780 3487 inductis
2831 3433 3167 3505 dogmatibus
3201 3477 3215 3500 ,
3258 3452 3385 3508 qua:
3440 3439 3599 3492 nullus
3634 3453 3723 3492 tun-

2194 3536 2353 3591 quam
2380 3522 2645 3579 audierat.
2678 3524 2814 3581 llinc
2844 3527 3293 3586 irreconciliabile
3324 3541 3506 3587 contra
3528 3530 3725 3585 illosbel-

2196 3612 2305 3667 lum
2330 3613 2400 3670 ab
2420 3615 2670 3670 omnibus
2692 3629 2896 3671 motum
2922 3628 3006 3673 est
3034 3636 3047 3673 :
3076 3620 3277 3675 etenim
3307 3621 3532 3677 familias
3563 3621 3723 3679 divide-

2196 3702 2345 3770 bant,
2375 3706 2724 3776 Cognationes
2764 3707 3135 3766 diSIrahebant
3166 3729 3179 3765 :
3208 3726 3333 3767 nam
3367 3713 3647 3783 przedicatio
3660 3728 3723 3767 or-

2196 3793 2321 3848 dine
2366 3794 2666 3865 procedens
2691 3838 2707 3863 ,
2749 3808 2805 3854 et
2843 3799 3043 3855 multos
3089 3801 3189 3856 sibi
3219 3804 3548 3871 concilians,
3571 3804 3723 3860 bellum

2197 3886 2447 3941 movebat
2485 3886 2626 3956 apud
2665 3905 2761 3944 eos
2786 3891 2877 3961 qui
2911 3892 3127 3961 pietatis
3161 3894 3394 3951 verbum
3444 3912 3540 3951 non
3566 3898 3724 3966 recipe-

2197 3987 2319 4033 rent
2343 3996 2357 4035 :
2378 3989 2528 4050 pater
2550 3979 2716 4035 filium
2742 3981 3043 4049 abdicabat,
3075 3986 3157 4039 vir
3184 4002 3410 4041 uxorem
3430 3987 3723 4059 despiciebat,

2197 4080 2251 4125 et
2298 4068 2416 4126 heri
2464 4071 2721 4127 adversus
2764 4088 2951 4130 servos
3002 4075 3200 4132 bellum
3237 4078 3531 4148 gerebant,
3572 4079 3721 4135 subditi

2199 4161 2460 4217 adversus
2516 4164 2821 4233 principes.
2874 4176 2928 4222 et
2977 4168 3175 4224 bellum
3226 4170 3369 4225 istud
3417 4188 3565 4229 omne
3603 4171 3720 4226 civile

2198 4254 2399 4310 bellum
2422 4257 2748 4325 superabat;
2773 4257 2819 4313 si
2843 4267 3021 4315 tamen
3048 4258 3151 4315 hoc
3179 4276 3381 4318 vocare
3402 4263 3583 4319 bellum
3606 4279 3723 4331 opor-

2200 4355 2311 4413 tet,
2339 4357 2394 4402 et
2436 4363 2544 4404 non
2585 4349 2730 4404 aliud
2777 4350 3051 4420 quidpiam
3103 4352 3245 4409 bello
3272 4355 3507 4425 gravius.
3529 4354 3577 4411 In
3609 4352 3724 4410 belli:

2198 4438 2343 4493 enim
2374 4454 2470 4509 par
2497 4440 2765 4511 utrimque
2785 4441 2920 4497 aciei
2944 4444 3084 4498 ratio
3112 4453 3216 4507 est,
3249 4454 3305 4499 et
3333 4446 3491 4501 ambo
3513 4446 3721 4500 exercitus

2202 4531 2323 4586 telis
2353 4532 2617 4602 impetunt
2645 4546 2699 4589 ct
2724 4534 3055 4605 impetuntur
3079 4552 3092 4589 :
3116 4544 3241 4592 tunc
3269 4546 3452 4594 autem
3472 4554 3565 4593 non
3581 4538 3639 4591 ita
3660 4549 3721 4589 res

2199 4626 2522 4695 gerebatur:
2554 4644 2675 4684 nam
2703 4631 2792 4686 ille
2811 4631 3029 4701 quidem
3048 4632 3218 4688 libere
3242 4633 3442 4689 bellum
3459 4631 3666 4704 gerebat,
3682 4627 3717 4681 hi

2201 4735 2327 4773 vero
2365 4721 2759 4790 impetcbantnr
2786 4735 3025 4791 tantum;
3056 4726 3315 4797 impetere
3335 4741 3509 4783 autem
3539 4728 3623 4781 illis
3642 4738 3717 4777 non

2202 4814 2412 4878 licebat.
2444 4832 2616 4886 neque
2642 4817 2957 4874 insidiantes
2980 4820 3165 4876 ulcisci
3194 4841 3209 4875 :
3236 4822 3306 4875 ita
3334 4822 3477 4877 enim
3502 4820 3617 4874 aciei
3640 4818 3715 4869 dtu

2197 4904 2419 4971 jubebat
2442 4948 2457 4971 ,
2490 4906 2677 4962 dicens
2705 4927 2718 4962 :
2753 4907 2903 4963 Mitto
2934 4923 3022 4963 vos
3062 4911 3190 4965 sicut
3212 4925 3323 4966 sees
3352 4912 3405 4967 in
3432 4910 3583 4965 medio
3606 4908 3717 4976 lupo-

2202 5010 2312 5048 rum
2339 5012 2358 5048 :
2386 5006 2542 5051 estote
2568 5014 2688 5068 ergo
2727 4999 2999 5069 prudentes
3028 5002 3158 5054 sicut
3182 5012 3438 5069 serpentes
3455 5043 3471 5064 ,
3495 5010 3538 5055 et
3562 4995 3716 5063 simpli-

2201 5104 2281 5143 ces
2307 5089 2433 5143 sicut
2460 5090 2706 5143 columba:
2738 5089 2950 5160 (Matth.
2980 5090 3068 5147 10.
3100 5089 3212 5163 16).
3242 5092 3305 5147 Et
3336 5091 3621 5147 insidiantes
3640 5102 3715 5139 non

2202 5182 2362 5235 modo
2416 5182 2598 5236 ulcisci
2646 5198 2752 5235 non
2798 5183 3057 5251 jubebat,
3106 5183 3201 5238 sed
3257 5185 3415 5239 etiam
3465 5184 3710 5239 facultates

2204 5272 2447 5342 praebere
2513 5284 2571 5328 ttt
2615 5274 2666 5328 in
2719 5274 2908 5344 injuria
2952 5274 3232 5332 inferenda
3284 5277 3577 5348 gauderent.
3616 5272 3711 5329 Nam

2201 5364 2477 5420 dexteram
2507 5365 2775 5419 maxillam
2797 5367 3057 5435 prtebere,
3077 5377 3132 5422 et
3149 5384 3275 5425 oves
3295 5370 3497 5424 mittere
3517 5368 3564 5422 in
3580 5363 3712 5420 medio

2202 5455 2446 5525 luporum
2470 5498 2483 5521 ,
2509 5456 2637 5511 nihil
2670 5456 2814 5512 aliud
2837 5458 3143 5514 subindieat
3171 5476 3329 5530 quam
3358 5458 3493 5531 quod
3530 5458 3615 5513 illis
3644 5468 3712 5525 pa-

2202 5547 2364 5603 tiendi
2392 5558 2591 5604 sortem
2618 5549 2970 5615 adseripserit
2991 5591 3008 5614 ,
3037 5560 3095 5607 ut
3138 5552 3464 5623 splendidius
3505 5560 3708 5619 tropum

2201 5648 2364 5694 esset.
2398 5639 2717 5707 Quomodo?
2742 5640 2873 5708 Quia
2915 5642 3161 5698 undecim
3192 5660 3311 5700 cum
3350 5652 3549 5707 essent,
3578 5649 3704 5693 totum

2201 5733 2385 5789 orbem
2430 5734 2704 5801 vicerunt;
2746 5734 2868 5806 quia
2916 5735 3215 5806 patientes,
3274 5754 3373 5794 non
3414 5736 3702 5792 insultantes:
