3872 6396
744 280 832 339 νη
872 283 1173 353 NOMINA,
1218 285 1415 343 DICTA
1462 286 1526 343 IN
1565 286 1843 346 TEMPLO
1879 289 1937 350 S.
1980 293 2411 357 ANAS’I‘ASL'E.

149 395 392 462 cussi,non
436 395 793 467 percutientes
818 414 833 461 ς
862 399 1075 454 insidiis
1119 400 1379 470 appetiti,
1427 414 1533 455 non

149 489 626 559 diantes;llagellati,
654 507 761 545 non
810 491 1177 565 ﬂagellantes;
1210 494 1381 563 pulsi,
1432 510 1537 548 non

149 591 297 645 uites;
325 582 765 651 persequutionem
816 584 1081 651 patientes
1104 626 1117 648 ,
1140 598 1253 639 non
1303 584 1540 639 inferen-

172 672 334 735 occisi,
374 689 463 725 non
496 673 840 738 occidentes;
887 686 942 729 et
982 676 1105 746 quia
1134 675 1272 729 sicut
1316 690 1444 730 oves
1472 674 1536 729 ad

149 779 214 819 em
240 764 684 834 proposite,lmi‘os
710 780 898 823 omnes
925 768 990 821 ad
1017 769 1194 822 ovium
1226 778 1537 824 mansueto.

152 871 193 909 tu
219 853 545 921 adducebant,
577 858 815 911 furentes
841 858 1071 921 scilicet,
1101 858 1305 912 caedem
1329 860 1537 929 spiran-

150 946 307 1000 bclluis
329 946 617 1004 ferociores.
643 948 975 1004 Procedente
997 950 1174 1020 itaque
1196 950 1358 1005 verbo
1379 966 1540 1006 evan-

153 1052 179 1090 ο
203 1047 247 1091 ct
265 1037 432 1104 pietate
477 1039 671 1108 ubique
703 1038 1047 1095 disseminata
1077 1081 1094 1107 ,
1134 1042 1369 1110 undique
1421 1043 1536 1110 rogi

153 1129 384 1192 rebantur,
412 1129 717 1197 inimicititn,
742 1131 903 1197 bella,
944 1149 1049 1187 non
1075 1143 1277 1188 tantum
1301 1135 1477 1190 docto:
1496 1138 1538 1190 i—

154 1220 231 1273 scd
257 1222 393 1275 etiam
419 1220 709 1290 discipulis.
738 1224 929 1278 Statim
950 1234 1114 1292 atque
1138 1228 1284 1280 enim
1311 1227 1535 1281 verbum

155 1322 414 1379 acceperat,
440 1314 685 1365 tinnitibus
712 1314 881 1368 hostis
907 1319 1206 1370 communis
1250 1316 1532 1381 circuibat,

150 1404 213 1456 ria
249 1404 547 1472 pellebatur,
571 1417 625 1460 et
656 1406 707 1460 in
736 1407 983 1461 exsilium
1012 1409 1460 1477 transferebatur,
1504 1424 1536 1464 ε

149 1497 319 1552 tatibus
329 1498 564 1553 excideba
573 1506 680 1562 t,~'et
697 1500 769 1554 de
788 1500 1055 1568 libertate,
1082 1503 1191 1555 imo
1206 1502 1271 1557 de
1288 1503 1394 1557 vita
1420 1504 1533 1572 ipsa

149 1589 386 1644 litabatur.
416 1590 553 1645 Nihil
603 1602 728 1647 tunc
760 1602 971 1662 poterat
1016 1602 1223 1649 natum
1250 1598 1533 1665 tyrannis;

149 1692 193 1734 ut
232 1682 330 1750 jam
371 1682 473 1737 dixi
494 1722 511 1747 ,
545 1682 700 1738 liberi
743 1686 1232 1741 contmnneluiutur
1256 1727 1272 1754 ,
1302 1688 1534 1753 fratres,

149 1774 195 1826 ui
224 1775 268 1827 iu
299 1774 517 1829 hostium
552 1776 748 1830 ordine
772 1786 966 1841 eram,
990 1786 1048 1830 et
1066 1792 1192 1833 cum
1218 1778 1538 1835 doctoribus

149 1865 219 1919 tuli
243 1866 574 1922 intolerabilia
600 1868 966 1937 patiebantur.
998 1870 1194 1926 Etliarc
1232 1871 1344 1941 ipsa
1374 1872 1538 1941 signi-

175 1957 355 2011 Paulus
379 1957 587 2013 dicebat
613 1976 627 2012 :
654 1959 1090 2016 Rmmoramini
1126 1963 1270 2017 enim
1299 1964 1538 2034 pristinos

149 2048 188 2100 in
213 2048 380 2115 quibus
419 2049 694 2104 illuminati
718 2067 959 2122 magnum
984 2064 1250 2109 certamen
1289 2056 1538 2109 sustinui.

149 2142 365 2194 issionum
395 2156 414 2194 :
434 2150 478 2194 ct
494 2142 556 2194 in
570 2141 730 2197 altera
756 2144 959 2214 quidem
978 2148 1272 2217 opprobriis
1296 2158 1350 2202 et
1364 2148 1537 2202 tribu-

150 2234 240 2285 ‘bus
265 2236 595 2302 spectaculum
622 2237 765 2305 facti,
792 2238 852 2290 in
875 2239 1037 2292 altera
1061 2249 1236 2292 autem
1255 2241 1378 2295 socii
1412 2242 1538 2294 tali-

150 2326 458 2378 wersantium
478 2325 662 2392 c/fecti.
690 2326 833 2380 Nam
851 2338 898 2381 et
914 2329 1374 2400 vinctiscompassi
1394 2333 1534 2397 estis,

149 2419 272 2470 intra:
300 2418 845 2474 bonorum'vcstrorum
873 2435 987 2475 cum
1012 2422 1200 2489 gaudio
1227 2425 1532 2493 suscepistis,

150 2519 313 2563 centes
331 2525 424 2563 eos
452 2510 635 2564 habere
657 2510 916 2564 meliore-tt
944 2511 1279 2567 substantiam
1298 2515 1351 2567 in
1396 2516 1540 2570 satis

150 2611 314 2655 lentem
336 2600 529 2672 (Hebr.
561 2602 648 2658 10.
666 2602 736 2658 52
759 2604 916 2674 JH»).
946 2604 1011 2659 Et
1038 2621 1225 2659 rursus
1251 2606 1536 2662 Thessalo-

151 2692 267 2746 ibus
314 2693 598 2756 scribens,
645 2694 856 2750 diuoluit
889 2714 903 2750 :
949 2695 1052 2751 Vos
1091 2699 1227 2751 enim
1261 2699 1537 2754 imitatores

149 2788 250 2852 itis,
277 2786 495 2857 fratres,
556 2788 899 2844 Ecclesiarum
929 2808 1042 2861 qua:
1073 2794 1277 2847 suntin
1304 2793 1489 2848 ludam
1519 2810 1538 2849 :

191 2895 275 2931 vos
298 2880 475 2933 eadem
513 2881 653 2951 passi
692 2883 809 2937 alis
836 2899 870 2935 a
919 2884 1283 2939 contribulibus
1318 2889 1496 2941 vestris
1518 2930 1536 2955 ,

177 2971 277 3039 ipsi
301 2989 334 3024 α
352 2971 558 3026 ελυάωὲε
579 2989 601 3026 :
618 2973 703 3045 qui
743 2985 791 3027 et
819 2973 1097 3028 Dominum
1140 2977 1453 3045 occiderunt,
1482 2988 1539 3033 et

150 3064 365 3133 ταμιαιί
389 3075 531 3127 sunt,
564 3074 612 3117 et
634 3064 866 3119 omnibus
893 3066 1181 3121 hominibus
1209 3068 1540 3122 adversth

149 3176 210 3211 ss.
230 3157 288 3210 2.
307 3156 750 3227 H.15).Galatis
775 3174 990 3229 quoque
1012 3162 1501 3221 seribcus,diceltat
1523 3179 1535 3215 :

149 3250 286 3316 passi
316 3250 440 3304 estis
467 3251 575 3304 sine
595 3267 749 3306 causa
771 3291 787 3315 ,
808 3252 851 3305 si
881 3260 1047 3305 tamen
1076 3253 1185 3307 sine
1210 3270 1361 3308 causa
1395 3253 1535 3324 (Gal.

149 3343 231 3395 llla
254 3352 463 3408 autem,
490 3359 612 3413 qua:
639 3345 752 3413 ipse
775 3359 964 3414 passus
987 3356 1089 3411 est,
1111 3361 1368 3401 enarrans
1399 3348 1464 3399 dit
1486 3366 1541 3402 e~

149 3452 167 3487 ι
196 3436 451 3503 patientia
482 3436 661 3499 multa,
693 3438 748 3491 in
776 3438 1036 3507 angustia,
1069 3441 1120 3491 in
1148 3441 1430 3493 carceribus
1450 3482 1465 3504 ,
1489 3441 1541 3494 in

149 3543 221 3589 us,
244 3528 303 3579 in
331 3527 545 3597 uigiliis,
572 3530 625 3582 in
650 3531 873 3599 {amc,in
896 3532 1039 3583 sitiet
1069 3532 1297 3585 nuditate
1322 3532 1397 3605 (2.
1420 3534 1537 3589 (Sor.

151 3659 165 3671 .
190 3630 241 3672 et
267 3620 360 3674 li.
389 3619 511 3689 27).
547 3621 613 3674 Et
643 3635 849 3685 rursus,
884 3624 1231 3692 Quadraginta
1257 3642 1361 3679 una
1379 3628 1544 3681 minus

149 3726 157 3737 ·
201 3720 281 3762 ter
308 3710 470 3781 uirgis
510 3726 669 3764 casus
695 3727 809 3765 sum
831 3753 847 3777 ,
903 3714 1056 3766 semel
1085 3714 1341 3784 lapidatus
1392 3734 1499 3769 sum
1527 3758 1540 3778 ,

150 3810 173 3851 't
230 3801 319 3855 die
376 3802 434 3855 in
482 3802 741 3873 profundo
788 3805 939 3857 maris
994 3805 1070 3875 fui
1091 3822 1111 3871 ;
1160 3808 1397 3874 periculis
1444 3810 1543 3875 [In-

165 3935 183 3960 ,
249 3895 508 3964 periculis
560 3897 861 3960 latronum,
918 3898 1157 3964 periculis
1215 3916 1277 3952 ea:
1326 3917 1536 3971 genere,

149 4003 175 4039 s
221 3986 279 4040 in
326 3987 615 4041 solitudine
661 3989 885 4054 (l.Cor.
921 3990 1266 4059 “34.26);
1319 4002 1373 4046 et
1428 4010 1545 4047 rur-

155 4081 398 4131 nstantia
457 4096 569 4133 mea
607 4081 903 4149 quotidiana
929 4123 944 4146 ,
991 4081 1278 4135 sollicitudo
1318 4084 1545 4137 omnium

150 4188 333 4234 trum;
388 4172 725 4242 iterumque,
797 4172 1113 4244 Prmpositus
1176 4174 1343 4228 Arettc
1413 4178 1543 4247 regis

149 4263 249 4315 ebat
280 4263 549 4316 ciuitatem
577 4262 1045 4330 Damascenorum,
1092 4265 1260 4317 volens
1302 4282 1380 4318 me
1407 4283 1543 4320 com-

149 4355 252 4407 ἵετε
272 4394 290 4419 ,
342 4365 394 4408 et
431 4371 524 4424 per
562 4359 836 4426 fenestram
880 4355 932 4408 in
961 4364 1135 4426 sporta
1165 4356 1411 4410 demissas
1430 4373 1542 4410 sum

149 4466 250 4501 um
278 4490 293 4509 ,
328 4459 383 4502 et
423 4450 562 4503 evasi
607 4464 787 4502 manus
837 4449 945 4519 ejus
985 4446 1085 4518 (2.
1115 4445 1342 4503 Catil.
1383 4447 1472 4503 28.
1496 4460 1542 4503 et

150 4580 153 4590 .
197 4539 267 4593 Et
315 4556 523 4593 rursus
563 4539 731 4593 alibi:
765 4536 1033 4593 zEslimati
1061 4556 1237 4593 sumus
1261 4540 1389 4593 sicut
1431 4556 1543 4595 ores

149 4633 212 4683 is.
253 4632 326 4684 Et
359 4632 496 4684 alibi
541 4632 732 4685 iterum
775 4646 790 4683 :
833 4630 924 4683 Det
953 4631 1350 4684 misericordiam
1407 4630 1542 4684 Deus

151 4724 238 4777 ori
262 4723 490 4784 damni,
520 4723 640 4793 quia
668 4733 898 4776 catenam
944 4738 1104 4774 nteant
1161 4739 1265 4774 non
1309 4722 1538 4786 erubuit,

183 4816 429 4871 Romam
466 4818 698 4880 ι’ριιὶεεθι,
722 4815 940 4869 sollicite
965 4831 1043 4868 me
1074 4815 1304 4884 qutesivit
1328 4826 1377 4869 et
1407 4816 1542 4869 inve-

149 4925 199 4960 ιι.
223 4909 284 4962 8.
317 4909 421 4971 56;
447 4908 504 4962 2.
538 4906 670 4961 Tim.
696 4908 750 4963 1.
774 4907 860 4962 16.
896 4908 1005 4977 l7).

150 5015 219 5052 ne
253 4998 376 5052 diei
415 5007 644 5067 possunt
686 4997 754 5052 de
801 4999 947 5051 falsis
970 4997 1245 5066 apostolis,
1291 4998 1360 5053 de
1396 4996 1541 5053 falsis

149 5109 193 5150 ς,
223 5090 299 5141 de
322 5090 496 5143 hellis
516 5089 769 5153 diversis,
793 5099 846 5142 ct
868 5088 1203 5143 innumeris?
1232 5107 1335 5142 non
1367 5089 1538 5144 solum

149 5182 362 5249 pplitria
422 5188 485 5235 et
530 5181 799 5234 cruciatus
846 5181 1199 5234 movebantur
1244 5180 1336 5235 sed
1380 5182 1541 5245 etiam

151 5291 185 5324 ιι
205 5272 571 5342 eloquentia,
591 5281 644 5325 et
658 5271 1092 5341 philosophorum
1111 5282 1422 5343 apparatus:
1444 5286 1542 5327 nec

150 5374 377 5426 intum,
404 5363 509 5419 sed
524 5365 681 5418 etiam
702 5363 773 5417 ab
789 5364 1092 5418 hominibus
1107 5365 1540 5419 circumforaneis

152 5454 656 5509 naebinaztcontra
678 5455 1391 5512 Ecclesiammovelnmtnr:
1422 5472 1540 5528 qum

150 5549 427 5603 uindicatis
476 5549 731 5604 dicebat:
780 5550 1068 5604 Alexander
1110 5553 1330 5605 'tcrarius
1372 5552 1541 5605 multa

150 5641 191 5692 ii
241 5640 542 5694 ostendit:
578 5656 731 5709 quem
771 5650 820 5694 et
866 5652 919 5693 tu
956 5643 1175 5696 oderim:
1208 5642 1364 5695 ualde
1407 5644 1537 5696 enim

150 5732 627 5804 mbis‘uestrisli.
662 5731 773 5787 Tim
806 5734 876 5788 ut.
904 5735 995 5789 Η.
1047 5734 1149 5805 l5).
1202 5736 1352 5791 Sicut
1388 5752 1532 5808 ergo

3130 314 3232 367 408

1647 417 1797 459 mare
1841 418 2137 479 numquam
2180 412 2432 471 ﬂuctibus
2476 434 2668 489 expers
2712 432 2829 479 est:
2862 426 2939 481 sic
2985 438 3040 483 et
3083 429 3229 485 Pauti

1645 498 1820 554 anima
1846 500 2007 570 plena
2040 514 2157 559 erat
2180 507 2325 563 mille
2357 512 2759 581 teutationibus,
2792 519 3112 585 quotidianis
3136 540 3230 591 pe-

1644 589 1847 657 riculis,
1892 593 2023 649 foris
2068 606 2122 651 et
2164 598 2328 667 intus,
2368 616 2472 670 per
2515 606 2698 669 verba,
2758 624 2853 674 per
2898 627 3083 679 opera,
3132 589 3230 683 per

1644 682 1917 749 pecunias,
1934 686 2201 754 perdolos
2217 708 2229 742 :
2246 692 2534 763 nullusque
2556 711 2731 751 sermo
2751 702 2944 766 poterit
2960 682 3232 770 exponere

1646 770 1793 825 illam
1816 775 2049 829 telorum
2076 777 2298 841 nubem.
2325 781 2468 836 illam
2509 784 2761 841 fluctuum
2809 792 3224 850 multitudinem.

1643 860 1905 930 Quoniam
1940 866 2103 936 igitur
2149 868 2198 922 in
2231 871 2319 924 taii
2351 881 2492 927 statu
2523 887 2576 928 ct
2612 880 2918 936 conditione
2970 901 3057 940 res
3103 896 3226 944 tunc

1644 964 1817 1022 erant,
1843 972 1945 1011 non
1978 958 2071 1011 illo
2102 970 2302 1016 tantum
2346 964 2488 1031 quod
2516 967 2771 1038 diximus,
2806 974 2896 1027 sed
2929 975 3085 1047 longe
3108 996 3222 1032 tua-

1640 1044 1744 1114 jori
1767 1064 1781 1113 ;
1808 1064 1906 1103 nec
1932 1048 2102 1104 solum
2130 1051 2395 1121 doctores,
2429 1057 2522 1111 sed
2546 1062 2703 1114 etiam
2733 1063 2978 1134 discipuli
3009 1044 3225 1135 pericli-

1645 1139 1913 1202 tabantur,
1947 1158 2044 1196 nec
2060 1143 2304 1215 discipuli
2322 1149 2614 1212 ‘modo,sed
2633 1155 2791 1207 etiam
2808 1156 3057 1214 doctores
3077 1160 3225 1226 (nam

1644 1230 1688 1283 si
1714 1232 1816 1283 alia
1848 1248 1971 1300 pars
2004 1235 2054 1287 in
2106 1241 2420 1305 tentatione,
2453 1240 2555 1294 alia
2605 1243 2657 1296 in
2704 1248 2990 1303 securitate
3020 1250 3226 1314 fuisset.

1646 1322 1907 1391 potuisset
1948 1328 2114 1380 altera
2152 1328 2307 1383 alt-eri
2351 1331 2772 1388 Consolationem
2817 1336 3010 1393 afferre
3040 1357 3053 1393 :
3086 1356 3229 1395 nunc

1642 1421 1825 1468 autem
1844 1422 2073 1485 utraque
2115 1432 2239 1487 pars
2252 1421 2727 1493 Oppugnabatur);
2766 1436 2818 1480 et
2846 1426 2960 1482 haec
2986 1428 3228 1486 videntes

1642 1507 1793 1561 multi
1832 1523 1905 1563 ex
1961 1510 2349 1566 inﬁrmioribus
2404 1515 2836 1573 dissolvebautur
2878 1520 3227 1591 obtorpescc-

1643 1597 1810 1665 bant,
1854 1601 2004 1655 τετειῘί
2051 1605 2420 1659 ετιιηιεδουίι
2477 1608 2690 1677 quidem
2734 1611 3129 1679 prtedicatiOuis
3174 1616 3226 1670 in

1642 1702 1739 1759 spe
1774 1690 1946 1745 futura
1978 1693 2251 1761 videntes,
2290 1711 2543 1767 regnum,
2576 1703 3025 1758 resurrectionem
3065 1717 3117 1761 et
3149 1707 3228 1761 in-

1642 1784 2076 1851 corruptionem;
2129 1788 2297 1842 tristia
2314 1798 2503 1844 autem
2548 1791 2635 1847 hic
2681 1794 2732 1848 in
2777 1798 3148 1865 experimento
3174 1811 3228 1855 et

1645 1874 1934 1942 patientia,
1992 1878 2290 1947 sartagines
2342 1896 2571 1950 nempe,
2618 1883 2896 1952 fornaces,
2949 1904 3224 1958 carceres,

1645 1965 1807 2031 bella,
1835 1966 2159 2035 inimicitias,
2182 1970 2327 2034 odia,
2353 1984 2576 2038 mortes,
2608 1976 2873 2044 pericula;
2900 1988 2954 2033 et
2978 1979 3228 2038 doctores

1642 2073 1791 2125 suos,
1820 2072 1961 2116 nunc
2000 2060 2053 2114 in
2078 2064 2407 2130 carceribus,
2443 2081 2583 2122 nunc
2611 2068 2663 2122 in
2695 2072 3002 2142 synagogis,
3053 2074 3225 2128 aluta-

1642 2162 1760 2206 eros
1806 2160 1867 2207 ει
1898 2154 2236 2209 contumelia
2271 2155 2520 2222 affectos,
2570 2166 2625 2213 et
2675 2160 2910 2232 undique
2965 2154 3224 2219 malorum

1643 2247 1816 2300 ntt‘bes
1859 2246 2200 2315 ingruebant,
2228 2256 2283 2302 el
2309 2250 2361 2302 in
2390 2250 2652 2319 profunda
2687 2255 3041 2309 lentalionuut
3068 2271 3224 2312 nocte

1643 2346 1816 2402 erant,
1849 2350 1966 2407 (pne
1995 2354 2183 2394 omnes
2212 2341 2469 2397 invadens
2506 2344 2556 2397 in
2598 2347 3002 2414 perturbatione
3038 2366 3224 2421 magna

1640 2430 1859 2483 tenebat
1891 2449 1903 2483 :
1942 2430 2076 2484 1villa
2122 2433 2388 2500 quomodo
2431 2451 2532 2487 una
2579 2452 2710 2490 voce
2741 2440 2976 2492 animum
3009 2442 3222 2495 illorum

1642 2521 1831 2590 erigat.
1882 2521 2028 2576 Idem
2086 2522 2214 2576 facit
2272 2538 2322 2577 tu
2375 2527 2473 2577 alia
2525 2527 2772 2595 epistola,
2829 2530 3055 2584 dicens:
3096 2531 3230 2587 Ideo

1642 2626 1823 2665 manus
1883 2613 2118 2665 remissas
2172 2623 2218 2666 et
2275 2631 2441 2684 genua
2499 2616 2684 2671 debilia
2744 2620 2974 2674 roborate
3017 2622 3223 2695 (Ilebr.

1642 2701 1811 2771 12.1)
1843 2721 1855 2755 :
1888 2719 1994 2757 non
2041 2705 2108 2759 de
2155 2709 2395 2775 genuinis
2435 2718 2489 2762 et
2528 2711 2774 2765 manibus
2813 2713 3035 2783 loquens
3060 2758 3076 2781 ,
3131 2718 3224 2771 sed

1642 2796 1710 2851 de
1751 2797 2165 2866 cogitationibus
2217 2799 2442 2856 internis
2481 2809 2535 2855 et
2576 2803 2863 2859 latentibus
2893 2848 2909 2869 ,
2964 2825 3081 2875 qua:
3134 2827 3227 2881 per

1646 2892 1968 2945 tentationes
2000 2890 2451 2947 dissolvebantur.
2513 2895 2714 2949 Deinde
2768 2907 2887 2966 post
2939 2899 3058 2954 data
3115 2920 3228 2955 mo-

1646 2982 1752 3035 nita
1798 2983 2219 3038 consolationem
2269 2984 2423 3039 all'ert
2450 2988 2755 3049 maximam.
2795 2991 3016 3047 dicens:
3048 2994 3228 3049 Adhuc

1643 3073 1899 3126 modicum
1939 3073 2335 3143 aliqutmtulum,
2374 3087 2418 3128 et
2456 3079 2543 3147 qui
2586 3092 2820 3134 venturus
2867 3094 2940 3136 est
2983 3088 3160 3152 ueniet,
3183 3098 3229 3141 ct

1645 3182 1745 3220 non
1770 3166 1992 3218 tardabit
2035 3167 2053 3237 (
2082 3166 2222 3219 Ibid.
2252 3184 2301 3221 υ.
2334 3168 2422 3222 10.
2454 3168 2521 3223 57
2552 3170 2591 3238 ).
2633 3170 2737 3226 Sed
2782 3173 2902 3241 quia
2932 3175 3059 3230 illud
3090 3178 3226 3231 inte-

1644 3257 1746 3311 rim
1774 3258 1824 3311 in
1861 3274 1955 3326 spe
1982 3268 2118 3325 erat,
2160 3260 2265 3314 alio
2308 3259 2468 3314 modo
2520 3277 2707 3315 rursus
2756 3280 2852 3318 eos
2895 3265 3230 3335 cohortatur,

1646 3362 1751 3404 non
1796 3348 2005 3413 alienis,
2034 3350 2127 3403 sed
2161 3352 2390 3419 propriis
2419 3353 2679 3422 exemplis
2722 3356 2930 3409 animos
2977 3358 3106 3427 ipsis
3150 3360 3227 3411 fa-

1647 3441 1813 3495 ciens.
1850 3440 2295 3503 Rememoramini,
2332 3442 2524 3511 inquit,
2548 3444 2785 3511 pristinos
2811 3445 2940 3511 dies,
2966 3448 3022 3502 in
3052 3449 3231 3515 quibus

1645 3531 1943 3597 illmninati,
1992 3549 2226 3602 magnum
2274 3544 2529 3587 certamen
2573 3536 2889 3590 sustinuistis
2939 3540 3230 3607 passionum

1650 3620 1814 3691 (ibid.
1844 3638 1892 3675 υ.
1925 3622 2037 3694 52).
2067 3623 2171 3678 Vos
2199 3624 2347 3692 ipSos
2374 3626 2727 3681 revercamini
2766 3628 3012 3699 bonaque
3053 3642 3227 3685 vestra

1648 3730 1829 3784 opera,
1856 3732 1921 3769 nc
1945 3716 2219 3784 indignum
2249 3716 2632 3785 prommiorum
2666 3717 2825 3773 ﬁnem
2852 3721 3171 3787 exlnibeatis,
3200 3738 3229 3776 a

1649 3806 1798 3859 vobis
1840 3807 1969 3876 ipsis
2003 3806 2433 3861 cohortationem
2466 3808 2763 3877 accipiatis.
2793 3810 2924 3863 Cum
2951 3826 3079 3881 ergo
3109 3812 3233 3867 illus

1649 3897 1750 3952 hoc
1776 3907 1829 3950 et
1850 3897 1942 3951 illo
1972 3897 2131 3951 modo
2153 3898 2476 3967 monuisset,
2496 3898 2588 3967 per
2608 3898 2708 3952 hoc
2726 3898 2923 3954 dictum
2954 3901 3073 3955 illos
3098 3903 3227 3955 lior-

1648 3998 1808 4044 tatur.
1843 3992 2122 4058 Quomodo
2141 4006 2195 4045 et
2235 4005 2334 4061 qua
2378 3991 2625 4044 ratione?
2654 3991 2877 4046 Vincula
2905 4004 2958 4047 et
2988 4004 3232 4048 catenam

1647 4080 1832 4136 dicens
1878 4082 2338 4136 confirmationem
2390 4097 2512 4137 esse
2550 4079 2841 4153 Evangelii.
2891 4083 3007 4139 Non
3055 4085 3232 4141 solum

1648 4175 1790 4227 enim
1819 4174 2011 4227 mortui
2046 4173 2310 4239 suscitati,
2341 4174 2424 4229 vel
2453 4174 2649 4241 leprosi
2680 4177 2942 4242 mandati,
2990 4179 3073 4233 vel
3123 4179 3231 4232 dzc-

1647 4279 1833 4319 mones
1858 4265 2067 4333 expulsi
2105 4264 2315 4330 (Matth.
2348 4265 2434 4319 10.
2468 4263 2547 4337 8),
2596 4266 2687 4321 sed
2731 4284 2829 4322 nos
2867 4269 3028 4323 etiam
3069 4271 3231 4325 vincti

1637 4354 1982 4427 Evangelium
2038 4356 2440 4412 confirmamus.
2490 4362 2606 4424 Quo
2658 4369 2855 4429 pacto,
2914 4360 3003 4415 die
3058 4363 3236 4419 mihi?

1648 4466 1781 4502 nova
1826 4451 1968 4504 enim
2024 4459 2147 4505 sunt
2184 4450 2322 4505 dicta
2356 4451 2548 4514 illa,‘et
2579 4452 2832 4521 pleraque
2858 4453 3126 4522 tenigmati
3157 4456 3233 4511 si-

1647 4540 1812 4595 milia.
1864 4540 1998 4597 Audi
2046 4541 2286 4604 demum,
2338 4543 2651 4613 quomodo:
2691 4545 2736 4598 si
2785 4545 2987 4616 absque
3041 4547 3235 4601 timore

1648 4633 2080 4702 przcdicarcmus,
2110 4633 2236 4686 nihil
2285 4633 2549 4702 ingratum
2595 4634 2676 4688 vel
2721 4649 2888 4704 grave
2928 4636 3228 4706 patientes;

1648 4726 1826 4779 multis
1857 4740 2064 4787 eorum,
2110 4726 2196 4794 qui
2245 4741 2341 4779 nos
2390 4725 2674 4781 calumniis
2722 4728 2983 4797 impetere
3027 4730 3233 4798 volunt,

1646 4826 1892 4884 suspecta
1939 4816 2214 4871 uideretur
2269 4832 2390 4872 esse
2442 4817 2801 4887 przcdicatio:
2856 4834 2999 4874 nunc
3053 4831 3229 4874 autem

1648 4909 1805 4978 pulsi,
1860 4910 2323 4979 perscquutiouem
2370 4910 2653 4978 patientes,
2695 4910 2849 4974 secti,
2893 4910 3089 4971 adusti.
3137 4928 3233 4980 per

1647 4999 1934 5071 praecipitia
1983 5000 2108 5062 acti,
2160 5000 2434 5053 innumera
2484 5002 2765 5069 patientes,
2814 5015 2913 5055 nec
2946 5001 3223 5068 cedentes,

1647 5093 1753 5145 imo
1809 5091 1933 5146 hinc
1980 5091 2275 5151 alacriores
2330 5090 2475 5156 farti,
2536 5092 2697 5144 eliam
2753 5089 3232 5158 impttdcnlioriln:s

1634 5184 1920 5239 offerimus
1962 5183 2173 5253 plenam
2223 5183 2764 5248 demon-tratiooem,
2811 5182 2951 5249 quod
2993 5186 3231 5239 veritatis

1646 5278 1813 5331 simus
1843 5290 2139 5345 prmconcs,
2168 5274 2420 5343 quodque
2462 5274 2641 5327 divina
2684 5274 2927 5343 qua‘dztm
2968 5276 3136 5328 virtus
3178 5277 3229 5330 in

1647 5368 1914 5429 nobissit,
1939 5381 2057 5435 qum
2090 5363 2202 5417 iure
2238 5366 2413 5418 omnia
2458 5364 2657 5418 leviora
2700 5364 2903 5422 reddat.
2954 5379 3052 5419 nec
3111 5380 3230 5433 per-

1647 5465 1820 5516 mittat
1861 5472 1917 5515 ut
1942 5470 2018 5515 tot
2045 5457 2779 5526 tentationes'przellicatores
2810 5472 2910 5511 nos
2936 5468 3183 5526 superent
3208 5474 3228 5522 ;

1648 5554 1771 5608 licet
1798 5554 1947 5621 pauci
1976 5552 2163 5611 simus,
2197 5551 2289 5605 sed
2326 5566 2418 5619 per
2449 5559 2525 5602 tot
2555 5549 2932 5617 impedimenta
2960 5548 3025 5602 ad
3053 5549 3224 5601 vit-to-

1645 5647 1774 5699 riam
1793 5658 1890 5696 nos
1907 5642 2074 5697 duxit.
2092 5641 2147 5697 Si
2167 5643 2287 5712 quis
2306 5657 2432 5712 ergo
2452 5641 2679 5694 voluerit
2694 5641 2891 5694 claram
2911 5655 3222 5709 comparare

1647 5735 2157 5791 demonstrationem
2182 5776 2197 5803 ,
2240 5733 2383 5808 quod
2422 5734 2597 5788 divina
2638 5734 2882 5803 quietiam
2949 5732 3117 5786 virtus
3156 5732 3225 5787 sit
