3872 6396
493 283 594 338 499
1201 270 1257 327 5.
1297 266 1575 326 J0.“le
1597 258 2067 320 CIIRYSOSTOMI
2109 258 2422 315 ARCIIIEI‘.
2464 249 2992 317 CONSTANTINUI’.

481 407 602 463 qua
624 407 722 447 nos
735 389 880 445 intus
902 390 1144 458 inspiret,
1160 386 1480 441 teutatioues
1493 390 1668 437 sumat
1684 395 1745 434 ac
1763 388 2063 442 recenseat,

486 483 743 554 pericula,
794 489 1030 544 catenas,
1080 492 1347 532 carceres.
1395 474 1577 543 Neque
1620 474 1761 528 enim
1812 470 2063 525 humanae

3633 258 3717 326 δίη

2176 376 2557 444 magnitudine,
2612 379 2908 448 piscatores
2960 396 3029 435 ex
3086 381 3463 450 piscatoribus,
3515 396 3717 441 οιιτυηη

2175 476 2486 534 paupertate
2531 467 2861 537 laborantes,
2902 471 3147 525 dubitant
3182 473 3463 543 quomodo
3500 488 3608 529 cum
3637 478 3721 531 illis

2171 557 2341 611 acturi
2372 560 2498 619 sint,
2529 566 2581 612 ct
2610 559 2817 624 dicunt,
2855 562 2993 626 Quid
3021 564 3265 631 faciemus
3295 564 3575 617 hominibus
3601 569 3725 621 istis.’

2177 645 2362 700 Viden‘
2404 662 2600 716 quan'a
2645 665 2730 704 res
2771 652 2836 704 sit
2875 652 3084 705 virtus?
3121 654 3399 723 quomodo
3442 657 3725 713 lentalitmes

2172 738 2506 791 conﬁrmatio
2544 739 2653 793 sint
2682 741 2992 810 Evangelii?
3043 742 3230 796 Dicunt
3278 742 3349 797 ad
3396 757 3529 797 eos:
3573 744 3729 801 Nonae

2174 828 2513 896 praecipiendo
2537 831 2865 897 prwcepimus
2885 832 3021 885 vobis
3050 848 3113 884 ne
3137 833 3474 902 loqueremini
3496 835 3545 887 in
3564 840 3732 891 notitiae

486 572 699 627 virtutis
719 580 802 626 est
830 586 922 639 per
950 577 1026 623 tot
1056 567 1347 638 prmcipitia
1376 566 1616 629 vincere,
1649 579 1746 633 per
1776 571 1853 616 tot
1872 560 2066 615 fluetus

487 674 543 719 et
592 662 857 733 procellas
896 662 1166 731 navigare.
1211 660 1351 713 inter
1396 666 1473 711 tot
1519 656 1622 709 tela
1656 652 1941 724 progredi;
1971 650 2066 706 sed

487 755 680 809 divina:
724 764 778 808 et
824 751 1248 822 inexpugnabilis
1297 748 1508 803 virtutis
1544 748 1658 800 lucc
1696 753 1843 799 sunt.
1887 742 2069 810 Itaque

488 856 674 901 eatena
706 857 787 899 est
812 843 1148 899 confirmatio
1165 839 1459 910 Evangelii,
1492 854 1595 892 non
1626 837 1731 890 illis
1764 834 1944 899 modo,
1973 830 2067 887 sed

488 937 648 991 etiam
681 936 835 991 nobis
873 937 962 1005 qui
1008 934 1275 1004 patimur:
1320 930 1652 1002 probatiores
1694 926 1836 981 enim
1883 924 2073 978 fortio-

488 1037 685 1099 resque
716 1044 812 1081 nos
835 1025 1007 1082 reddit
1032 1042 1046 1090 ;
1074 1024 1343 1093 efficitque
1372 1030 1429 1076 ut
1450 1020 1667 1075 insidias
1692 1016 2072 1087 deSpieiamus.

491 1124 831 1192 Quapropter
864 1120 1076 1174 dicebat
1104 1135 1117 1172 :
1161 1116 1440 1170 Tribulatio
1473 1112 1769 1183 patientiam
1814 1118 2074 1176 operatur,

495 1216 741 1287 patientia
765 1224 930 1267 autem
959 1210 1327 1283 probationem,
1359 1207 1589 1277 probatio
1630 1220 1744 1258 vero
1772 1219 1932 1271 spent,
1962 1214 2077 1269 spes

494 1318 663 1361 autem
692 1322 793 1359 non
821 1302 1088 1373 confundit
1116 1299 1291 1370 (Rom.
1316 1298 1369 1353 5.
1397 1298 1450 1351 5.
1476 1298 1531 1351 4.
1557 1292 1635 1366 5).

566 1400 622 1453 5.
655 1395 842 1451 Videu‘
890 1392 1159 1464 quomodo
1208 1388 1477 1445 tribulatio
1524 1386 1808 1443 conﬁrmet
1838 1388 2078 1453 Evange-

500 1483 669 1545 liutni'
700 1487 822 1541 Ideo
847 1500 1060 1555 quoque
1089 1482 1215 1537 alibi
1244 1496 1364 1537 cum
1406 1489 1610 1551 peteret
1650 1487 1707 1533 ut
1750 1493 1780 1531 a
1827 1475 2080 1532 tentatio-

502 1582 660 1636 nibus
701 1576 1035 1641 liberaretur,
1072 1591 1135 1630 ac
1182 1590 1324 1645 saepe
1360 1573 1448 1628 illa
1480 1573 1549 1629 de
1576 1586 1737 1628 causa
1767 1570 1942 1625 adiret
1974 1571 2080 1623 Do-

505 1671 706 1726 tninum
726 1709 743 1737 ,
771 1668 977 1723 audivit
1000 1688 1015 1723 :
1045 1666 1242 1737 Sufficit
1284 1664 1372 1719 tibi
1411 1664 1579 1736 gratia
1609 1678 1755 1728 utea;
1782 1679 1901 1716 nam
1926 1661 2083 1715 rirtus

504 1773 615 1814 mea
659 1760 712 1813 in
751 1758 1045 1828 inﬁmitate
1072 1756 1335 1827 per/icitur
1367 1754 1441 1826 (2.
1471 1752 1591 1809 Cor.
1624 1752 1711 1807 12.
1743 1752 1824 1821 9).
1854 1751 2085 1806 Inﬁrmi-

501 1858 665 1905 tatem
693 1848 779 1903 hic
801 1847 1240 1919 persequutiones
1264 1853 1437 1911 vocat,
1458 1844 1801 1910 tentationes,
1823 1841 2082 1911 pericula,

504 1940 753 2003 insidias,
811 1938 1109 1994 molestias.
1168 1937 1279 1992 lloc
1335 1946 1515 1991 autem
1574 1934 1685 1989 vult
1737 1933 2085 2004 signiﬁcare:

504 2027 753 2088 Poteram
781 2033 881 2085 hoc
911 2029 1172 2099 impedire
1198 2036 1253 2082 et
1280 2027 1478 2083 bellum
1520 2026 1885 2095 exstinguere,
1927 2033 2090 2095 atque

504 2122 698 2178 nactus
728 2120 1122 2191 comprimere;
1151 2118 1246 2173 sed
1275 2133 1379 2173 non
1400 2118 1518 2183 feci,
1551 2124 1609 2171 ut
1626 2116 1795 2170 virtus
1822 2129 1941 2171 mea
1972 2128 2089 2169 ma-

503 2213 588 2285 gis
631 2212 1111 2268 demonstraretur.
1159 2208 1274 2264 Non
1320 2208 1464 2264 enim
1520 2207 1593 2263 ita
1648 2216 1865 2262 ostensa
1902 2206 2092 2260 fuisset

506 2306 627 2374 ejus
650 2303 840 2368 virtus,
871 2302 916 2358 si
954 2302 1067 2357 haec
1101 2316 1208 2355 non
1249 2300 1383 2354 facta
1429 2298 1686 2364 fuissent;
1717 2307 1773 2352 ut
1800 2313 1921 2353 cum
1956 2298 2092 2353 facta

512 2396 731 2466 quidem
783 2404 925 2459 sunt,
968 2405 1023 2450 et
1066 2393 1198 2449 nihil
1242 2401 1549 2462 potuerunt.
1592 2390 1724 2446 Nam
1772 2390 2096 2461 gubernato-

514 2500 627 2541 rem
674 2487 821 2541 illum
852 2485 1113 2555 optimum
1157 2484 1404 2544 dicimus,
1439 2498 1546 2537 non
1585 2482 1673 2553 qui
1713 2482 1767 2536 in
1808 2481 2096 2551 tranquillo

515 2579 650 2634 mari
705 2586 881 2647 potest
933 2590 1121 2632 navem
1172 2584 1319 2630 recte
1369 2575 1591 2636 ducere,
1654 2574 1750 2630 sed
1806 2574 1896 2644 qui
1956 2574 2098 2629 inter

515 2667 765 2738 scepqus
795 2678 849 2723 et
879 2665 1072 2721 ﬂuctus
1096 2674 1150 2721 et
1176 2674 1521 2733 tempestates
1547 2675 1603 2719 et
1642 2673 1832 2719 ventos
1856 2673 2098 2719 vectores

515 2766 803 2813 conservat
834 2773 849 2811 :
896 2765 953 2812 et
995 2755 1262 2812 medicum
1305 2757 1536 2825 peritum
1573 2755 1802 2811 dicimus
1830 2770 1975 2821 eum,
2007 2752 2096 2826 qui

518 2849 664 2904 mille
703 2847 1131 2902 incumbentibus
1158 2845 1358 2901 morbis
1387 2862 1588 2915 aegrum
1616 2855 1834 2900 servat:
1864 2854 1920 2901 et
1946 2860 2103 2900 exer-

516 2940 655 2993 citus
668 2938 860 2992 ducem
886 2936 977 3007 qui
999 2937 1238 2992 hostibus
1260 2935 1493 3007 undique
1516 2936 1843 2991 irruentibus
1859 2945 1914 2992 et
1932 2951 2103 3006 oppu-

525 3030 811 3099 gilantibus
836 3068 853 3095 ,
902 3037 1162 3097 tr0pa:um
1204 3034 1380 3097 potest
1418 3026 1628 3096 erigere
1676 3041 1692 3080 :
1736 3035 1791 3081 et
1828 3036 2100 3096 pastorem

523 3117 718 3175 bonum
749 3120 837 3191 qui
866 3120 1011 3175 mille
1036 3120 1175 3189 lupis
1204 3118 1427 3189 aliisque
1473 3117 1873 3173 insidiatoribus
1909 3118 2106 3173 irrum-

524 3216 792 3285 pentibus,
824 3230 1040 3284 gregem
1062 3213 1113 3266 in
1135 3198 1511 3267 tmocustodit.
1539 3212 1609 3265 Ita
1643 3223 1767 3265 tunc
1788 3225 2000 3281 quoque
2017 3226 2104 3266 res

528 3309 650 3362 hinc
691 3306 949 3361 mirabilis
975 3304 1330 3371 efﬁciebatur,
1359 3303 1500 3375 quod
1541 3300 1667 3358 licet
1693 3303 1969 3358 innumera
2014 3317 2108 3373 pa-

524 3401 718 3455 tientes
741 3402 1035 3461 vincerent,
1055 3409 1107 3452 et
1127 3414 1219 3452 eos
1237 3398 1324 3466 qui
1353 3412 1411 3451 se
1437 3395 1747 3466 aliligcbant
1762 3403 2101 3465 superarent.

525 3492 748 3560 Quando
775 3491 934 3562 igitur
967 3490 1180 3544 l‘etrum
1221 3497 1276 3543 et
1308 3487 1595 3555 Joannem,
1649 3489 1815 3543 ﬁlium
1864 3487 2104 3555 tonitrui,

523 3591 580 3638 et
616 3581 1020 3637 fundamentum
1049 3578 1189 3645 fidei,
1226 3578 1279 3633 in
1319 3594 1590 3635 carcerem
1618 3580 1985 3650 conjecerunt,
2015 3593 2110 3635 co-

528 3674 634 3744 gita
677 3673 989 3744 quomodo,
1040 3672 1170 3742 ipsis
1218 3669 1458 3727 dimissis
1506 3670 1771 3729 dubitant.
1829 3672 1960 3727 Cum
2011 3669 2109 3726 ad-

526 3764 805 3820 duxissent
840 3764 998 3834 igitur
1041 3763 1164 3817 illos
1196 3763 1246 3817 in
1303 3762 1538 3817 medium
1590 3763 1898 3829 theatrum,
1955 3763 2110 3818 dixe—

533 3867 658 3913 runt
690 3875 704 3911 :
736 3856 873 3925 Quid
926 3858 1177 3928 faciemus
1216 3852 1504 3909 hominibus
1554 3855 1661 3909 istis
1690 3854 1709 3919 (
1741 3853 1856 3908 Act.
1887 3856 1941 3910 4.
1974 3855 2040 3911 16
2066 3856 2108 3925 ).

528 3947 719 4011 Judmi,
749 3950 838 4019 qui
873 3950 926 4003 in
958 3948 1337 4018 prophetarum
1383 3963 1643 4017 sanguine
1690 3947 1928 4003 innutriti
1960 3958 2114 4004 erant

531 4040 757 4111 populus
805 4039 988 4095 furens
1050 4048 1104 4093 et
1153 4038 1301 4092 rabie
1357 4037 1586 4103 ductus,
1637 4039 1727 4109 qui
1779 4038 1964 4094 altaria
2021 4041 2115 4095 de-

532 4141 822 4197 struxerat,
853 4136 941 4203 qui
998 4130 1288 4202 prophetas
1325 4133 1616 4198 occiderat,
1648 4134 1737 4204 qui
1782 4136 1833 4189 in
1878 4135 2114 4191 caedibus

533 4224 791 4278 educatus
828 4224 1024 4287 fuerat,
1059 4224 1149 4295 qui
1175 4223 1366 4278 belluis
1402 4224 1635 4279 ferocior
1656 4236 1793 4290 erat,
1822 4227 1911 4297 qui
1940 4226 2115 4282 adhuc

538 4308 799 4368 Dominici
822 4313 1095 4383 sanguinis
1126 4313 1299 4369 stillas
1319 4314 1615 4381 emittebat,
1656 4316 1743 4386 qui
1782 4317 1951 4386 ipsum
1995 4333 2117 4373 cru-

538 4404 774 4460 eiﬁxerat
803 4422 816 4457 :
850 4404 936 4459 hic
963 4406 1170 4460 duobus
1205 4405 1557 4475 apprehensis
1606 4409 1978 4475 piscatoribus,
2011 4409 2115 4463 illi-

535 4496 739 4556 teretis,
784 4495 986 4560 idiotis,
1031 4495 1294 4560 obscuris,
1340 4496 1501 4550 mutis
1532 4498 1700 4567 magis
1729 4513 1889 4567 quam
1921 4500 2113 4568 pisces,

533 4602 761 4656 quorttm
805 4587 941 4640 alter
984 4602 1051 4642 ne
1097 4586 1332 4642 ostiaria:
1376 4587 1590 4658 quidem
1637 4589 1808 4645 minas
1847 4591 2118 4660 simplices

536 4675 921 4740 tolerantius,
957 4677 1190 4747 inquam,
1236 4677 1655 4747 comprehensos
1696 4679 1748 4733 in
1797 4680 1975 4735 medio
2017 4680 2117 4735 ha-

536 4767 725 4821 hentes
746 4765 958 4838 ligatos,
978 4768 1169 4832 tmdos,
1189 4784 1294 4823 non
1314 4772 1659 4839 pecuniarum
1681 4785 1783 4841 ope
1805 4772 2115 4839 instructos,

534 4874 639 4913 nou
663 4875 920 4928 corporea
950 4860 1277 4926 fortitudine,
1305 4876 1409 4915 non
1431 4875 1745 4917 sermonum
1777 4863 2112 4934 eloquentia,

537 4966 641 5005 non
667 4950 930 5007 rhetorica
960 4953 1031 5019 vi,
1065 4968 1170 5008 non
1195 4953 1410 5024 generis
1443 4953 1754 5023 splendore,
1789 4972 1893 5010 non
1928 4958 2113 5027 patria:

537 5091 3046 5120 ._..._.____________.__.__._...__________________

2177 918 2309 971 isto?
2356 917 2424 970 Et
2462 919 2610 973 vultis
2650 920 2888 975 inducere
2920 939 3071 987 super
3096 940 3188 977 nos
3223 926 3525 995 sanguinem
3551 928 3733 983 hominis

2178 1012 2322 1065 istius
2352 1013 2484 1082 (Act.
2514 1014 2567 1066 5.
2596 1012 2709 1085 28).
2741 1016 2795 1069 Si
2828 1014 2988 1067 homo
3021 1026 3105 1070 est
3144 1027 3379 1080 unitum,
3427 1017 3547 1086 quid
3577 1018 3733 1077 times?

2182 1106 2224 1158 si
2256 1120 2382 1158 vero
2413 1106 2549 1160 Deus
2576 1116 2677 1170 est,
2712 1122 2809 1161 cur
2841 1108 2989 1161 illum
3019 1125 3125 1162 non
3153 1110 3357 1163 adoras
3376 1110 3403 1163 ?
3442 1116 3622 1165 Annon
3643 1116 3733 1169 cla.

2183 1199 2366 1252 Inabas
2395 1214 2585 1268 nuper,
2618 1200 2843 1269 Sanguis
2878 1202 2986 1265 eius
3027 1219 3182 1271 super
3224 1219 3322 1255 nos
3364 1215 3411 1256 et
3448 1220 3592 1272 super
3628 1207 3734 1271 [ilics

2183 1300 2381 1344 nostros
2437 1291 2651 1360 (Matth.
2702 1294 2789 1348 27.
2842 1293 2975 1367 25)?
3020 1295 3160 1349 unde
3208 1296 3531 1365 sanguinem
3578 1300 3736 1353 times?

2183 1382 2308 1451 quid
2342 1394 2573 1437 mentem
2609 1397 2750 1440 tuam
2780 1387 3067 1457 exagitavit
3089 1388 3111 1440 ?
3132 1404 3319 1442 nonne
3350 1390 3566 1457 ligasti?
3592 1406 3735 1448 nonne

2185 1472 2502 1541 ﬂagellasti?
2548 1491 2726 1531 nonne
2775 1476 3118 1532 crueiﬁxisti?
3161 1493 3350 1533 nonne
3392 1488 3648 1535 mortuum
3679 1485 3739 1538 ri-

2184 1564 2309 1619 disti
2336 1582 2400 1619 ex
2431 1581 2589 1621 cruce
2611 1567 2949 1623 detractum?
2973 1585 3152 1625 nonne
3178 1570 3465 1640 sepultum
3496 1573 3741 1637 vidistis!

2188 1665 2328 1710 terra
2380 1658 2669 1734 opertum?
2714 1675 2893 1714 nonne
2938 1660 3087 1731 signa
3140 1661 3402 1732 sepulcro
3447 1661 3740 1730 imposuisti?

2188 1762 2368 1801 nonne
2405 1748 2604 1802 milites
2648 1749 2822 1818 pretio
2850 1750 3067 1805 emisti?
3095 1767 3277 1806 nonne
3310 1751 3514 1806 famam
3540 1757 3743 1822 sparsistl

2188 1837 2330 1907 quod
2382 1836 2628 1906 discipuli
2671 1838 2788 1908 ejus
2839 1838 3011 1908 ipsum
3059 1840 3217 1896 furati
3264 1842 3419 1897 sint?
3462 1842 3593 1911 Quid
3632 1862 3743 1901 tim

2191 1928 2388 1983 times?
2431 1944 2529 1983 cur
2569 1934 2685 1997 ejus
2722 1932 3037 2001 sanguinem
3063 1932 3364 1987 formidas?
3398 1932 3559 1990 Vides
3582 1938 3744 1990 verit:-

2193 2026 2300 2075 tem
2331 2034 2425 2088 per
2453 2020 2631 2075 omnia
2660 2020 2985 2091 fulgentem?
3015 2022 3146 2090 Quia
3172 2024 3322 2077 enim
3370 2023 3616 2079 videbant
3654 2039 3744 2096 post

2193 2112 2312 2168 illas
2338 2112 2557 2167 insidias
2599 2129 2712 2167 rem
2742 2112 3124 2183 eﬁ‘erri,atque
3151 2115 3303 2169 initia
3349 2115 3621 2183 splendida
3651 2132 3746 2172 esse

2194 2213 2250 2259 et
2289 2203 2404 2273 ipso
2428 2204 2541 2259 sole
2572 2203 2850 2268 lucidiora,
2896 2214 2949 2258 et
2992 2206 3059 2260 ab
3110 2205 3227 2275 ipso
3272 2220 3477 2262 cursus
3526 2209 3745 2277 principio

2195 2294 2469 2359 exhibita,
2523 2295 2777 2366 quodque
2837 2305 3003 2350 totum
3063 2298 3251 2353 orbem
3328 2302 3747 2367 comprehensum

2196 2394 2360 2453 esset,
2395 2386 2576 2457 utique
2606 2403 2846 2443 errorem
2876 2388 2941 2441 ad
2965 2399 3204 2444 extrema
3229 2389 3609 2461 depellendum
3634 2407 3745 2459 esse,

2200 2493 2299 2533 nec
2322 2494 2480 2548 posse
2523 2481 2641 2549 ejus
2670 2483 2775 2534 vim
2820 2481 3141 2537 int-ﬂabilem
3188 2484 3501 2548 sustinere;
3538 2485 3747 2539 virtutem

2198 2573 2318 2641 ejus
2346 2572 2556 2639 timent,
2584 2571 2874 2628 formidant
2894 2574 3121 2641 vinctos,
3134 2574 3449 2640 damnatos,
3474 2577 3745 2647 flagellatos.

2202 2664 2409 2720 insidiis
2432 2666 2812 2732 circumdatos,
2840 2667 2974 2722 duos
2989 2683 3189 2738 eosque
3212 2668 3437 2723 idiotas.
3462 2670 3580 2724 Ideo
3596 2670 3749 2724 Paulis

2203 2755 2525 2811 tentationes
2535 2756 2992 2812 conﬁrmationem
3009 2758 3281 2830 Evangelii
3300 2767 3481 2814 vocat:
3500 2762 3611 2815 ideo
3623 2765 3748 2816 etiam

2202 2847 2324 2903 alibi
2353 2848 2481 2903 dicit
2512 2866 2525 2903 :
2556 2849 2701 2904 Scire
2743 2862 2908 2904 autem
2949 2862 3035 2906 vos
3077 2853 3188 2906 volo
3211 2894 3227 2919 ,
3271 2854 3485 2922 fratres,
3520 2856 3628 2922 quia
3664 2870 3751 2923 φια

2203 2940 2339 2994 circa
2367 2958 2445 2995 me
2468 2952 2606 3007 sunt,
2638 2944 2799 3013 magis
2828 2945 2897 2997 ad
2927 2948 3205 3016 profectum
3232 2956 3477 2999 renerunt
3499 2945 3751 3014 Evangelii:

2204 3032 2277 3085 ita
2306 3042 2358 3086 ut
2385 3032 2557 3103 plures
2585 3050 2613 3087 e
2639 3036 2880 3101 fratribus
2907 3037 2957 3089 in
2984 3035 3226 3100 Domino,
3266 3038 3577 3105 conﬁdentes
3611 3038 3748 3088 iniuss-

2207 3122 2270 3176 lis
2294 3124 2436 3189 meis,
2461 3124 2799 3179 abundantius
2834 3126 3076 3180 auderent
3114 3128 3222 3180 sine
3255 3128 3442 3181 timore
3476 3129 3657 3180 uerbum
3690 3126 3750 3178 ιο.

2207 3215 2581 3287 qui(l’hilipp.
2620 3219 2670 3271 i.
2717 3217 2801 3272 l2.
2850 3219 2955 3287 Η)
3011 3219 3142 3286 Quis
3187 3219 3344 3283 vidit,
3397 3220 3520 3289 quis
3564 3219 3748 3278 audirit.

2207 3306 2347 3379 quod
2380 3308 2585 3363 vincula
2618 3309 2895 3363 audaciam
2934 3310 3142 3377 itttlanl,
3191 3320 3246 3365 et
3284 3320 3477 3366 catum
3526 3311 3750 3371 ﬁduciam,

2210 3415 2315 3455 non
2343 3400 2522 3456 vincto
2554 3409 2781 3465 tantum.
2810 3401 2904 3457 sed
2950 3401 3111 3457 etiam
3149 3401 3437 3471 discipulis
3460 3401 3607 3472 ejus?
3630 3404 3749 3455 Atta-

2211 3507 2333 3548 tnen
2386 3508 2511 3546 cum
2563 3493 2679 3547 lucc
2740 3491 2959 3557 ﬁerent,
3018 3509 3112 3563 per
3162 3494 3441 3547 contraria
3490 3492 3751 3562 pndiestio

2211 3582 2591 3648 extollebatur,
2625 3591 2677 3638 et
2703 3582 2975 3654 discipuli,
3022 3599 3143 3639 cum
3176 3584 3438 3654 magister
3461 3597 3749 3655 oppugnatae

2215 3684 2337 3740 tur,
2392 3675 2598 3729 insidiis
2649 3684 3023 3744 appeteretur,
3080 3676 3401 3740 vinciretur.
3457 3677 3614 3745 magis
3647 3676 3749 3729 ωε.

2215 3766 2363 3833 bant,
2420 3768 2589 3836 magis
2643 3767 2999 3831 exsultabant,
3058 3769 3226 3839 magis
3286 3769 3607 3823 insiliebaut.
3633 3766 3746 3821 Dicta

2218 3856 2512 3911 laudastis?
2542 3856 2778 3912 Tandem
2828 3858 3192 3913 fortitudinem
3223 3859 3516 3920 imitemur,
3547 3858 3746 3911 virtutem

2214 3949 2562 4004 aemulemur:
2598 3950 2726 4003 nihil
2756 3966 2853 4003 nos
2883 3960 3105 4015 terreat,
3153 3952 3313 4005 nulla!
3354 3967 3455 4005 nos
3481 3950 3745 4004 tentatioaes

2218 4042 2546 4111 perturbent.
2579 4042 2703 4097 Haec
2728 4042 2874 4097 enim
2900 4050 3025 4096 sunt
3046 4043 3257 4113 pietatis
3287 4043 3637 4103 incitamenta,
3660 4041 3745 4093 hac

2216 4141 2340 4185 Sltlll
2373 4131 2725 4201 philosophiae
2753 4132 2895 4187 alae:
2927 4132 3041 4188 bmc
3081 4148 3179 4188 nos
3214 4132 3468 4188 fortiores
3494 4143 3543 4187 et
3569 4132 3743 4185 invictis

2218 4226 2468 4291 reddunt,
2502 4225 2617 4280 haec
2645 4224 2905 4295 majorem
2952 4223 3094 4295 apud
3142 4224 3313 4279 Deum
3352 4228 3484 4279 dant
3526 4225 3740 4281 ﬁduciam.

2218 4320 2586 4389 majoremque
2636 4319 2911 4373 attrahunt
2958 4318 3079 4388 ejus
3129 4318 3591 4380 benevolentiam,
3638 4313 3739 4367 mal-

2222 4420 2438 4481 tamque
2479 4411 2528 4464 iu
2588 4410 2743 4465 nobis
2777 4412 3001 4482 gratiam
3045 4411 3389 4466 conﬁrmant.
3441 4411 3506 4467 Ut
3544 4423 3652 4478 ergo
3683 4409 3739 4457 his

2218 4502 2466 4556 omnibus
2509 4500 2767 4569 fruamur,
2810 4503 2989 4557 omnia
3020 4518 3140 4573 qua:
3168 4502 3442 4566 accidunt,
3473 4515 3649 4573 quam.
3681 4496 3737 4549 lc-

2220 4610 2422 4660 ramus,
2456 4611 2550 4666 per
2578 4597 2756 4650 omnia
2808 4597 2974 4651 Deum
3020 4596 3409 4667 gloriﬁcantes,
3457 4596 3571 4665 quia
3610 4592 3735 4660 ipsum

2219 4684 2376 4740 decet
2415 4686 2605 4756 gloria,
2653 4686 2845 4753 honor,
2879 4688 3185 4756 imperium,
3227 4701 3331 4740 una
3374 4702 3493 4740 cum
3524 4680 3737 4752 unigesils

2220 4772 2339 4837 ejus
2377 4769 2511 4825 Filio
2555 4780 2610 4825 et
2647 4782 2835 4826 sancto
2881 4770 3104 4840 Spiritu,
3153 4786 3295 4826 nunc
3322 4782 3378 4825 et
3399 4765 3733 4840 scrape-netis

2221 4862 2416 4915 smeula
2444 4861 2784 4916 smculorum.
2829 4866 3020 4916 Amen.

1849 5185 2191 5249 HOMILIA
2238 5189 2408 5252 VIII.

549 5332 787 5404 Ejusdem
832 5331 1042 5385 homilia
1082 5330 1251 5385 habita
1292 5332 1345 5385 in
1383 5332 1593 5386 ecclesia
1634 5330 1814 5397 Pauli,
1844 5330 2023 5387 Gothis
2047 5331 2125 5386 le-

614 5424 842 5496 gentibus
871 5425 968 5492 (η),
1002 5433 1264 5495 postquam
1294 5424 1549 5494 presbyter
1572 5420 1764 5478 Gothus
1791 5424 2121 5477 contionatus

608 5518 772 5586 fuerat
795 5514 891 5587 (li).

604 5630 677 5752 (αἶ
696 5629 819 5679 Vide
842 5642 951 5691 quae
975 5628 1063 5677 hac
1082 5626 1146 5676 de
1170 5640 1226 5677 re
1248 5626 1460 5698 diximus
1488 5627 1532 5674 in
1558 5625 1755 5677 Mouito.

604 5693 646 5752 [ti
707 5689 823 5741 Il-ec
849 5697 902 5752 et
931 5701 1148 5752 sequens
1172 5688 1361 5738 humilia
1386 5702 1412 5736 a
1434 5688 1549 5752 Chr.
1576 5687 1755 5752 Pelia

598 5685 669 5753 (ti)
707 5689 823 5755 [Lee
931 5701 1148 5755 sequens
1172 5688 1361 5755 humilia
1386 5702 1412 5736 a
1432 5688 1549 5755 libr.
1576 5687 1924 5755 Frlhljittheio
1968 5685 2113 5739 editae

543 5748 661 5805 sunt
686 5756 733 5803 in
758 5751 926 5804 libello
949 5748 1241 5813 academica),
1265 5751 1598 5813 Vitembergte
1626 5748 1759 5799 1802.

2303 5338 2351 5392 l.
2397 5337 2598 5393 Vellem
2628 5337 2818 5392 armsse
2844 5336 3062 5392 Grmcos
3087 5334 3275 5398 hodie,
3306 5344 3362 5387 ut
3392 5347 3498 5404 qua!
3517 5329 3626 5383 locta
3641 5330 3726 5377 sunt

2227 5435 2477 5490 audirent
2520 5444 2575 5488 et
2623 5433 2895 5487 discerent
2943 5439 3138 5499 quanta
3196 5430 3267 5481 sit
3308 5423 3540 5482 Cruciﬁxi
3586 5420 3722 5470 virm.

2227 5538 2422 5598 quanta
2453 5526 2630 5581 crucis
2656 5533 2930 5595 potestas,
2972 5530 3168 5590 quanta
3211 5518 3463 5573 Ecclesia:
3505 5510 3719 5567 nobilius.

2226 5628 2421 5691 quanta
2451 5618 2573 5674 ﬁdei
2605 5618 2849 5682 ﬁrmitas,
2877 5624 3072 5685 quanta
3099 5612 3299 5667 erroris
3323 5607 3585 5678 turpitudo.
3604 5611 3721 5669 qui"

2229 5723 2283 5771 ta
2310 5712 2614 5768 dmmonum
2645 5709 2838 5765 irrisio.
2860 5706 3071 5764 Etenim
3090 5722 3207 5777 qea-
3225 5693 3717 5776 philosophantium
